4172 6492
756 416 859 473 639

758 535 1038 596 pluresque
1066 532 1189 580 sunt
1229 523 1317 594 qui
1343 520 1559 577 insidias
1597 530 1833 585 struant,
1863 534 1929 576 eo
1961 519 2120 575 etiam
2158 517 2323 588 magis

756 618 869 688 ipse
900 628 951 673 te
969 616 1202 681 excites,
1229 614 1464 685 aliosque
1495 615 1619 668 item
1651 612 1903 677 horteris,
1934 623 1989 666 ut
2016 610 2319 682 pmlamn

758 712 894 766 hanc
918 724 1101 765 curam
1147 718 1319 764 tecum
1354 707 1666 778 suscipiant,
1713 705 1941 777 illucque
1968 718 2123 775 quam
2147 700 2323 757 celer-

640 828 659 848 ί
757 802 891 855 rime
914 798 1195 869 pervenire
1220 808 1505 852 maturent.
1549 797 1679 851 Nam
1712 795 1928 865 hujusce
1952 806 2157 863 quoque
2198 804 2323 861 pro.

756 888 1001 943 fectionis
1038 903 1144 942 non
1176 903 1389 958 parvam
1417 886 1714 942 mercedem
1753 900 1813 939 es
1842 883 2113 939 habiturus
2140 897 2156 935 :
2185 879 2324 950 quod

756 979 803 1033 si
850 978 1230 1048 profectionis,
1261 976 1427 1032 multo
1476 977 1642 1046 magis
1690 976 1737 1029 si
1781 989 1869 1030 res
1914 975 2055 1043 ipsas
2094 978 2321 1036 tractes,

760 1070 1088 1140 multumque
1138 1067 1370 1123 studium
1415 1066 1685 1121 adhibeas.
1730 1064 2000 1135 Siquidem
2024 1062 2324 1132 hujusmodi

760 1159 1212 1229 peregrinationes
1257 1158 1531 1227 suscipere
1572 1155 1726 1226 longe
1771 1154 2110 1225 praestantius
2162 1162 2324 1223 atque

756 1248 1143 1303 conducibilius
1184 1256 1304 1310 est,
1333 1261 1490 1317 quam
1536 1245 1678 1300 domi
1722 1244 1988 1299 desidere.
2022 1244 2130 1299 lllic
2179 1243 2321 1297 enim

760 1340 960 1408 degens
982 1378 998 1401 ,
1027 1337 1141 1391 haec
1164 1338 1322 1391 etiam
1365 1335 1563 1391 habere
1589 1342 1739 1405 potes
1760 1376 1774 1401 ,
1801 1350 1920 1406 quae
1947 1348 2086 1388 nunc
2123 1332 2284 1387 habes
2305 1372 2322 1397 ,

760 1430 859 1482 hoc
886 1436 968 1482 est
990 1426 1267 1497 jejunium,
1293 1427 1515 1496 vigilias,
1540 1434 1836 1495 czeteraque
1864 1424 2175 1479 Christiana:
2202 1424 2325 1493 phi-

760 1519 1018 1590 losophia:
1060 1534 1277 1590 genera.
1330 1519 1479 1573 Domi
1525 1526 1700 1574 autem
1730 1516 1979 1573 desidens
2000 1557 2017 1583 ,
2046 1529 2109 1571 ea
2134 1514 2328 1571 lucrari

761 1629 865 1666 non
897 1622 1043 1682 potes
1068 1654 1086 1679 ,
1108 1628 1225 1682 qua:
1254 1611 1372 1666 siin
1417 1611 1502 1665 illa
1528 1609 1745 1681 regione
1770 1606 2135 1672 commoreris,
2161 1605 2329 1678 adipi-

759 1706 832 1759 sci
864 1716 1014 1775 potes
1032 1747 1048 1771 ,
1077 1706 1320 1759 nimirum
1353 1713 1427 1757 tot
1446 1703 1739 1757 animarum
1778 1702 2005 1757 salutem
2026 1741 2041 1761 .
2066 1700 2331 1770 periculo—

762 1813 877 1851 rum
908 1797 1206 1852 mercedem
1230 1838 1245 1863 ,
1266 1804 1527 1865 tantaeque
1556 1793 1715 1849 animi
1742 1791 2167 1864 promptitudinis
2193 1807 2332 1864 prae-

762 1889 923 1941 mium
949 1904 964 1941 :
992 1902 1111 1941 nam
1139 1902 1204 1941 ne
1227 1887 1335 1956 ipsa
1368 1885 1579 1956 quidem
1602 1883 1763 1940 animi
1794 1882 2153 1954 promptitudo
2182 1898 2324 1954 pra:-

764 1977 872 2031 mio
920 1986 1085 2031 caret.
1128 1974 1526 2043 Quamobrem,
1554 1974 1734 2045 quales
1759 1973 1853 2029 tibi
1887 1974 1989 2045 ipsi
2012 1988 2239 2030 coronas
2275 1971 2329 2029 in

761 2067 994 2121 futurum
1022 2067 1241 2133 condas,
1271 2077 1442 2121 tecum
1473 2075 1741 2136 reputans,
1768 2079 1857 2132 ne,
1884 2078 2085 2135 quaeso,
2114 2073 2330 2119 cuncte-

762 2158 837 2211 ris
856 2165 947 2211 aut
970 2155 1214 2212 differas:
1242 2171 1423 2211 verum
1442 2156 1530 2211 ubi
1559 2170 1589 2211 e
1614 2154 1801 2210 morbo
1827 2153 2183 2219 convalueris,
2205 2168 2331 2207 mox

762 2250 827 2304 ad
859 2250 959 2305 iter
980 2259 1035 2305 te
1060 2249 1275 2319 accinge
1293 2289 1309 2315 ,
1336 2249 1404 2304 de
1429 2250 1586 2304 rebus
1608 2246 1673 2302 ad
1702 2261 1856 2302 usum
1890 2254 2037 2301 tuum
2082 2259 2331 2309 necessa-

762 2344 857 2397 riis
877 2342 1009 2396 nihil
1037 2356 1247 2397 curaus.
1299 2341 1354 2396 Si
1392 2340 1602 2412 quidem
1622 2338 2065 2396 reverendissimo
2101 2352 2164 2392 ac
2200 2336 2329 2391 reli-

762 2434 1061 2503 giosissimo
1087 2434 1398 2505 presbytero
1437 2430 1745 2487 Constantio
1783 2428 2048 2499 negotium
2086 2428 2245 2494 dedi,
2275 2437 2333 2482 ut

764 2522 880 2578 sive
926 2521 992 2577 ad
1018 2522 1209 2577 aedium
1238 2525 1618 2577 exstructiones
1639 2561 1655 2587 ,
1687 2520 1798 2576 sive
1843 2518 1908 2574 ad
1956 2517 2331 2574 sublevandam

770 2616 990 2669 fratrum
1035 2615 1261 2685 inopiam
1312 2614 1564 2684 impensis
1604 2628 1738 2682 opus
1783 2613 1887 2677 sit,
1921 2612 2068 2682 large
2094 2610 2247 2666 vobis
2270 2625 2334 2665 ac

761 2704 965 2774 prolixe
1009 2704 1183 2759 omnia
1239 2704 1581 2775 suppeditet,
1625 2712 1783 2774 atque
1820 2703 1953 2758 adeo
1983 2715 2124 2758 nunc
2170 2703 2329 2757 etiam

762 2794 962 2866 largius
984 2810 1049 2851 ac
1077 2794 1361 2865 profusius,
1393 2810 1548 2865 quam
1574 2804 1716 2850 ante.
1746 2795 1877 2849 Cum
1922 2793 2080 2864 igitur
2116 2802 2173 2849 et
2206 2808 2334 2863 pro-

763 2899 861 2940 nos
885 2898 948 2939 ac
998 2885 1179 2940 faciles
1206 2884 1330 2939 inde
1374 2893 1615 2954 sumptus
1660 2883 1858 2939 habeas
1878 2923 1896 2951 ,
1927 2892 1981 2937 et
2007 2884 2147 2953 quod
2176 2892 2335 2955 caput

761 2987 883 3043 est,
915 2993 1028 3034 rem
1074 2978 1183 3034 Deo
1224 2988 1426 3049 gratam
1476 2977 1711 3033 facturus
1764 2978 1872 3045 sis,
1913 2976 2130 3048 depulsa
2189 2979 2332 3032 omni

761 3069 1115 3131 cunctatione,
1146 3068 1423 3124 confestim
1453 3070 1551 3124 iter
1582 3077 1812 3123 matures
1839 3083 2019 3139 quaeso
2042 3108 2057 3134 ,
2085 3078 2243 3140 atque
2265 3085 2331 3123 ex

763 3161 877 3230 ipsa
904 3158 1176 3215 Phoenicia
1200 3158 1303 3213 hoc
1330 3160 1480 3214 nobis
1503 3157 1769 3229 signiﬁces
1801 3173 1816 3212 :
1852 3169 1928 3225 ut,
1951 3158 2077 3214 licet
2102 3160 2156 3214 in
2182 3160 2330 3230 gravi

762 3267 825 3307 ac
863 3252 1087 3307 molesta
1136 3252 1422 3308 solitudine
1447 3251 1762 3318 bmreamus,
1795 3252 1981 3324 ingens
2007 3260 2181 3308 tamen
2212 3254 2333 3309 hinc

761 3344 1007 3399 solatium
1061 3359 1467 3415 consequamur.
1513 3344 1645 3401 Nam
1693 3346 1738 3401 si
1769 3358 1821 3402 te
1846 3347 2027 3401 animo
2058 3361 2121 3401 ac
2148 3347 2334 3425 volnu-

765 3446 872 3491 tate
898 3436 966 3490 ita
992 3445 1355 3507 comparatum
1383 3437 1507 3492 illuc
1550 3437 1744 3492 abiisse
1789 3436 2205 3493 intellexerimus
2229 3479 2244 3503 ,
2278 3446 2335 3492 ut

765 3542 863 3596 pro
908 3530 1201 3582 animarum
1253 3527 1394 3583 illius
1440 3528 1671 3599 regionis
1698 3528 1872 3583 salute
1916 3527 2245 3583 nihilfacere
2274 3544 2335 3584 ac

766 3618 874 3687 pati
898 3633 1113 3674 recuses
1135 3660 1149 3681 ,
1180 3627 1323 3674 tanta
1354 3619 1621 3689 voluptate
1649 3618 2045 3689 perfundemur,
2074 3629 2131 3673 ut
2158 3635 2223 3675 ne
2247 3635 2334 3675 so-

766 3709 1037 3765 litudinem
1065 3710 1274 3781 quidem
1323 3710 1555 3766 incolere
1585 3724 1681 3765 nos
1717 3711 2099 3766 existimemus.
2131 3710 2332 3779 Quam-

764 3800 846 3856 vis
872 3802 1013 3855 enim
1040 3809 1091 3855 te
1116 3816 1325 3871 quoque
1346 3801 1446 3857 huc
1471 3802 1683 3867 venire,
1710 3816 1773 3856 ac
1804 3811 1893 3855 tuo
1914 3813 2204 3871 conspectu
2232 3803 2332 3857 frui

764 3894 1038 3963 cupiamus
1066 3910 1081 3947 :
1110 3901 1287 3949 tamen
1307 3934 1321 3957 ,
1353 3894 1472 3964 quia
1517 3894 1617 3950 hoc
1644 3893 1785 3964 quod
1814 3894 1921 3948 dixi
1949 3895 2116 3964 magis
2145 3910 2333 3951 neces-

765 3988 963 4043 sarium
993 3997 1094 4051 est,
1114 3987 1512 4058 periculumque
1539 3998 1639 4052 est,
1667 4003 1735 4043 ne
1760 3987 1929 4043 hiems
1956 3990 2057 4042 iter
2083 3987 2208 4043 illud
2239 3989 2333 4042 tibi

768 4078 1073 4148 praecludat,
1099 4088 1370 4149 propterea
1403 4090 1455 4135 te
1483 4096 1748 4151 urgemus,
1780 4090 1957 4151 atque,
1991 4090 2047 4135 ut
2072 4080 2332 4145 proﬁcisci

768 4178 1023 4235 matures,
1054 4170 1414 4224 obsecramus.
1444 4192 1447 4195 λ

768 4298 885 4354 ιγ.
912 4300 1150 4370 Syuteoni
1188 4312 1234 4353 et
1283 4300 1418 4354 Mari
1457 4302 1751 4373 presbyteris
1779 4311 1925 4373 atque
1966 4304 2018 4357 in
2048 4305 2335 4374 Apamiensi

840 4392 1039 4462 regione
1077 4392 1399 4445 monasticam
1451 4393 1601 4445 vitam
1669 4393 2035 4464 proﬁtentibus.
2083 4394 2334 4468 (Cucnso

840 4497 981 4536 anno
1005 4482 1162 4552 405.)

842 4614 955 4668 Etsi
988 4628 1176 4683 magno
1229 4615 1430 4670 itineris
1480 4617 1649 4684 spatio
1690 4632 1719 4670 a
1768 4618 1916 4673 vobis
1967 4619 2333 4689 disjungimur,

771 4716 930 4777 atque
970 4706 1020 4760 in
1048 4708 1337 4775 asperrima
1384 4709 1666 4763 solitudine
1701 4723 2128 4765 commorantur:
2160 4722 2331 4767 tamen

771 4797 977 4867 cognita
1028 4797 1187 4850 animi
1219 4800 1376 4851 vestri
1410 4798 1599 4854 virtute
1638 4800 1939 4871 ingentique
1966 4801 2293 4872 philosophia
2320 4846 2333 4867 ,

769 4902 1035 4957 perquam
1058 4889 1304 4943 omnibus
1330 4928 1343 4950 ,
1365 4889 1451 4957 qui
1484 4888 1601 4943 istic
1628 4900 1770 4955 sunt,
1799 4891 1967 4944 lucem
1990 4905 2051 4945 ac
2080 4892 2332 4961 splendo-

775 4994 883 5032 rem
906 4977 1121 5043 aﬁ‘ertis,
1151 4993 1394 5048 magnum
1424 4982 1583 5033 vestri
1610 4995 1844 5034 amorem
1871 4982 2229 5051 concepimus.
2260 4986 2335 5036 Ac

771 5070 1040 5140 quoniam,
1071 5080 1178 5123 tum
1208 5072 1276 5124 ob
1304 5071 1493 5125 hiemis
1512 5071 1869 5141 asperitatem,
1900 5084 2006 5127 tum
2029 5074 2097 5127 ob
2123 5074 2334 5130 itineris

775 5161 1151 5233 longitudinem
1173 5202 1188 5225 ,
1213 5171 1388 5217 vestro
1424 5163 1631 5217 interim
1659 5178 1941 5233 congressu
1990 5166 2088 5220 frui
2119 5167 2335 5221 minime

774 5257 913 5321 licet,
946 5271 1038 5324 per
1069 5256 1248 5309 literas
1272 5270 1366 5309 vos
1395 5258 1677 5311 convenire
1702 5256 1997 5313 studuimus
2019 5299 2034 5324 ,
2060 5275 2151 5314 vos
2179 5276 2337 5315 oran-

774 5342 851 5399 tes
867 5354 1024 5414 atque
1041 5344 1402 5410 obsecrantes,
1433 5355 1491 5399 ut
1509 5356 1559 5400 et
1585 5362 1683 5417 pro
1701 5347 1960 5402 malorum
1990 5365 2195 5417 eorum,
2220 5367 2337 5420 quae

775 5438 1075 5490 universum
1114 5445 1371 5491 terrarum
1427 5439 1607 5493 orbem
1650 5441 1984 5507 invaserunt,
2031 5442 2337 5513 depulsione

776 5530 1009 5597 prolixas
1028 5527 1093 5582 ad
1124 5529 1284 5583 Deum
1309 5546 1492 5599 preces
1520 5533 1834 5599 adhibentis,
1864 5546 1916 5589 et
1943 5552 2128 5591 omnes
2149 5555 2333 5607 magna

776 5632 894 5673 eum
922 5620 1193 5675 alacritate
1218 5620 1283 5675 ad
1324 5622 1422 5676 hoc
1447 5624 1687 5678 excitetis
1709 5666 1725 5689 ,
1758 5641 1958 5697 nosque
1980 5669 1993 5691 ,
2029 5644 2145 5682 eum
2175 5627 2339 5683 facul-

779 5721 860 5763 tas
907 5712 1136 5779 dabitur,
1168 5712 1235 5767 de
1277 5723 1451 5770 vestra
1494 5716 1789 5773 valetudine
1832 5734 1925 5788 per
1954 5722 2131 5776 literas
2180 5739 2336 5794 quam

780 5802 1068 5871 swpissime
1116 5804 1369 5861 certiores
1416 5805 1615 5863 faciatis
1657 5824 1668 5861 :
1706 5820 1791 5879 ut,
1826 5810 2122 5869 licctetiam
2153 5819 2334 5885 procul

1453 409 1509 466 S.
1546 406 1819 466 JOANNIS
1852 402 2319 466 CHRYSOSTOII
2356 400 2667 463 ARCHIEP.
2706 405 3226 466 CONSTANTINOP.

3892 414 4001 472 “0

2428 531 2456 570 a
2477 516 2625 573 vobis
2640 517 2833 586 dissiti,
2852 530 3012 592 atque
3036 521 3104 577 ad
3130 522 3341 578 ultimos
3359 538 3567 597 quoque
3592 534 3749 584 terra:
3774 532 3999 601 angulos

2429 604 2676 679 relegati,
2706 626 2947 683 magnam
2987 624 3162 669 tamen
3203 616 3325 673 hinc
3353 618 3770 675 consolationem
3819 620 4002 691 capia-

2427 716 2565 765 mus,
2593 702 2660 758 de
2685 714 2875 759 vestra
2898 705 3213 763 valetudinis
3240 719 3379 763 statu
3407 724 3643 781 persaepe
3676 713 3877 785 aliquid
3903 729 4000 769 au-

2427 792 2654 850 dientes.
2694 794 2802 851 Nos
2822 796 3035 867 quidem
3079 810 3226 855 certe
3250 815 3534 872 permagna
3559 803 3834 873 voluptate
3871 804 4004 860 aﬁ’e-

2427 886 2501 940 cit
2544 886 2624 941 vir
2648 887 2951 944 carissimus
2979 900 3033 945 et
3057 891 3402 947 suavissimus
3439 892 3671 951 Joannes
3694 896 4001 967 presbyter,

2427 975 2570 1043 quod
2596 976 2648 1031 in
2672 986 2812 1032 tanta
2838 988 3137 1048 temporum
3164 981 3477 1040 difﬁcultate
3507 985 3667 1040 domo
3692 988 3959 1042 excedere
3984 1030 4001 1053 ,

2427 1076 2587 1137 atque
2632 1070 2685 1125 in
2732 1070 3055 1127 Phosniciam
3109 1074 3371 1143 proﬁcisci
3421 1079 3655 1133 animum
3701 1078 4003 1133 induxerit.

2429 1160 2762 1233 Quapropter
2790 1179 2819 1219 a
2855 1166 3005 1221 vobis
3042 1176 3198 1236 peto,
3237 1178 3295 1223 ut
3333 1170 3572 1239 pmclari
3618 1170 3776 1239 hujus
3822 1171 4006 1241 operis

2430 1252 2791 1321 magnitudine
2836 1256 3016 1309 animo
3047 1271 3303 1327 perpensa
3323 1298 3339 1325 ,
3368 1258 3411 1313 si
3432 1274 3570 1329 quos
3594 1269 3916 1328 praestantes
3943 1276 4007 1317 ac

2429 1354 2719 1411 generosos
2742 1345 2883 1401 viros
2911 1348 3310 1413 nanciscamini,
3339 1351 3427 1417 qui
3457 1350 3522 1405 ad
3544 1353 3881 1422 egregiorum
3904 1351 4005 1406 ba-

2432 1448 2547 1485 rum
2569 1448 2746 1487 rerutn
2790 1437 3202 1507 magnitudinem
3237 1439 3545 1496 auxiliarem
3568 1457 3784 1497 manum
3811 1442 4010 1500 aﬂ‘erre

2434 1525 2661 1594 possint,
2684 1541 2779 1581 eos
2805 1542 2993 1599 magna
3016 1546 3134 1585 cum
3161 1531 3321 1585 animi
3348 1532 3623 1590 alacritate
3652 1550 3758 1589 una
3788 1550 3913 1590 cum
3939 1549 4009 1590 eo

2432 1617 2678 1680 mittatis,
2706 1628 2958 1687 quantam
3004 1622 3128 1678 hinc
3159 1624 3461 1680 mercedem
3492 1625 3647 1682 laturi
3676 1628 3797 1683 sitis
3816 1669 3834 1694 ,
3854 1629 4009 1700 cogi-

2435 1715 2626 1762 tantes.

2432 1861 2583 1917 LVI.
2612 1863 2831 1921 Romulo
2854 1876 2900 1923 et
2923 1865 3064 1940 Byso
3081 1871 3097 1901 ⁸
3122 1874 3401 1928 monachis.
3431 1871 3663 1947 (Coeuso
3681 1890 3827 1929 anno
3854 1876 4008 1948 £05.)

2508 2003 2612 2061 Vos
2640 2004 2851 2076 quidem
2883 2008 2985 2063 huc
3010 2024 3220 2082 quoque
3246 2012 3426 2069 venire
3453 2055 3467 2077 ,
3497 2024 3656 2085 atque
3688 2017 3861 2073 oculis
3893 2033 4013 2088 per-

2434 2093 2638 2164 spicere
2659 2096 2843 2152 vellem
2868 2115 2881 2150 :
2907 2110 3098 2155 vestra:
3123 2102 3264 2156 enim
3288 2102 3499 2172 pietatis
3522 2104 3661 2161 fama
3684 2119 4011 2173 commotus,

2435 2188 2632 2260 ingenti
2658 2191 2818 2247 vestri
2861 2206 3045 2249 amore
3094 2193 3320 2261 afﬁcior,
3363 2206 3525 2268 atque
3566 2200 3805 2255 caritatis
3842 2203 4015 2258 oculis

2433 2294 2531 2335 vos
2567 2282 2815 2349 intueor;
2852 2286 3101 2353 quoniam
3147 2298 3357 2353 autem,
3396 2297 3506 2343 tum
3544 2290 3615 2345 ob
3656 2291 3865 2346 itineris
3890 2293 4015 2348 lon-

2433 2373 2799 2445 ginquitatem,
2832 2386 2943 2430 tum
2970 2378 3041 2433 ob
3070 2377 3259 2433 hiemis
3294 2388 3523 2449 tempus,
3554 2390 3666 2436 tum
3700 2382 3773 2437 ob
3795 2382 4017 2438 lsauro-

2434 2479 2552 2519 rum
2587 2476 2806 2531 metum,
2840 2467 2892 2522 id
2934 2483 3073 2522 nunc
3114 2470 3331 2525 minime
3372 2471 3514 2536 licet,
3561 2486 3657 2527 vos
3697 2488 3793 2543 per
3830 2474 4017 2530 literas

2434 2556 2717 2612 convenire
2743 2557 2942 2624 studui,
2961 2574 3131 2613 meam
3154 2576 3276 2631 erga
3308 2575 3402 2616 vos
3430 2562 3855 2621 benevolentiam
3889 2582 4016 2637 per-

2437 2649 2669 2716 spicuam
2691 2648 2840 2705 vobis
2870 2649 3068 2706 faciens
3094 2669 3105 2704 ε
3139 2652 3262 2707 licet
3282 2652 3423 2709 enim
3445 2669 3539 2710 eos
3563 2670 3744 2711 amare
3764 2658 3860 2728 qui
3892 2674 4017 2727 pro-

2436 2738 2519 2793 cul
2550 2739 2705 2809 positi
2736 2755 2833 2796 nec
2860 2757 3106 2813 umquam
3156 2744 3251 2798 visi
3296 2754 3436 2800 sunt.
3467 2745 3602 2801 Nam
3629 2748 3896 2817 ejusmodi
3923 2765 4019 2806 ca-

2439 2829 2608 2883 ritatis
2646 2839 2833 2885 natura
2866 2841 2967 2898 est,
2999 2844 3054 2886 ut
3084 2850 3180 2897 nec
3208 2836 3307 2889 vim
3352 2836 3678 2907 longitudine
3708 2840 4013 2911 dirimatur,

2438 2936 2537 2976 nec
2568 2924 2819 2992 temporis
2847 2923 3189 2981 diuturnitate
3217 2927 3539 2997 debilitctur,
3566 2945 3665 2986 nec
3708 2931 3871 2989 illatis
3896 2945 4013 2988 ten-

2438 3014 2724 3069 tationibus
2753 3015 3087 3085 infringatur,
3114 3034 3295 3073 verum
3341 3020 3455 3074 haec
3492 3023 3668 3076 omnia
3706 3025 3911 3090 vincat,
3952 3042 4014 3082 ac

2436 3119 2592 3175 supra
2618 3106 2794 3160 omnia
2829 3118 3088 3179 assurgat,
3118 3120 3273 3181 atque
3302 3111 3354 3166 in
3391 3112 3768 3171 sublimitatem
3797 3115 4013 3172 inenar-

2436 3195 2656 3251 rabilem
2700 3195 2989 3253 attollatur.
3036 3198 3117 3255 0b
3163 3216 3387 3272 eamque
3427 3218 3639 3258 causam
3688 3221 3789 3261 nos
3829 3208 4011 3272 etiam,

2434 3287 2855 3358 quandoquidem
2883 3290 3122 3360 apprime
3151 3306 3244 3345 vos
3270 3308 3527 3360 amamus,
3554 3294 3680 3348 nihil
3710 3295 3902 3351 horum
3928 3312 4011 3352 se-

2436 3380 2646 3448 gniores
2673 3381 2845 3435 elTecit
2876 3399 2889 3434 ε
2916 3384 3040 3453 quin
3070 3384 3242 3454 potius
3281 3394 3334 3439 et
3377 3386 3472 3455 ipsi
3512 3387 3816 3450 scribimus,
3848 3398 3904 3443 et
3931 3391 4011 3444 vi-

2437 3471 2636 3536 eissim,
2666 3482 2722 3526 ut
2759 3472 2824 3527 de
2850 3482 3024 3529 vestra
3065 3476 3233 3530 salute
3258 3478 3512 3533 certiores
3538 3494 3635 3532 nos
3666 3481 3894 3547 faciatis,
3921 3499 4012 3536 vos

2439 3578 2701 3634 rogamus.
2731 3564 2817 3620 Sic
2841 3566 3004 3632 enim,
3032 3568 3189 3621 etiam
3220 3569 3270 3623 in
3298 3569 3579 3641 solitudine
3599 3570 3872 3641 degentes,
3904 3590 4012 3627 ma-

2436 3670 2542 3724 gno
2570 3657 2759 3711 solatio
2797 3657 3112 3724 alﬁciemur,
3157 3675 3274 3714 cum
3302 3675 3397 3716 eos
3426 3662 3514 3732 qui
3555 3663 3624 3716 ita
3673 3664 3880 3730 vivunt,
3925 3681 4009 3720 ar-

2436 3757 2685 3827 ctumque
2712 3759 2869 3820 atque
2894 3761 3171 3821 angustum
3203 3752 3301 3806 iter
3344 3754 3729 3823 ingrediuntur,
3760 3757 4009 3813 incolumi

2438 3855 2499 3893 ac
2532 3840 2680 3895 ﬁrma
2706 3840 3003 3897 valetudine
3034 3857 3151 3897 esse
3178 3844 3616 3899 intellexerimus.

2528 3972 2705 4028 LVII.
2735 3974 2947 4030 Adolitr.
2980 3975 3207 4048 (Cucnso
3230 3991 3387 4043 anno,
3419 3986 3474 4032 ut
3499 3987 3733 4048 putatur,
3764 3979 3919 4053 £04.)

2510 4110 2759 4177 Quamvis
2795 4111 2903 4182 ipsa
2931 4128 3052 4166 raro
3084 4112 3148 4167 ad
3178 4128 3274 4167 nos
3298 4114 3519 4180 scribas,
3547 4128 3644 4168 nos
3673 4126 3853 4170 tamen
3880 4131 4012 4188 quo-

2442 4201 2537 4254 ties
2565 4201 2806 4255 homines
2836 4203 3221 4267 nanciscemur,
3251 4205 3337 4274 qui
3367 4205 3487 4260 hinc
3510 4206 3643 4260 istuc
3672 4207 4012 4276 proﬁciscan-

2442 4303 2544 4354 tur,
2570 4294 2744 4346 literas
2768 4293 2833 4346 ad
2862 4304 2912 4348 te
2941 4292 3068 4348 dare
3097 4296 3311 4351 minime
3340 4297 3665 4352 desinemus.
3700 4301 3775 4354 Ac
3800 4301 4009 4371 quidem

2442 4396 2492 4437 te
2520 4384 2618 4438 huc
2661 4385 2838 4439 venire
2866 4400 2929 4441 ac
2956 4400 3175 4441 cernere
3207 4388 3461 4444 vellemus
3484 4431 3499 4457 ,
3544 4391 3701 4462 idque
3743 4395 3796 4447 in
3835 4396 4010 4465 primis

2440 4488 2700 4545 optamus.
2746 4478 2935 4531 Verum
2977 4482 3225 4548 quoniam
3275 4480 3374 4536 hoc
3416 4484 3636 4539 arduum
3686 4485 3913 4543 fortasse
3953 4503 4009 4543 ac

2441 4568 2656 4623 difﬁcile
2689 4570 2777 4624 tibi
2807 4572 2973 4626 visum
3000 4583 3081 4627 est
3108 4574 3262 4645 (nam
3307 4576 3501 4645 alioqui
3538 4577 3841 4633 lsaurorum
3877 4582 4001 4651 peri-

2440 4663 2613 4716 culum
2639 4663 2845 4732 penitus
2874 4663 3133 4718 sublatum
3157 4666 3281 4737 est),
3313 4682 3407 4721 nos
3430 4678 3574 4723 certe
3599 4673 4009 4727 consolationem

2443 4769 2579 4818 eam,
2608 4771 2783 4821 quam,
2813 4754 2935 4807 dum
2955 4757 3143 4809 crebro
3165 4758 3228 4811 ad
3259 4768 3307 4810 te
3334 4759 3632 4825 scribimus,
3651 4776 3845 4830 capere
3874 4764 4009 4821 sole-

2445 4860 2581 4909 mus,
2610 4845 2888 4913 nobisipsis
2916 4846 3150 4913 prtebere
3194 4850 3411 4903 minime
3452 4852 3886 4909 intermittemus.
3923 4856 3985 4911 Et

2444 4936 2581 4989 enim
2608 4939 2813 5005 quoties
2845 4937 3119 5001 tabellarii,
3152 4942 3237 5006 qui
3268 4940 3399 4995 istuc
3428 4943 3525 4996 iter
3549 4942 3722 5007 faciat,
3748 4946 3904 5001 nobis
3926 4963 4009 5002 co-

2446 5030 2525 5097 pia
2546 5034 2653 5094 cst,
2697 5047 2800 5082 non
2829 5029 3093 5107 vulgarem
3126 5033 3442 5102 voluptatem
3481 5040 3752 5103 capimus,
3793 5054 3913 5093 cum
3950 5040 4009 5092 ad

2446 5132 2495 5174 te
2521 5121 2700 5174 literas
2728 5121 2931 5175 damus.
2968 5122 3091 5177 limo
3121 5122 3278 5191 igitur
3313 5140 3431 5178 cum
3464 5126 3555 5179 tibi
3586 5130 3859 5194 explorata
3890 5131 4007 5193 sint,

2444 5213 2775 5265 ornatissima
2804 5221 2855 5266 et
2883 5212 3275 5282 religiosissima
3304 5214 3513 5269 domina
3545 5231 3683 5282 mea,
3707 5218 3864 5272 velim
3890 5235 4010 5289 quo-

2444 5319 2547 5374 que
2574 5304 2683 5372 ipsa
2714 5304 2806 5358 des
2831 5320 3067 5373 operam,
3110 5315 3165 5359 ut
3194 5306 3259 5360 de
3288 5316 3372 5361 tua
3420 5308 3717 5362 valetudine
3752 5310 4014 5382 animique

2447 5394 2711 5448 hilaritate
2740 5409 2893 5461 quam
2939 5396 3231 5464 saepissime
3257 5397 3319 5449 ad
3351 5413 3446 5451 nos
3490 5399 3712 5454 scribas.
3749 5400 4015 5467 Quemado

2447 5484 2658 5537 modum
2686 5484 2824 5536 enim
2846 5484 2911 5538 de
2943 5486 3264 5552 profectione
3288 5486 3414 5540 nihil
3445 5497 3495 5542 te
3521 5502 3857 5555 accusamus,
3882 5492 4012 5562 quod

2447 5590 2532 5630 res
2559 5590 2618 5629 ea
2651 5574 3008 5630 difticnltatem
3046 5577 3240 5633 habere
3281 5578 3371 5632 tibi
3398 5581 3504 5633 visa
3544 5581 3612 5634 sit
3643 5600 3656 5635 :
3688 5581 3877 5637 eodem
3902 5598 4013 5639 mo-

2400 5718 2405 5721 Α
2447 5668 2515 5723 do
2554 5668 2619 5723 de
2658 5667 2815 5739 longo
2852 5669 3062 5724 silentio
3092 5670 3184 5725 tibi
3226 5685 3538 5729 succensere
3569 5671 3788 5730 minime
3815 5673 4015 5732 desine-

2517 5827 2529 5859 ί
2566 5834 2740 5875 omnes
2763 5822 2867 5875 fere
2894 5832 3016 5879 Mss.
3048 5829 3171 5878 reo.
