4216 6482
184 419 291 476 639

192 533 576 605 παρακαλέσαι
616 530 1025 601 συνεφάψασθαι
1056 545 1150 582 σου
1196 528 1295 598 τῆς
1334 525 1508 595 καλῆς
1558 521 1764 594 ταύτης

189 628 476 699 προνοίας,
522 626 617 680 καὶ
653 621 790 696 μετά
832 620 1029 676 πολλοῦ
1067 619 1160 673 τοῦ
1205 619 1407 688 τάχους
1446 612 1767 685 ἐπειχθῆναι

189 717 604 790 παραγενέσθαι
635 718 836 770 ἐκεῖσε.
882 714 992 768 Καὶ
1028 712 1137 784 γὰρ
1179 712 1276 764 καὶ
1307 709 1408 780 τῆς
1457 705 1770 779 ἀποδημίας

187 812 361 882 αὐτῆς
385 812 448 866 οὐ
487 810 682 883 μικρὸν
715 807 858 874 ἔξεις
888 805 1080 879 μισθόν
1100 823 1112 837 ⁸
1135 806 1184 859 εί
1213 803 1272 859 δέ
1299 804 1400 875 τῆς
1435 799 1767 872 ἀποδημίας,

190 901 372 974 πολλῷ
419 903 619 974 μᾶλλον
663 901 712 953 εί
762 899 872 954 τῶν
915 899 1097 972 ,ἔργων
1145 895 1311 967 ἀψαιο
1331 935 1347 960 ,
1389 894 1487 949 καὶ
1533 890 1769 964 σπουδὴν

189 996 396 1067 πολλὴν
444 990 760 1058 ἐπιδείξαιο.
806 991 914 1045 Τοῦ
945 990 1056 1062 γὰρ
1104 989 1242 1044 οίκοι
1271 985 1544 1058 καθῆσθαι
1588 982 1768 1054 πολλῷ

189 1088 401 1160 βέλτιον
449 1089 544 1141 καὶ
593 1083 1011 1158 χρησιμώτερον
1047 1081 1108 1136 τδ
1152 1080 1413 1146 τοιαύτας
1456 1076 1769 1149 ἀποδημίας

188 1181 517 1253 ἀποδημεῖν.
577 1177 726 1232 Ἐκεῖ
765 1177 866 1248 μέν
900 1176 1010 1248 γάρ
1049 1175 1214 1236 ὄντα,
1256 1173 1352 1245 καὶ
1405 1170 1580 1226 ταῦτά
1618 1171 1771 1223 ἐστιν

189 1275 338 1343 ἐχειν
359 1271 398 1326 ἀ
422 1270 520 1324 νῦν
547 1270 714 1341 ἔχεις,
737 1269 836 1342 τήν
865 1267 1143 1340 νηστείαν,
1173 1265 1275 1332 τάς
1316 1262 1646 1337 ἀγρυπνίας,
1669 1262 1772 1332 τὴν

189 1365 361 1437 ἀλλην
381 1364 732 1434 φιλοσοφίαν.
758 1360 912 1416 υῖκοι
942 1360 1000 1414 δέ
1025 1359 1355 1431 καθήμενον,
1377 1357 1478 1412 οὐκ
1493 1354 1616 1409 ἐστι
1646 1370 1774 1425 κερ-

189 1459 347 1512 δᾶναι
359 1469 386 1499 ι
401 1457 548 1529 άπερ
562 1457 677 1511 ἐκεῖ
694 1453 1004 1526 καθήμενόν
1026 1453 1141 1505 ἐστι
1153 1448 1570 1522 καρπώσασθαι,
1583 1444 1772 1517 ψυχῶν

193 1548 471 1622 σωτηρίαν
503 1546 806 1610 τοσούτων,
837 1544 929 1598 τὸν
970 1543 1079 1597 ἀπὸ
1108 1542 1217 1596 τῶν
1255 1541 1517 1596 κινδύνων
1557 1538 1769 1610 μισθὸν,

189 1642 290 1709 τὴν
314 1640 428 1695 ἀπὸ
447 1640 547 1712 τῆς
575 1638 840 1709 τοσαύτης
866 1634 1177 1709 προθυμίας
1215 1634 1455 1707 ἀμοιϐήν
1473 1649 1486 1663 ⁸
1519 1632 1635 1685 ἐστι
1662 1631 1773 1704 γάρ

192 1732 510 1806 προθυμίας
551 1729 780 1802 ἀμοιϐή.
825 1729 1051 1783 Ἐννοῶν
1096 1727 1280 1782 τοίνυν
1317 1725 1541 1797 ἡλίκους
1590 1722 1774 1794 σαυτῷ

192 1820 904 1898 πρωποθὴσῃὍ-τεφάνους,
933 1821 1100 1893 μηδὲν
1123 1818 1416 1891 μελλήσῃς,
1448 1817 1584 1890 μηδέ
1612 1819 1775 1889 ὐπερ·

193 1917 293 1990 θῇ·
325 1915 465 1972 ἀλλά
494 1916 711 1988 ῥαΐσας,
741 1913 990 1969 ἐντεῦθεν
1025 1913 1126 1986 ἡδη
1162 1913 1263 1985 τῆς
1289 1911 1601 1983 ἀποδημίας
1635 1909 1775 1981 ἀψα-

194 2009 319 2064 σθαι
376 2006 764 2079 ωρακλὴθητι
788 2046 803 2072 ,
865 2005 1031 2078 μηδὲν
1058 2003 1363 2077 φροντίζων
1413 2003 1524 2058 τῶν
1573 2002 1773 2078 χρειῶν

192 2100 402 2154 ἐνεκεν.
438 2097 626 2152 Πάντα
655 2098 765 2169 γάρ
802 2094 955 2151 εἷπον
991 2095 1071 2167 τῷ
1104 2096 1281 2168 κυρίῳ
1317 2113 1419 2167 μου
1456 2094 1537 2166 τῷ
1575 2113 1774 2168 τιμιω·

190 2192 343 2262 τάτῳ
366 2191 463 2246 καλ⁵
483 2188 862 2261 εὐλαϐεστιὴῳ
882 2187 1240 2261 πρεσϐυτέρῳ
1261 2187 1644 2260 Κωνσταντίῳ,
1663 2189 1776 2243 εῖτε

193 2286 275 2348 εἰς
295 2281 587 2355 οἰκοδομάς
606 2280 879 2336 ἀναλῶσαι
902 2280 1034 2345 δέοι,
1059 2280 1169 2335 είτε
1192 2281 1274 2345 είς
1294 2281 1484 2353 χρείας
1507 2279 1772 2350 ἀδελφῶν,

196 2378 343 2449 μετά
371 2376 618 2440 πλείονος
669 2378 970 2447 παρασχεῖν
1024 2376 1152 2448 ὐμῖν
1195 2377 1293 2445 τῆς
1332 2374 1644 2446 δαψιλείας,
1682 2375 1777 2430 καλ⁵

197 2469 341 2544 μετά
376 2469 624 2534 πλείονος
661 2467 756 2522 νῦν
789 2468 823 2541 ἡ
865 2467 1198 2540 ἔμπροσθεν.
1237 2469 1418 2541 Ἕχων
1459 2467 1643 2523 τοίνυν
1681 2470 1777 2524 καὶ

196 2564 296 2633 τὴν
343 2562 558 2617 ἐκεῖθεν
609 2561 862 2616 εὐκολίαν
911 2562 1007 2615 καὶ
1036 2561 1143 2632 πρὸ
1192 2561 1412 2616 πάντων
1439 2562 1502 2616 τὺ
1542 2562 1777 2634 πρᾶγμα

198 2657 374 2709 ποιεῖν
393 2654 628 2728 ἀρέσκον
644 2654 781 2726 θεῷ,
802 2654 980 2708 πάντα
999 2653 1157 2708 ὁκνον
1177 2651 1446 2718 ἐκϐαλὼν,
1460 2652 1779 2724 ἐπειχθῆναι

195 2748 406 2820 ταχέως
422 2746 825 2820 παρακλήθητι,
851 2748 946 2801 καὶ
966 2745 1026 2812 ἐξ
1060 2747 1233 2819 αὐτῆς
1259 2749 1392 2820 ἡμῖν
1425 2747 1590 2808 τοῦτο.
1612 2746 1790 2820 δήλω-

199 2860 316 2907 σον,
334 2843 423 2896 ῖνα
454 2842 547 2895 καὶ⁵
570 2842 628 2894 ἐν
659 2841 867 2913 ἐρημία
889 2841 1042 2905 ὁντες
1063 2840 1273 2912 χαλεπῇ
1304 2840 1506 2914 πολλὴν
1529 2841 1782 2896 ἐντεῦθεν

199 2929 628 3005 καρπωσώμεθα
677 2931 777 3002 τὴν
819 2930 1185 3004 παράκλησιν.
1241 2934 1304 2986 El
1346 2933 1457 3003 γάρ
1515 2932 1780 3005 μάθοιμεν

199 3015 285 3077 δτι
315 3022 740 3095 ἀποδεδήμηκας
770 3024 952 3077 ἐκεῖσε
982 3024 1122 3096 μετά
1152 3025 1253 3095 τῆς
1286 3024 1513 3098 γνώμης
1543 3025 1778 3096 ἐκείνης,

200 3114 382 3170 πάντα
412 3115 633 3186 ποιῆσαι
662 3115 756 3169 καὶ
779 3115 972 3170 παθεῖν
999 3117 1141 3189 ὐπέρ
1161 3117 1436 3190 σωτηρίας
1459 3117 1567 3171 τῶν
1593 3118 1782 3172 αὐτόθι

198 3208 390 3280 ψυχῶν
432 3208 973 3279 παρεσκευασμένος,
1014 3209 1136 3264 οὐδέ
1183 3210 1420 3281 ἐρημίαν
1461 3209 1782 3281 ἡγησόμεθα

198 3301 371 3356 οίκεῖν
399 3299 510 3353 ἀπὸ
533 3297 687 3372 [624]
713 3301 811 3371 τῆς
833 3300 1106 3371 τοσαύτης
1135 3301 1348 3372 ἡδονῆς.
1377 3300 1784 3374 Ἐπιθυμούμεν

199 3392 312 3464 γάρ
349 3392 446 3446 καὶ
480 3393 642 3463 ἡμεῖς
671 3393 1118 3464 παραγενόμενόν
1144 3410 1204 3446 σε
1237 3393 1393 3447 ίδεῖν·
1432 3391 1549 3447 ἀλλ’
1594 3393 1783 3465 ἐπειδὴ

200 3483 361 3539 τοῦτο
385 3484 524 3555 ὅπερ
555 3477 710 3538 εἷπον
745 3484 1199 3556 ἀναγκαιότερον,
1233 3485 1329 3538 καὶ
1358 3483 1476 3548 δέος
1511 3484 1721 3556 μήποτε
1757 3488 1786 3538 ὁ

195 3576 412 3650 χειμὼν
439 3577 744 3649 ἀποκλείσῃ
780 3593 864 3631 σοι
895 3575 994 3647 τῆν
1018 3578 1135 3632 ὁδὸν
1173 3579 1273 3650 τὴν
1299 3577 1552 3632 ἐντεῦθεν
1581 3579 1783 3642 ἐκεῖσε,

199 3672 289 3725 διά
315 3669 476 3725 τοῦτό
517 3687 578 3724 σε
622 3672 938 3742 ἐπείγομεν,
974 3671 1066 3726 καὶ
1115 3672 1538 3744 παρακαλοῦμεν
1574 3672 1784 3743 ταχέως

201 3765 542 3856 ἐπειχθῆναι.

200 3907 336 3960 ΝΒ.
377 3903 626 3977 Συμεὼν
663 3904 760 3977 καί
809 3903 963 3977 Μᾷρι
990 3903 1569 3977 πρεσϐυτέροις,νκαί
1599 3907 1781 3977 μονά-

487 3974 692 4036 ζοιισιν
718 3976 788 4029 ἐν
820 3975 894 4044 τῇ
929 3974 1088 4046 χώρᾳ
1124 3974 1434 4045 Ἀπαμείας
1454 3976 1501 4030 ι’.

270 4091 337 4144 Et
367 4089 464 4144 καὶ
484 4089 665 4161 πολλῷ
689 4090 1042 4161 διειργόμεθα
1065 4090 1146 4164 τῷ
1162 4092 1266 4164 τῆς
1283 4092 1406 4148 ὁδοῦ
1432 4094 1785 4168 διαστήματι,

203 4183 300 4235 καὶ
328 4182 393 4234 ἐν·
410 4181 770 4254 χαλεπωτάτῃ
807 4183 1096 4253 καθήμεθα
1122 4185 1350 4258 ἐρημίᾳ,
1373 4185 1487 4240 ἀλλ’
1509 4188 1658 4259 ὅμως
1684 4206 1787 4260 μα-

204 4275 391 4338 θόντες
425 4273 581 4344 ὐμῶν
616 4273 717 4345 τῆς
745 4273 926 4346 ψυχῆς
956 4275 1056 4346 τὴν
1083 4277 1308 4350 ἀρετὴν,
1340 4280 1436 4333 καὶ
1459 4281 1558 4352 τὴν
1587 4281 1784 4354 πολλὴν

204 4364 544 4435 φιλοσοφίαν,
579 4365 648 4419 δι’
673 4361 742 4438 ἦς
769 4368 895 4431 τούς
920 4369 1105 4424 αὐτόθι
1131 4369 1344 4436 πάντας
1373 4373 1781 4446 καταλάμπετε,

205 4457 426 4527 σφοδροὶ
456 4458 762 4530 γεγόναμεν
815 4460 970 4532 ὑμῶν
1016 4463 1265 4534 ἐρασταί.
1296 4466 1407 4519 Καὶ
1449 4467 1637 4538 ἐπειδὴ
1686 4469 1784 4540 τῆς

205 4552 325 4604 κατ’
355 4550 478 4621 δψιν
519 4550 677 4623 ἡμῶν
713 4553 1004 4624 συντυχίας
1028 4555 1170 4620 τέως
1211 4557 1522 4613 ἀπολαῦσαι
1548 4560 1648 4613 οὐκ
1680 4561 1781 4624 ἔνι,

203 4640 295 4694 διά
333 4658 394 4695 τε
421 4641 523 4714 τήν
554 4641 647 4695 τοῦ
680 4643 950 4714 χειμῶνος
989 4645 1159 4716 ὤραν,
1205 4649 1296 4703 διά
1323 4667 1384 4704 τε
1415 4650 1516 4721 τῆς
1557 4651 1678 4706 ὀδοῦ
1725 4655 1787 4708 τὸ

209 4732 411 4802 μῆκος,
445 4731 536 4786 διὰ
571 4737 918 4806 γραμμάτων
969 4738 1329 4806 συγγενέσθαι
1369 4742 1784 4815 ἐσπουδάσαμεν

208 4824 361 4892 ὑμῖν,
393 4825 842 4895 παρακαλοῦντες
871 4827 1027 4899 ὐμῶν
1056 4829 1155 4900 τὴν
1185 4831 1491 4895 εὐλάϐειαν,
1529 4834 1784 4906 εὔχεσθαί

208 4932 266 4968 τε
305 4915 542 4980 ἐκτενῶς
574 4917 715 4989 ὑπὲρ
764 4919 862 4989 τῆς
908 4918 1118 4984 λύσεως
1153 4921 1261 4976 τῶν
1307 4924 1406 4995 τὴν
1457 4927 1785 4999 οἰκουμένην

207 5006 615 5078 κατειληφότων
669 5009 892 5074 κακῶν,
946 5011 1041 5064 καὶ
1083 5013 1291 5078 πάντας
1345 5018 1424 5080 είς
1474 5016 1632 5071 τοῦτο
1675 5019 1786 5072 διε-

205 5099 414 5171 γείρειν
446 5099 584 5170 μετά
607 5099 808 5171 πολλῆς
837 5100 935 5171 τῆς
967 5102 1300 5174 προθυμίας,
1337 5109 1467 5178 ἡμῖν
1500 5127 1583 5177 τε,
1616 5111 1789 5182 ἡνίκα

205 5190 272 5244 ἂν
303 5183 427 5262 ἐξῇ,
475 5191 862 5264 συνεχέστερον
903 5196 1238 5251 ἐπιστέλλειν
1283 5202 1410 5272 περὶ
1445 5202 1547 5269 τῆς
1595 5205 1787 5273 ὑγείας

205 5283 305 5350 τῆς
355 5281 653 5352 ὑμετέρας·
690 5283 777 5337 ἴνα
820 5285 916 5338 καὶ
970 5287 1254 5359 πόρρωθεν
1291 5291 1446 5361 ὐμῶν
1476 5293 1658 5361 ὄντες,
1695 5299 1790 5353 καί

205 5373 346 5446 πρὸς
375 5375 546 5440 αὐτάς
569 5377 668 5449 τῆς
696 5378 1022 5452 οίκουμένης
1045 5382 1144 5446 τὰς
1177 5385 1436 5454 ἐσχατιὰς
1465 5389 1789 5462 ἀπῳκισμέ-

205 5484 322 5531 νοι,
360 5467 563 5541 πολλὴν
603 5471 698 5522 καὶ
731 5471 980 5526 ἐντεῦθεν
1016 5475 1440 5548 καρπωσώμεθα
1467 5480 1567 5551 τὴν
1610 5486 1791 5556 παρά-

205 5559 425 5629 κλησιν,
451 5562 838 5634 συνεχέστερον
861 5564 930 5619 τά
953 5567 1200 5639 περὶτῆς
1221 5569 1440 5640 ῥώσεως
1469 5573 1622 5645 ὐμῶν
1655 5595 1791 5649 μανο

205 5734 445 5847 ωςηῖἱτρ
477 5751 590 5800 que
617 5740 917 5793 deﬁciebant
954 5745 1004 5794 in
1032 5745 1188 5797 Editis
1231 5761 1293 5800 ex
1328 5751 1485 5805 tribus
1507 5768 1620 5806 mss.
1648 5761 1792 5810 resti—

269 5859 298 5898 5
319 5859 647 5916 Omnes'mss.
668 5865 715 5917 iv
737 5872 793 5930 τῇ
815 5869 949 5934 χώρᾳ
989 5871 1257 5932 Ἀπαμέων.

1629 403 2012 463 EPISTULA}.

3349 411 3458 474 σω

1880 520 2152 586 θάνοντες.
2188 523 2401 595 Σφόδρα
2435 523 2491 578 δέ
2523 526 2670 597 ἡμᾶς
2703 524 2976 598 εὔφρανεν
3005 529 3035 581 ὁ
3079 526 3457 597 ποθεινότατος

1877 625 1972 679 καὶ
1991 623 2329 693 γλυκύτατος
2367 627 2625 700 Ἰωάννης
2654 630 2683 682 ὁ
2710 627 3104 701 πρεσϐύτερος,
3133 632 3192 685 ἐν
3218 631 3458 707 τοσαύτῃ

1875 723 2086 795 καιρῶν
2118 723 2380 794 δυσκολίᾳ
2422 727 2681 798 ἐλόμενος
2713 730 2927 784 οῖκοθεν
2960 731 3335 805 διαναστῆναι,
3362 735 3460 789 καὶ

1874 821 2117 893 ἅψασθαι
2144 824 2244 896 τῆς
2272 825 2367 878 ἐπὶ
2391 824 2489 898 τήν
2511 827 2766 900 ⁴ΙΡοινίκην
2791 829 3122 902 ἀποδημίας.
3148 833 3460 905 Παρακαλῶ

1873 924 2052 977 τοίνυν
2083 925 2447 996 ἐννοήσαντας
2470 927 2567 982 τοῦ
2598 927 3025 1003 κατορθώματος
3053 931 3239 1006 ἡλίκον
3267 932 3328 987 τὸ
3365 933 3464 1005 μέ-

1874 1025 2054 1095 γεθος,
2073 1028 2126 1082 εί
2142 1045 2294 1093 τινας
2326 1029 2537 1102 εὕροιτε
2567 1033 2851 1102 γενναίους
2881 1035 3104 1107 ἄνδρας.
3128 1034 3464 1107 δυναμένους

1877 1124 2027 1197 αὐτῷ
2059 1126 2380 1200 συμπρᾶξαι
2413 1129 2553 1203 πρὸς
2599 1132 2712 1187 τῶν
2760 1133 3206 1207 κατορθωμάτων
3257 1135 3463 1190 τούτοιν

1875 1223 1939 1278 τδ
1970 1224 2220 1297 μέγεθος,
2253 1228 2434 1307 πολλῇ
2455 1233 2521 1304 τῇ
2554 1231 2838 1306 προθυμίᾳ
2866 1233 3284 1289 συναποστεῖλαι
3312 1233 3464 1306 αὐτῷ

1878 1325 2305 1399 παρακλὴθητε,
2357 1330 2667 1398 ἐννοοῦντες
2712 1333 2900 1405 ἡλίκον
2950 1333 3203 1390 ἐντεῦθεν
3236 1333 3465 1407 καρπώ-

1879 1417 2038 1472 σεσθε
2077 1419 2168 1473 τὸν
2206 1421 2418 1493 μισθόν.

2090 1536 2234 1602 Νςί.
2253 1533 2533 1608 Ῥωμύλῳ
2555 1541 2655 1596 καί
2683 1540 2879 1611 Βύᾱιμτ
2901 1545 3249 1615 μονάζουσι.

1962 1648 2103 1717 Ἐγὼ
2135 1652 2234 1722 μὲν
2257 1652 2561 1727 ἐϐουλόμην
2585 1657 2730 1728 ὑμᾶς
2761 1659 2858 1714 καὶ
2882 1662 3119 1718 ἐνταῦθα
3151 1683 3462 1738 παραγενοο

1883 1748 2079 1820 μένους
2107 1753 2234 1808 ἰδεῖν
2255 1771 2267 1785 ·
2302 1756 2519 1813 ἀκούων
2546 1759 2658 1831 γὰρ
2687 1760 2844 1832 ὐμῶν
2866 1762 2968 1833 τὴν
2991 1763 3304 1831 εὐλάϐειαν,
3336 1785 3467 1840 σφο-

1878 1849 2005 1923 δρὸς
2037 1851 2195 1924 ὐμῶν
2216 1855 2418 1925 γέγονα
2453 1859 2714 1933 ἐραστὴς,
2734 1864 2848 1926 τοῖς
2873 1862 2975 1935 τῆς
3008 1865 3232 1939 ἀγάπης
3267 1867 3441 1939 ὁφθαλ

1883 1957 2005 2025 μοῖς
2038 1957 2183 2028 ὑμᾶς
2215 1958 2659 2034 φανταζόμενοςο
2696 1964 2886 2037 ἐπειδὴ
2907 1965 2966 2020 δέ
3003 1966 3165 2023 τοῦτο
3192 1969 3334 2036 τέως
3365 1972 3466 2027 οὐκ

1880 2063 1982 2125 ενι,
2018 2067 2112 2121 καὶ
2140 2065 2231 2120 διά
2257 2068 2319 2121 τὸ
2351 2068 2452 2139 τῆς
2483 2070 2606 2124 ὁδοῦ
2642 2054 2838 2144 μῆκός,
2870 2077 2969 2129 καὶ
2999 2073 3089 2131 διά
3109 2077 3208 2150 τὴν
3233 2078 3326 2133 τοῦ
3356 2098 3470 2152 χει-

1883 2163 2061 2236 μῶνος
2102 2165 2274 2238 ῶραν,
2317 2169 2413 2222 καὶ
2442 2168 2532 2225 διά
2568 2171 2660 2225 τὸν
2690 2171 2802 2226 τῶν
2846 2172 3113 2247 ’Ῑσαύρων
3146 2177 3309 2247 φόϐον
3330 2219 3345 2244 ,
3379 2180 3469 2234 διά

1879 2266 1989 2320 τῶν
2027 2268 2374 2340 γραμμάτων
2427 2272 2743 2329 ἐσπούδακα
2792 2274 2950 2346 ὑμῶν
2991 2279 3356 2348 συγγενέσθαι
3398 2286 3466 2354 τῇ

1880 2369 2175 2442 τιμιότητι,
2203 2371 2372 2445 δήλην
2412 2373 2540 2446 ὐμῖν
2563 2375 2735 2430 ποιῶν
2763 2377 2862 2448 τὴν
2887 2377 3152 2447 διάθεσιν,
3176 2382 3243 2454 ἡν
3275 2383 3472 2457 ἔχομεν

1883 2469 2021 2541 πρὸς
2043 2471 2142 2543 τὴν
2169 2471 2454 2529 εὐλάϐειαν
2470 2474 2497 2515 ιι
2521 2475 2619 2548 τὴν
2643 2476 2947 2550 ὑμετέρανο
2979 2479 3058 2535 ενι
3084 2481 3196 2555 γάρ
3225 2485 3320 2538 καὶ
3345 2486 3472 2552 τοὺς

1886 2571 2167 2645 πόρρωθεν
2213 2575 2376 2641 ὄντας
2411 2578 2505 2632 καὶ
2559 2579 2634 2651 μὴ
2665 2581 2962 2652 ὁραθέντας
2997 2583 3192 2655 φιλεῖν.
3235 2587 3472 2660 Τοιαύτη

1883 2673 1991 2746 γάρ
2019 2674 2121 2744 τῆς
2157 2677 2380 2749 ἀγάπης
2423 2679 2456 2751 ἡ
2490 2678 2754 2752 δύναμις·
2796 2683 2858 2737 οὐ
2890 2683 3186 2757 διείργεται
3214 2686 3333 2742 ὁδοῦ
3367 2691 3474 2762 μή-

1886 2793 2004 2843 κει,
2050 2778 2173 2832 οὐδέ
2221 2780 2548 2852 μαραίνεται
2597 2783 2790 2855 χρόνου
2826 2786 3052 2859 πλήθει,
3085 2788 3208 2844 οὐδέ
3255 2792 3480 2847 νικᾶται

1886 2868 2212 2951 πειρασμῶν
2244 2883 2596 2951 ἐπαγωγαῖς·
2643 2884 2782 2939 ἀλλά
2821 2887 2996 2943 ταῦτα
3049 2890 3227 2946 πάντα
3265 2893 3476 2948 νικῶσα

1888 2978 2139 3051 ἀνωτέρα
2160 2981 2382 3036 πάντων
2404 2983 2639 3051 γίνεται,
2677 2987 2772 3041 καὶ
2800 2989 2941 3061 πρὸς
2973 2989 3108 3062 ὕψος
3152 2993 3360 3065 ἄφατον
3397 2997 3482 3052 αῖ-

1892 3097 2062 3152 ρεταιι
2093 3082 2193 3136 Διά
2222 3082 2286 3155 δὴ
2321 3083 2480 3139 τοῦτο
2510 3086 2607 3142 καὶ
2645 3088 2829 3160 ἡμεῖς,
2878 3090 3069 3165 ἐπειδὴ
3115 3094 3320 3165 σφόδρα
3350 3095 3479 3168 περὶ

1890 3182 2037 3254 ὐμάς
2061 3182 2213 3257 [625]
2237 3184 2584 3258 διακείμεθα,
2614 3188 2788 3244 οὐδενὶ
2809 3192 3015 3247 τούτων
3039 3195 3346 3269 γεγόναμεν
3377 3199 3480 3272 ρᾳ-

1891 3281 2202 3356 θυμάτεροι,
2237 3285 2374 3342 ἀλλά
2423 3288 2517 3344 καὶ
2548 3290 2868 3364 γράφομεν,
2912 3293 3008 3348 καὶ
3053 3296 3482 3373 παρακαλοῦμεν

1891 3386 2038 3457 ὑμᾶς
2065 3387 2132 3442 τά
2161 3388 2293 3460 περὶ
2321 3390 2419 3461 τῆς
2453 3391 2646 3461 ὐγείας
2678 3393 2781 3466 τῆς
2811 3395 3085 3470 ὑμετέρας
3107 3397 3304 3469 δηλοῦν
3325 3400 3478 3473 ἡμῖν.

1891 3485 2052 3554 Οῦτω
2086 3489 2194 3561 γὰρ
2225 3491 2320 3544 καὶ
2349 3491 2408 3546 ἐν
2441 3493 2652 3565 ἐρημία
2680 3493 3072 3568 διατρίϐοντες,
3107 3499 3310 3574 πολλὴν
3343 3519 3481 3575 καρ-

1892 3589 2190 3661 πωσόμεθα
2206 3593 2308 3663 τὴν
2331 3594 2698 3667 παράκλησιν,
2719 3597 2848 3651 ὅταν
2870 3599 3162 3672 ἀκούωμεν
3186 3604 3314 3669 τούς
3339 3604 3483 3661 οὕτω

1893 3690 2168 3763 βιοῦντας,
2205 3695 2301 3748 καὶ
2345 3694 2445 3768 τὴν
2497 3697 2691 3770 στενὴν
2735 3700 2942 3772 ταύτην
2980 3705 3073 3757 καὶ
3112 3704 3481 3780 τεθλιμμένην

1892 3791 2177 3857 ὁδεύοντας
2206 3794 2344 3862 ὁδὸν,
2369 3796 2719 3868 ὑγιαίνοντας
2747 3803 2840 3854 καὶ
2879 3805 3249 3876 ἐρρωμένους.

2467 3918 2597 3974 IVZ'.
2648 3921 2897 3991 Ἀδολίᾳ.

1979 4032 2188 4101 Ἡμεῖς,
2213 4031 2316 4087 κᾶν
2336 4034 2475 4106 αὐτὴ
2499 4037 2792 4103 σπανιάκις
2823 4041 3168 4116 ἐπιστέλλῃς,
3191 4045 3252 4099 οὐ
3277 4049 3486 4103 παυσό-

1898 4132 2056 4203 μεθα,
2105 4135 2296 4199 ὁσάκις
2345 4136 2412 4192 ἂν
2457 4138 2810 4212 ἐπιτύχωμεν
2849 4143 2958 4197 τῶν
3004 4146 3257 4201 ἐντεῦθεν
3307 4151 3482 4205 ἐκεῖσε

1894 4239 2342 4310 ἀφικνουμένων,
2393 4243 2701 4314 γράφοντες
2751 4245 2887 4317 πρὸς
2916 4247 3017 4318 τὴν
3070 4250 3348 4320 εὐγένειαν
3386 4254 3489 4326 τὴν

1898 4341 2019 4413 σήν.
2054 4341 2423 4413 Ἐϐουλόμεθα
2454 4345 2552 4415 μὲν
2576 4345 2687 4418 γὰρ
2713 4347 2808 4401 καὶ
2830 4349 3065 4405 ἐνταῦθά
3087 4369 3148 4405 σε
3180 4371 3486 4429 παραγενο-

1899 4438 2068 4511 μένην
2106 4439 2268 4506 ίδεῖν,
2318 4443 2415 4496 καὶ
2448 4444 2656 4516 σφόδρα
2702 4447 2862 4503 τοῦτο
2894 4451 3299 4527 ἐπιθυμοῦμεν.
3348 4458 3485 4512 Ἀλλ’

1895 4542 2085 4615 ἐπειδὴ
2115 4543 2275 4598 τοῦτο
2297 4546 2534 4618 ἐργῶδες
2568 4548 2698 4614 ῐσως
2721 4553 3001 4626 κατεφάνη
3025 4573 3119 4610 σου
3143 4561 3208 4630 τῇ
3238 4562 3488 4636 εὐγενείᾳ

1873 4643 1998 4714 τ(τά
2036 4645 2146 4717 γὰρ
2196 4645 2306 4699 τῶν
2361 4649 2622 4720 Ἰσαύρων
2671 4653 2952 4710 πέπαυται
2995 4659 3330 4733 παντελῶς),
3388 4666 3487 4737 τὴν

1896 4742 2027 4811 γοῦν
2056 4745 2164 4799 ἀπὸ
2191 4745 2287 4800 τοῦ
2323 4749 2558 4819 γράφειν
2594 4752 2834 4824 συνεχῶς
2861 4759 2928 4827 τῇ
2951 4757 3227 4831 τιμιότητί
3261 4779 3356 4816 σου
3385 4781 3462 4817 πα

1899 4845 2165 4918 ράκλησιν
2184 4850 2244 4902 οὐ
2275 4851 2597 4923 παυσόμεθα
2625 4855 2960 4927 παρέχοντες
2987 4860 3221 4924 ἑαυτοῖς.
3243 4863 3350 4916 Καὶ
3379 4865 3489 4937 γάρ

1897 4945 2088 5010 ὁσάκις
2111 4948 2178 5001 ἀν
2209 4949 2559 5023 ἐπιτύχωμεν
2584 4958 3061 5031 γραμματηφόρου
3091 4961 3274 5016 ἐκεῖσε
3309 4981 3488 5037 παρα-

1897 5049 2210 5118 γινομένου,
2239 5050 2300 5102 οὐ
2328 5050 2426 5122 τὴν
2448 5053 2720 5124 τυχοῦσαν
2754 5061 3117 5130 καρπούμεθα
3151 5063 3490 5138 εὐφροσύνην

1898 5148 2311 5214 ἐπιστέλλοντες
2347 5169 2440 5206 σου
2494 5158 2560 5226 τῇ
2611 5159 2908 5232 τιμιότητι.
2948 5163 3107 5216 Τοῦτ’
3145 5159 3239 5218 οὐν
3289 5166 3488 5229 εἰδυῖα.

1900 5251 2065 5323 κυρία
2101 5270 2202 5323 μου
2259 5258 2618 5331 κοσμιωτάτη
2653 5261 2748 5314 καὶ
2783 5261 3182 5339 εὐλαϐεστάτη,
3228 5270 3322 5323 καὶ
3350 5271 3490 5342 αὐτὴ

1901 5353 2136 5426 σπουδήν
2177 5357 2450 5410 ποιεῖσθαι
2499 5361 2891 5435 παρακλὴθητι
2924 5366 3019 5420 τοῦ
3072 5370 3312 5441 συνεχῶς
3358 5373 3492 5444 ἡμῖν

1900 5455 2238 5510 ἐπιστέλλειν
2257 5457 2324 5510 τά
2350 5461 2480 5532 περὶ
2503 5463 2599 5531 τῆς
2622 5464 2810 5532 ὐγείας
2835 5469 2935 5538 τῆς
2962 5469 3062 5540 τῆς
3085 5473 3180 5524 καὶ
3199 5473 3489 5545 εὐθυμίας.

1902 5557 2113 5630 Ὠσπερ
2137 5559 2246 5630 γάρ
2268 5561 2366 5630 τῆς
2393 5563 2703 5635 ἀποδημίας
2725 5567 2910 5622 ἕνεκεν
2943 5571 3099 5627 οὐδὲν
3129 5575 3491 5648 ἐγκαλοῦμεν.

1899 5660 1990 5714 διά
2023 5662 2084 5715 τὸ
2112 5661 2261 5729 δόξαι
2298 5663 2586 5720 δυσκολίαν
2619 5666 2764 5739 ἔχειν
2807 5672 2867 5725 τὸ
2914 5677 3145 5747 πρᾶγμα
3174 5677 3345 5732 ὀὕτω
3390 5679 3492 5752 τῆς

1968 5826 1991 5892 ξ
2014 5823 2250 5892 [letique
2275 5830 2494 5892 11138.καῖ
2525 5828 2652 5892 βίζῳ.

1969 5885 1993 5926 ἀ
2014 5885 2137 5939 Tres
2164 5885 2260 5938 in»
2302 5885 2796 5962 ncpl_1ﬁv':0).5.6zuv.
