4216 6482
723 398 824 456 641
1440 397 1494 452 S.
1535 397 1821 455 .IOANNIS
1851 399 2346 456 CHRYSOSTOMI
2385 400 2705 464 ARCHIEP.
2757 410 3306 473 CONSTAN'I'INUP.

723 512 882 582 σιγῆς
918 511 1103 566 ἕνεκεν
1137 514 1236 585 τῆς
1275 514 1492 585 μακράς
1519 514 1581 566 οὐ
1614 514 1936 586 παυσόμεθα
1967 514 2304 585 αἰτιώμενοι,

717 625 804 678 διὶι
829 626 888 679 τὸ
915 627 1122 697 σφῶρα
1161 625 1449 697 ἐπιθυμεῖν
1485 628 1722 699 συνεχῶς
1756 628 2049 699 μανθάνειν
2079 630 2148 683 τά
2181 630 2309 700 περὶ

717 739 818 810 τῆς
846 738 1066 810 ῥώσεως
1100 740 1200 812 τῆς
1227 741 1324 810 σῆς
1349 742 1441 794 καὶ
1464 743 1612 796 οἴκου
1643 760 1735 796 σου
1765 744 1986 808 παντός.

1053 911 1196 964 NH'.
1240 910 1540 976 Θεοδοσίῳ
1568 911 1688 965 ἀπὸ
1714 910 1968 966 δουκῶν.

786 1047 991 1103 Πολλοῦ
1041 1048 1135 1100 τοῦ
1187 1046 1404 1118 μέλιτος
1449 1047 1547 1118 τὴν
1605 1046 1897 1116 ἐπιστολὴν
1945 1046 2303 1118 άνέχρωσας,

717 1166 919 1238 μᾶλλον
939 1164 996 1218 δὲ
1024 1165 1118 1218 καί
1146 1163 1364 1234 μέλιτος
1385 1161 1559 1234 αὐτὴν
1587 1161 1723 1232 ηδίω
1745 1160 2076 1231 πεποίηκας.
2107 1158 2182 1212 Τὸ
2206 1160 2304 1231 μὲν

711 1282 822 1351 γὰρ
861 1283 991 1334 ὅταν
1057 1279 1443 1349 συνεχέστερον
1489 1277 1730 1349 ὁμιλήσῃ
1773 1278 1887 1339 τοῖς
1941 1274 2304 1329 ἀπολαύουσιν

709 1396 877 1452 αὐτοῦ
899 1396 999 1467 τῆς
1030 1395 1390 1465 γλυκύτητος,
1417 1393 1517 1447 οὐκ
1545 1392 1626 1447 ἔτι
1656 1393 1859 1463 ὁμοίως
1888 1393 1987 1464 ἡδὺ
2028 1393 2300 1463 φαίνεται,

707 1512 804 1566 τοῦ
833 1512 1000 1584 κόρου
1027 1511 1127 1583 τὴν
1154 1510 1445 1582 τυραννίδα
1468 1509 1569 1579 τῆς
1595 1509 1787 1581 ἡδονῆς
1814 1508 2207 1572 καταλύοντος·
2232 1508 2303 1561 τά

708 1626 767 1682 δὲ
795 1627 1102 1699 γράμματι
1130 1626 1198 1679 τά
1226 1625 1293 1679 σὰ
1317 1627 1417 1695 τὴν
1441 1624 1652 1693 ὐγίειαν
1678 1625 1810 1695 ἡμῖν
1834 1623 2302 1695 εὐαγγελιζόμενα

706 1748 809 1816 τὴν
839 1744 962 1816 σὴν,
990 1741 1248 1796 τοσοῦτον
1276 1741 1470 1811 ἀπέχει
1504 1738 1666 1793 τοῦτο
1696 1737 1909 1802 παθεῖν,
1937 1739 2017 1791 δτι
2050 1737 2144 1792 καὶ
2175 1737 2298 1790 ἐπι-

704 1857 872 1912 τείνει
908 1855 1029 1910 τότε
1064 1854 1304 1927 μάλιστα
1330 1855 1466 1925 ἡμῖν
1491 1853 1593 1925 τὴν
1621 1852 1985 1924 εὐφροσύνην,
2015 1851 2145 1906 ὅταν
2176 1867 2300 1905 συν-

705 1971 996 2045 εχέστερον
1025 1971 1327 2043 πέμπηται.
1359 1971 1433 2024 Σύ
1460 1969 1560 2042 μέν
1582 1966 1678 2024 οὖν
1708 1969 1808 2042 τὴν
1826 1968 2116 2042 ἐπιστολὴν
2139 1986 2296 2042 περι-

705 2086 923 2152 επτύξω
948 2085 1046 2158 τὴν
1076 2085 1218 2156 ἐμήν
1241 2101 1258 2116 ·
1289 2083 1401 2153 ἐγὼ
1432 2084 1490 2139 δέ
1522 2084 1687 2140 αὐτόν
1722 2101 1782 2138 σε
1815 2085 1910 2139 τὸν
1948 2085 2164 2156 πατέρα
2195 2085 2295 2155 τῆς

703 2197 994 2270 ἐπιστολῆς
1020 2199 1114 2254 καὶ
1139 2196 1614 2269 περιεπτυξάμην,
1646 2197 1742 2252 καὶ
1773 2214 1838 2251 πε
1849 2196 2098 2267 ριέϐἀλον
2125 2197 2293 2267 ἄμφω

702 2313 781 2366 τὼ
833 2315 1020 2385 χεῖρε,
1069 2311 1273 2385 καὶτῷ
1333 2311 1594 2384 τραχήλῳ
1647 2310 1999 2384 περιχυθεὶς,
2045 2311 2141 2366 καὶ
2188 2311 2290 2383 τὴν

701 2429 864 2501 φίλην
893 2429 1018 2499 ἐμοὶ
1065 2428 1300 2498 φιλήσας
1333 2427 1600 2499 κεφαλὴν,
1635 2425 1836 2500 πολλὴν
1875 2428 2291 2499 ἐκαρπωσάμην

698 2539 797 2612 τὴν
833 2539 1206 2612 παραμυθίαν.
1237 2537 1372 2592 Οὐδὲ
1404 2538 1515 2609 γὰρ
1567 2537 1860 2607 ἐπιστολὴν
1904 2536 2157 2610 ἐνόμιζον
2193 2537 2289 2610 σὴν

697 2655 914 2710 ἐπιέναι
950 2653 1130 2726 μόνον,
1167 2651 1304 2706 άλλά
1354 2654 1449 2707 καὶ
1495 2653 1659 2708 αὐτὸν
1709 2656 1967 2720 παρεῖναι
2007 2654 2143 2724 ἡμῖν
2194 2653 2289 2706 καὶ

699 2767 1070 2838 συγγίνεσθαι.
1103 2765 1373 2820 Τοσοῦτον
1421 2764 1614 2836 ῐσχυσε
1653 2765 1752 2834 τῆς
1783 2763 2077 2834 ἐπιστολῆς
2121 2765 2156 2834 ῆ
2192 2762 2287 2816 δύ·-

694 2901 881 2956 ναμις.
910 2881 1167 2938 Τοιοῦτον
1203 2881 1315 2954 γὰρ
1348 2881 1449 2952 τῆς
1473 2880 1706 2952 γνησίας
1735 2879 1959 2950 ἀγάπης
2003 2881 2038 2951 ἡ
2080 2879 2243 2948 φύσις
2271 2895 2284 2908 ⁶

693 3000 800 3052 κᾶν
831 2997 919 3052 διὰ
945 2998 1292 3069 γραμμάτων
1315 2995 1487 3065 αὐτῆς
1524 2995 1738 3066 προχέη
1761 3007 1786 3036 ι
1821 2993 1892 3049 τά
1923 2995 2161 3066 νάματα,
2195 2996 2290 3048 αὐο

690 3112 792 3184 τὴν
823 3112 925 3180 τὴν
960 3112 1143 3184 πηγὴν
1169 3109 1280 3163 τῶν
1310 3111 1659 3180 γραμμάτων
1691 3107 2064 3178 φαντάζεσθαι
2105 3125 2288 3180 παρα-

694 3226 984 3291 σκευάζει·
1039 3226 1069 3280 δ
1111 3225 1176 3298 δὴ
1240 3227 1333 3279 καὶ
1366 3227 1527 3298 ἡμεῖς
1575 3223 1948 3296 πεπόνθαμεν.
2006 3224 2118 3278 Καὶ
2159 3223 2283 3278 οὐτε

691 3345 886 3415 χρόνου
928 3341 1080 3416 [626]
1125 3342 1366 3413 πλῆθος,
1401 3340 1526 3395 οὐτε
1563 3340 1686 3396 ὁδοῦ
1719 3343 1894 3413 μῆκος
1916 3381 1933 3406 ,
1982 3339 2108 3394 οὐτε
2143 3357 2285 3410 πρα-

689 3459 917 3530 γμάτων
972 3457 1332 3530 περίστασις,
1384 3455 1509 3511 οὐτε
1557 3457 1688 3513 άλλο
1738 3458 1893 3512 οὐδὲν
1935 3457 2073 3529 πρὸς
2124 3457 2284 3512 τοῦτο

689 3574 918 3647 κώλυμα
951 3575 1180 3645 γέγονεν
1207 3576 1363 3646 ἡμῖν.
1396 3572 1563 3626 Ταῦτ’
1591 3569 1687 3628 οὖν
1710 3572 1884 3639 εἰδὼς,
1910 3572 2150 3627 δέσποτά
2179 3591 2280 3644 μου

689 3688 1148 3761 θαυμασιώτατε,
1191 3687 1530 3743 ἐπιστέλλειν
1575 3689 1709 3759 ἡμῖν
1746 3685 1986 3758 συνεχῶς
2024 3686 2101 3758 μὴ
2147 3703 2282 3740 κατ⁸

686 3805 855 3870 όκνει,
888 3805 1020 3878 περὶ
1049 3805 1149 3876 τῆς
1185 3805 1375 3874 ὐγείας
1406 3821 1524 3869 σου,
1557 3803 1652 3858 καὶ
1694 3801 1790 3856 τοῦ
1823 3801 1976 3857 οίκου
2011 3819 2106 3855 σου
2136 3818 2278 3855 παν-

684 3921 800 3985 τὸς,
836 3920 932 3973 καὶ
960 3921 1062 3991 τῆς
1089 3919 1352 3990 εὐθυμίας
1389 3919 1590 3992 δηλῶν.
1626 3913 1796 3972 Οἶσθα
1828 3917 1939 3989 γὰρ
1967 3918 2118 3981 ὅπως
2144 3919 2279 3988 ἡμῖν

686 4033 1158 4107 περισπούδαστον
1182 4033 1500 4106 μανθάνειν.

1104 4217 1240 4274 ΝΘ’.
1273 4217 1539 4286 Θεοδότῳ
1570 4217 1843 4288 διακόνῳ.

753 4352 979 4424 Ταχέως
1009 4351 1170 4424 ἡμῶν
1195 4349 1488 4416 ἐπελάθου,
1518 4349 1599 4422 τῷ
1622 4350 1891 4422 χωρισμῷ
1931 4367 2028 4406 σου
2065 4351 2272 4424 σφόδρα

681 4466 912 4539 λυπηρῷ
941 4469 1074 4538 ἡμῖν
1101 4465 1460 4538 γεγενημένῳ
1487 4466 1582 4520 καὶ
1609 4467 1708 4536 τὴν
1730 4466 1840 4520 ἀπὸ
1859 4466 1958 4537 τῆς
1981 4466 2145 4538 σιγῆς
2175 4467 2274 4538 τῆς

685 4582 901 4651 μακρᾶς
929 4579 1189 4650 προσθεὶς
1219 4577 1480 4648 ἀθυμίαν.
1504 4575 1609 4631 Καὶ
1624 4577 1745 4631 οὐδέ
1772 4579 1850 4641 είς
1872 4578 2069 4649 χρόνου
2092 4595 2275 4632 στενο-

681 4694 888 4766 χωρίαν
909 4693 1054 4764 ἔχεις
1086 4693 1426 4761 καταφυγεῖν
1443 4707 1454 4721 ·
1484 4689 1668 4744 ίκανὸν
1697 4691 1805 4762 γάρ
1831 4691 1942 4744 τῶν
1963 4690 2188 4764 ⁴ἡμερῶν
2211 4693 2273 4746 τὺ

679 4808 884 4880 πλῆθος
935 4806 1136 4878 πολλὴν
1185 4806 1452 4878 ὁδοιπόρῳ
1486 4809 1791 4880 παρασχεῖν
1848 4807 2101 4861 εὐκολίαν
2134 4807 2272 4879 πρὸς

679 4923 956 4979 ἐπάνοδον.
1010 4923 1151 4976 Ἀλλ’
1188 4921 1309 4976 οὐδέ
1363 4922 1431 4976 τά
1491 4922 1771 4995 Ἰσαυρικά
1826 4923 2269 4995 προϐαλλομένου

675 5037 1044 5110 ἀνασχοίμεθα
1069 5037 1157 5102 ἂν,
1190 5037 1377 5108 ἐπειδὴ
1411 5037 1615 5111 σφόδρα
1637 5055 1697 5091 σε
1725 5037 2008 5110 φιλοῦμεν.
2033 5041 2142 5094 Καὶ
2158 5040 2269 5113 γάρ

677 5152 864 5208 πολλοὶ
885 5153 934 5204 οί
957 5151 1167 5206 ἐκεῖθεν
1191 5151 1220 5191 δ
1250 5150 1392 5221 μετά
1430 5151 1528 5222 τὴν
1563 5152 1664 5222 σὴν
1689 5152 2003 5224 ἀποδημίαν
2031 5154 2266 5208 ἐνταῦθα

677 5263 1133 5331 παραγενόμενοι.
1178 5259 1245 5312 Τί
1295 5255 1390 5314 οὖν
1441 5263 1558 5314 ἐστι
1601 5261 1703 5331 τῆς
1755 5264 1914 5333 σιγῆς
1961 5263 2023 5318 τὸ
2055 5266 2264 5333 αίτιον;

679 5375 874 5436 Ὀκνος
900 5373 995 5426 καὶ
1027 5371 1292 5444 ῥᾳθυμία.
1338 5373 1477 5428 Ἀλλ’
1505 5376 1652 5445 ὅμως
1684 5376 1919 5448 ἀφίεμέν
1942 5395 2002 5432 σε
2023 5380 2132 5432 τῶν
2173 5381 2265 5433 ἐπὶ

673 5488 739 5556 τῇ
773 5485 1013 5558 προτέρᾳ
1051 5486 1314 5558 ὀλιγωρίᾳ
1365 5489 1750 5560 ἐγκλημάτων,
1781 5490 1849 5544 ἂν
1891 5490 2160 5564 βουληθῇς
2188 5495 2266 5555 εἰς

671 5599 735 5652 τὸ
755 5598 907 5652 ἐπιὸν
926 5601 994 5671 τῇ
1032 5599 1329 5671 πυκνότητι
1359 5600 1468 5655 τῶν
1499 5604 1845 5675 γραμμάτων
1877 5607 2171 5679 διορθῶσαι
2204 5608 2264 5662 τὸ

733 5822 760 5895 ξ
789 5823 974 5895 ρι’ῃιξβε
995 5837 1116 5895 ωδε.
1137 5827 1337 5895 προχέῃ.
1361 5825 1491 5895 Egit.
1517 5830 1793 5895 προχέηται.

731 5879 768 5928 1³
787 5882 982 5938 Coislin.
1008 5879 1485 5940 πολλοὶόΓέῦτεῦθεν.

3891 435 3995 491 642

2420 521 2718 591 παροφθέν.
2768 522 2938 581 Οἶσθα
2983 531 3090 604 γὰρ
3140 535 3288 599 ὅπως
3344 539 3474 608 ἡμῖν
3512 548 3698 616 χαριῇ.
3757 552 3992 624 συνεχῶς

2418 633 2550 704 ἡμῖν
2573 637 2908 694 ἐπιστέλλων
2939 643 3007 697 τά
3042 648 3168 718 περὶ
3205 649 3304 721 τῆς
3332 653 3519 720 ὑγείας
3564 658 3664 728 τῆς
3703 661 3822 733 σῆς.

2723 775 2802 828 Ξ.
2834 773 3124 851 Χαλκιδίᾳ
3156 787 3252 839 καί
3293 788 3682 862 Ἀσυγ-κριτίᾳ.

2485 901 2615 962 Οἶδα
2644 910 2724 963 ὅτι
2760 914 2966 986 σφόδρα
3013 917 3157 989 ὑμᾶς
3210 921 3490 995 διετάραξε
3532 927 3640 981 τῶν
3680 931 3994 1004 ἐπαλλήλων

2415 1023 2738 1093 πειρασμῶν
2772 1027 2805 1096 ἡ
2840 1029 3109 1100 συνέχεια,
3139 1031 3248 1085 τῶν
3286 1036 3684 1108 ἐπενεχθέντων
3714 1041 3790 1113 τῷ
3818 1045 3994 1117 κυρίῳ

2416 1152 2519 1204 μου
2559 1136 2636 1208 τῷ
2667 1143 2982 1215 τιμιωτάτῳ
3034 1148 3127 1200 καὶ
3181 1149 3559 1221 εὐλαϐεστάτῳ
3613 1155 3989 1228 πρεσϐυτέρῳ.

2427 1248 2585 1304 Ἀλλά
2615 1254 2779 1325 μηδὲν
2809 1257 2953 1327 ὑμᾶς
3001 1258 3160 1314 τοῦτο
3209 1261 3524 1335 θορυϐείτω.
3563 1267 3621 1320 ὐ
3653 1269 3763 1340 γὰρ
3781 1269 3868 1324 διά
3896 1271 3989 1326 τὸν

2411 1360 2544 1415 Θεὸν
2601 1365 2774 1421 ταῦτα
2829 1371 3071 1441 πάσχων,
3126 1375 3348 1447 ὁσῳπερ
3399 1378 3467 1432 ἄν
3513 1397 3567 1434 τι
3605 1380 3987 1457 χαλεπώτερον

2412 1476 2558 1548 πάθῃ
2583 1489 2629 1544 ε,
2665 1481 2924 1551 μειζόνων
2950 1487 3212 1544 ἀπολαύει
3235 1494 3536 1562 στεφάνων.
3573 1485 3785 1571 Ἰκανὴν
3809 1502 3992 1556 τοίνυν

2409 1588 2630 1660 ἔχουσαι
2679 1594 2883 1667 ταύτην
2928 1599 3026 1670 τὴν
3065 1603 3430 1676 παράκλησιν,
3483 1608 3678 1681 φέρετε
3723 1614 3991 1680 γενναίως

2409 1704 2502 1755 καὶ
2554 1707 2888 1778 εὐχαρίστως
2923 1710 2991 1764 τὰ
3050 1717 3468 1786 συμπίπτοντα,
3518 1722 3836 1788 δοξάζουσαι
3899 1725 3992 1780 τὸν

2406 1817 2542 1872 Θεὸν
2589 1822 2676 1891 ἐφ’
2707 1825 2877 1880 ἅπασι
2909 1831 3022 1893 τοῖς
3053 1831 3467 1903 συμϐαίνουσιν.
3528 1836 3686 1891 Οὐτω
3740 1839 3853 1912 γάρ
3892 1843 3991 1896 καὶ

2406 1934 2566 2005 ὑμεῖς
2609 1943 2860 1995 κοινωνοὶ
2904 1946 3205 2018 γενήσεσθε
3255 1948 3365 2004 τῶν
3409 1951 3792 2023 ἀποκειμένων
3836 1955 3990 2027 αὐτῷ

2407 2049 2616 2119 μισθῶν
2648 2056 2742 2108 καὶ
2769 2056 3070 2126 στεφάνων,
3107 2061 3248 2132 ὐπέρ
3281 2055 3355 2119 ῶν
3376 2067 3639 2134 γενναίως
3661 2069 3755 2122 καὶ
3792 2071 3989 2140 πράως

2402 2166 2672 2236 ἠνέγκατε
2705 2169 2775 2224 τά
2809 2173 3116 2243 συμϐάντα.
3151 2176 3294 2232 Ἴστε
3327 2179 3436 2250 γάρ
3463 2182 3546 2236 ὃτι
3576 2180 3696 2248 ὁδὸς
3728 2185 3756 2238 δ
3791 2185 3991 2257 παρὼν

2403 2280 2538 2350 βίος,
2569 2285 2662 2337 καὶ
2677 2286 2744 2339 τά
2772 2287 2988 2358 χρηστά
3009 2289 3177 2345 αὐτοῦ
3210 2293 3304 2346 καὶ
3327 2295 3399 2348 τά
3423 2294 3643 2368 λυπηρὰ
3687 2298 3988 2368 παροδεύε-

2399 2414 2512 2463 ται,
2558 2400 2655 2452 καί⁵
2677 2401 2760 2455 δτι
2784 2401 2874 2455 διὰ
2897 2403 3112 2459 πολλῶν
3143 2405 3379 2476 θλίψεων
3423 2409 3506 2463 δεῖ
3532 2412 3698 2482 ἡμᾶς·
3716 2411 3983 2469 εἰσελθεῖν

2398 2513 2481 2576 εἰς
2509 2513 2608 2585 τὴν
2656 2513 2934 2583 βασιλείαν
2976 2519 3073 2574 τοῦ
3113 2520 3277 2574 Θεοῦ·
3303 2525 3401 2576 καὶ
3435 2525 3518 2578 δτι
3548 2527 3706 2598 στενὴ
3764 2528 3862 2582 καί
3893 2546 3985 2582 τε·

2397 2623 2670 2700 θλιμμένη
2712 2631 2742 2700 η
2775 2630 2918 2695 ὁδὸς,
2957 2633 2990 2702 ἡ
3024 2633 3316 2703 ἀπάγουσα
3336 2638 3417 2701 είς
3444 2638 3546 2707 τὴν
3579 2639 3746 2710 ζωήν.
3791 2642 3985 2714 Παρα-

2397 2739 2681 2811 κληθεῐσαι
2711 2740 2804 2798 οὖν
2835 2745 3040 2801 καὶδιά
3067 2747 3292 2815 τούτων,
3323 2753 3419 2806 καὶ
3441 2753 3529 2808 διά
3543 2756 3642 2825 τῆς
3673 2757 3982 2828 παρουσίας

2395 2856 2582 2922 αὐτοῦ,
2615 2858 2761 2912 ἁπαν
2782 2859 3021 2932 ἀθυμίας
3044 2863 3434 2920 διασκεδάσατε
3453 2868 3636 2937 νέφος,
3659 2871 3975 2942 χαίρουσαι,

2396 2968 2822 3044 εὐφραινόμεναι
2875 2976 2970 3030 ἐπὶ
3014 2979 3128 3042 τοῖς
3151 2977 3344 3034 τούτου
3372 2979 3680 3053 παθήμασι.
3727 2984 3836 3038 Καὶ
3866 2986 3980 3058 γάρ

2393 3085 2600 3154 άφατος
2632 3087 2782 3160 αὐτῷ
2812 3089 3062 3144 ἐντεῦθεν
3113 3092 3358 3148 κείσεται
3397 3097 3426 3150 δ
3456 3097 3664 3168 καρπὸς
3714 3098 3810 3153 καὶ
3833 3099 3978 3174 ἀκή-

2397 3215 2579 3269 ρατος.

2538 3353 2686 3426 [627]
2727 3356 2854 3411 EA’.
2898 3358 3162 3426 Θεοδότῳ
3197 3361 3318 3416 ἀπὸ
3353 3365 3830 3434 κονσουλαρίων.

2463 3491 2636 3546 Τοῦτο
2675 3494 2880 3566 πατὴρ,
2909 3495 2972 3548 τὸ
3017 3495 3092 3567 μὴ
3134 3497 3296 3568 μόνον
3336 3499 3412 3571 μὴ
3447 3499 3826 3573 δυσχεραίνειν
3875 3502 3977 3558 τοῦ

2391 3605 2582 3668 παιδὸς
2610 3606 2708 3677 τὴν
2743 3607 2916 3679 ἀληθῆ
2965 3610 3287 3681 φιλοσοφίαν
3338 3613 3790 3685 φιλοσοφοῦντος,
3833 3617 3977 3674 ἀλλά

2391 3722 2484 3774 καὶ
2517 3721 2860 3793 συνήδεσθαι,
2898 3723 2994 3778 καὶ
3042 3725 3219 3779 πάντα
3249 3729 3423 3782 ποιεῖν
3443 3766 3460 3793 ,
3490 3727 3640 3792 ὅπως
3668 3730 3751 3793 είς
3801 3729 3976 3802 ἄκρον

2387 3837 2561 3908 αὐτῆς
2607 3838 2892 3908 ἀφίκοιτο·
2933 3840 3031 3894 καὶ
3064 3840 3201 3912 μηδέ
3236 3841 3318 3913 τῷ
3353 3842 3641 3916 πόρρωθεν
3691 3839 3835 3899 εἶναι
3876 3847 3975 3902 καὶ

2388 3951 2666 4024 πατρίδος,
2699 3954 2795 4006 καὶ
2816 3955 3018 4021 οίκίας,
3041 3955 3270 4011 καὶτῶν
3302 3956 3413 4013 σῶν
3447 3956 3770 4030 ὀφθαλμῶν,
3797 3959 3974 4033 βαρύ-

2386 4065 2571 4120 νεσθαι
2597 4106 2612 4131 ,
2657 4066 2795 4122 ἀλλά
2827 4067 2922 4123 νῦν
2975 4069 3180 4141 μᾶλλον
3231 4069 3396 4125 αὐτὸν
3445 4069 3701 4145 ἡγεῖσθαι
3739 4071 3975 4145 πλησίον

2384 4183 2550 4254 ἔχειν,
2585 4185 2674 4238 ὅτε
2703 4183 2853 4255 αὐτῷ
2882 4184 2951 4238 τά
2980 4184 3082 4256 τῆς
3107 4186 3313 4259 ἀρετῆς
3333 4187 3630 4242 ἐπιδίδωσι.
3661 4185 3764 4243 Διά
3791 4189 3976 4246 ταῦτά

2385 4311 2468 4349 σοι
2501 4297 2594 4351 καὶ
2620 4299 2783 4369 ἡμεῖς
2816 4298 3018 4364 πολλάς
3038 4299 3271 4372 χάριτας
3297 4300 3477 4372 ῖσμεν,
3511 4303 3608 4356 καὶ
3621 4303 3973 4376 τεθαυμάκα-

2386 4426 2486 4478 μεν
2511 4408 2630 4473 πῶς
2658 4408 2901 4464 τοιοῦτον
2926 4413 3059 4483 ἡμῖν
3076 4411 3251 4484 δῶρον
3276 4413 3544 4480 δεδωκὼς,
3569 4415 3662 4468 τὸν
3686 4415 3824 4482 υίδν,
3855 4418 3972 4473 ἐνό-

2384 4540 2551 4594 μισας
2586 4523 2697 4578 δεῖν
2735 4541 2817 4579 σοι
2846 4526 2944 4580 καὶ
2973 4525 3164 4594 ξενίων
3200 4529 3282 4594 εἰς
3333 4528 3498 4601 τιμὴν
3521 4529 3818 4602 ἡμετέραν.
3853 4532 3968 4606 Τὴν

2384 4640 2484 4710 μέν
2514 4636 2609 4695 οῦν
2630 4641 2797 4714 τιμὴν
2825 4643 2926 4715 τὴν
2955 4644 3019 4697 ἐκ
3054 4642 3166 4698 τῶν
3187 4644 3548 4717 πεμφθέντων
3591 4645 3963 4719 ἐδρεψάμεθα,

2379 4756 2521 4812 αὐτά
2540 4757 2597 4812 δὲ
2621 4759 3172 4830 ἀνταπεστάλκαμεν,
3199 4761 3300 4832 οὐχ
3330 4759 3708 4832 ὑπερορῶντές
3741 4778 3836 4816 σου
3864 4763 3967 4834 τῆς

2378 4873 2660 4942 εὐγενείας
2693 4873 2850 4944 (πῶς
2902 4875 3012 4947 γὰρ
3045 4875 3144 4929 τοῦ
3167 4875 3313 4931 οὕτω
3339 4875 3584 4948 σφοδρῶς
3611 4875 3769 4948 ήμῶν
3794 4875 3967 4948 ἐρῶν-

2377 5007 2468 5053 τος
2484 5007 2499 5053 ;
2517 4990 2557 5057 ),
2586 4990 2701 5044 ἀλλ’
2724 4991 3018 5062 ἡγούμενοι
3033 4991 3288 5064 περιττὸν
3311 4988 3451 5046 εἶναι
3473 4990 3680 5045 τούτων
3705 4990 3804 5062 τὴν
3824 4990 3960 5046 ἀπόο

2377 5119 2569 5159 Λαυσιν
2611 5105 2828 5160 διώκειν
2851 5150 2865 5172 ,
2891 5099 2966 5161 ὧν
2988 5107 3047 5159 ἐν
3075 5106 3235 5178 χρείᾳ
3261 5107 3323 5161 οὐ
3360 5106 3795 5180 καθεστήκαμεν.
3854 5105 3962 5161 Τὸν

2380 5219 2564 5289 μέντοι
2597 5219 2760 5272 καλὸν
2799 5220 3060 5275 Θεόδοτον
3093 5220 3184 5273 τὸν
3228 5219 3589 5293 ἀναγνώστην
3625 5217 3964 5292 ἐϐουλόμεθα

2378 5334 2478 5404 μὲν
2516 5335 2648 5406 παρ’
2680 5335 2896 5399 ἑαυτοῖς
2939 5335 3192 5406 κατέχειν
3234 5335 3329 5389 καὶ
3364 5335 3643 5398 πλάττειν,
3667 5332 3856 5404 ἐπειδὴ
3902 5334 3961 5388 δὲ

2375 5446 2554 5499 πάντα
2575 5446 2644 5501 τά
2669 5446 2905 5501 ἐνταῦθα
2925 5448 3122 5517 φόνων,
3155 5447 3421 5518 ταραχῆς,
3443 5445 3719 5517 αίμάτων,
3735 5447 3961 5518 ἐμπρη-

2375 5559 2532 5630 σμῶν
2555 5559 2961 5630 ἐμπέπλησται,
2989 5561 3097 5615 τῶν
3141 5559 3400 5630 ἰσαύρων
3424 5560 3602 5614 πάντα
3633 5561 3839 5633 σιδήρῳ
3861 5561 3959 5616 καὶ

2373 5675 2510 5744 πυρὶ
2538 5675 2960 5743 ἀναλισκόντων,
2983 5676 3077 5731 καὶ
3098 5676 3296 5740 τόπους
3334 5677 3399 5730 ἐκ
3425 5677 3606 5731 τόπων
3626 5674 3958 5748 ἀμείϐομεν,

2447 5902 2471 5934 ε
2485 5901 2682 5954 Coislin.
2711 5902 2894 5968 πάσχῃ.
