4172 6490
277 425 373 482 6H

270 558 408 602 mus,
440 545 688 611 quoniam
726 544 795 600 de
825 554 912 599 tua
960 545 1219 614 totiusque
1260 544 1446 600 domus
1493 556 1593 600 tute
1635 548 1835 603 valetu-

269 635 398 696 dine
437 638 650 693 assidue
701 638 897 707 aliquid
955 636 1138 691 audire
1187 638 1525 693 vehementer
1567 638 1838 694 desidera-

272 745 411 785 mus.

267 860 487 916 LVIII.
519 862 800 916 Theodosio
839 878 901 916 ex
926 861 1130 916 ducibus
1172 862 1272 935 (a).
1316 863 1418 934 (Ab
1444 880 1582 921 anno
1624 867 1726 922 404
1770 867 1835 923 ad

975 954 1122 1026 407.)

335 1090 501 1146 Multo
537 1093 694 1147 melle
721 1091 898 1147 literas
933 1100 1052 1148 tuas
1095 1093 1359 1155 condiisti,
1385 1096 1500 1160 vel,
1541 1107 1601 1152 ut
1642 1099 1836 1154 rectius

261 1186 470 1251 loquar,
520 1185 678 1240 melle
703 1184 964 1240 dulciores
992 1199 1082 1240 eas
1121 1185 1360 1240 effecisti.
1407 1187 1503 1243 Mel
1530 1190 1724 1261 quippe
1744 1191 1830 1259 iis,

255 1275 352 1344 qui
384 1275 548 1343 ipsius
572 1274 850 1330 dulcedine
874 1275 1085 1332 assidue
1127 1275 1391 1343 fruuntur,
1422 1294 1524 1334 non
1546 1281 1653 1349 jam
1685 1298 1834 1352 teque

255 1369 418 1425 dulce
441 1385 560 1425 esse
585 1369 808 1435 videtur,
843 1372 1119 1427 saturitate
1148 1372 1393 1428 nimirum
1421 1375 1704 1444 voltiptatis
1728 1377 1831 1430 vim

257 1462 596 1530 opprimente
625 1478 640 1516 :
669 1472 725 1517 at
752 1461 920 1518 literae
948 1473 1052 1519 tuas
1089 1462 1267 1518 laetum
1299 1465 1448 1520 nobis
1475 1464 1544 1520 de
1586 1476 1672 1520 tua
1711 1481 1832 1535 pro-

257 1570 417 1625 spera
464 1554 764 1610 valetudine
808 1555 1050 1610 nuntium
1091 1555 1388 1623 aﬂ'erentes,
1435 1567 1636 1612 tantum
1673 1559 1740 1612 ab
1766 1573 1833 1613 eo

254 1646 471 1708 absunt,
503 1655 560 1699 ut
589 1644 691 1700 hoc
733 1644 988 1710 emciant,
1017 1653 1076 1700 ut
1113 1655 1223 1701 tum
1250 1647 1565 1715 praeteritam
1593 1648 1832 1717 volupta-

255 1745 366 1787 tem
410 1735 562 1789 nobis
598 1744 859 1806 augeant,
899 1749 1019 1791 cum
1063 1735 1386 1808 frequentius
1416 1738 1711 1792 mittuntur.
1756 1742 1832 1792 Ac

256 1836 314 1878 tu
343 1826 554 1896 quidem
581 1827 855 1898 epistolam
887 1842 1060 1883 meam
1089 1830 1420 1885 exosculatus
1447 1845 1505 1885 es
1538 1848 1551 1885 :
1581 1846 1680 1902 ego
1707 1847 1833 1886 vero

255 1925 313 1970 te
354 1919 521 1986 ipsqu
568 1918 805 1989 epistola:
834 1927 1036 1988 patrem
1077 1929 1296 1989 utraque
1325 1936 1482 1975 manu
1525 1921 1831 1992 complexus

251 2024 397 2074 sum,
428 2009 668 2081 colloque
701 2019 792 2065 tuo
820 2011 1186 2077 circumfusus,
1215 2027 1500 2082 carumque
1517 2012 1642 2067 mihi
1671 2023 1831 2081 caput

252 2102 627 2169 exosculatus,
683 2105 951 2174 ingentem
1002 2105 1418 2160 consolationem
1468 2107 1700 2176 percepi.
1744 2106 1832 2162 Sic

249 2194 397 2247 enim
423 2193 645 2250 all'cctus
673 2210 840 2259 eram,
867 2205 924 2250 ut
951 2211 1056 2250 non
1085 2195 1362 2264 epistolam
1388 2197 1660 2252 dumtaxat
1687 2206 1827 2252 tuam

252 2287 430 2356 legere
457 2286 765 2354 arbitrarer,
793 2287 884 2342 sed
909 2289 1066 2341 etiam
1094 2297 1144 2342 te
1177 2288 1349 2356 ipsum
1377 2289 1585 2355 adesse,
1621 2305 1686 2346 ac
1722 2287 1825 2346 nd-

252 2375 461 2430 liiscum
509 2377 730 2433 versari.
777 2377 942 2433 Tanta
988 2377 1224 2448 epistolae
1265 2379 1346 2434 vis
1397 2381 1510 2434 fuit.
1559 2381 1829 2451 Ejsmodi

250 2469 450 2539 quippe
475 2469 701 2525 sincera:
726 2470 962 2525 caritatis
990 2479 1175 2525 natura
1204 2481 1305 2536 est,
1333 2479 1389 2525 ut
1417 2471 1622 2526 etiamsi
1649 2473 1830 2529 latices

249 2573 381 2613 suos
407 2575 502 2628 per
529 2559 710 2616 literas
756 2559 1058 2629 profundat,
1109 2559 1158 2614 id
1190 2561 1400 2624 efﬁciat,
1430 2572 1487 2616 ut
1516 2564 1627 2631 ipse
1653 2563 1832 2618 litera-

250 2665 375 2704 rum
409 2649 528 2704 fons
551 2651 717 2705 oculis
743 2650 1014 2706 obversari
1037 2650 1277 2706 videatur
1300 2653 1468 2722 :quod
1491 2654 1649 2708 etiam
1677 2655 1831 2709 nobis

253 2753 354 2792 usu
385 2739 549 2793 venit.
579 2741 655 2793 Ac
684 2754 854 2808 neque
896 2741 1150 2810 temporis
1171 2740 1508 2806 diuturnitas,
1539 2758 1708 2813 neque
1737 2744 1826 2798 iti-

252 2831 402 2885 neris
443 2831 719 2901 longitudo
743 2873 760 2898 ,
807 2847 978 2901 neque
1022 2833 1354 2904 negotiorum
1394 2833 1726 2890 difficultates
1764 2849 1824 2890 ac

252 2924 536 2987 molestiae,
567 2938 665 2977 nec
691 2923 917 2994 denique
937 2924 1078 2978 aliud
1114 2923 1419 2995 quidquam,
1448 2941 1552 2996 quo
1574 2927 1745 2981 minus
1776 2927 1826 2980 id

251 3016 408 3070 nobis
456 3015 834 3085 contingeret,
879 3016 1254 3085 impedimento
1309 3033 1428 3072 esse
1475 3004 1662 3087 potuit.
1708 3017 1830 3074 Haec

257 3106 419 3176 igitur
442 3121 563 3160 cum
603 3106 759 3170 scias,
801 3105 1017 3162 domine
1051 3107 1121 3161 mi
1161 3107 1468 3176 cumprimis
1498 3109 1826 3177 admirande,

251 3215 323 3252 ne
349 3207 401 3253 te
428 3213 610 3268 quaso
635 3198 704 3253 de
734 3207 821 3253 tua
860 3199 1123 3268 totiusque
1149 3198 1336 3253 domus
1365 3209 1465 3253 tuae
1503 3200 1824 3265 valetudine,

249 3289 522 3361 animique
562 3291 824 3346 hilaritate
863 3305 968 3346 nos
1001 3305 1095 3360 per
1131 3290 1310 3346 literas
1354 3291 1612 3347 certiores
1654 3293 1830 3349 facere

249 3383 451 3452 pigeat.
481 3381 589 3437 Nec
611 3383 752 3437 enim
784 3391 835 3438 te
864 3381 1014 3452 lugit,
1039 3391 1248 3453 quantae
1274 3381 1426 3437 nobis
1445 3395 1587 3438 cura:
1617 3381 1686 3438 sit
1715 3383 1830 3439 bare

250 3489 412 3530 seire.

396 3605 544 3664 LIX.
576 3607 831 3663 Theodoto
863 3606 1095 3662 diacono.
1126 3605 1354 3679 (Cucuso
1373 3622 1513 3662 anno
1536 3606 1683 3678 405.)

325 3742 444 3798 Cito
473 3740 638 3796 nostri
668 3740 864 3794 oblitus
887 3755 965 3805 es,
992 3739 1056 3794 ad
1085 3739 1348 3809 ingentem
1370 3753 1484 3793 eam
1507 3737 1822 3801 molestiam,

254 3850 412 3902 quam
437 3848 500 3888 ex
528 3831 767 3901 digressu
809 3841 898 3883 tuo
927 3829 1248 3899 accepimus,
1292 3829 1456 3883 alium
1489 3843 1554 3883 ex
1581 3827 1827 3882 diuturno

256 3936 349 3978 tuo
373 3923 585 3979 silentio
622 3936 904 3976 maerorem
947 3919 1258 3988 adiungens.
1296 3917 1406 3974 Nec
1435 3932 1562 3973 vero
1598 3916 1662 3972 ad
1700 3927 1830 3973 tem-

255 4018 401 4087 poris
426 4016 720 4086 angustiam
764 4014 855 4068 tibi
890 4012 1179 4083 perfugium
1228 4021 1372 4081 patet
1411 4027 1426 4066 :
1463 4026 1584 4066 nam
1619 4011 1826 4067 dierum

254 4107 537 4164 multitudo
584 4107 846 4176 ingentem
897 4102 965 4158 ad
1017 4102 1244 4157 reditum
1291 4100 1592 4156 facilitatem
1637 4101 1828 4156 viatori

255 4200 498 4272 priebere
549 4205 742 4269 potest.
795 4195 932 4264 Quin
978 4210 1046 4250 ne
1090 4193 1348 4249 lsauricos
1395 4192 1606 4264 quidem
1652 4204 1828 4248 metus

253 4289 465 4347 causari
509 4299 561 4342 te
610 4287 887 4358 patiemur,
939 4283 1363 4357 quandoquidem
1411 4293 1460 4338 te
1510 4298 1828 4354 magnopere

254 4395 518 4435 auiamus.
543 4378 685 4433 Multi
717 4377 911 4447 quippe
939 4384 1081 4440 sunt,
1099 4373 1189 4446 qui
1219 4383 1338 4444 post
1355 4373 1647 4429 discessum
1679 4383 1825 4429 tuum

255 4477 406 4531 illinc
431 4475 534 4527 huc
560 4472 819 4528 venerint.
844 4469 1096 4538 Quaenam
1126 4467 1283 4538 igitur
1309 4467 1506 4521 silentii
1531 4481 1687 4521 causa
1711 4467 1828 4522 est?

256 4565 584 4637 Negligentia
610 4563 878 4627 nimirum,
908 4575 971 4615 ac
1008 4559 1238 4629 pigritia.
1285 4557 1390 4613 Sed
1432 4566 1606 4613 tamen
1638 4557 1829 4627 prioris

258 4657 594 4730 negligentiae
619 4655 828 4722 culpam
855 4653 946 4706 tibi
975 4649 1309 4715 remittimus,
1337 4648 1382 4702 si
1409 4648 1566 4703 modo
1591 4649 1828 4704 animum

258 4753 314 4806 in
375 4758 645 4818 posterum
691 4743 962 4799 induxeris
1004 4739 1414 4811 praetermissum
1446 4738 1540 4793 abs
1580 4747 1632 4793 te
1669 4738 1828 4794 ofllcii

256 4853 453 4895 munus
483 4834 845 4905 frequentibus
875 4832 1041 4886 literis
1082 4830 1301 4886 sarcire.
1346 4828 1462 4884 Scis
1495 4830 1638 4886 enim
1664 4844 1831 4899 quan-

255 4946 365 4986 tam
394 4946 422 4984 a
445 4927 599 4984 nobis
622 4927 843 4998 gratiam
871 4926 1095 4979 initurus
1125 4923 1219 4990 sis,
1245 4922 1312 4979 de
1346 4931 1435 4978 tua
1461 4937 1712 4993 prospera
1739 4937 1826 4976 va-

255 5022 505 5080 letudine
521 5021 707 5076 crebro
735 5017 800 5073 ad
826 5032 924 5073 nos
942 5016 1200 5072 scribens.

345 5158 396 5228 ἐξ)
430 5163 482 5228 "1
497 5155 617 5228 ³³3³⁸
640 5148 1573 5228 τοσὲυἷέίὲἓὲἒμέίὲἐὲἓὲμψέἓ
1590 5150 1826 5228 Ἦὲυὲὶ

264 5203 433 5269 milia:
453 5203 565 5266 inici
585 5229 598 5276 ;
623 5203 754 5280 apud
1098 5208 1573 5280 nqcettipumscpc
1589 5203 1738 5280 teges,
1766 5219 1830 5255 ex

255 5289 408 5349 εξειοθν
431 5269 706 5349 extiterit»
731 5287 792 5349 βξ
819 5272 1060 5349 κλείεξτος
1089 5269 1350 5349 ΨΕέ
1371 5269 1830 5349 meaemeae

255 5326 546 5409 Αξέῇιξιῖξξίά
568 5345 635 5409 est
658 5326 740 5398 αἱαὶ
755 5326 920 5409 [υςςαῖ
947 5341 1061 5409 9")"
1482 5326 1834 5409 ΞἪἏΨῘΨῘἸ

258 5356 382 5406 mgy
405 5356 467 5396 ut,
493 5356 544 5389 ια
568 5356 635 5389 εει
658 5356 740 5398 qm
755 5356 909 5398 [uerus
947 5356 1060 5383 uua;
1079 5356 1281 5397 mgypu.
1305 5356 1460 5380 ,ηιιιιω
1482 5356 1768 5392 ιιψηυιυυω
1783 5356 1832 5376 ιιι

258 5356 515 5454 (.‘orJt'am's
539 5413 557 5451 :
581 5408 680 5448 Duo
700 5411 728 5446 a
748 5395 983 5464 gallicano
1007 5393 1387 5464 egi-consulibus,
1414 5399 1466 5464 et
1488 5398 1744 5464 Maecenate
1764 5403 1832 5464 ex

256 5452 467 5528 nucibus
487 5459 764 5522 interempti
785 5467 928 5528 sunt;
954 5464 1010 5528 ‘et
1139 5458 1171 5506 6
1192 5453 1376 5528 codicis

255 5530 340 5583 23.
366 5527 400 5576 t.
427 5527 474 5591 1,
500 5531 629 5573 mter
649 5518 734 5571 eo's
755 5521 838 5583 qui
857 5532 920 5591 ex
935 5518 1140 5591 ducibus
1160 5525 1288 5586 sunt,
1459 5518 1830 5591 [inegipimus‘i‘u

257 5576 683 5658 admonda‘nostra
716 5576 1000 5658 serenitate.
1027 5576 1282 5658 ρζυεονίιιε
1304 5576 1465 5658 ubi;
1481 5580 1833 5658 “2‘12in

259 5662 431 5699 uorum
454 5646 654 5696 militum
694 5641 969 5705 prmfectus,
987 5652 1108 5703 quos
1128 5647 1280 5688 Duces
1301 5642 1486 5688 vocant.
1513 5644 1667 5684 Duces
1689 5641 1834 5683 etiam

256 5716 315 5762 in
335 5708 650 5773 posteriori"?!
695 5710 1042 5773 ιπφεναιοτεεπι
1078 5694 1831 5773 CW‘E'E‘BL'

261 5757 465 5839 ᾰᾱηῖἁὶιί
485 5757 732 5839 auﬁdius,
750 5757 899 5839 ῥυειτη
913 5757 1564 5839 ηυξ-
1571 5762 1832 5839 ΙπφένὲἸὲ

262 5819 941 5885 iJ'n‘Ebdee'm-dabsm;
980 5819 1080 5874 nux
1122 5823 1284 5874 limitis
1315 5819 1606 5884 Tripolitani,
1640 5824 1706 5880 et,
1729 5825 1831 5869 Dux

257 5897 443 5947 Hbctici
467 5893 646 5947 limitis.
667 5888 797 5947 apud
827 5887 1090 5947 rapisrwn.

333 5897 443 5948 ctici
467 5895 646 5955 limitis,
667 5895 797 5954 apud
827 5895 1090 5952 Vopiscum-

1705 434 2076 494 EPISTULA}.

3398 457 3503 517 ως

1978 550 2093 605 LX.
2127 553 2400 612 Chalcidice
2445 571 2489 614 et
2527 562 2839 634 Asyncritt'c.
2871 567 3098 636 (Cucuso
3141 585 3280 627 anno
3315 573 3463 645 λοι.)

2010 645 2123 699 Non
2157 664 2242 703 me
2269 649 2396 719 fugit
2425 655 2639 709 crebras
2663 672 2752 712 eas
2777 662 3113 727 teutationes,
3144 677 3262 734 quae
3286 665 3503 724 domino

1944 751 2060 790 meo
2078 741 2516 797 reverendissimo
2532 755 2584 800 et
2602 748 2996 818 religiosissima
3024 754 3331 825 presbytero
3346 757 3502 812 illam:

1941 839 2082 892 sunt,
2111 845 2350 901 magnam
2381 835 2529 889 vobis
2557 839 3002 906 perturbationem
3024 844 3277 901 attulisse.
3309 846 3500 902 Verum

1940 917 2067 971 nihil
2097 932 2176 975 cst
2203 925 2542 992 quamobrem
2571 928 2671 983 hoc
2708 932 2920 988 nomine
2955 935 3117 990 animi
3156 937 3317 992 vestri
3346 952 3499 994 com-

1940 1019 2266 1066 moveantur.
2295 1014 2424 1069 Nam
2451 1019 2538 1088 qui
2578 1020 2670 1076 Dei
2699 1036 2857 1078 causa
2899 1023 3013 1081 haec
3051 1028 3360 1097 perpetitur,
3392 1044 3500 1099 quo

1940 1101 2179 1169 graviora
2209 1107 2506 1175 pertulerit,
2553 1125 2619 1164 eo
2656 1126 2866 1184 quoque
2906 1116 3132 1184 majores
3166 1132 3389 1173 coronas
3413 1135 3499 1174 re-

1940 1192 2090 1248 feret.
2137 1194 2266 1251 Cum
2298 1199 2452 1267 igitur
2493 1200 2626 1256 hanc
2667 1203 2795 1257 satis
2829 1207 3052 1274 amplam
3084 1209 3497 1264 consolationem

1937 1281 2193 1350 habeatis,
2239 1295 2454 1343 strenuo
2488 1290 2680 1354 animo,
2726 1301 2924 1347 etcum
2960 1297 3240 1364 gratiarum
3269 1298 3494 1362 actione,

1936 1387 1997 1427 ea
2027 1390 2142 1444 qua:
2179 1376 2420 1432 accidunt
2459 1381 2606 1442 ferte,
2640 1380 2731 1436 Dei
2769 1384 2986 1453 gloriam
3014 1385 3082 1438 ob
3112 1401 3293 1442 omnes
3319 1404 3496 1443 rerum

1936 1475 2155 1519 eventus
2177 1467 2539 1534 praedicantes.
2561 1471 2647 1526 Sic
2666 1473 2804 1526 enim
2835 1489 2928 1529 vos
2947 1490 3154 1546 quoque
3180 1476 3232 1532 in
3255 1480 3496 1546 praemio.

1936 1569 2052 1608 rum
2095 1567 2147 1610 et
2183 1572 2532 1626 coronarum,
2568 1578 2686 1632 qua:
2726 1564 2870 1618 illum
2913 1575 3147 1633 manent,
3189 1569 3495 1624 societatem

1935 1647 2155 1700 venietis
2177 1687 2192 1715 ,
2228 1649 2270 1702 si
2300 1663 2360 1704 ea
2389 1666 2506 1720 quae
2531 1653 2832 1708 acciderunt
2861 1654 2979 1709 forti
3007 1667 3061 1711 et
3087 1658 3289 1726 placido
3317 1662 3495 1716 animo

1935 1737 2177 1793 tuleritis.
2217 1738 2374 1794 Scitis
2401 1743 2543 1796 enim
2569 1745 2706 1798 viam
2734 1760 2852 1800 esse
2893 1759 3204 1815 praesentem
3251 1748 3387 1805 hanc
3410 1751 3493 1806 vi-

1938 1839 2063 1894 tam,
2091 1831 2307 1900 ejusque
2333 1840 2438 1886 tam
2469 1848 2555 1888 res
2581 1834 2726 1888 laetas
2751 1850 2812 1890 ac
2834 1836 3114 1904 iucundas,
3136 1854 3291 1908 quam
3310 1854 3496 1910 graves

1936 1929 1990 1973 et
2016 1920 2265 1975 molestas
2288 1925 2562 1992 praeterire
2586 1941 2600 1978 :
2623 1924 2854 1995 illudque
2884 1928 3004 1982 item
3033 1929 3182 1983 nobis
3203 1913 3497 1987 faciendum

1934 2027 2072 2076 esse.
2101 2024 2158 2069 ut
2201 2031 2296 2086 per
2320 2017 2511 2072 multas
2545 2016 2910 2075 tribulationes
2951 2021 3002 2075 in
3041 2021 3133 2076 Dei
3171 2037 3388 2092 regnum
3417 2025 3497 2078 in-

1935 2112 2202 2162 troeamus
2246 2121 2592 2180 :arctamque
2632 2122 2793 2180 atque
2825 2120 3101 2181 angustam
3151 2123 3352 2182 portam
3378 2129 3497 2171 esse

1933 2214 2052 2266 quae
2078 2200 2142 2254 ad
2170 2202 2330 2256 vitam
2361 2202 2522 2257 ducit.
2551 2203 2679 2272 Quae
2705 2220 2824 2258 cum
2855 2205 2925 2259 ita
2950 2207 3074 2269 sint,
3099 2217 3204 2260 tum
3240 2223 3330 2276 per
3358 2209 3489 2275 hac,

1935 2299 2043 2346 tum
2089 2306 2183 2361 per
2218 2293 2381 2362 ipsius
2415 2295 2745 2364 prmsentiam
2791 2295 2979 2350 solatio
3020 2306 3252 2363 accepto,
3303 2299 3495 2354 nubem

1932 2397 2142 2436 omnem
2170 2384 2413 2437 maeroris
2436 2384 2746 2449 discutietis,
2777 2384 2846 2440 ob
2873 2385 3035 2455 ipsius
3061 2385 3384 2443 calamitates
3406 2388 3499 2443 la:-

1934 2475 2100 2528 titiam
2130 2489 2190 2528 ac
2216 2475 2534 2544 voluptatem
2564 2475 2744 2530 animo
2788 2476 3161 2546 concipientes.
3207 2476 3338 2533 Nam
3378 2478 3493 2533 fru-

1932 2574 2047 2619 ctus
2075 2564 2197 2619 hinc
2229 2565 2590 2621 inenarrabilis
2616 2575 2669 2620 et
2696 2566 3048 2636 corruptionis
3072 2581 3263 2638 expers
3287 2568 3386 2639 ipsi
3413 2584 3497 2625 re-

1931 2657 2206 2712 condctur.

2000 2791 2152 2848 LXI.
2182 2791 2432 2847 Theodoto
2459 2808 2522 2848 ea:
2557 2791 2904 2846 consularibus
2929 2791 3027 2863 (a).
3052 2792 3236 2863 (Anno
3262 2791 3421 2862 406.)

1999 2924 2112 2980 Hoc
2139 2933 2222 2980 est
2263 2933 2464 2994 patrem
2489 2938 2627 2988 esse,
2668 2938 2774 2977 non
2801 2922 2960 2977 modo
2988 2919 3113 2977 illud
3139 2937 3242 2976 non
3275 2921 3494 2976 moleste

1933 3015 2088 3078 ferre,
2147 3014 2286 3083 quod
2323 3013 2462 3068 ﬁlius
2490 3027 2669 3068 veram
2707 3013 3015 3081 sapientiam
3059 3012 3379 3081 proﬁteatur,
3405 3027 3497 3068 νε-

1931 3123 2047 3160 rum
2075 3107 2234 3161 etiam
2274 3106 2371 3174 ipsi
2413 3105 2608 3159 idcirco
2629 3104 2900 3172 gratulari,
2930 3102 3162 3173 nihilque
3190 3118 3290 3156 non
3317 3117 3488 3172 agere,

1930 3215 2035 3270 quo
2060 3202 2127 3254 ad
2170 3199 2331 3269 ipsius
2369 3213 2544 3253 arcem
2589 3196 2886 3265 perveniat;
2925 3210 2988 3250 ac
3023 3210 3090 3250 ne
3133 3195 3234 3249 hoc
3259 3195 3490 3264 quidem,

1930 3291 2072 3362 quod
2100 3290 2186 3345 ille
2226 3299 2336 3344 tum
2369 3304 2401 3344 a
2437 3289 2619 3359 patria,
2659 3297 2769 3343 tum
2808 3303 2836 3340 a
2874 3286 3054 3353 domo,
3094 3297 3200 3341 tum
3235 3287 3302 3339 ab
3328 3286 3496 3341 oculis

1932 3385 2034 3439 tuis
2057 3382 2241 3454 procul
2275 3382 2363 3446 sit,
2409 3380 2588 3452 iniquo
2616 3378 2792 3434 animo
2822 3378 2982 3441 ferre,
3010 3394 3190 3433 verum
3229 3391 3366 3431 nunc
3397 3391 3496 3446 po-

1931 3476 2033 3529 tius
2061 3489 2126 3529 eo
2147 3489 2269 3529 esse
2291 3473 2487 3538 animo,
2509 3481 2567 3526 ut
2589 3471 2758 3541 ipsum
2789 3480 2960 3525 tecum
2977 3469 3175 3523 versari
3202 3467 3492 3531 existimes.

1930 3582 2047 3620 cum
2076 3567 2240 3634 ipsius
2268 3566 2433 3620 virtus
2457 3574 2696 3634 augetur.
2728 3561 2808 3617 Ob
2832 3574 3051 3630 eamque
3074 3573 3284 3614 causam
3311 3559 3495 3629 ingen-

1930 3666 2011 3712 tes
2040 3657 2133 3712 tibi
2161 3657 2359 3726 gratias
2390 3656 2642 3711 habemus
2671 3673 2685 3709 :
2720 3663 2878 3724 atque
2910 3651 3150 3707 admirati
3177 3665 3361 3704 sumus
3385 3663 3492 3719 quo

1931 3760 2102 3821 pacto,
2130 3764 2252 3804 cum
2293 3764 2323 3802 a
2355 3758 2404 3803 te
2433 3755 2634 3802 tantum
2670 3760 2860 3800 munus
2883 3786 2898 3810 ,
2929 3743 3030 3798 hoc
3061 3752 3142 3798 est
3185 3743 3370 3805 tilium,
3397 3739 3494 3794 ha-

1931 3843 2219 3907 buerimus,
2258 3847 2312 3894 tu
2344 3850 2517 3895 tamen
2546 3839 2760 3893 duxeris
2784 3837 2881 3892 nos
2923 3836 3042 3890 aliis
3069 3849 3276 3906 quoque
3308 3848 3492 3889 mune-

1932 3932 2079 3987 ribus
2102 3930 2367 3985 ornandos
2386 3944 2525 3984 esse.
2551 3927 2657 3982 Nos
2673 3941 2798 3981 vero
2818 3926 3070 3980 honorem
3091 3923 3299 3994 quidem
3321 3922 3488 3988 illum,

1931 4024 2022 4096 qui
2046 4039 2110 4080 ex
2136 4022 2440 4079 muneribus
2464 4022 2638 4077 missis
2665 4021 2850 4086 oritur,
2871 4018 3249 4088 decerpsimus,
3273 4029 3490 4071 munera

1930 4127 2106 4172 autem
2147 4115 2259 4186 ipsa
2305 4115 2653 4170 remisimus:
2704 4127 2807 4166 non
2854 4109 2991 4180 quod
3037 4119 3089 4164 te
3124 4107 3493 4178 despiciamus,

1935 4207 2048 4280 (qui
2086 4208 2226 4264 enim
2279 4205 2440 4272 istud,
2484 4219 2605 4260 cum
2646 4212 2767 4258 a‘te
2799 4202 2949 4255 valde
2985 4199 3281 4267 amemur)?
3308 4211 3490 4251 verum

1931 4297 2073 4370 quod
2111 4310 2556 4368 supervacaneum
2589 4308 2707 4350 esse
2733 4305 3074 4349 censeremus
3099 4303 3278 4343 earum
3315 4301 3490 4342 rerum

1932 4391 2158 4448 fructum
2182 4387 2499 4452 consectari,
2524 4385 2713 4456 quibus
2752 4383 2971 4438 minime
3007 4380 3316 4450 indigemus.
3355 4375 3492 4433 Sane

1931 4482 2122 4536 bellum
2159 4478 2406 4534 lectorem
2446 4474 2777 4531 Theodotum
2821 4469 2960 4541 apud
3008 4485 3104 4523 nos
3157 4469 3403 4533 retinere,
3429 4481 3492 4522 ac

1931 4572 2128 4642 fingere
2154 4579 2209 4626 et
2236 4569 2449 4624 erudire
2492 4566 2646 4622 nobis
2679 4564 2825 4620 cordi
2868 4571 3007 4626 erat;
3038 4577 3215 4616 verum
3241 4558 3489 4630 quoniam

1931 4663 2106 4717 omnia
2136 4661 2221 4715 bic
2248 4659 2502 4725 caedibus,
2531 4656 2855 4719 tumultibus,
2885 4669 3093 4717 cruore,
3122 4661 3277 4721 atque
3306 4651 3490 4706 incen-

1932 4757 2033 4812 diis
2063 4755 2213 4826 plena
2242 4761 2386 4820 sunt,
2427 4752 2621 4808 lsauris
2658 4748 2903 4804 nimirum
2944 4755 3131 4802 cuncta
3171 4744 3312 4800 ferro
3334 4753 3492 4813 atque

1935 4861 2054 4931 igne
2075 4855 2467 4930 populantibus,
2501 4867 2704 4922 nosque
2748 4849 2902 4905 sedes
2939 4846 3172 4919 quotidie
3208 4854 3489 4910 mutamus,

1994 5012 2067 5074 (α)
2096 5017 2204 5058 ηερ
2225 5007 2771 5074 ερροθξιε,ιιοωιιτςουιρ
2788 4992 3491 5074 ομοεευεεθὲἔέίειξηξξξιξτῌζςῑ

1932 5060 2195 5136 mecm.
2217 5060 2488 5136 οὸρεμιπίε
2511 5065 2643 5129 «qui
2988 5060 3489 5136 meaemeae

1933 5116 2214 5186 FaEJnié}
2226 5116 2509 5191 dicemur
2531 5116 2626 5176 non
2647 5116 2745 5184 iam
2781 5131 2831 5174 ut
2853 5116 3074 5191 tempore;
3094 5116 3368 5191 reipublicae
3403 5123 3486 5191 Ito:

1933 5176 2308 5248 aﬁé'iéibéié
2317 5176 2506 5242 duilium
2528 5176 2778 5250 Ctesdrem,
2803 5183 2885 5246 qui
2906 5176 3124 5250 Consules
3165 5176 3368 5250 fuerant,
3394 5176 3491 5250 sed

1935 5242 2317 5329 asinaria
2335 5242 2846 5329 ,φιαδάαπξητεθεεθανίί
2862 5242 3493 5329 aesar-sime

1935 5297 2891 5375 EBAiEé¥iéaaM"éiioan‘impers
2906 5303 3065 5375 liquet,
3085 5297 3493 5375 unde

2449 5356 2704 5427 ﬁliiﬁlii»:
2714 5356 2966 5435 Ράῃηοῃὶίέ
2975 5356 3278 5435 ωαρἱινᾳιηξ
3284 5356 3493 5435 constiti}-

1936 5416 2908 5500 RHeiiJsTéTfor'iifuiiianimum;
2922 5416 3488 5500 apud"

1936 5483 2269 5558 ἑπιὶὰῖἱᾶἓῐηῖξ
2415 5483 2461 5545 ἒξ
2489 5505 2684 5561 secures
2721 5490 2789 5561 είδ
2812 5497 2856 5540 ει
2876 5483 3029 5558 ius?“
3044 5483 3492 5561 .P’¢@{?99.'3‘.“§.f‘

1939 5543 2155 5628 ῖαὲὅὲνὶἷέ
2170 5543 2461 5628 ἦὸῦἓὲἷὼ
2482 5543 2845 5628 decimata-
2856 5543 3143 5628 ,ἐξιξέἐξῖιὲξηὶ
3154 5543 3493 5628 τῗῖιδὲἐβὲἱξίίξ

1936 5601 2793 5686 FEzi'Ei'ciiiitiiﬂEcihmé;{fiet
2810 5601 3229 5686 neglegamg

1939 5665 2075 5740 23:32
2091 5665 2366 5736 ’δἶᾶἷῇιῖθί
2388 5665 2695 5740 Stabianum;
2708 5670 3120 5740 Eacmtsutaribus,
3148 5665 3229 5740 uel

1940 5695 2075 5740 erant
2117 5688 2366 5736 consulari
2388 5695 2464 5730 ma
2506 5688 2512 5690 ‘
2557 5688 2682 5737 ratu,
2708 5688 3120 5738 ιεεταςοηςαῖιιιαησιιςςι
3158 5688 3228 5717 vet
3251 5688 3491 5729 ωψηοιι-

1940 5751 2067 5800 lares
2091 5747 2256 5798 itidem
2277 5688 2656 5800 συρεααῖῗίιωτ.
2690 5737 2804 5800 Vide
2825 5736 2970 5800 etnon
2989 5730 3318 5800 Cassiodorwtt
3341 5723 3429 5800 ιιρί
3438 5724 3491 5800 β.

1940 5789 2542 5871 2555:7551
2563 5805 2634 5853 Sic
2671 5798 2792 5851 infra
2815 5789 2957 5861 epist.
2985 5794 3071 5844 l39
3092 5792 3144 5842 tit
3176 5789 3354 5840 mentio
3374 5791 3490 5835 coa-

1940 5873 2110 5926 sularis
2127 5872 2285 5937 Syriae.
