4172 6484
686 406 792 462 αδ

688 516 1039 578 necessarium
1062 515 1278 587 proinde
1295 527 1413 570 esse
1430 513 1673 568 duximus
1693 512 1956 568 eum-hinc
1975 512 2235 572 emittere,

683 611 899 669 domino
939 623 1059 665 meo
1098 605 1490 678 religiosissimo
1515 604 1740 660 diacono
1768 603 2040 660 'i‘heodoto
2083 603 2239 658 etiam

683 715 842 775 atque
860 703 1017 758 etiam
1032 698 1363 766 nudantes,
1383 707 1440 752 ut
1463 698 1621 768 ipsius
1639 711 1820 752 curam
1840 696 2049 752 assidue
2071 704 2238 766 gerat.

683 798 739 851 in
767 794 921 866 idque
944 806 1135 862 magno
1172 789 1345 846 studio
1370 803 1432 845 ac
1472 789 1740 860 diligentia
1779 787 2061 844 incumbat.
2090 787 2242 856 Quod

683 889 854 956 ipsum
884 895 941 942 ut
970 885 1108 942 illius
1147 895 1267 940 tuus
1303 894 1673 952 consequatur,
1707 893 1758 936 tu
1787 895 1996 951 quoque
2035 880 2242 935 labores

682 979 838 1034 velim
883 995 896 1032 :
943 987 1102 1049 atque
1136 977 1351 1032 omnino
1395 974 1672 1028 consilium
1719 983 1954 1027 nostrum
1984 970 2238 1036 laudabis,

683 1068 940 1140 nobisque
975 1066 1345 1124 admonitionis
1381 1064 1538 1136 hujus
1565 1064 1776 1120 nomine
1818 1063 2082 1134 ingentem
2116 1076 2240 1132 gra-

683 1160 810 1214 tiam
841 1159 1078 1214 habebis.

683 1291 866 1349 ιιιι.
907 1293 1074 1358 Caua,
1104 1290 1320 1358 Valerio,
1351 1289 1672 1361 Diophanta,
1702 1287 1932 1361 Cyriaco,
1957 1287 2234 1342 Antiochia

1017 1386 1332 1458 presbyteris.
1365 1383 1592 1454 (Cucuso
1615 1399 1756 1442 anno,

754 1520 905 1592 Quod
930 1520 1400 1578 reverendissimus
1425 1534 1486 1573 ac
1511 1517 1934 1590 religiosissimus
1957 1517 2234 1591 presbyter

681 1614 1023 1670 Constantius
1065 1627 1162 1667 nos
1207 1611 1512 1682 reliquerit,
1543 1609 1736 1666 doleo:
1767 1609 1909 1680 quod
1947 1617 2123 1664 autem
2165 1609 2232 1664 ad

685 1721 781 1760 vos
808 1721 867 1762 se
890 1704 1171 1760 contulerit
1189 1746 1202 1768 ,
1232 1704 1410 1769 iretor;
1438 1719 1501 1759 ac
1527 1703 1693 1774 magis
1733 1702 1856 1758 hinc
1887 1701 2056 1766 laetor,
2079 1715 2236 1772 quam

686 1797 830 1852 illinc
856 1797 1030 1852 doleo.
1071 1795 1249 1866 Neque
1292 1796 1431 1850 enim
1480 1795 1608 1850 mihi
1632 1794 1846 1850 dubium
1877 1803 1979 1860 est,
2023 1796 2148 1864 quin
2169 1792 2236 1848 ad

685 1888 1048 1959 tranquillum,
1063 1897 1300 1956 portum,
1333 1887 1434 1942 hoc
1468 1897 1550 1942 est
1577 1886 1643 1941 ad
1681 1896 1909 1942 vestram
1941 1887 2234 1950 caritatem,

682 1980 926 2048 appellat.
967 1977 1096 2033 Nam
1135 1979 1374 2049 quamvis
1417 1979 1655 2033 sexcenti
1700 1977 1955 2032 tumultus
1996 1993 2091 2033 vos
2139 1993 2237 2032 un-

680 2071 839 2139 dique
864 2070 1238 2135 circumstent,
1266 2084 1594 2140 magnosque
1621 2067 1814 2124 iiuctus
1846 2069 2078 2124 excitent
2107 2085 2119 2121 :
2153 2077 2235 2122 ta-

681 2177 802 2218 men
828 2161 1086 2232 ejusmodi
1113 2173 1250 2218 statu
1277 2177 1361 2218 res
1390 2173 1579 2218 vestra:
1607 2171 1762 2227 sunt,
1791 2172 1848 2217 ut
1872 2162 1942 2218 ob
1967 2176 2104 2225 eam,
2123 2158 2236 2231 'qua

681 2253 883 2324 prcditi
912 2256 1075 2320 estis,
1113 2254 1469 2309 fortitudinem
1515 2263 1569 2308 et
1593 2262 1920 2308 constantem
1963 2255 2232 2308 caritatem

679 2345 947 2416 animique
971 2345 1302 2400 aiiectionem
1322 2387 1336 2410 ,
1366 2344 1525 2400 etiam
1557 2347 1610 2398 in
1637 2343 1821 2398 mediis
1847 2343 2089 2414 procellis
2118 2357 2232 2398 ma-

679 2453 782 2508 gna
809 2438 1188 2509 tranquillitate
1228 2437 1493 2493 fruamini.
1522 2437 1870 2505 Quamobrem
1896 2449 2014 2490 cum
2047 2434 2114 2490 ad
2144 2450 2235 2490 ve-

679 2538 845 2584 strum
873 2539 1138 2598 aspectum
1169 2528 1391 2596 venerit,
1425 2529 1541 2598 ipsi,
1569 2538 1626 2582 ut
1653 2543 1744 2596 par
1770 2535 1871 2593 est,
1900 2527 2072 2581 omnia
2101 2541 2229 2596 sup-

677 2621 927 2694 peditate.
949 2622 1104 2677 Scitis
1123 2622 1263 2676 enim
1287 2629 1478 2691 quanta
1506 2635 1598 2675 vos
1625 2621 1746 2675 hinc
1774 2635 1976 2676 merces
1999 2628 2229 2685 maneat,

676 2716 721 2770 si
749 2730 870 2770 eum
902 2715 1076 2785 inique
1099 2724 1344 2771 vexatum
1376 2713 1554 2770 fovere
1578 2715 1853 2771 studeatis.
1885 2715 2065 2786 Neque
2087 2714 2232 2771 enim

677 2806 818 2861 aliud
839 2805 1122 2877 quidquam
1152 2821 1179 2859 a
1211 2805 1360 2861 vobis
1382 2797 1727 2875 postulamus,
1755 2822 1910 2876 quam
1935 2816 1993 2860 ut
2018 2821 2083 2861 ne
2121 2807 2232 2875 ipse

678 2913 773 2967 per
798 2898 1038 2968 injuriam
1067 2907 1307 2962 vexetur,
1339 2909 1642 2967 temereque
1664 2897 1764 2952 huc
1792 2909 1947 2968 atque
1974 2898 2096 2952 illuc
2123 2899 2230 2952 cir-

677 2996 1003 3061 cumagatur,
1025 3003 1088 3043 ae
1111 3003 1203 3059 per
1221 2987 1454 3058 judicum
1483 2989 1756 3044 tribunalia
1782 3005 1899 3044 eam
1927 2990 1996 3043 ob
2021 3003 2231 3044 causam

677 3081 1017 3143 distrahatur,
1063 3089 1220 3150 atque
1257 3081 1534 3143 laceretur,
1581 3079 1651 3134 ob
1685 3095 1842 3150 quam
1883 3095 2002 3134 eum
2036 3093 2231 3134 corona

675 3172 875 3238 ornari,
905 3184 967 3226 ac
1007 3171 1216 3241 publico
1253 3173 1518 3242 pmconlo
1562 3171 1818 3228 celebrari
1859 3185 1955 3241 par
1996 3181 2129 3226 erat.
2156 3173 2233 3226 Ac

678 3280 774 3334 pro
800 3277 866 3320 eo
889 3262 1099 3335 quidem
1129 3262 1244 3318 haec
1273 3263 1630 3335 postulamus;
1660 3274 1756 3333 pro
1781 3262 1934 3317 nobis
1971 3271 2147 3318 autem
2177 3269 2232 3316 ut

676 3368 820 3424 saepe
842 3354 907 3408 ad
933 3367 1028 3408 nos
1072 3353 1336 3418 scribatis,
1363 3367 1425 3408 ac
1467 3351 1535 3407 de
1574 3361 1748 3408 vestra
1789 3352 2086 3411 valetudine
2109 3367 2230 3407 eer-

677 3450 838 3502 tiores
863 3461 962 3502 nos
988 3444 1210 3501 faciatis.
1241 3444 1373 3500 Nam
1401 3446 1499 3500 etsi
1541 3445 1697 3516 longo
1725 3445 1926 3500 itineris
1955 3444 2230 3499 intervallo

672 3555 703 3594 a
729 3539 879 3596 vobis
923 3537 1261 3602 divellimur,
1314 3552 1408 3592 vos
1446 3550 1618 3592 tamen
1661 3537 1839 3592 animo
1891 3535 2231 3592 circumferre

673 3632 890 3687 minime
931 3630 1241 3693 desinimus,
1288 3643 1352 3684 ac
1393 3628 1662 3684 vobiscum
1706 3643 1846 3690 esse,
1892 3627 2231 3697 quotidieque

673 3724 894 3779 versari.
941 3723 1212 3794 Ejusmodi
1250 3723 1393 3778 enim
1425 3723 1661 3778 caritatis
1705 3721 1846 3777 oculi
1881 3731 2004 3777 sunt
2047 3721 2100 3775 in
2140 3721 2229 3785 iis,

672 3816 763 3888 qui
788 3818 992 3871 sincere
1028 3831 1205 3870 amare
1234 3825 1445 3870 norunt.
1488 3814 1647 3885 idque
1688 3815 1785 3884 ipsi
1833 3813 2108 3884 perspicue
2138 3827 2232 3866 no-

673 3909 792 3974 stis,
818 3907 1243 3977 quandoqutdem
1270 3909 1475 3962 sincere
1507 3922 1714 3977 quoque
1739 3920 1919 3960 amare
1947 3905 2133 3958 nostis.

779 4038 995 4095 LXIII.
1035 4039 1398 4110 Tranquillino.
1456 4038 1560 4096 (Ab
1586 4054 1726 4094 anno
1754 4039 1852 4095 604
1881 4039 1945 4093 ad
1974 4037 2126 4108 407.)

740 4173 943 4230 ϐκωη
985 4172 1196 4244 quidem
1243 4172 1417 4226 omnia
1459 4172 1680 4242 tempori
1721 4171 1942 4237 cedunt,
1983 4185 2046 4225 ac
2080 4178 2231 4225 vetu-

673 4275 862 4323 statem
891 4275 944 4322 et
986 4265 1188 4322 senium
1237 4263 1574 4332 contrahunt,
1606 4265 1707 4319 hoc
1735 4274 1817 4320 est
1840 4263 2077 4319 ﬂorentia
2111 4278 2226 4317 cor-

677 4376 822 4430 pora,
851 4361 953 4415 alta
982 4360 1222 4424 :ediflcia,
1252 4371 1419 4428 prata,
1447 4370 1500 4414 et
1527 4359 1684 4423 horti,
1712 4373 1774 4412 ac
1793 4358 2018 4428 denique
2047 4356 2222 4410 omnia

675 4467 794 4521 quas
818 4466 880 4506 ex
916 4460 1054 4506 terra
1083 4453 1324 4505 oriuntur
1352 4468 1364 4505 :
1394 4451 1506 4505 sola
1550 4461 1724 4504 autem
1751 4448 1944 4504 caritas
1988 4447 2056 4500 ab
2084 4447 2226 4518 ejus-

677 4543 818 4598 modi
841 4543 1156 4598 detrimento
1181 4543 1426 4598 immunis
1445 4551 1557 4607 est;
1580 4559 1641 4597 ac
1669 4558 1772 4596 non
1799 4543 1955 4598 modo
1982 4545 2231 4612 temporis

675 4638 1019 4692 diuturnitate
1059 4651 1160 4689 non
1204 4636 1511 4695 marcescit.
1551 4635 1642 4688 sed
1694 4652 1759 4689 ne
1803 4647 1972 4690 morte
2017 4636 2228 4705 quidem

677 4733 787 4800 ipsa
816 4731 1234 4800 interrumpitur.
1275 4729 1456 4799 quue
1495 4729 1706 4782 nomine
1745 4743 1840 4781 nos
1869 4742 2109 4796 quoque,
2155 4737 2232 4781 ta.

679 4825 830 4881 metsi
855 4823 1106 4879 diuturno
1134 4832 1371 4892 tempore
1408 4837 1439 4877 a
1469 4824 1726 4877 suavitate
1755 4830 1842 4876 tua
1872 4819 2195 4876 abfuerimus
2214 4860 2229 4885 ,

677 4920 935 4986 vigentem
976 4925 1148 4970 tamen
1204 4918 1277 4970 tui
1320 4931 1556 4969 amorem
1605 4915 1895 4970 retinemus
1934 4933 1946 4967 :
1992 4929 2055 4969 ac
2095 4929 2234 4969 nunc

677 5009 888 5079 quidem
915 5009 1110 5078 lingua,
1138 5023 1346 5077 semper
1371 5017 1545 5062 autem
1571 5009 1768 5062 animo.
1793 5008 1970 5078 anue
1991 5007 2056 5062 de
2075 5023 2231 5062 causa

679 5117 834 5172 quam
875 5102 1164 5173 saepissime
1188 5101 1251 5154 ad
1294 5101 1540 5170 pietatem
1571 5110 1712 5153 tuam
1746 5099 1926 5154 literas
1967 5098 2230 5154 dedimus.

679 5197 933 5263 Quoniam
975 5204 1174 5259 autem,
1204 5210 1308 5263 quo
1339 5204 1475 5248 statu
1515 5193 1759 5248 valetudo
1787 5203 1871 5247 tua
1908 5194 2002 5256 sit,
2038 5193 2232 5248 intelli-

681 5303 804 5358 gere
835 5287 986 5342 valde
1011 5287 1304 5354 expetimus
1327 5285 1454 5357 (scis
1481 5285 1620 5340 enim
1652 5288 1765 5356 ipse
1792 5300 1948 5354 quam
1981 5295 2030 5340 te
2054 5284 2232 5341 valere

681 5381 992 5450 cupiamus),
1023 5379 1065 5433 si
1094 5379 1204 5433 ﬁeri
1235 5379 1428 5448 possit,
1457 5377 1711 5448 facileque
1749 5379 1974 5448 aliquem
2002 5377 2230 5433 nancisci

682 5485 866 5538 queas,
909 5471 996 5540 qui
1037 5471 1212 5526 literas
1237 5471 1303 5524 ad
1349 5485 1444 5526 nos
1484 5469 1635 5536 ferat,
1663 5471 1821 5526 velim
1867 5480 1942 5533 ut,
1983 5469 2233 5540 quemado

685 5563 893 5618 modum
922 5563 1078 5618 officii
1109 5565 1181 5619 tui
1211 5564 1344 5617 ratio
1372 5565 1635 5634 postulat,
1667 5563 1733 5620 de
1761 5578 1827 5619 eo
1856 5578 1954 5618 nos
1979 5565 2232 5618 certiores

686 5654 864 5710 facias.
895 5653 1025 5710 Nam
1054 5669 1137 5709 res
1166 5665 1373 5709 nostras
1399 5663 1556 5724 atque
1577 5671 1636 5710 ea
1676 5671 1790 5722 quas
1819 5654 1871 5709 in
1901 5656 2149 5710 Armenia
2179 5665 2234 5710 et

685 5743 908 5802 Thracia
931 5755 1184 5819 geruntur
1202 5788 1216 5812 ,
1240 5748 1458 5802 sincera:
1485 5755 1642 5818 atque
1668 5747 1869 5803 ardenti
1895 5747 2099 5804 caritati
2131 5757 2232 5804 tua:

684 5838 918 5893 narrabit
939 5839 985 5896 is
1011 5838 1098 5910 qui
1124 5838 1213 5895 tibi
1241 5837 1333 5896 bas
1365 5839 1543 5894 literas
1569 5838 1766 5897 reddet.

1416 399 1472 457 8.
1497 397 1770 456 JOANNIS
1807 390 2266 455 CiiRYSOS‘i‘ODﬂ
2300 393 2608 452 ARCHIEP.
2647 396 3168 454 CONSTANTINOP.

3813 395 3916 456 dii

2761 514 2884 571 LXI
2903 515 2963 570 γ.
2992 514 3202 588 Cyriaco
3229 517 3479 590 episcopo.

2419 646 2671 703 Dominus
2705 662 2855 704 meus
2897 649 3153 720 Sopater,
3192 650 3458 705 Armenia
3507 648 3727 720 hujusce
3765 666 3903 723 prai-

2347 737 2546 808 fectus,
2576 741 2628 794 in
2668 757 2770 812 qua
2805 757 2944 798 nunc
2984 742 3170 797 inclusi
3201 751 3460 808 tenemur,
3488 744 3757 799 Armenia
3792 745 3904 815 qui.

2347 831 2466 888 dem
2492 831 2700 902 prtefuit
2723 843 2780 888 ut
2810 843 2990 904 pater,
3020 833 3135 904 plus
3158 845 3334 890 autem
3363 834 3520 889 ofiicii
3543 849 3667 906 erga
3691 849 3794 892 nos
3815 850 3905 892 ex-

2347 921 2533 987 hibuit,
2581 938 2738 994 quam
2773 937 2803 977 a
2849 933 2996 994 patre
3032 924 3401 995 postulandum
3441 924 3729 980 videretur.
3773 925 3908 982 Huic

2346 1014 2521 1086 itaque
2559 1016 2773 1084 hujusce
2806 1015 3190 1072 benevolentia:
3240 1018 3407 1072 vicem
3446 1033 3566 1073 cum
3612 1019 3909 1088 rependere

2343 1120 2590 1175 cuperem
2633 1115 2688 1161 et
2721 1108 3088 1177 exquirerem.
3118 1108 3370 1178 optimam
3409 1109 3547 1163 viam
3589 1109 3721 1166 mihi
3761 1110 3911 1166 inve-

2345 1199 2489 1252 nisse
2513 1197 2713 1260 videor,
2748 1198 2994 1252 nimirum
3027 1199 3308 1254 sollicitum
3339 1209 3484 1253 tuum
3510 1214 3574 1255 ac
3599 1201 3906 1272 vigilantem

2343 1289 2599 1354 animum,
2645 1289 2797 1360 cujus
2841 1305 3004 1360 opera
3043 1291 3263 1360 gratiam
3310 1291 3410 1360 ipsi
3453 1290 3654 1347 referre
3694 1305 3903 1362 potero.

2341 1382 2441 1448 Qui
2469 1383 2680 1436 tandem
2703 1381 2862 1447 istud,
2886 1392 2940 1438 et
2961 1397 3188 1453 quonam
3220 1386 3413 1453 pacto?
3442 1382 3610 1455 Ipsius
3637 1384 3778 1440 filius
3795 1385 3906 1456 jam

2340 1477 2428 1532 diu
2459 1476 2577 1532 istic
2606 1476 2877 1531 literarum
2902 1489 3062 1531 causa
3103 1486 3477 1532 commoratur.
3518 1476 3670 1534 Hunc
3695 1477 3745 1534 si
3784 1478 3907 1536 heto

2340 1577 2496 1637 atque
2525 1565 2686 1621 alacri
2709 1566 2918 1630 animo,
2945 1575 3003 1620 ut
3030 1566 3240 1621 caritati
3269 1575 3376 1622 tua
3418 1567 3696 1634 convenit,
3724 1568 3908 1626 videre

2339 1660 2628 1725 studueris,
2682 1658 3028 1730 heueflciique
3074 1658 3269 1731 aliquid
3321 1659 3375 1714 in
3421 1675 3543 1715 eum
3587 1661 3902 1730 contuleris,

2339 1752 2515 1807 omnia
2547 1767 2576 1805 a
2603 1750 2752 1806 nobis
2775 1751 2950 1807 debita
2978 1748 3151 1806 officia
3180 1750 3507 1822 rependeris.
3547 1752 3904 1819 Quamobrem

2339 1843 2442 1899 hoc
2468 1843 2658 1898 effice:
2687 1856 2750 1898 ac
2777 1853 2886 1900 tum
2923 1856 3108 1898 eorum
3132 1843 3221 1912 qui
3246 1842 3550 1914 magistratu
3578 1842 3903 1915 funguntur,

2339 1944 2450 1989 tum
2499 1943 2706 1990 tuorum
2749 1931 3105 1998 familiarium,
3147 1934 3343 2004 quique
3377 1934 3477 2005 ipsi
3503 1943 3782 1991 externam
3821 1951 3904 1994 ne-

2336 2028 2546 2097 gionem
2572 2025 2735 2095 patria
2761 2024 3135 2093 jucundiorem
3167 2023 3390 2081 reddere
3416 2034 3638 2095 queunt,
3659 2026 3904 2083 notitiam

2338 2116 2436 2187 ipsi
2463 2115 2707 2172 concilia.
2730 2115 2819 2172 Sic
2846 2116 3009 2179 enim,
3031 2124 3084 2170 et
3110 2115 3177 2170 ah
3200 2129 3287 2184 eo,
3316 2125 3372 2170 et
3393 2129 3424 2170 a
3453 2130 3556 2182 me,
3584 2125 3745 2188 atque
3768 2117 3904 2175 adeo

2336 2223 2366 2264 a
2393 2209 2564 2291 teipso
2588 2207 2810 2278 gratiam
2843 2206 3018 2272 inibis,
3050 2207 3270 2276 probum
3293 2208 3498 2263 scilicet
3523 2223 3588 2263 ac
3613 2209 3902 2279 benignum

2338 2304 2515 2357 virum
2550 2315 2988 2372 communemque
3023 2315 3312 2372 pauperum
3354 2312 3564 2372 portum
3602 2317 3699 2373 per
3732 2302 3903 2359 lilium

2330 2409 2540 2466 juvans.

2357 2527 2452 2584 ιι
2467 2527 2526 2584 γ.
2557 2526 2819 2583 ladano
2846 2537 2892 2583 et
2918 2525 3212 2582 laredlino
3232 2524 3328 2598 (α).
3358 2523 3610 2598 (Cucuso,
3641 2543 3785 2587 anno
3812 2541 3870 2589 ut

2947 2628 3156 2691 putatur
3180 2619 3328 2692 tot.)

2400 2759 2540 2818 Satis
2563 2757 2795 2831 amplum
2834 2757 3080 2814 maeroris
3107 2757 3282 2824 illius,
3313 2773 3493 2830 quem,
3535 2767 3594 2815 ut
3628 2774 3695 2816 ex
3730 2759 3902 2819 literis

2335 2854 2528 2908 vestris
2562 2852 2764 2922 accepi,
2803 2850 3106 2916 sustinetis,
3133 2849 3374 2906 solatium
3420 2850 3570 2906 vobis
3593 2861 3676 2907 est
3724 2853 3900 2923 philo-

2333 2942 2550 3014 sophica
2579 2942 2694 2997 hmc
2722 2952 2895 2996 vestra
2937 2954 3089 2996 mens
3107 2981 3122 3007 ,
3163 2955 3226 2995 ac
3249 2941 3492 2997 sublimis
3517 2951 3572 2997 et
3596 2942 3750 2998 firma
3773 2959 3902 3001 cou-

2333 3044 2584 3105 stansque
2609 3033 2837 3089 adectio.
2872 3032 2941 3089 Ut
2977 3034 3116 3088 enim
3151 3033 3293 3089 molli
3320 3049 3383 3089 ac
3405 3033 3668 3090 dissoluto
3697 3034 3898 3094 homini

2335 3144 2402 3182 ne
2432 3126 2782 3198 tranquillitas
2805 3124 3016 3196 quidem
3045 3139 3108 3180 ac
3132 3127 3397 3182 secundus
3424 3140 3613 3183 cursus
3650 3144 3896 3201 magnam

2333 3220 2490 3274 ullam
2513 3218 2786 3273 utilitatem
2812 3215 3000 3272 aii'erre
3027 3225 3229 3287 potest:
3257 3218 3335 3273 sic
3357 3217 3562 3274 firmum
3589 3228 3646 3276 et
3666 3221 3896 3278 solidum
3969 3261 3972 3265 ι

2330 3322 2384 3367 et
2415 3311 2717 3382 vigilantem
2744 3310 2913 3364 virum
2941 3325 3008 3364 ne
3028 3309 3200 3380 gravis
3223 3309 3432 3380 quidem
3466 3321 3755 3383 tempestas
3776 3330 3899 3370 um-

2329 3420 2487 3475 quam
2540 3409 2858 3466 conunovet,
2907 3416 3089 3456 verum
3135 3401 3411 3457 clariorem
3451 3412 3507 3458 et
3551 3403 3898 3462 illustriorem

2332 3496 2521 3551 reddit.
2564 3495 2637 3551 Ea
2676 3493 2818 3550 enim
2859 3494 3205 3549 tentationum
3233 3503 3562 3561 naturaest,
3604 3505 3660 3549 ut
3696 3496 3762 3551 iis
3802 3498 3893 3569 qui

2332 3587 2452 3643 forti
2479 3588 2658 3642 animo
2679 3601 2771 3641 eas
2795 3584 2998 3647 ferunt,
3030 3584 3191 3639 multa
3223 3585 3438 3655 praemia
3482 3585 3896 3658 splendidasquu

2330 3693 2554 3734 coronas
2595 3687 2852 3732 accersat.
2896 3675 3017 3732 Hac
3062 3676 3218 3745 igitur
3255 3691 3375 3730 cum
3422 3677 3572 3732 vobis
3619 3691 3894 3750 perspecta

2331 3772 2457 3837 sint,
2488 3769 2912 3824 reverendissimi
2939 3783 3000 3824 ac
3029 3767 3341 3824 nobilissimi
3370 3767 3570 3823 domini
3597 3770 3722 3835 mei,
3748 3786 3896 3828 cum-

2331 3879 2434 3933 que
2462 3863 2598 3918 hanc
2627 3863 2755 3918 satis
2781 3862 3008 3932 amplam
3051 3862 3102 3917 in
3133 3861 3290 3917 rebus
3323 3859 3533 3919 acerbis
3568 3866 3895 3931 consolatio-

2333 3972 2452 4010 nem
2485 3955 2722 4010 habeatis
2752 3971 2765 4008 :
2806 3954 2935 4009 nihil
2976 3954 3196 4020 horum,
3223 3970 3340 4024 quae
3367 3954 3532 4024 ﬁunt,
3557 3958 3764 4013 animos
3800 3973 3894 4014 ve-

2332 4056 2472 4103 stros
2499 4048 2766 4116 perturbet
2789 4087 2804 4109 ,
2827 4056 2984 4116 atque
3009 4061 3164 4117 quam
3194 4047 3485 4116 saepissime
3513 4048 3577 4104 ad
3607 4065 3708 4106 nos
3737 4049 3894 4108 velim

2331 4142 2593 4197 scribatis.
2621 4141 2828 4195 Etenim
2861 4140 2909 4194 id
2936 4140 3147 4211 quidem
3179 4140 3407 4195 maxime
3434 4140 3687 4196 vellemus
3708 4183 3725 4209 ,
3759 4158 3896 4213 pra:-

2332 4247 2510 4290 sentes
2540 4249 2636 4288 vos
2663 4232 2853 4288 intueri
2879 4241 3037 4301 atque
3065 4232 3365 4302 complecti.
3398 4231 3656 4299 Quoniam
3679 4245 3892 4301 autem,

2330 4327 2611 4396 quominus
2650 4324 2702 4379 id
2746 4339 2886 4379 nunc
2933 4322 3044 4378 ﬁeri
3071 4325 3258 4395 possit,
3307 4325 3472 4380 multa
3511 4325 3894 4410 impedimento

2331 4429 2473 4484 sunt,
2504 4421 2618 4473 sine
2641 4417 3034 4472 intermissione
3053 4415 3119 4470 ad
3147 4431 3244 4471 nos
3263 4416 3512 4482 scribere,
3539 4431 3602 4472 ac
3625 4417 3694 4472 de
3718 4430 3895 4476 vestra

2332 4509 2633 4565 valetudine
2661 4509 2916 4563 certiores
2961 4521 3058 4561 nos
3088 4505 3261 4563 facere
3293 4523 3358 4563 ne
3388 4509 3708 4578 gravemini.
3737 4511 3896 4568 Scitis

2333 4605 2496 4668 enim,
2524 4590 2796 4671 quantam,
2825 4601 2867 4654 si
2900 4600 2999 4654 hoc
3026 4598 3248 4660 faciatis.
3286 4614 3315 4652 a
3343 4599 3496 4653 nobis
3526 4600 3754 4670 gratiam
3792 4603 3894 4658 ini-

2334 4695 2458 4760 turi,
2488 4703 2786 4763 quantaque
2815 4706 2912 4747 nos
2939 4691 3207 4760 voluptate
3229 4689 3548 4746 cumulaturi
3573 4690 3714 4747 sitis.
3852 4704 3855 4706 ·

2333 4826 2532 4888 LXVI.
2564 4829 2734 4897 Casta,
2769 4827 2982 4892 Valerio,
3007 4825 3329 4896 Diophantc,
3354 4825 3586 4898 Cyridco,
3617 4827 3900 4886 Antiochia

2953 4919 3269 4990 presbyteris.

2403 5061 2601 5130 Lingua
2626 5055 2835 5129 quidem
2871 5069 2992 5110 raro
3020 5052 3084 5107 ad
3111 5067 3204 5108 vos
3244 5052 3466 5121 scripsi;
3507 5053 3684 5108 animo
3716 5064 3894 5110 autem

2332 5153 2522 5209 crebro
2568 5164 2631 5206 ac
2672 5150 2989 5219 frequenter.
3034 5147 3308 5213 Quare'ne
3354 5143 3569 5200 totidem
3618 5145 3898 5200 dumtaxat

2335 5248 2587 5316 epistolas
2614 5251 2820 5298 nostras
2845 5255 2963 5296 esse
2992 5237 3309 5298 existimetis
3327 5276 3342 5301 ,
3373 5247 3504 5307 quot
3529 5252 3626 5306 per
3653 5237 3894 5294 chartam

2335 5350 2390 5398 et
2412 5346 2758 5394 atramentum
2787 5330 3086 5402 accepistis,
3111 5342 3294 5382 verum
3322 5337 3449 5397 quot
3463 5327 3530 5382 ad
3563 5343 3660 5381 vos
3684 5329 3898 5388 mittere

2335 5429 2650 5501 cupivimus.
2678 5424 2806 5479 Nam
2831 5422 2874 5478 si
2916 5437 3028 5477 rem
3059 5420 3128 5474 ita
3161 5428 3405 5488 reputare
3433 5419 3711 5474 volueritis
3730 5462 3746 5485 ,
3776 5436 3896 5476 sex-

2336 5533 2504 5580 centre
2533 5517 2768 5590 profecto
2793 5517 2962 5572 literze
2982 5513 3047 5568 ad
3070 5527 3164 5566 vos
3192 5527 3220 5566 a
3249 5511 3398 5566 nobis
3429 5510 3606 5567 missae
3627 5521 3775 5568 sunt.
3800 5513 3892 5570 Sin

2337 5625 2512 5670 autem
2541 5624 2696 5666 nemo
2721 5619 2804 5664 est
2839 5608 2928 5678 qui
2965 5604 3214 5676 perferat,
3247 5617 3350 5658 non
3379 5611 3575 5656 nostrae
3599 5603 3890 5666 socordia.

2337 5707 2431 5765 sed
2458 5718 2632 5761 rerum
2657 5699 2954 5757 difticultati
2981 5697 3245 5754 silentium
3277 5703 3516 5750 nostrum
3544 5693 3776 5751 adscribi
3801 5695 3887 5753 de-

2412 5836 2485 5899 (α)
2509 5836 2728 5895 αοιυιίιιη
2745 5827 2898 5890 \‘atic,
2928 5837 2981 5879 et
3000 5829 3182 5880 Fabric.
3203 5789 3401 5884 habent,
3420 5816 3752 5872 Marcelliano.
