4216 6484
702 426 809 480 615

701 539 1036 609 ὂυσκολίαςή
1073 539 1194 608 σιγή
1219 537 1441 606 γίνεται.
1497 540 1677 594 Ταῦτα
1705 541 1762 594 δέ
1813 538 1984 604 ε’ίπον,
2023 543 2111 596 ῖνα
2154 542 2248 596 καὶ

701 629 1014 699 γραφόντων
1041 629 1214 700 ήμῶν,
1239 632 1330 683 καὶ
1358 630 1651 699 σιγώντων,
1673 634 1772 702 τὴν
1798 633 1964 702 αὑτὴν
1999 635 2123 703 περὶ
2152 633 2250 700 τῆς

700 721 969 791 ἡμετέρας
1020 721 1238 792 ἀγάπης
1282 722 1379 792 τῆς
1435 721 1560 792 περὶ
1613 723 1756 792 ὑμᾶς
1808 722 2008 793 φέρητε
2047 723 2246 792 ψῆφον.

711 811 896 879 Ἡμεῖς
927 811 1033 882 γάρ
1056 812 1298 882 ὅπουπερ
1331 812 1397 864 ἂν
1441 804 1611 880 ὦμεν,
1647 812 2043 881 ἐγκολάψαντες
2093 808 2249 881 ήμῶν

695 904 760 971 τῇ
785 902 988 973 διανοίᾳ
1017 903 1110 974 τὴν
1135 903 1353 972 μνήμην
1377 903 1474 972 τήν
1502 903 1771 973 ὑμετέραν
1798 899 2068 972 πανταχοῦ
2092 917 2248 970 περι-

697 993 951 1062 φέρομεν.
992 993 1099 1046 Καὶ
1139 992 1232 1044 νῦν
1263 993 1318 1045 δὲ
1353 993 1512 1064 χάριν
1571 994 1697 1063 ὑμῖν
1730 992 1885 1062 ῐσμεν
1923 991 2140 1062 πολλὴν,
2165 992 2248 1045 δτι

694 1084 782 1136 τὸν
807 1083 964 1136 καλὸν
993 1084 1220 1153 μοναχὸν
1251 1085 1341 1136 καὶ
1374 1085 1511 1154 μετά
1532 1085 1628 1153 τῆς
1659 1084 1968 1153 πρεπούσης
2005 1083 2133 1151 ὑμῖν
2161 1082 2250 1135 εὑ-

693 1176 840 1238 νοίας
890 1173 1232 1239 ὑπεδέξασθε,
1282 1175 1375 1227 καὶ
1424 1177 1550 1237 τοὺς
1605 1175 1959 1246 βουλομένους
2005 1175 2248 1244 ἀκαίρως

693 1267 827 1335 πρὸς
847 1265 1002 1319 αὑτὸν
1028 1265 1347 1334 φιλονεικεῖν
1368 1266 1742 1337 ἡμερωτέρους
1763 1266 2113 1335 πεποιήκατε.
2135 1266 2248 1318 Οὑκ

691 1357 797 1425 ἄρα
825 1357 998 1427 μάτην
1018 1355 1218 1423 ελεγον,
1243 1355 1360 1408 οὑδέ
1380 1355 1689 1408 κολακεύων
1722 1355 1884 1424 ὑμᾶς,
1915 1356 1995 1408 ὅτι
2021 1353 2124 1407 κᾶν
2148 1373 2246 1425 μυ-

693 1447 782 1517 ρία
799 1446 1128 1516 πανταχόθεν
1154 1449 1426 1516 ἐγείρηται
1453 1445 1691 1516 κύματα,
1710 1448 1767 1498 ἐν
1793 1447 1996 1517 γαλήνῃ
2017 1446 2085 1498 τά
2110 1445 2246 1515 ὑμέ-

686 1553 839 1607 τερα.
874 1539 934 1590 Οἱ
973 1537 1080 1607 γὰρ
1107 1536 1248 1589 οὑτω
1284 1537 1481 1608 ῥᾳδίως
1505 1537 1713 1607 ἑτέροις
1748 1537 1978 1604 ναυάγια
2007 1537 2247 1589 διαλύον-

687 1645 796 1692 τες,
828 1627 1044 1698 εὑδηλον
1091 1629 1170 1680 ὅτι
1221 1629 1408 1698 πόρρω
1464 1627 1573 1680 τῶν
1607 1627 1906 1681 κλυδωνίων
1956 1628 2243 1697 έστήκατε.

688 1720 929 1791 Γράφετε
980 1720 1043 1790 δὴ
1076 1721 1310 1790 συνεχῶς
1353 1721 1481 1791 ἡμῖν
1515 1721 1583 1774 τά
1616 1721 1743 1790 περὶ
1771 1719 1869 1789 τῆς
1912 1720 2117 1787 ὑγιείας
2145 1719 2245 1789 τῆς

688 1812 976 1882 ὑμετέρας.
995 1813 1134 1864 Ἰστε
1161 1813 1266 1880 γὰρ
1291 1813 1436 1874 ὅπως
1455 1813 1584 1882 ήμῐν
1610 1811 2070 1882 περισπούδαστον
2087 1810 2246 1864 τοῦτο

689 1901 996 1972 μανθάνειν.
1033 1901 1306 1971 Τοσαύτην
1339 1903 1446 1972 γάρ
1483 1901 1595 1970 ἔχει
1623 1902 1722 1972 τήν
1761 1903 1913 1971 ίσχὺν
1957 1902 2025 1955 τά
2059 1901 2241 1973 γράμ-

687 2008 831 2060 ματα
853 1991 1025 2062 ὑμῶν,
1052 1992 1119 2046 τά
1149 1992 1246 2064 τήν
1278 1994 1443 2064 ρῶσιν
1470 1993 1621 2065 ὑμῶν
1645 1997 1779 2066 ἡμῖν
1813 1993 2241 2063 ἀπαγγέλλοντα,

683 2082 766 2134 ὅτι
789 2084 880 2135 καὶ
901 2083 1170 2147 τοσούτοις
1190 2086 1712 2156 περιεστοιχισμένοι
1733 2085 1944 2149 δεινοῖς,
1967 2087 2238 2157 πολέμοις,

684 2170 949 2242 θορύϐοις,
977 2176 1259 2244 ταραχαῖς,
1284 2175 1530 2238 θανάτοις
1559 2175 1968 2247 καθημερινοῖς,
1994 2177 2155 2248 ήνίκα
2174 2177 2241 2231 ἂν

681 2263 946 2327 τοσαύτας
975 2264 1124 2335 ὑμῶν
1151 2264 1427 2336 δεξώμεθα
1457 2267 1764 2332 ἐπιστολὰς,
1797 2267 1889 2320 καὶ
1909 2269 2241 2339 ἀναπτεροῦ-

685 2355 824 2426 μεθα
851 2356 955 2408 ὑπὸ
988 2355 1086 2424 τῆς
1132 2357 1344 2427 ήδονῆς,
1385 2359 1478 2410 καὶ
1525 2356 1787 2428 μεγίστην
1817 2357 2065 2411 ἐντεῦθεν
2101 2374 2238 2429 καρ-

681 2447 930 2517 πούμεθα
958 2446 1054 2518 τὴν
1096 2447 1444 2516 παραμυθίαν
1468 2459 1515 2504 ι.
1565 2448 1815 2502 Τοιοῦτον
1846 2449 1955 2520 γάρ
1975 2450 2036 2503 τὸ
2065 2451 2238 2520 φιλεῖν

679 2538 934 2609 γνησίως,
965 2539 1039 2602 ὼς
1087 2539 1181 2591 καὶ
1231 2537 1318 2592 διά
1359 2541 1697 2610 γραμμάτων
1733 2539 1990 2594 δύνασθαι
2037 2541 2146 2593 τῶν
2171 2543 2238 2594 τά

676 2629 898 2686 τοιαῦτα
926 2628 1214 2698 εὐαγγέλια
1251 2628 1480 2698 ἐχόντων
1510 2631 1636 2694 τοὺς
1666 2630 1744 2702 τῷ
1772 2630 1982 2702 σώματι
2008 2648 2238 2702 κεχωρι⁸

680 2722 902 2793 σμένους
933 2719 1266 2774 ἀνακτᾶσθαι
1299 2720 1513 2790 ῥαδίως.

995 2811 1142 2884 [656]
1176 2812 1303 2866 ΞΖ’.
1339 2813 1601 2876 Θεοδότῳ
1627 2813 1901 2882 διακόνῳ.

747 2901 916 2964 Αὑτδς
947 2901 1063 2972 μὲν,
1104 2899 1260 2972 κύριέ
1291 2917 1400 2971 μου.
1424 2901 1716 2971 τιμιώτατε
1741 2903 1837 2955 καὶ
1858 2901 2236 2965 εὑλαϐέστατε,

677 2993 785 3048 τῶν
816 2994 945 3063 γοῦν
973 2995 1030 3046 ἐν
1074 2992 1332 3063 ’Δρμενία
1362 2992 1684 3063 ἀπηλλάγης
1729 2992 1935 3059 κακῶν,
1983 2995 2128 3064 ἡμᾶς
2181 2991 2239 3046 δέ

682 3084 817 3155 μετά
846 3084 953 3136 τῶν
977 3081 1206 3136 ἐνταῦθα
1236 3082 1495 3154 θορύϐων,
1529 3083 1727 3153 μᾶλλον
1757 3083 1814 3137 δέ
1843 3084 1951 3139 τῶν
1997 3084 2240 3140 θανάτων

677 3178 783 3230 τῶν
809 3175 1208 3246 καθημερινῶν,
1239 3175 1333 3244 οὑχ
1351 3173 1424 3238 ὡς
1449 3174 1604 3244 έτυχε
1630 3174 1791 3229 λυπεῖ
1814 3176 1988 3230 καὶτὸ
2019 3175 2120 3246 τῆς
2142 3176 2238 3245 σῆς

677 3268 1007 3340 κεχωρίσθαι
1036 3265 1387 3338 γλυκύτητος,
1412 3267 1506 3320 καὶ
1520 3268 1617 3336 τῆς
1643 3266 1868 3337 γνησίας
1896 3269 1989 3322 καὶ
2015 3267 2238 3339 είλικρι-

677 3358 798 3422 νοῦς
825 3357 1130 3418 διαθέσεως.
1179 3355 1372 3422 Γέγονε
1417 3355 1590 3409 δὲκαὶ
1624 3355 1786 3426 ἑτέρα
1836 3355 2009 3428 λύπης
2036 3356 2238 3427 ταύτης

677 3449 960 3522 προσθήκη
980 3447 1028 3511 ιι,
1060 3449 1093 3517 ή
1119 3447 1304 3517 μακρά
1337 3463 1429 3499 σου
1452 3446 1549 3516 τῆς
1589 3447 1880 3516 ἐμμελείας
1911 3448 2154 3519 σιγή.Ἐξ
2179 3445 2238 3504 οῦ

677 3544 786 3612 γὰρ
814 3539 1058 3594 ἐντεῦθεν
1103 3539 1354 3610 ἀπῆρας,
1403 3538 1659 3610 δευτέραν
1703 3539 1906 3610 ταύτην
1939 3540 2240 3612 ἐδεξάμεθα

681 3635 848 3704 μόνην
869 3631 1151 3700 ἐπιστολήν
1167 3646 1182 3661 ·
1219 3631 1312 3683 καλ⁵
1335 3629 1504 3684 ταῦτα
1537 3631 1637 3684 οὑκ
1657 3631 1904 3699 ἐγκαλῶν
1923 3630 2088 3701 λέγω,
2121 3632 2238 3686 ἀλλ’

677 3723 876 3791 ἀλγῶν.
905 3723 1028 3776 Ὀτι
1068 3721 1166 3793 μὲν
1199 3721 1309 3790 γάρ
1361 3722 1557 3785 ἀϐατος
1602 3722 1899 3792 ὁδοιπόροις
1927 3725 1961 3794 ἡ
1999 3723 2239 3778 ἐνταῦθα

678 3817 916 3888 φέρουσα
943 3815 1078 3877 ὁδὸς,
1101 3813 1274 3875 οὐδεὶς
1300 3814 1480 3881 ἀγνοεῖ
1507 3827 1523 3843 ο
1547 3814 1680 3868 ἀλλά
1706 3814 1865 3869 τοῦτο
1886 3815 1984 3901 μιν
2000 3818 2079 3881 είς
2101 3817 2237 3870 ἀποο

675 3908 860 3975 λογίαν
895 3906 994 3975 σὴν
1012 3905 1264 3975 ἀποχρῶν
1292 3905 1358 3958 ἀν
1383 3906 1465 3975 εῐη
1491 3916 1540 3970 ε,
1569 3907 1646 3969 είς
1680 3906 1738 3960 δέ
1765 3907 2039 3980 ἡμετέραν
2059 3926 2238 3979 παρα-

682 3997 877 4068 μυθίαν
897 3995 1144 4067 οὐδαμῶς
1162 4012 1176 4027 ο
1210 3995 1344 4048 ἀλλά
1365 3997 1457 4048 καὶ⁸
1478 3996 1544 4049 δι’
1573 3998 1704 4051 αὑτὸ
1723 3999 1822 4068 μὲν
1838 3995 1932 4052 οὖν
1956 4000 2113 4055 τοῦτο
2139 4003 2242 4071 μά-

677 4089 833 4142 ὶιστα
857 4086 1148 4155 ἀλγοῦμεν,
1185 4087 1266 4138 ὅτι
1297 4088 1390 4139 καὶ
1427 4086 1524 4156 τήν
1556 4086 1883 4158 λειπομένην
1911 4092 2044 4160 ἡμῖν
2065 4108 2242 4160 παρα-

676 4183 854 4253 ψυχὴν
878 4182 975 4251 τῆς
997 4179 1304 4252 ἀποδημίας
1323 4181 1420 4250 τῆς
1444 4180 1544 4248 σῆς
1564 4182 1656 4234 καὶ
1669 4179 1872 4251 ταύτην
1886 4181 2236 4254 ἀφῃρήμεθα.

677 4273 831 4324 Ἐπεὶ
865 4267 958 4324 οὑν
991 4269 1148 4323 τοῦτο
1178 4268 1401 4338 λυθῆναι
1459 4269 1600 4332 τέως
1650 4270 1751 4322 οὑκ
1782 4269 1861 4321 ενι
1908 4269 1970 4322 τὸ
2015 4269 2239 4341 ἀπορον,

677 4362 791 4416 ἀλλ’
810 4361 1133 4415 ἐπιτείνεται
1153 4359 1274 4413 καθ’
1293 4359 1526 4430 ἑκάστην
1559 4359 1769 4430 ἡμέραν
1783 4360 1853 4413 τά
1884 4359 2050 4425 δεινὰ,
2071 4361 2240 4433 ἑτέρῳ

677 4454 864 4523 τρόπῳ
877 4452 972 4522 τὴν
1001 4453 1065 4504 ἐκ
1093 4450 1192 4520 τῆς
1220 4452 1432 4522 μακρᾶς
1459 4451 1614 4522 σιγῆς
1630 4450 1864 4522 ἀθυμίαν
1887 4451 2240 4523 ἐγγινομένην

680 4545 811 4613 ἡμῖν
843 4541 1331 4614 παραμυθήσασθαι
1362 4541 1764 4613 παρακλήθητι,
1809 4544 2152 4614 μεμνημένος
2177 4560 2239 4597 τε

679 4633 835 4705 ήμῶν
871 4633 1148 4703 διηνεκῶς,
1175 4633 1267 4686 καὶ
1289 4633 1452 4703 ήνίκα
1503 4634 1569 4687 ἀν
1607 4635 1844 4705 γράφης,
1899 4636 2241 4708 μακροτέρας

681 4725 848 4778 ποιῶν
876 4724 975 4786 τὰς
1003 4725 1309 4788 ἐπιστολάς,
1331 4725 1423 4777 καὶ
1448 4729 1558 4788 τοῖς
1577 4727 1703 4797 περὶ
1730 4726 1952 4802 τῆςοσῆς
1975 4727 2159 4795 ὑγείας
2180 4746 2239 4782 τε

679 4819 772 4869 καὶ
791 4815 1051 4886 εὑθυμίας
1075 4815 1167 4868 καὶ
1193 4815 1486 4883 ἀσφαλείας
1512 4815 1858 4886 ἐνδιατρίϐων
1885 4815 2234 4888 διηγήμασιν.

679 4907 831 4960 Οῦτω
857 4907 966 4978 γάρ
1001 4906 1200 4977 δυνήσῃ
1237 4905 1298 4959 τὺ
1319 4905 1506 4958 λεῖπον
1545 4907 1672 4976 ἡμῖν
1702 4907 1766 4958 ὲκ
1795 4905 1891 4958 τοῦ
1915 4907 2124 4978 χρόνου,
2174 4910 2238 4962 ἐκ

679 4999 771 5052 τοῦ
806 5000 1009 5070 μήκους
1040 4996 1537 5071 παραμυθήσασθαι
1557 4995 1665 5049 τῶν
1698 4997 2013 5051 ἐπιστολῶν.

1217 5090 1350 5144 EH'.
1396 5087 1478 5154 Τῷ
1523 5086 1700 5152 αὐτῷ.

749 5182 858 5235 Καὶ
880 5181 1035 5234 τοῦτο
1073 5180 1164 5233 σὺν
1187 5180 1280 5234 τοῦ
1311 5180 1642 5250 θερμοτάτου
1675 5177 1771 5232 καὶ
1817 5177 2048 5250 σφοδροῦ
2081 5179 2235 5251 ήμῶν

681 5272 928 5345 ἐραστοῦ.
959 5273 1113 5327 Μετά
1139 5273 1234 5343 μὲν
1265 5273 1324 5325 τὸ
1351 5271 1448 5342 τήν
1479 5271 1748 5342 προτέραν
1782 5271 2086 5340 ἀναγνῶναι
2127 5274 2238 5325 tm-

682 5365 890 5428 στολὴν,
937 5363 1201 5433 ἐδεξάμην
1259 5361 1351 5415 καὶ
1383 5360 1664 5430 δευτέραν,
1699 5363 1758 5414 ἐν
1791 5362 1890 5431 μιᾷ
1921 5361 2235 5432 ἀμφοτέρας

678 5459 878 5531 ἡμέρᾳ,
906 5458 998 5509 καὶ
1028 5454 1229 5524 σφόδρα
1256 5453 1448 5526 ἥσθην.
1479 5451 1601 5524 Εἶχε
1629 5454 1735 5524 γάρ
1759 5470 1811 5506 τι
1846 5453 2004 5508 πλέον
2039 5456 2072 5524 ή
2117 5454 2236 5507 δευ-

740 5572 762 5598 ⁸
791 5569 973 5643 QII-mtas
990 5568 1290 5676 καρπούμεθα
1311 5570 1608 5641 παραψυχήν.
1651 5567 1780 5618 Εάίι.
1805 5568 2116 5632 παραμυθίαν.

740 5630 767 5669 δ
791 5634 987 5676 (mslm.
1012 5632 1144 5676 ἐτεοα
1204 5645 1296 5676 mm
1319 5646 1465 5676 tam
1489 5632 1654 5676 ποοσθ.

737 5630 767 5669 δ
791 5630 987 5680 Coislin.
1012 5630 1144 5693 ἑτέρα
1177 5630 1296 5691 λύπῃ
1319 5630 1464 5677 ταύττ
1489 5632 1654 5692 προσθ.
1879 5630 1882 5631 ⁷
1937 5630 1942 5632 ’

741 5694 766 5763 ξ
795 5691 916 5740 Edil.
939 5693 1008 5763 εἰς
1032 5691 1282 5763 ἀπολογίαν
1306 5693 1410 5763 σὴν.
1431 5663 1650 5763 ἀποχρῶν
1672 5691 1843 5763 ἂνμῖη.
1867 5692 2236 5763 Cplojtn.__&1;0-

711 5754 894 5814 ρώντως
933 5753 987 5799 ἀν
1011 5755 1101 5808 ειη.
1127 5752 1196 5800 Re
1239 5789 1248 5799 .
1279 5754 1366 5808 σὴν
1389 5752 1675 5815 ἀποχρῶσαν
1713 5753 1848 5811 εἶναι,
1879 5754 1944 5808 εἰς
1966 5755 2032 5804 δέ.
2077 5755 2231 5806 Valle.

675 5769 831 5864 totum
853 5817 922 5862 sic
941 5813 1088 5864 habet.
1109 5833 1119 5864 :
1142 5765 1260 5864 ἀλἷὰ
1297 5812 1438 5863 τοῦτο
1455 5816 1592 5864 ῐσιιεν
1627 5814 1881 5864 ἀπολογίαν
1901 5816 1988 5864 σὴν
2010 5817 2231 5864 ἀπονοεῖν-

699 5812 831 5924 ὁιυαῖ
853 5817 922 5862 sic
941 5813 1088 5866 habet
1109 5833 1120 5871 :
1142 5812 1260 5864 ἀλλὰ
1297 5812 1438 5863 τοῦτο
1455 5812 1592 5877 ῐσμεν
1627 5814 1881 5878 ἀπολογίαν
1901 5816 1988 5874 σὴν
2010 5817 2232 5883 ἀποχρῶ-

699 5891 764 5924 ιαν
785 5891 806 5924 ε
826 5891 916 5924 ναι.

677 5891 764 5926 σαν
785 5891 898 5924 ειναι
907 5909 916 5925 .

1395 426 1451 480 S.
1489 424 1769 481 JOANNIS
1804 423 2287 482 CHRYSOSTOMI
2329 424 2643 483 ARCHIEP.
2682 428 3217 486 CONSTANTINOP.

2360 545 2512 615 τέρα,
2536 546 2653 616 οὑχὶ
2678 548 2896 618 ῥήματα
2926 547 2991 602 σά
3027 548 3202 618 μόνον,
3228 548 3361 602 ἀλλά
3392 551 3482 603 καὶ
3519 551 3820 623 γράμματα
3842 555 3912 608 σά

2358 634 2489 701 ἡμῖν
2517 633 2858 688 ἐπιδεικνῦσα
2880 652 2894 666 ·
2921 634 2949 686 δ
2979 637 3071 688 καὶ
3099 635 3410 706 προσθήκην
3435 639 3567 708 ἡμῖν
3613 639 3913 712 πεποίηκεν

2356 718 2568 788 ἡδονῆς,
2597 721 2676 772 δτι
2701 720 2776 791 μὴ
2803 722 2899 791 τῆς
2937 721 3109 792 ψυχῆς
3139 738 3231 774 σου
3265 723 3424 791 μόνον
3459 724 3558 795 τῆς
3585 724 3796 796 θερμῆς
3819 726 3914 779 καὶ

2356 807 2604 877 γνησίας,
2641 808 2776 860 ἀλλά
2821 810 2914 862 καὶ
2960 809 3055 878 τῆς
3086 808 3264 876 δεξιᾶς
3320 812 3460 881 μεςά
3505 811 3781 883 δαψιλείας
3809 813 3915 884 τήν

2357 893 2538 946 εικόνα
2561 895 2917 964 ἐθεασάμεθα.
2949 896 3096 949 nam
3119 897 3363 968 δήτοῦτο
3403 899 3662 969 συνεχῶς,
3689 900 3785 952 καὶ
3813 898 3914 970 τὴν

2356 981 2724 1052 παραμυθίαν.
2746 983 2813 1052 ήν
2843 983 3004 1045 αὑτὸς
3027 985 3154 1054 ἡμῖν
3176 985 3270 1037 καὶ
3292 983 3480 1039 τοῦτον
3501 985 3800 1054 ἐπενόησας
3817 986 3913 1040 τὸν

2354 1070 2573 1140 τρόπον,
2621 1071 2756 1138 μετά
2805 1069 3080 1138 δαψιλείας
3125 1071 3350 1142 πάρεχε.
3391 1071 3656 1128 Ἐνταῦθα
3709 1073 3819 1143 γάρ
3851 1089 3912 1126 σε

2356 1157 2575 1210 ἐλκύσαι
2600 1157 2782 1209 λοιπὸν
2809 1159 2868 1210 οὑ
2895 1158 3176 1228 τολμῶμεν
3193 1174 3205 1186 ·
3231 1158 3467 1212 τοσαῦτα
3491 1159 3592 1230 τῆς
3625 1159 3914 1229 ’Δρμενίας

2354 1247 2420 1299 τά
2445 1247 2609 1308 κακὰ,
2627 1247 2717 1299 καὶ
2746 1246 2949 1315 χειμὼν
2978 1247 3160 1316 ἔτερος
3189 1246 3402 1300 ἅπαντα
3421 1246 3706 1311 διεδέξατο.
3734 1247 3912 1300 Ὅπου

2353 1332 2462 1401 γὰρ
2497 1333 2561 1386 άν
2599 1351 2682 1396 τις
2706 1334 2990 1404 ἀφίκηται,
3017 1335 3347 1404 χειμάρρους
3387 1333 3673 1404 αἱμάτων,
3707 1332 3914 1404 πλῆθος

2354 1420 2617 1490 στομάτων
2635 1419 2860 1484 νεκρῶν,
2878 1420 3048 1480 οἰκίας
3071 1420 3546 1490 κατεσκαμμένας,
3605 1420 3790 1483 πόλεις
3819 1421 3914 1472 ἀν-

2350 1521 2455 1580 ῃρη
2465 1506 2628 1576 μένας
2643 1507 2846 1575 ὄψεται.
2864 1506 3052 1576 Ἡμεῖς
3064 1507 3119 1558 δέ
3143 1506 3400 1578 δοκοῦμεν
3421 1507 3478 1559 tv
3494 1507 3759 1580 ἀσφαλείᾳ
3773 1501 3914 1560 εἶναι

2351 1595 2538 1663 ῶσπερ
2575 1596 2631 1646 ἐν
2663 1594 3016 1667 δεσμωτηρίῳ
3043 1595 3282 1664 χαλεπῷ,
3333 1595 3411 1667 τῷ
3461 1594 3704 1666 φρουρίῳ
3735 1595 3914 1665 τούτῳ

2350 1681 2861 1747 κατακεκλεισμένοι
2879 1699 2891 1712 ·
2909 1683 2971 1734 οὑ
2991 1682 3098 1753 μὴν
3112 1681 3292 1746 ἀδείας
3305 1681 3596 1736 ἀπολαύειν
3612 1681 3911 1753 δυνάμεθα.

2348 1767 2436 1821 διά
2462 1769 2587 1831 τοὺς
2621 1768 3016 1840 καθημερινοὺς
3054 1767 3272 1838 φόϐους,
3318 1767 3407 1822 διά
3441 1769 3542 1832 τάς
3573 1769 3760 1839 φήμας
3801 1767 3914 1822 τῶν

2349 1853 2593 1909 θανάτων
2623 1854 2915 1926 γεμούσας,
2937 1855 3027 1909 διά
3050 1857 3147 1926 τήν
3185 1855 3419 1926 συνεχῶς
3457 1854 3914 1926 προσδοκωμένην

2346 1942 2456 1995 τῶν
2497 1942 2751 2015 ἰσαὺρων
2773 1943 2979 2014 έφοδον,
3005 1943 3094 1996 διά
3119 1945 3220 2014 τήν
3250 1943 3344 1997 τοῦ
3374 1942 3643 2014 σώματος,
3749 1943 3916 2014 μέχρι

2347 2031 2442 2086 νῦν
2495 2032 2954 2104 προσπαλαίομεν,
2988 2032 3288 2087 ἀσθένειαν.
3334 2033 3472 2088 Ἀλλ’
3528 2033 3678 2104 ὅμως
3716 2034 3809 2087 καὶ
3851 2035 3920 2087 tv

2345 2120 2617 2184 τοσούτοις
2664 2121 2814 2184 δντες
2855 2123 3066 2184 κακοῖς,
3115 2121 3177 2174 οὑ
3229 2120 3431 2191 μικρὰν
3461 2120 3554 2174 καὶ
3585 2122 3644 2175 tv
3669 2121 3914 2194 τοσαύτη

2345 2209 2664 2280 περιστάσει
2691 2208 3047 2281 καρπούμεθα
3089 2209 3474 2279 παραμυθίαν,
3509 2209 3638 2263 ὅταν
3683 2209 3752 2262 τά
3780 2208 3914 2283 περὶ

2343 2296 2445 2367 τῆς
2476 2297 2682 2366 ὑγιείας
2707 2297 2804 2367 τῆς
2826 2296 2925 2368 σῆς
2952 2295 3409 2367 εὑαγγελιζόμενα
3441 2295 3588 2367 ἡμᾶς
3627 2295 3912 2368 δεχώμεθα

2345 2388 2670 2457 γράμματι

2598 2491 2748 2566 [651]
2781 2493 2908 2546 59'.
2948 2491 3222 2556 Νικολάῳ
3249 2490 3640 2561 πρεσϐυτέρῳ.

2413 2585 2522 2638 Καὶ
2549 2583 2706 2637 τοῦτο
2724 2585 2821 2655 τῆς
2848 2585 3071 2653 γνησίας
3096 2600 3189 2636 σου
3220 2585 3313 2637 καὶ
3343 2583 3549 2656 θερμῆς
3580 2583 3823 2655 ἀγάπης.
3847 2583 3909 2638 τὸ

2342 2672 2409 2725 ἐκ
2468 2671 2720 2724 τοσούτου
2778 2670 3085 2742 καθήμενον
3139 2671 3505 2741 διαστήματος
3559 2670 3912 2742 περιτρέμειν

2343 2761 2500 2833 ήμῶν
2513 2763 2612 2832 τῆς
2628 2759 2957 2833 σωτηρίαςδ.
2977 2759 3173 2831 Πρώην
3197 2761 3294 2830 μὲν
3313 2756 3406 2814 οὖν
3421 2760 3617 2824 τόπους
3645 2761 3709 2812 έκ
3725 2760 3914 2814 τόπων

2343 2849 2660 2920 ἀμείϐοντες
2696 2851 2754 2901 ἐν
2774 2849 2910 2919 αὐτῇ
2946 2847 3039 2900 τοῦ
3069 2847 3334 2918 χειμῶνος
3373 2850 3439 2918 τῇ
3467 2848 3618 2919 ἀκμῇ
3639 2887 3654 2908 ,
3685 2846 3780 2900 νῦν
3810 2848 3915 2918 μιν

2342 2941 2401 2994 tv
2429 2939 2670 3004 πόλεσιν,
2711 2936 2807 2991 νῦν
2832 2938 2889 2991 δέ
2919 2939 2977 2990 ἐν
3009 2937 3248 3008 φάραγξι
3278 2935 3370 2989 καὶ
3403 2952 3602 3000 ναπαις
3643 2935 3907 3008 διετρίϐοο

2346 3043 2472 3098 μεν,
2495 3025 2599 3079 ὑπὸ
2623 3026 2721 3094 τῆς
2742 3022 2848 3076 τῶν
2881 3023 3139 3094 Ἰσαύρων
3162 3022 3351 3092 ἐφόδου
3385 3022 3716 3094 πανταχόθεν
3745 3024 3905 3077 ἐλαυ-

2341 3111 2572 3181 νόμενοι.
2601 3111 2725 3178 ’0ψέ
2739 3111 2797 3163 δέ
2816 3127 2948 3163 ποτε
2963 3109 3326 3179 λωφησάντων
3344 3110 3536 3182 μικρδν
3553 3109 3659 3163 τῶν
3676 3108 3916 3165 ἐνταῦθα.

2341 3199 2546 3264 κακῶν,
2601 3199 2700 3263 τάς
2737 3198 2970 3269 ἐρημίας
3023 3197 3272 3266 ἀφέντες.
3315 3199 3408 3252 ἐπὶ
3451 3198 3550 3269 τήν
3591 3197 3911 3268 ’Δραϐισσῦν

2341 3290 2773 3361 κατεδράμομεν,
2807 3288 3206 3360 ἀσφαλέστερον
3231 3287 3334 3358 μέν
3363 3287 3472 3341 τῶν
3495 3285 3670 3340 ἀλλων
3695 3287 3911 3358 χωρίων

2340 3379 2401 3432 τὸ
2425 3382 2482 3432 ἐν
2521 3380 2656 3450 αὐτῇ
2681 3378 2940 3450 φρούριον
2964 3378 3212 3450 εὑρόντες
3245 3376 3397 3447 (οὑδέ
3433 3377 3538 3448 γάρ
3570 3379 3627 3430 ἐν
3662 3379 3726 3446 τῇ
3757 3376 3914 3430 πόλει

2340 3467 2620 3538 διάγομεν,
2651 3466 2949 3537 ἐπειδήπερ
2980 3465 3100 3520 οὑδέ
3122 3465 3282 3518 τοῦτο
3314 3465 3594 3535 ἀσφαλὲς),
3637 3465 3913 3535 δεσμωτη-

2345 3557 2461 3628 ρίου
2489 3555 2547 3609 δέ
2578 3554 2776 3618 παντὸς
2824 3556 3046 3625 χείρονα
3074 3553 3438 3625 ὑπομένοντες
3467 3553 3697 3624 οῖκησιν.
3753 3553 3911 3606 Μετά

2341 3648 2450 3718 γὰρ
2480 3645 2574 3700 τοῦ
2613 3645 2734 3699 καθ’
2763 3645 3021 3716 ἑκάστην,
3059 3644 3136 3708 ὡς
3198 3646 3392 3709 εἰπεῖν,
3427 3643 3525 3715 τήν
3561 3643 3771 3715 ἡμέραν
3818 3645 3912 3698 ἐπὶ

2342 3736 2534 3806 θύραις
2569 3737 2699 3805 ήμῖν
2726 3729 2867 3787 εἶναι
2891 3734 2982 3787 τὸν
3012 3733 3262 3798 θάνατον,
3293 3732 3403 3787 τῶν
3445 3731 3705 3804 Ἰσαὺρων
3732 3732 3912 3788 πάντα

2341 3823 2735 3885 ἐπιόντων,καὶ
2764 3821 2898 3892 πυρὶ
2927 3821 3020 3874 καὶ
3053 3821 3255 3892 σιδήρῳ
3281 3822 3376 3875 καὶ
3401 3821 3625 3892 σώματα
3655 3821 3747 3875 καὶ
3763 3822 3911 3874 οἰκο-

2341 3911 2630 3981 δομήματα
2655 3909 3041 3978 ἀφανιζόντων,
3070 3911 3164 3966 καὶ
3200 3907 3355 3980 λιμὸν
3382 3908 3692 3980 δεδοίκαμεν
3717 3951 3731 3974 ,
3771 3909 3832 3963 δν
3874 3911 3910 3980 ή

2345 3998 2674 4071 στενοχωρία
2691 4001 2784 4053 καὶ
2811 3999 2870 4052 τὸ
2897 3999 3094 4070 πλῆθος
3108 3997 3217 4052 τῶν
3243 3997 3476 4053 ἐνταῦθα
3498 3997 3910 4069 συνδραμόντων

2343 4091 2516 4142 ποιεῖν
2545 4087 2775 4143 ἀπειλεῖ.
2830 4087 2939 4141 Καὶ
2966 4087 3274 4158 ἀρρωστίαν
3313 4086 3371 4140 δέ
3423 4085 3644 4157 μακράν
3671 4086 3772 4156 τήν
3799 4087 3910 4142 ἀπὸ

2341 4174 2436 4230 τοῦ
2470 4175 2732 4247 χειμῶνος
2761 4175 2856 4228 καὶ
2893 4173 2992 4245 τῆς
3023 4173 3276 4243 συνεχοῦς
3319 4174 3500 4244 φυγῆς
3543 4173 3910 4244 ἐγγενομένην

2341 4265 2471 4335 ήμῖν
2495 4263 2903 4334 ὑπομείναντες,
2935 4261 3030 4314 νῦν
3058 4260 3118 4314 τὸ
3143 4261 3241 4332 μέν
3268 4261 3504 4331 χαλεπὸν
3528 4261 3697 4330 αὐτῆς
3723 4261 3908 4316 διαπε-

2342 4353 2621 4423 φεύγαμεν
2647 4393 2664 4418 ,
2715 4350 2870 4420 ὀλίγα
2921 4350 2977 4404 δέ
3020 4350 3188 4420 αὑτῆς
3237 4349 3609 4422 περιφέρομεν
3657 4349 3906 4420 λείψανα.

2341 4442 2483 4494 ⁹Δλλ“
2512 4443 2660 4511 ὅμως
2685 4443 2779 4494 καὶ
2801 4444 2857 4493 ἐν
2884 4438 3158 4502 τοσούτοις
3181 4439 3332 4501 ὄντες
3364 4441 3553 4504 κακοῖς
3579 4450 3604 4479 ο
3632 4440 3726 4494 καὶ
3753 4439 3907 4512 τηλι-

2343 4530 2568 4593 καύταις
2590 4529 2959 4600 περιστάσεσι,
2983 4527 3244 4598 μεγίστην
3265 4526 3624 4599 καρπούμεθα
3649 4545 3909 4600 παραμυ-

2343 4617 2464 4672 θίαν
2486 4619 2548 4671 ἐκ
2571 4617 2669 4688 τῆς
2696 4617 2964 4687 ὑμετέρας
2992 4616 3231 4685 ἀγάπης,
3259 4615 3359 4685 τῆς
3385 4615 3618 4687 θερμῆς,
3659 4616 3752 4670 καὶ
3773 4633 3908 4687 γνη-

2343 4708 2484 4770 σίας,
2509 4707 2602 4760 καὶ
2627 4705 3047 4776 ἀπεριτρέπτου.
3078 4704 3244 4758 Ταῦτ’
3268 4700 3362 4758 οὖν
3397 4704 3598 4768 ειδότες
3616 4743 3632 4768 ,
3668 4705 3905 4776 συνεχῶς

2342 4796 2474 4866 ἡμῖν
2495 4791 2937 4862 εὐαγγελίζεσθαι
2963 4791 2982 4832 ί
3014 4793 3141 4864 περὶ
3163 4792 3261 4863 τῆς
3288 4792 3497 4860 ὑγιείας
3519 4792 3616 4862 τῆς
3639 4793 3907 4864 ὑμετέρας

2345 4882 2421 4954 μή
2451 4882 2781 4936 κατοκνεῖτε.
2843 4880 2905 4934 El
2960 4879 3069 4951 γὰρ
3098 4879 3192 4932 καὶ
3247 4881 3312 4932 ἐκ
3336 4880 3588 4934 τοσούτου
3621 4879 3910 4950 καθήμεθα

2341 4971 2730 5040 διαστήματος,
2757 4967 2870 5022 ἀλλ’
2902 4969 3048 5037 ὅμως
3074 4970 3140 5039 τῇ
3163 4967 3265 5037 τῆς
3287 4967 3506 5038 ἀγάπης
3549 4966 3738 5021 ἁλύσει
3771 4968 3911 5036 μετά

2343 5057 2544 5128 πολλῆς
2589 5057 2718 5127 ὑμῖν
2774 5055 3131 5127 συνδεδέμεθα
3155 5055 3255 5123 τῆς
3291 5053 3593 5126 ἀκριϐείας.
3627 5054 3803 5124 Χάριν
3850 5054 3909 5107 δέ

2343 5145 2452 5217 ἔχω
2478 5162 2569 5197 σου
2597 5142 2793 5212 πολλὴν
2817 5146 2882 5213 τῇ
2923 5142 3214 5213 τιμιότητι,
3239 5142 3320 5195 δτι
3359 5142 3455 5195 καὶ
3478 5141 3587 5195 τῶν
3608 5141 3668 5194 ὲν
3687 5140 3909 5213 Φοινίκῃ

2345 5233 2704 5304 πραγμάτων,
2736 5233 2827 5285 καὶ
2854 5234 2912 5286 ἐν
2948 5231 3236 5293 τοσαύταις
3271 5229 3347 5284 ὣν
3372 5231 3660 5301 ταραχαῖς,
3707 5227 3907 5301 πολλὴν

2343 5327 2469 5394 ποιῇ
2502 5322 2753 5392 σπουδήν.
2783 5323 2878 5376 Ἂν
2909 5319 3002 5376 οὖν
3023 5339 3074 5375 τι
3100 5319 3263 5372 πλέον
3284 5319 3494 5372 ἐκεῖθεν
3519 5316 3903 5386 ἐπαγγελθείη,

2339 5413 2577 5482 δηλῶσαι
2602 5414 2734 5482 ήμῖν
2766 5412 2841 5482 μὴ
2879 5409 3239 5479 κατοκνήσῃς.
3281 5407 3440 5477 Ἡμῖν
3466 5405 3577 5476 γὰρ
3609 5404 3782 5469 οὐδεὶς
3817 5403 3907 5457 οὑο

2340 5500 2572 5572 δαμόθεν
2618 5498 2826 5569 ταχέως
2875 5495 3260 5570 ἐπιχωριάζειν
3293 5494 3546 5565 ἀνέχεται
3571 5492 3720 5560 ,τῶν
3769 5491 3908 5546 ὁδῶν

2402 5636 2430 5706 ?
2453 5633 2890 5706 ωηιπεριτρέμιν
2911 5631 3048 5706 ἡμῶν
3066 5624 3730 5706 τῆέ,σηρξιες,.ςοέἓ¹ίὲεεὲ
3755 5621 3903 5706 ἓξὲξ

2339 5698 2390 5772 ια
2409 5702 2550 5744 textu
2573 5687 2710 5772 ἡμῶν
2741 5687 2808 5756 ’τῇ
2850 5687 3080 5756 σωτηρία.
3109 5689 3232 5753 Reg.
3259 5687 3317 5740 et
3341 5687 3492 5740 Savil.
3516 5689 3566 5738 in
3589 5700 3741 5750 marg.
3769 5687 3903 5749 ἡμῶν

2340 5760 2424 5817 τήν
2445 5760 2700 5818 σωτηρίαν.

2411 5833 2434 5859 ο
2459 5817 2716 5866 'I‘res’mss.
2746 5818 2874 5872 ὄντες
2895 5817 3078 5872 δεινοις.

2411 5879 2432 5922 ί
2459 5880 2652 5938 Εοίεηη.
2677 5883 2798 5940 ἡμᾶς
2819 5876 3202 5940 εὐαγγελίζεσθαι.
