4172 6492
303 424 416 480 6ιὸ

303 545 416 601 bet.
448 541 574 600 Haec
604 549 782 598 autem
809 538 946 604 dixi,
985 548 1043 594 ut
1083 539 1196 594 sive
1225 537 1548 604 scribamus,
1579 537 1692 594 sive
1717 546 1891 593 tacea—

302 652 448 705 mus,
479 636 723 694 eamdem
751 635 821 692 de
845 643 1026 690 nostra
1049 648 1175 704 erga
1200 647 1296 688 vos
1321 632 1542 688 caritate
1571 629 1889 686 sententiam

304 730 511 788 feratis.
536 728 646 786 Nos
670 728 837 794 enim,
867 741 1204 797 quocumque
1224 725 1277 780 in
1306 724 1426 780 loco
1450 724 1634 786 simus,
1666 721 1888 778 incisam

323 837 360 875 η
403 822 584 876 animo
625 829 812 875 nostro
854 819 1019 874 vestri
1070 817 1391 874 memoriam
1436 813 1885 871 circumferimus.

307 912 387 968 Ac
428 927 568 967 nunc
596 909 810 981 quidem
842 908 1111 980 ingentem
1160 908 1311 963 vobis
1339 908 1562 978 gratiam
1607 906 1885 969 habemus,

303 1003 452 1074 quod
479 1002 702 1074 probum
729 1001 1048 1055 monachum
1069 1014 1189 1056 cum
1216 1014 1301 1065 ea,
1329 1015 1448 1068 quae
1469 1014 1495 1050 a
1524 997 1677 1053 vobis
1705 1007 1888 1068 postu-

303 1100 537 1165 labatur,
588 1096 960 1153 benevolentia
1011 1094 1344 1165 suscepistis,
1383 1107 1603 1164 eosque,
1649 1092 1738 1163 qui
1784 1092 1886 1146 im-

304 1200 539 1260 portune
576 1187 833 1243 adversus
882 1203 1003 1242 eum
1054 1185 1218 1242 rixari
1275 1184 1599 1254 cupiebant,
1650 1183 1888 1237 mitiores

304 1281 638 1337 reddidistis.
667 1280 844 1348 Quare
884 1296 987 1335 non
1022 1278 1255 1343 frustra,
1292 1292 1389 1332 nec
1420 1273 1672 1332 adulandi
1710 1274 1888 1330 studio

301 1372 435 1428 illud
464 1372 730 1437 dicebam,
757 1387 872 1437 vos,
902 1371 1110 1426 etiamsi
1141 1369 1406 1424 innumeri
1439 1368 1671 1436 undique
1696 1365 1887 1421 ﬂuctus

300 1464 638 1530 excitentur,
684 1463 738 1518 in
771 1462 1154 1533 tranquillitate
1188 1471 1368 1517 tamen
1410 1475 1552 1518 esse.
1593 1459 1725 1514 Nam
1765 1473 1886 1513 cum

297 1557 369 1610 ab
398 1555 518 1610 aliis
548 1555 823 1626 naufragia
850 1554 1002 1610 facile
1036 1553 1390 1623 propulsetis,
1420 1568 1524 1605 non
1553 1560 1637 1606 est
1664 1550 1884 1604 dubium

297 1647 430 1717 quin
472 1645 573 1717 ipsi
605 1645 788 1717 procul
817 1661 846 1699 a
873 1653 1190 1714 tempestate
1215 1641 1414 1698 remoti
1446 1642 1582 1696 sitis.
1614 1640 1721 1695 Vos
1761 1654 1888 1694 vero

299 1755 465 1810 quam
499 1738 818 1810 saepissime,
850 1751 1064 1807 quaeso,
1099 1735 1168 1791 de
1194 1744 1370 1789 vestra
1397 1735 1538 1789 bona
1576 1731 1888 1788 valetudine

301 1831 374 1885 ad
407 1846 506 1887 nos
531 1831 714 1886 literas
737 1829 880 1884 date.
907 1828 1090 1900 Neque
1127 1828 1269 1883 enim
1301 1827 1470 1897 ignari
1494 1825 1657 1892 estis,
1690 1833 1888 1894 quanto

299 1922 457 1977 nobis
485 1921 662 1977 studio
685 1921 755 1975 sit
782 1920 834 1976 id
860 1920 1017 1976 scire.
1047 1919 1215 1974 Tanta
1255 1918 1397 1973 enim
1425 1925 1730 1972 vestrarum
1762 1915 1886 1972 lite-

300 2029 503 2078 rarum,
533 2027 656 2066 cum
683 2012 891 2066 firmam
922 2022 1156 2068 vestram
1184 2009 1546 2066 valetudinem
1572 2007 1726 2064 nobis
1752 2023 1891 2062 nun-

302 2109 458 2172 tiant,
489 2107 570 2160 vis
598 2098 662 2160 ac
713 2104 944 2162 facultas
971 2114 1090 2171 est,
1120 2114 1180 2159 ut
1208 2103 1452 2174 quamvis
1494 2110 1571 2156 tot
1598 2101 1887 2166 aerumnis,

297 2197 476 2260 bellis.
519 2197 852 2262 tumultibus,
899 2195 1423 2269 perturbationibus,
1464 2193 1889 2264 qu0tidianisque

301 2289 562 2346 mortibus
585 2290 817 2361 undique
842 2290 1140 2360 cingantur,
1171 2299 1348 2344 tamen
1375 2302 1496 2342 cum
1522 2296 1598 2341 tot
1624 2283 1889 2355 ejusmodi

301 2380 506 2437 avobis
529 2381 783 2451 epistolas
821 2379 1130 2450 accipimus,
1178 2394 1289 2450 prae
1328 2378 1522 2450 gaudio
1571 2373 1888 2442 volitemus,

302 2471 706 2542 maximamque
748 2471 874 2527 hinc
910 2471 1329 2528 consolationem
1357 2471 1668 2525 sentiamus.
1695 2465 1890 2538 Hujus.

303 2562 451 2618 modi
477 2563 674 2635 quippe
697 2572 783 2619 est
810 2564 1055 2620 sincerus
1081 2579 1267 2631 amor,
1298 2572 1360 2618 ut
1389 2563 1550 2618 etiam
1587 2578 1682 2632 per
1710 2561 1892 2616 literas

306 2655 486 2710 imum
515 2657 655 2710 hunc
682 2656 926 2710 nuntium
953 2654 1262 2722 afferentes,
1285 2669 1380 2709 eos
1404 2655 1494 2724 qui
1524 2665 1751 2722 corpore
1777 2651 1889 2706 diss

301 2745 470 2818 juncti
491 2757 617 2802 sunt
640 2745 894 2818 perfacile
922 2762 1168 2803 recreare
1195 2761 1258 2802 ac
1279 2746 1500 2801 reficere
1531 2744 1718 2815 possit.

375 2885 616 2943 LXVII.
642 2886 898 2943 Theodoto
923 2887 1154 2941 diacono.
1176 2884 1474 2958 (Ambisso,
1498 2892 1557 2940 ut
1579 2893 1818 2955 putatur,

937 2993 1076 3034 anno
1112 2979 1264 3049 406).

377 3116 497 3189 Ipse
537 3114 752 3189 quidem
771 3157 787 3181 ,
816 3113 1264 3172 reverendissime
1287 3127 1352 3170 ac
1389 3112 1792 3185 religiosissime
1819 3110 1896 3168 mi

301 3210 550 3276 domine,
595 3210 661 3266 iis
686 3209 874 3266 saltem
922 3208 1110 3276 malis,
1139 3207 1332 3278 quibus
1357 3207 1611 3263 Armenia
1651 3205 1892 3271 laborat,

309 3301 598 3358 defunctus
624 3316 722 3357 es:
751 3315 850 3356 nos
892 3308 1070 3354 autem
1099 3307 1294 3369 przeter
1331 3313 1427 3354 eos
1467 3299 1758 3365 tumultus,
1786 3297 1896 3352 imo

308 3393 645 3466 quatidianas
694 3400 898 3448 mortes
940 3406 1062 3462 quas
1105 3389 1194 3446 hic
1219 3390 1421 3461 vigent,
1463 3389 1593 3445 illud
1632 3404 1739 3444 non
1781 3388 1898 3444 vul-

308 3490 512 3561 gariter
535 3487 855 3554 discruciat,
898 3485 1039 3558 quod
1082 3500 1114 3540 a
1159 3493 1247 3540 tua
1274 3500 1487 3556 quoque
1525 3484 1806 3550 suavitate,
1833 3496 1895 3538 ac

306 3596 434 3638 vera
458 3589 514 3638 et
537 3582 751 3637 sincera
792 3579 1162 3637 benevolentia
1191 3579 1382 3634 divulsi
1417 3594 1621 3634 sumus.
1655 3577 1898 3633 Accessit

305 3671 471 3726 etiam
503 3671 571 3725 ad
599 3669 758 3742 hujus
795 3670 1048 3726 maeroris
1076 3670 1350 3726 cumulum
1391 3669 1703 3724 diuturnum
1745 3679 1895 3724 tuum

306 3762 602 3819 silentium.
627 3762 758 3817 Nam
782 3777 850 3819 ex
871 3777 976 3832 quo
999 3762 1085 3818 die
1110 3761 1236 3816 hinc
1256 3761 1570 3823 discessisti,
1601 3760 1893 3816 secundam

307 3853 451 3909 hanc
475 3852 754 3909 dumtaxat
782 3853 1066 3924 epistolam
1095 3851 1444 3923 accepimus:
1485 3866 1584 3906 nec
1624 3865 1754 3906 vero
1780 3850 1896 3906 haec

307 3945 596 4003 accusandi
637 3949 712 4000 tul
751 3959 914 4000 causa
952 3958 1338 4010 commemoro,
1381 3942 1476 3999 sed
1515 3943 1703 3998 dolore
1743 3957 1894 3997 com-

308 4047 511 4094 motus.
534 4037 668 4093 Nam
691 4037 832 4109 quod
855 4037 955 4094 iter
973 4035 1117 4092 istud
1138 4035 1206 4091 ad
1229 4051 1325 4091 nos
1338 4035 1632 4090 viatoribus
1652 4035 1895 4091 clausum

310 4129 404 4195 sit,
435 4129 707 4184 neminem
735 4127 871 4199 fugit
896 4145 910 4181 :
939 4142 1126 4182 verum
1155 4137 1215 4182 ut
1239 4127 1340 4183 hoc
1371 4127 1464 4182 tibi
1494 4128 1895 4182 excusationem

310 4221 488 4291 affert,
522 4224 594 4277 ita
627 4236 724 4277 nos
765 4236 870 4276 non
901 4219 1125 4293 perinde
1171 4220 1515 4286 consolatur;
1547 4221 1672 4291 quin
1719 4220 1897 4291 potius

313 4314 418 4371 hoc
445 4315 565 4384 ipso
589 4328 802 4384 quoque
835 4313 1053 4368 nomine
1081 4311 1415 4383 potissimum
1444 4312 1722 4382 angimur,
1755 4309 1897 4382 quod

313 4423 376 4465 ea
403 4422 617 4479 quoque
642 4406 912 4476 digressus
941 4406 1013 4459 tui
1035 4415 1194 4477 atque
1222 4405 1479 4459 absentiae.
1503 4403 1893 4468 consolatione,

321 4515 444 4570 qua:
473 4500 628 4553 unica
657 4499 811 4553 nobis
836 4507 972 4566 erat,
995 4513 1267 4570 caremus.
1295 4497 1556 4564 Quoniam
1596 4497 1755 4566 igitur
1781 4495 1898 4551 hrec

313 4592 601 4648 difficultas
647 4591 700 4646 iu
744 4590 1030 4661 praesentia
1077 4589 1271 4646 discuti
1317 4605 1423 4645 non
1467 4597 1662 4659 potest,
1711 4604 1897 4644 verum

314 4683 553 4755 pericula
598 4682 835 4753 quotidie
883 4683 1295 4753 ingravescunt,
1339 4681 1500 4737 velim
1541 4681 1645 4736 alia
1691 4683 1900 4736 ratione

315 4775 629 4832 maestitiam
674 4790 826 4839 eam,
876 4789 1035 4845 quam
1075 4789 1141 4830 ex
1181 4773 1340 4844 longo
1386 4782 1478 4828 tuo
1521 4773 1737 4829 silentio
1770 4788 1902 4828 con-

318 4866 612 4932 traximus,
635 4865 975 4922 minuendam
998 4881 1161 4922 cures
1182 4907 1196 4931 ,
1221 4865 1472 4920 nimirum
1501 4874 1559 4919 ut
1591 4865 1762 4920 nostri
1787 4880 1900 4920 me-

315 4961 545 5016 moriam
573 4974 860 5029 numquam
898 4958 1242 5024 intermittas,
1273 4967 1330 5014 et
1370 4973 1493 5013 cum
1521 4957 1588 5012 ad
1628 4972 1727 5012 nos
1768 4957 1903 5013 scri-

316 5054 433 5117 bes,
463 5050 735 5122 longiores
776 5050 1032 5122 epistolas
1075 5049 1267 5115 facias,
1298 5057 1459 5120 atque
1497 5048 1550 5104 in
1582 5048 1900 5118 exponendo

315 5142 644 5200 valetudinis
697 5151 800 5199 tua:
850 5151 1026 5207 statu,
1085 5142 1356 5212 animique
1408 5140 1794 5210 tranquillitate
1843 5149 1902 5196 et

316 5237 606 5294 securitate
641 5249 846 5289 moram
879 5234 1079 5288 trahas.
1124 5231 1216 5288 Sic
1255 5232 1430 5297 enim,
1458 5231 1602 5301 quod
1646 5231 1801 5287 nobis
1833 5247 1901 5286 ex

321 5340 563 5398 tempore
590 5325 806 5396 deficit,
835 5342 902 5383 ex
942 5327 1290 5398 epistolarum
1333 5325 1662 5396 longitudine
1701 5325 1903 5381 sarcire

320 5421 544 5496 poteris.

511 5556 607 5612 ιι
621 5556 788 5615 γιιι.
828 5556 1031 5614 Eidem.
1077 5557 1352 5632 (Arabisso
1376 5573 1517 5614 anno
1544 5557 1697 5630 £06.)

393 5694 452 5752 Id
480 5710 692 5767 quoque
722 5705 867 5751 tuum
895 5705 976 5752 est
997 5738 1013 5764 ,
1044 5695 1146 5753 hoc
1166 5706 1250 5752 est
1271 5696 1501 5751 hominis
1529 5697 1724 5751 acriter
1746 5706 1908 5768 atque

319 5787 575 5846 ardenter
615 5804 713 5845 nos
761 5791 1006 5846 amantis.
1051 5789 1213 5847 Lecta
1251 5789 1394 5846 enim
1432 5789 1609 5860 priore
1654 5788 1904 5863 epistola.

320 5879 616 5939 secundam
668 5880 887 5953 insuper
935 5883 1158 5955 accepi,
1206 5880 1396 5940 eodem
1451 5891 1730 5955 utramque
1762 5886 1848 5943 die
1887 5897 1905 5948 ς

1747 420 2026 479 EPISTOL
2037 418 2125 483 Ξ.

3472 441 3578 498 (iiii

1997 549 2291 606 magnaque
2321 531 2499 588 laetitia
2529 544 2645 584 sum
2672 530 2912 586 allectus.
2963 534 3198 593 liabebat
3221 540 3366 597 enim
3403 555 3582 615 poste-

1995 628 2106 684 rior
2135 627 2384 699 quiddam
2425 627 2653 698 amplius
2683 648 2697 683 :
2729 631 2926 701 quippe
2960 646 3066 688 ncn
3115 633 3269 688 verba
3309 634 3587 693 dumtaxat

1995 727 2082 773 tua
2102 759 2117 779 ,
2147 718 2240 774 sed
2279 719 2442 773 etiam
2470 719 2724 790 scriptum
2755 730 2901 776 tuum
2928 723 3082 778 nobis
3107 723 3411 793 indicabat;
3439 731 3582 798 qnml

1993 809 2204 880 quidem
2231 809 2555 879 voluptatem
2586 814 2746 866 etiam
2783 813 2935 868 nobis
2961 817 3109 870 auxit
3138 833 3152 870 :
3179 831 3283 875 nec
3308 821 3448 873 enim
3479 820 3579 875 fer-

1996 901 2173 956 ventis
2205 899 2482 955 dumtaxat
2523 916 2585 956 ac
2624 903 2849 957 sincera:
2877 906 3070 961 anima:
3112 916 3248 969 utre.
3289 908 3382 965 sed
3421 911 3581 965 etiam

1992 991 2209 1060 insuper
2237 1006 2427 1047 manus
2461 993 2744 1064 imaginem
2785 997 3180 1066 conspeximus.
3221 999 3398 1066 Quare
3423 1017 3584 1074 quam

1991 1082 2286 1154 saepissime
2323 1083 2376 1139 id
2404 1084 2568 1140 facias
2594 1127 2610 1151 ,
2639 1101 2825 1156 qutesu
2848 1126 2867 1155 ,
2893 1103 2958 1142 ac
2987 1090 3236 1146 solatium
3263 1092 3414 1159 illud,
3441 1093 3582 1164 quod

1992 1177 2146 1233 nobis
2191 1175 2290 1232 hac
2333 1192 2545 1248 quoque
2581 1178 2787 1236 ratione
2826 1181 3175 1251 excogitasti,
3227 1184 3432 1253 prolixe
3477 1186 3580 1241 im-

1991 1270 2209 1340 pertias.
2261 1269 2373 1324 iluc
2399 1270 2542 1324 enim
2575 1280 2626 1326 te
2653 1270 2864 1327 trahere
2889 1273 3108 1329 minime
3137 1274 3246 1346 jam
3285 1276 3540 1334 audemus
3567 1298 3580 1334 :

1992 1371 2068 1416 tot
2096 1363 2364 1417 Armenize
2407 1364 2543 1416 mala
2585 1371 2747 1431 sunt,
2776 1379 2841 1420 ac
2881 1374 3172 1436 tempestas
3197 1367 3363 1425 altera
3404 1373 3580 1426 omnia

1992 1453 2222 1523 excepit.
2267 1453 2398 1508 Nam
2425 1469 2762 1526 quocumque
2793 1456 3005 1511 tandem
3051 1459 3316 1529 quispiam
3355 1464 3581 1530 venerit,

1991 1553 2242 1599 cruentos
2269 1553 2535 1601 torrentes
2554 1587 2570 1614 ,
2615 1547 2934 1602 cadaverum
2969 1549 3176 1620 agmina
3201 1593 3216 1617 ,
3249 1552 3439 1608 domos
3467 1557 3582 1611 solo

1990 1647 2256 1706 arquatas,
2300 1636 2461 1692 urbes
2491 1653 2705 1693 eversas
2732 1639 3033 1710 perspiciet.
3065 1639 3174 1696 Nos
3198 1653 3375 1698 autem
3399 1685 3415 1710 ,
3444 1654 3583 1707 tam-

1991 1728 2090 1783 etsi
2139 1728 2376 1796 periculo
2401 1729 2554 1783 vacui
2601 1744 2722 1785 esse
2767 1729 3063 1799 videamur,
3097 1733 3151 1787 in
3177 1733 3279 1789 hoc
3308 1735 3578 1804 praesidio,

1992 1829 2261 1889 tamquam
2289 1820 2440 1890 gravi
2469 1821 2702 1892 quodam
2729 1838 2946 1879 carcere
2975 1825 3216 1882 conclusi
3241 1867 3256 1891 ,
3304 1837 3481 1884 tamen
3513 1832 3583 1884 ob

1991 1910 2329 1979 quotidianos
2371 1921 2579 1982 metus,
2609 1913 2681 1970 ob
2713 1930 2958 1971 rumores
2991 1916 3227 1973 credibus
3261 1918 3480 1988 plenos.
3515 1924 3585 1976 ob

1992 2014 2278 2074 perpetuas
2322 2005 2678 2061 lsauricarum
2720 2012 3095 2064 excursionum
3131 2013 3582 2081 exspectationes.

1991 2098 2061 2154 ob
2085 2101 2328 2168 corporis
2347 2099 2579 2172 denique
2601 2101 3041 2169 imbecillitatem,
3069 2121 3191 2160 cum
3218 2121 3322 2175 qua
3350 2107 3417 2161 ad
3445 2108 3586 2164 hunc

1992 2206 2163 2261 usque
2205 2190 2346 2247 diem
2397 2191 2696 2260 luctamur,
2753 2196 3134 2260 tranquillitate
3182 2211 3246 2252 ac
3295 2199 3583 2253 securitate

1993 2282 2094 2338 frui
2142 2284 2365 2340 minime
2410 2299 2714 2354 possumus.
2765 2287 2873 2343 Sed
2916 2298 3096 2345 tamen
3128 2292 3290 2348 etiam
3335 2293 3476 2348 inter
3510 2300 3587 2348 tot

1994 2377 2133 2430 mala
2175 2392 2283 2433 non
2327 2393 2553 2448 parvum
2596 2381 2846 2436 solatium
2895 2385 3176 2454 capimus,
3233 2401 3354 2440 cum
3400 2387 3586 2442 literas

1994 2467 2174 2523 laetum
2222 2469 2290 2524 de
2331 2479 2418 2525 tua
2463 2470 2615 2527 firma
2657 2472 2960 2530 valetudine
3007 2477 3252 2532 nuntiem
3299 2477 3586 2537 afferentes

1993 2576 2306 2631 acetptmus.

2065 2692 2272 2749 LXIX.
2317 2693 2536 2750 Nicolao
2565 2698 2874 2769 presbytero.
2906 2699 3185 2770 (Arabisso
3203 2700 3512 2773 ειηιιοιῦϐ.)

2067 2827 2210 2884 Istud
2240 2844 2450 2901 quoque
2475 2831 2699 2887 sincera:
2728 2843 2832 2888 tua:
2859 2849 2924 2889 ac
2952 2832 3206 2891 ferventis
3229 2837 3467 2894 caritatis
3482 2847 3587 2907 est,

1993 2921 2138 2993 quod
2163 2938 2284 2977 cum
2317 2933 2464 2978 tanto
2491 2939 2520 2978 a
2544 2924 2698 2980 nobis
2735 2926 3013 2982 intervallo
3037 2928 3257 2984 dissitus
3280 2932 3377 2997 sis,
3410 2940 3585 2989 tamen

1995 3015 2063 3071 de
2099 3016 2270 3071 salute
2306 3026 2489 3071 nostra
2519 3018 2592 3073 sls
2621 3019 2902 3075 sollicitus.
2955 3021 3131 3092 Nuper
3159 3023 3371 3094 quidem
3399 3040 3588 3097 asper-

1996 3109 2130 3163 rima
2183 3107 2364 3165 hieme
2413 3109 2528 3165 loca
2573 3110 2801 3166 subinde
2850 3125 3280 3181 commutantes,
3334 3133 3478 3174 nunc
3533 3119 3585 3175 in

1998 3201 2236 3267 urbibus,
2269 3217 2411 3257 nunc
2441 3203 2493 3256 in
2521 3213 2676 3258 terra:
2703 3202 2944 3260 faucibus
2982 3215 3036 3261 et
3079 3206 3242 3278 sylvis
3271 3210 3590 3266 commorati

1996 3308 2202 3359 sumus,
2231 3293 2300 3348 ab
2319 3292 2617 3350 Isaurorum
2648 3297 2948 3352 incursibus
2968 3299 3338 3371 undecumque
3355 3302 3586 3371 expulsi.

1997 3386 2236 3443 Tandem
2264 3397 2444 3444 autem
2478 3389 2764 3460 aliquando
2806 3390 2890 3447 bis
2919 3392 3072 3447 malis
3101 3394 3340 3450 nonnihil
3369 3394 3587 3464 sedatis,

1999 3479 2115 3536 loca
2157 3481 2369 3536 deserta
2409 3482 2816 3552 relinquentes,
2865 3485 3180 3541 Arabissnm
3227 3485 3587 3558 confugimus,

1999 3570 2143 3641 quod
2178 3571 2426 3627 videlicet
2465 3572 2607 3626 illius
2653 3573 2833 3645 Oppidi
2873 3591 3052 3630 arcem
3098 3576 3317 3648 reliquis
3344 3576 3476 3633 locis
3505 3589 3588 3633 tu-

2001 3665 2189 3720 tiorem
2218 3664 2605 3721 invenissemus
2630 3685 2643 3721 :
2668 3683 2842 3737 neque
2862 3669 3004 3722 enim
3025 3669 3076 3724 in
3101 3669 3300 3740 Oppido
3320 3671 3584 3741 degimus,

2000 3757 2122 3824 quia
2153 3771 2220 3812 ne
2247 3755 2298 3811 id
2325 3756 2538 3827 quidem
2570 3768 2739 3813 tutum
2779 3770 2893 3825 est;
2941 3770 3024 3816 est
3057 3771 3235 3817 autem
3276 3764 3430 3818 nobis
3475 3764 3591 3819 haec

1999 3848 2158 3904 sedes
2180 3850 2369 3918 quovis
2400 3864 2619 3905 carcere
2650 3850 2904 3909 deterior.
2955 3851 3157 3909 Praeter
3195 3853 3248 3910 id
3274 3855 3418 3910 enim
3445 3856 3590 3928 quod

2001 3940 2238 4011 singulos
2267 3941 2322 3995 in
2351 3940 2497 4008 dies,
2540 3953 2596 3996 ut
2643 3942 2715 3997 ita
2756 3943 2930 3999 dicam
2957 3986 2970 4009 ,
3019 3961 3116 4015 pro
3167 3945 3366 4003 foribus
3396 3950 3595 4006 nostris

2001 4047 2148 4088 mors
2176 4041 2293 4100 est,
2345 4031 2541 4089 lsattris
2569 4035 2748 4090 omnia
2774 4037 3180 4105 invadentibus,
3211 4049 3370 4111 atque
3395 4041 3501 4113 igni
3536 4053 3593 4100 et

2001 4124 2146 4180 ferro
2170 4133 2280 4180 tum
2310 4139 2535 4196 corpora
2559 4167 2575 4193 ,
2625 4137 2735 4182 tum
2769 4128 2992 4185 aedificia
3023 4130 3324 4188 delentibus
3347 4173 3360 4197 ,
3391 4133 3586 4190 famem

2003 4216 2161 4270 etiam
2183 4257 2200 4284 ,
2240 4232 2400 4288 quam
2431 4218 2534 4272 loci
2575 4221 2814 4289 angustia
2843 4229 2897 4276 et
2931 4237 3116 4277 eorum
3147 4223 3235 4293 qui
3277 4223 3380 4279 huc
3405 4227 3572 4282 confu

1990 4308 2155 4380 .giunt
2193 4309 2475 4364 multitudo
2509 4309 2784 4377 minatur,
2829 4315 3275 4383 pertimescimus.
3328 4320 3406 4372 Ac
3457 4334 3594 4388 prae-

2007 4409 2149 4455 terea
2179 4400 2431 4456 diuturno
2460 4402 2646 4457 morbo
2667 4445 2681 4469 ,
2711 4419 2868 4474 quem
2913 4406 3066 4461 nobis
3107 4407 3277 4463 hiems
3307 4419 3360 4465 et
3391 4425 3586 4484 perpe-

2007 4501 2093 4546 tua
2114 4493 2232 4564 fuga
2255 4494 2480 4565 peperit,
2510 4493 2796 4550 conflictati
2821 4539 2836 4563 ,
2866 4498 2962 4551 etsi
2987 4499 3093 4552 vim
3118 4500 3284 4569 ipsius
3305 4510 3358 4555 et
3377 4503 3589 4559 acerbi-

2008 4596 2167 4641 tatem
2196 4602 2338 4642 nunc
2369 4586 2678 4656 eﬂ‘ugimus,
2709 4591 2992 4645 nonnullas
3017 4602 3195 4647 tamen
3221 4593 3397 4650 adhuc
3428 4597 3594 4665 ipsius

2007 4677 2261 4748 reliquias
2285 4679 2733 4735 circumferimus.
2775 4680 2880 4736 Sed
2905 4697 3225 4753 quamquam
3253 4685 3306 4740 in
3333 4694 3411 4741 tot
3437 4690 3593 4743 malis

2007 4783 2071 4822 ac
2098 4769 2258 4823 tantis
2278 4768 2538 4824 molestiis
2564 4785 2867 4838 versamur,
2900 4788 3145 4843 magnam
3179 4783 3353 4830 tamen
3384 4792 3450 4832 cx
3484 4777 3594 4832 fer-

2008 4861 2154 4915 venti
2179 4871 2356 4915 vestra
2385 4869 2436 4916 et
2468 4861 2672 4916 sincera
2701 4870 2860 4932 atque
2898 4866 3164 4919 constanti
3199 4867 3421 4924 caritate
3457 4880 3594 4925 cen-

2009 4950 2324 5006 solationem
2351 4952 2609 5022 capimus.
2655 4954 2784 5019 Qnre
2809 4968 2930 5009 cum
2951 4957 3149 5021 sciatis,
3178 4972 3267 5022 ne,
3296 4973 3498 5027 quaeso,
3529 4960 3598 5015 de

2009 5057 2186 5098 vestra
2215 5047 2444 5100 sanitate
2468 5061 2627 5116 quam
2659 5048 2954 5116 saepissime
2990 5048 3056 5102 ad
3087 5065 3186 5105 nos
3215 5052 3449 5107 scribere
3473 5067 3599 5124 gra-

2012 5136 2230 5190 vemini.
2274 5135 2530 5203 Quamvis
2555 5138 2696 5193 enim
2744 5149 2891 5192 tanto
2919 5154 2947 5192 a
2970 5140 3121 5194 vobis
3164 5143 3339 5210 spatio
3366 5142 3591 5200 divella-

2014 5243 2177 5282 mur:
2207 5229 2519 5283 arctissimo‘
2552 5239 2730 5284 tamen
2775 5231 3014 5285 caritatis
3061 5233 3273 5288 vinculo
3319 5235 3593 5290 vobiscum

2014 5321 2245 5378 devincti
2291 5337 2497 5377 sumus.
2555 5323 2670 5376 Tibi
2705 5338 2834 5377 vero
2873 5325 3139 5394 ingentem
3181 5327 3402 5394 gratiam
3437 5327 3602 5383 habe-

2014 5429 2171 5479 mus,
2216 5414 2358 5486 quod
2412 5430 2534 5470 cum
2579 5416 2631 5468 in
2680 5424 2757 5468 tot
2805 5415 3071 5486 tantisque
3113 5418 3600 5486 perturbationibus

2013 5508 2281 5574 verseris,
2334 5523 2440 5563 non
2471 5521 2685 5577 parvam
2717 5517 2894 5563 tamen
2936 5508 3269 5577 negotiorum
3311 5509 3600 5566 Pbmnicize

2014 5615 2202 5655 curam
2228 5598 2388 5671 geris.
2417 5599 2756 5670 Quapropter
2781 5601 2827 5656 si
2855 5598 2980 5671 quid
3011 5602 3130 5655 novi
3155 5601 3301 5656 illinc
3325 5600 3597 5673 aﬂ'eratur,

2014 5710 2084 5750 ne
2126 5694 2280 5750 nobis
2325 5694 2375 5749 id
2416 5694 2718 5763 significare
2763 5695 3010 5766 pigreris.
3052 5694 3151 5750 Vix
3193 5696 3336 5751 enim
3380 5696 3483 5751 ulla
3534 5714 3601 5756 ex

2014 5795 2166 5847 parte
2191 5789 2468 5860 quisquam
2488 5787 2554 5842 ad
2578 5802 2675 5842 nos
2693 5803 2999 5843 commeare
3026 5787 3208 5856 audet,
3238 5787 3378 5862 quod
3407 5803 3598 5848 omnes

2014 5900 2116 5939 vra:
2135 5925 2150 5951 ,
2182 5898 2299 5953 quae
2330 5880 2432 5938 huc
2463 5881 2674 5949 ferunt,
2705 5879 2937 5954 undique
2962 5879 3156 5938 clausa:
3184 5881 3311 5940 sint.
3355 5882 3602 5938 Attamen
