  <div class='ocr_page' id='page_1' title='image "/cluster/home/n/w/nwhite01/storage/ocr_20150623/52/uva.x030486926/267.png"; bbox 0 0 4172 6492; ppageno 0'>
   <div class='ocr_carea' id='block_1_1' title="bbox 714 412 820 472">
    <p class='ocr_par' dir='ltr' id='par_1_1' title="bbox 714 412 820 472">
     <span class='ocr_line' id='line_1_1' title="bbox 714 412 820 472; baseline -0.019 -1"><span class='ocrx_word' id='word_1_1' title='bbox 714 412 820 472; x_wconf 65' lang='grc' dir='ltr'><strong>σιν</strong></span> 
     </span>
    </p>
   </div>
   <div class='ocr_carea' id='block_1_2' title="bbox 713 523 2270 594">
    <p class='ocr_par' dir='ltr' id='par_1_2' title="bbox 713 523 2270 594">
     <span class='ocr_line' id='line_1_2' title="bbox 713 523 2270 594; baseline -0.004 -7"><span class='ocrx_word' id='word_1_2' title='bbox 713 533 810 587; x_wconf 90' lang='lat' dir='ltr'><strong>etsi</strong></span> <span class='ocrx_word' id='word_1_3' title='bbox 839 530 1028 587; x_wconf 79' lang='lat' dir='ltr'><strong>erehro</strong></span> <span class='ocrx_word' id='word_1_4' title='bbox 1051 526 1116 583; x_wconf 90' lang='lat' dir='ltr'><strong>ad</strong></span> <span class='ocrx_word' id='word_1_5' title='bbox 1143 541 1240 583; x_wconf 87' lang='lat' dir='ltr'><strong>nos</strong></span> <span class='ocrx_word' id='word_1_6' title='bbox 1257 526 1439 582; x_wconf 90' lang='lat' dir='ltr'><strong>literas</strong></span> <span class='ocrx_word' id='word_1_7' title='bbox 1463 525 1673 580; x_wconf 89' lang='lat' dir='ltr'><strong>mittere</strong></span> <span class='ocrx_word' id='word_1_8' title='bbox 1699 523 1914 580; x_wconf 75' lang='lat' dir='ltr'><strong>difﬁcile</strong></span> <span class='ocrx_word' id='word_1_9' title='bbox 1937 525 2005 578; x_wconf 91' lang='lat' dir='ltr'><strong>sit</strong></span> <span class='ocrx_word' id='word_1_10' title='bbox 2023 566 2037 587; x_wconf 86' lang='lat'><strong>,</strong></span> <span class='ocrx_word' id='word_1_11' title='bbox 2066 525 2270 594; x_wconf 89' lang='lat' dir='ltr'><strong>quoties</strong></span> 
     </span>
    </p>
   </div>
   <div class='ocr_carea' id='block_1_3' title="bbox 713 616 2266 694">
    <p class='ocr_par' dir='ltr' id='par_1_3' title="bbox 713 616 2266 694">
     <span class='ocr_line' id='line_1_3' title="bbox 713 616 2266 694; baseline -0.005 -17"><span class='ocrx_word' id='word_1_12' title='bbox 713 633 910 694; x_wconf 74' lang='lat' dir='ltr'><strong>poteris</strong></span> <span class='ocrx_word' id='word_1_13' title='bbox 932 662 950 687; x_wconf 93' lang='lat'><strong>,</strong></span> <span class='ocrx_word' id='word_1_14' title='bbox 991 621 1093 675; x_wconf 80' lang='lat' dir='ltr'><strong>hoc</strong></span> <span class='ocrx_word' id='word_1_15' title='bbox 1117 617 1271 674; x_wconf 90' lang='lat' dir='ltr'><strong>velim</strong></span> <span class='ocrx_word' id='word_1_16' title='bbox 1299 616 1459 672; x_wconf 77' lang='lat' dir='ltr'><strong>facias</strong></span> <span class='ocrx_word' id='word_1_17' title='bbox 1477 657 1494 683; x_wconf 93' lang='lat'><strong>,</strong></span> <span class='ocrx_word' id='word_1_18' title='bbox 1525 627 1682 688; x_wconf 85' lang='lat' dir='ltr'><strong>atque</strong></span> <span class='ocrx_word' id='word_1_19' title='bbox 1709 625 1763 672; x_wconf 91' lang='lat' dir='ltr'><strong>et</strong></span> <span class='ocrx_word' id='word_1_20' title='bbox 1800 617 1924 686; x_wconf 92' lang='lat' dir='ltr'><strong>quid</strong></span> <span class='ocrx_word' id='word_1_21' title='bbox 1961 616 2070 672; x_wconf 88' lang='lat' dir='ltr'><strong>illic</strong></span> <span class='ocrx_word' id='word_1_22' title='bbox 2091 632 2266 672; x_wconf 89' lang='lat' dir='ltr'><strong>rerum</strong></span> 
     </span>
    </p>
   </div>
   <div class='ocr_carea' id='block_1_4' title="bbox 715 707 2266 780">
    <p class='ocr_par' dir='ltr' id='par_1_4' title="bbox 715 707 2266 780">
     <span class='ocr_line' id='line_1_4' title="bbox 715 707 2266 780; baseline -0.003 -14"><span class='ocrx_word' id='word_1_23' title='bbox 715 723 928 780; x_wconf 78' lang='lat' dir='ltr'><strong>geratur</strong></span> <span class='ocrx_word' id='word_1_24' title='bbox 954 750 970 773; x_wconf 89' lang='lat'><strong>,</strong></span> <span class='ocrx_word' id='word_1_25' title='bbox 1014 723 1283 779; x_wconf 89' lang='lat' dir='ltr'><strong>exponas,</strong></span> <span class='ocrx_word' id='word_1_26' title='bbox 1321 708 1464 765; x_wconf 91' lang='lat' dir='ltr'><strong>etde</strong></span> <span class='ocrx_word' id='word_1_27' title='bbox 1500 717 1670 764; x_wconf 88' lang='lat' dir='ltr'><strong>vestra</strong></span> <span class='ocrx_word' id='word_1_28' title='bbox 1709 709 2033 776; x_wconf 86' lang='lat' dir='ltr'><strong>valetudine,</strong></span> <span class='ocrx_word' id='word_1_29' title='bbox 2074 707 2142 763; x_wconf 89' lang='lat' dir='ltr'><strong>de</strong></span> <span class='ocrx_word' id='word_1_30' title='bbox 2166 722 2266 779; x_wconf 88' lang='lat' dir='ltr'><strong>qua</strong></span> 
     </span>
    </p>
   </div>
   <div class='ocr_carea' id='block_1_5' title="bbox 712 799 2134 868">
    <p class='ocr_par' dir='ltr' id='par_1_5' title="bbox 712 799 2134 868">
     <span class='ocr_line' id='line_1_5' title="bbox 712 799 2134 868; baseline -0.002 -12"><span class='ocrx_word' id='word_1_31' title='bbox 712 804 1055 858; x_wconf 74' lang='lat' dir='ltr'><strong>vehementer</strong></span> <span class='ocrx_word' id='word_1_32' title='bbox 1077 801 1288 858; x_wconf 90' lang='lat' dir='ltr'><strong>solliciti</strong></span> <span class='ocrx_word' id='word_1_33' title='bbox 1315 815 1515 868; x_wconf 87' lang='lat' dir='ltr'><strong>sumus,</strong></span> <span class='ocrx_word' id='word_1_34' title='bbox 1543 801 1800 856; x_wconf 75' lang='lat' dir='ltr'><strong>certiores</strong></span> <span class='ocrx_word' id='word_1_35' title='bbox 1828 815 1926 858; x_wconf 81' lang='lat' dir='ltr'><strong>nos</strong></span> <span class='ocrx_word' id='word_1_36' title='bbox 1955 799 2134 855; x_wconf 80' lang='lat' dir='ltr'><strong>iacias.</strong></span> 
     </span>
    </p>
   </div>
   <div class='ocr_carea' id='block_1_6' title="bbox 705 949 2268 1022">
    <p class='ocr_par' dir='ltr' id='par_1_6' title="bbox 705 949 2268 1022">
     <span class='ocr_line' id='line_1_6' title="bbox 705 949 2268 1022; baseline -0.006 -9"><span class='ocrx_word' id='word_1_37' title='bbox 705 954 879 1013; x_wconf 83' lang='lat' dir='ltr'><strong><em>LXX.</em></strong></span> <span class='ocrx_word' id='word_1_38' title='bbox 918 955 1236 1022; x_wconf 70' lang='lat' dir='ltr'><strong>Aphthonio,</strong></span> <span class='ocrx_word' id='word_1_39' title='bbox 1269 951 1560 1019; x_wconf 67' lang='lat' dir='ltr'><strong>Theodoto,</strong></span> <span class='ocrx_word' id='word_1_40' title='bbox 1593 950 1843 1020; x_wconf 64' lang='lat' dir='ltr'><strong>Charus,</strong></span> <span class='ocrx_word' id='word_1_41' title='bbox 1885 949 2176 1022; x_wconf 72' lang='lat' dir='ltr'><strong>presbyteris</strong></span> <span class='ocrx_word' id='word_1_42' title='bbox 2207 963 2268 1004; x_wconf 75' lang='lat' dir='ltr'><strong>ne</strong></span> 
     </span>
    </p>
   </div>
   <div class='ocr_carea' id='block_1_7' title="bbox 1030 1039 1950 1116">
    <p class='ocr_par' dir='ltr' id='par_1_7' title="bbox 1030 1039 1950 1116">
     <span class='ocr_line' id='line_1_7' title="bbox 1030 1039 1950 1116; baseline -0.008 -16"><span class='ocrx_word' id='word_1_43' title='bbox 1030 1043 1305 1100; x_wconf 73' lang='lat' dir='ltr'><strong>monachis.</strong></span> <span class='ocrx_word' id='word_1_44' title='bbox 1345 1042 1618 1116; x_wconf 74' lang='lat' dir='ltr'><strong>(Arabisso</strong></span> <span class='ocrx_word' id='word_1_45' title='bbox 1639 1057 1776 1097; x_wconf 89' lang='lat' dir='ltr'><strong>anno</strong></span> <span class='ocrx_word' id='word_1_46' title='bbox 1802 1039 1950 1111; x_wconf 71' lang='grc'><strong>406.)</strong></span> 
     </span>
    </p>
   </div>
   <div class='ocr_carea' id='block_1_8' title="bbox 778 1172 2263 1253">
    <p class='ocr_par' dir='ltr' id='par_1_8' title="bbox 778 1172 2263 1253">
     <span class='ocr_line' id='line_1_8' title="bbox 778 1172 2263 1253; baseline -0.004 -18"><span class='ocrx_word' id='word_1_47' title='bbox 778 1178 1034 1253; x_wconf 76' lang='lat' dir='ltr'><strong>Equidem</strong></span> <span class='ocrx_word' id='word_1_48' title='bbox 1073 1180 1184 1249; x_wconf 87' lang='lat' dir='ltr'><strong>ipse</strong></span> <span class='ocrx_word' id='word_1_49' title='bbox 1220 1190 1432 1249; x_wconf 89' lang='lat' dir='ltr'><strong>quoque</strong></span> <span class='ocrx_word' id='word_1_50' title='bbox 1458 1191 1553 1231; x_wconf 87' lang='lat' dir='ltr'><strong>vos</strong></span> <span class='ocrx_word' id='word_1_51' title='bbox 1593 1172 1696 1230; x_wconf 86' lang='lat' dir='ltr'><strong>huc</strong></span> <span class='ocrx_word' id='word_1_52' title='bbox 1738 1175 1950 1236; x_wconf 88' lang='lat' dir='ltr'><strong>venire,</strong></span> <span class='ocrx_word' id='word_1_53' title='bbox 1999 1188 2060 1230; x_wconf 80' lang='lat' dir='ltr'><strong>ac</strong></span> <span class='ocrx_word' id='word_1_54' title='bbox 2085 1173 2263 1229; x_wconf 91' lang='lat' dir='ltr'><strong>videre</strong></span> 
     </span>
    </p>
   </div>
   <div class='ocr_carea' id='block_1_9' title="bbox 707 1265 2258 1343">
    <p class='ocr_par' dir='ltr' id='par_1_9' title="bbox 707 1265 2258 1343">
     <span class='ocr_line' id='line_1_9' title="bbox 707 1265 2258 1343; baseline -0.007 -14"><span class='ocrx_word' id='word_1_55' title='bbox 707 1287 952 1343; x_wconf 81' lang='lat' dir='ltr'><strong>cuperem</strong></span> <span class='ocrx_word' id='word_1_56' title='bbox 977 1287 990 1324; x_wconf 92' lang='lat'><strong>:</strong></span> <span class='ocrx_word' id='word_1_57' title='bbox 1013 1271 1260 1341; x_wconf 87' lang='lat' dir='ltr'><strong>quoniam</strong></span> <span class='ocrx_word' id='word_1_58' title='bbox 1287 1276 1462 1324; x_wconf 88' lang='lat' dir='ltr'><strong>autem</strong></span> <span class='ocrx_word' id='word_1_59' title='bbox 1485 1267 1646 1322; x_wconf 88' lang='lat' dir='ltr'><strong>multa</strong></span> <span class='ocrx_word' id='word_1_60' title='bbox 1669 1276 1792 1321; x_wconf 89' lang='lat' dir='ltr'><strong>sunt</strong></span> <span class='ocrx_word' id='word_1_61' title='bbox 1817 1281 1933 1337; x_wconf 80' lang='lat' dir='ltr'><strong>qua:</strong></span> <span class='ocrx_word' id='word_1_62' title='bbox 1954 1265 2258 1335; x_wconf 86' lang='lat' dir='ltr'><strong>impediant,</strong></span> 
     </span>
    </p>
   </div>
   <div class='ocr_carea' id='block_1_10' title="bbox 709 1355 2260 1432">
    <p class='ocr_par' dir='ltr' id='par_1_10' title="bbox 709 1355 2260 1432">
     <span class='ocr_line' id='line_1_10' title="bbox 709 1355 2260 1432; baseline -0.005 -14"><span class='ocrx_word' id='word_1_63' title='bbox 709 1365 809 1422; x_wconf 89' lang='lat' dir='ltr'><strong>hoe</strong></span> <span class='ocrx_word' id='word_1_64' title='bbox 854 1362 1062 1432; x_wconf 87' lang='lat' dir='ltr'><strong>quidem</strong></span> <span class='ocrx_word' id='word_1_65' title='bbox 1109 1377 1249 1416; x_wconf 90' lang='lat' dir='ltr'><strong>nunc</strong></span> <span class='ocrx_word' id='word_1_66' title='bbox 1288 1373 1576 1429; x_wconf 74' lang='lat' dir='ltr'><strong>exposcere</strong></span> <span class='ocrx_word' id='word_1_67' title='bbox 1622 1357 1836 1414; x_wconf 89' lang='lat' dir='ltr'><strong>minime</strong></span> <span class='ocrx_word' id='word_1_68' title='bbox 1878 1355 2088 1411; x_wconf 91' lang='lat' dir='ltr'><strong>audeo:</strong></span> <span class='ocrx_word' id='word_1_69' title='bbox 2134 1355 2260 1411; x_wconf 89' lang='lat' dir='ltr'><strong>illud</strong></span> 
     </span>
    </p>
   </div>
   <div class='ocr_carea' id='block_1_11' title="bbox 703 1446 2259 1521">
    <p class='ocr_par' dir='ltr' id='par_1_11' title="bbox 703 1446 2259 1521">
     <span class='ocr_line' id='line_1_11' title="bbox 703 1446 2259 1521; baseline -0.005 -13"><span class='ocrx_word' id='word_1_70' title='bbox 703 1463 878 1508; x_wconf 79' lang='lat' dir='ltr'><strong>autem</strong></span> <span class='ocrx_word' id='word_1_71' title='bbox 905 1467 935 1506; x_wconf 87' lang='lat' dir='ltr'><strong>a</strong></span> <span class='ocrx_word' id='word_1_72' title='bbox 967 1452 1115 1507; x_wconf 91' lang='lat' dir='ltr'><strong>vobis</strong></span> <span class='ocrx_word' id='word_1_73' title='bbox 1139 1460 1281 1521; x_wconf 91' lang='lat' dir='ltr'><strong>peto,</strong></span> <span class='ocrx_word' id='word_1_74' title='bbox 1322 1460 1381 1504; x_wconf 94' lang='lat' dir='ltr'><strong>ut</strong></span> <span class='ocrx_word' id='word_1_75' title='bbox 1410 1448 1650 1518; x_wconf 80' lang='lat' dir='ltr'><strong>quamvis</strong></span> <span class='ocrx_word' id='word_1_76' title='bbox 1672 1446 1851 1517; x_wconf 88' lang='lat' dir='ltr'><strong>procul</strong></span> <span class='ocrx_word' id='word_1_77' title='bbox 1877 1447 2012 1509; x_wconf 86' lang='lat' dir='ltr'><strong>sitis,</strong></span> <span class='ocrx_word' id='word_1_78' title='bbox 2046 1461 2259 1516; x_wconf 85' lang='lat' dir='ltr'><strong>precum</strong></span> 
     </span>
    </p>
   </div>
   <div class='ocr_carea' id='block_1_12' title="bbox 703 1536 2261 1612">
    <p class='ocr_par' dir='ltr' id='par_1_12' title="bbox 703 1536 2261 1612">
     <span class='ocr_line' id='line_1_12' title="bbox 703 1536 2261 1612; baseline -0.006 -11"><span class='ocrx_word' id='word_1_79' title='bbox 703 1556 877 1601; x_wconf 86' lang='lat' dir='ltr'><strong>tamen</strong></span> <span class='ocrx_word' id='word_1_80' title='bbox 901 1550 1211 1607; x_wconf 87' lang='lat' dir='ltr'><strong>vestrarum,</strong></span> <span class='ocrx_word' id='word_1_81' title='bbox 1239 1555 1357 1612; x_wconf 70' lang='lat' dir='ltr'><strong>qua:</strong></span> <span class='ocrx_word' id='word_1_82' title='bbox 1381 1539 1599 1594; x_wconf 88' lang='lat' dir='ltr'><strong>multum</strong></span> <span class='ocrx_word' id='word_1_83' title='bbox 1626 1537 1819 1603; x_wconf 89' lang='lat' dir='ltr'><strong>valent,</strong></span> <span class='ocrx_word' id='word_1_84' title='bbox 1836 1537 2084 1592; x_wconf 88' lang='lat' dir='ltr'><strong>auxilium</strong></span> <span class='ocrx_word' id='word_1_85' title='bbox 2110 1536 2261 1592; x_wconf 87' lang='lat' dir='ltr'><strong>nobis</strong></span> 
     </span>
    </p>
   </div>
   <div class='ocr_carea' id='block_1_13' title="bbox 703 1627 2258 1688">
    <p class='ocr_par' dir='ltr' id='par_1_13' title="bbox 703 1627 2258 1688">
     <span class='ocr_line' id='line_1_13' title="bbox 703 1627 2258 1688; baseline -0.005 0"><span class='ocrx_word' id='word_1_86' title='bbox 703 1633 953 1688; x_wconf 75' lang='lat' dir='ltr'><strong>atieratis.</strong></span> <span class='ocrx_word' id='word_1_87' title='bbox 1002 1631 1132 1688; x_wconf 79' lang='lat' dir='ltr'><strong>Nam</strong></span> <span class='ocrx_word' id='word_1_88' title='bbox 1174 1631 1274 1686; x_wconf 92' lang='lat' dir='ltr'><strong>hoc</strong></span> <span class='ocrx_word' id='word_1_89' title='bbox 1316 1630 1607 1686; x_wconf 87' lang='lat' dir='ltr'><strong>subsidium</strong></span> <span class='ocrx_word' id='word_1_90' title='bbox 1651 1645 1751 1685; x_wconf 91' lang='lat' dir='ltr'><strong>nec</strong></span> <span class='ocrx_word' id='word_1_91' title='bbox 1785 1637 2040 1684; x_wconf 89' lang='lat' dir='ltr'><strong>vetustate</strong></span> <span class='ocrx_word' id='word_1_92' title='bbox 2065 1627 2258 1684; x_wconf 86' lang='lat' dir='ltr'><strong>debili-</strong></span> 
     </span>
    </p>
   </div>
   <div class='ocr_carea' id='block_1_14' title="bbox 707 1722 2261 1795">
    <p class='ocr_par' dir='ltr' id='par_1_14' title="bbox 707 1722 2261 1795">
     <span class='ocr_line' id='line_1_14' title="bbox 707 1722 2261 1795; baseline -0.005 -14"><span class='ocrx_word' id='word_1_93' title='bbox 707 1737 861 1792; x_wconf 88' lang='lat' dir='ltr'><strong>tatur,</strong></span> <span class='ocrx_word' id='word_1_94' title='bbox 893 1742 991 1795; x_wconf 85' lang='lat' dir='ltr'><strong>nec</strong></span> <span class='ocrx_word' id='word_1_95' title='bbox 1021 1727 1222 1781; x_wconf 86' lang='lat' dir='ltr'><strong>itineris</strong></span> <span class='ocrx_word' id='word_1_96' title='bbox 1248 1724 1570 1794; x_wconf 74' lang='lat' dir='ltr'><strong>longitudine</strong></span> <span class='ocrx_word' id='word_1_97' title='bbox 1595 1722 1895 1777; x_wconf 87' lang='lat' dir='ltr'><strong>dirimitur:</strong></span> <span class='ocrx_word' id='word_1_98' title='bbox 1919 1736 2099 1776; x_wconf 90' lang='lat' dir='ltr'><strong>verum</strong></span> <span class='ocrx_word' id='word_1_99' title='bbox 2127 1737 2261 1793; x_wconf 91' lang='lat' dir='ltr'><strong>quo-</strong></span> 
     </span>
    </p>
   </div>
   <div class='ocr_carea' id='block_1_15' title="bbox 701 1812 2259 1886">
    <p class='ocr_par' dir='ltr' id='par_1_15' title="bbox 701 1812 2259 1886">
     <span class='ocr_line' id='line_1_15' title="bbox 701 1812 2259 1886; baseline -0.003 -16"><span class='ocrx_word' id='word_1_100' title='bbox 701 1831 924 1886; x_wconf 87' lang='lat' dir='ltr'><strong>cumque</strong></span> <span class='ocrx_word' id='word_1_101' title='bbox 962 1817 1014 1870; x_wconf 90' lang='lat' dir='ltr'><strong>in</strong></span> <span class='ocrx_word' id='word_1_102' title='bbox 1059 1817 1173 1870; x_wconf 90' lang='lat' dir='ltr'><strong>loco</strong></span> <span class='ocrx_word' id='word_1_103' title='bbox 1198 1815 1454 1884; x_wconf 76' lang='lat' dir='ltr'><strong>quispiam</strong></span> <span class='ocrx_word' id='word_1_104' title='bbox 1496 1813 1683 1867; x_wconf 83' lang='lat' dir='ltr'><strong>ﬁducia</strong></span> <span class='ocrx_word' id='word_1_105' title='bbox 1724 1827 1847 1882; x_wconf 91' lang='lat' dir='ltr'><strong>erga</strong></span> <span class='ocrx_word' id='word_1_106' title='bbox 1879 1812 2064 1877; x_wconf 86' lang='lat' dir='ltr'><strong>Deum,</strong></span> <span class='ocrx_word' id='word_1_107' title='bbox 2095 1813 2259 1867; x_wconf 89' lang='lat' dir='ltr'><strong>instar</strong></span> 
     </span>
    </p>
   </div>
   <div class='ocr_carea' id='block_1_16' title="bbox 702 1902 2257 1976">
    <p class='ocr_par' dir='ltr' id='par_1_16' title="bbox 702 1902 2257 1976">
     <span class='ocr_line' id='line_1_16' title="bbox 702 1902 2257 1976; baseline -0.002 -15"><span class='ocrx_word' id='word_1_108' title='bbox 702 1909 856 1963; x_wconf 85' lang='lat' dir='ltr'><strong>vestri</strong></span> <span class='ocrx_word' id='word_1_109' title='bbox 882 1949 896 1974; x_wconf 88' lang='lat'><strong>,</strong></span> <span class='ocrx_word' id='word_1_110' title='bbox 930 1905 1178 1976; x_wconf 58' lang='lat' dir='ltr'><strong>praeditus</strong></span> <span class='ocrx_word' id='word_1_111' title='bbox 1207 1914 1446 1960; x_wconf 80' lang='lat' dir='ltr'><strong>versetur</strong></span> <span class='ocrx_word' id='word_1_112' title='bbox 1467 1944 1483 1966; x_wconf 92' lang='lat'><strong>,</strong></span> <span class='ocrx_word' id='word_1_113' title='bbox 1530 1904 1592 1958; x_wconf 88' lang='lat' dir='ltr'><strong>iis</strong></span> <span class='ocrx_word' id='word_1_114' title='bbox 1621 1902 1781 1957; x_wconf 86' lang='lat' dir='ltr'><strong>etiam</strong></span> <span class='ocrx_word' id='word_1_115' title='bbox 1807 1903 1894 1973; x_wconf 84' lang='lat' dir='ltr'><strong>qui</strong></span> <span class='ocrx_word' id='word_1_116' title='bbox 1936 1902 2116 1971; x_wconf 89' lang='lat' dir='ltr'><strong>procul</strong></span> <span class='ocrx_word' id='word_1_117' title='bbox 2144 1902 2257 1958; x_wconf 88' lang='lat' dir='ltr'><strong>dis-</strong></span> 
     </span>
    </p>
   </div>
   <div class='ocr_carea' id='block_1_17' title="bbox 699 1992 2254 2064">
    <p class='ocr_par' dir='ltr' id='par_1_17' title="bbox 699 1992 2254 2064">
     <span class='ocr_line' id='line_1_17' title="bbox 699 1992 2254 2064; baseline -0.003 -12"><span class='ocrx_word' id='word_1_118' title='bbox 699 1999 784 2053; x_wconf 90' lang='lat' dir='ltr'><strong>siti</strong></span> <span class='ocrx_word' id='word_1_119' title='bbox 831 2008 952 2053; x_wconf 89' lang='lat' dir='ltr'><strong>sunt</strong></span> <span class='ocrx_word' id='word_1_120' title='bbox 1001 1995 1102 2053; x_wconf 88' lang='lat' dir='ltr'><strong>hac</strong></span> <span class='ocrx_word' id='word_1_121' title='bbox 1143 1997 1348 2050; x_wconf 77' lang='lat' dir='ltr'><strong>ratione</strong></span> <span class='ocrx_word' id='word_1_122' title='bbox 1394 2009 1714 2064; x_wconf 79' lang='lat' dir='ltr'><strong>magnopere</strong></span> <span class='ocrx_word' id='word_1_123' title='bbox 1761 1992 2012 2063; x_wconf 76' lang='lat' dir='ltr'><strong>prodesse</strong></span> <span class='ocrx_word' id='word_1_124' title='bbox 2060 2002 2254 2063; x_wconf 82' lang='lat' dir='ltr'><strong>potest.</strong></span> 
     </span>
    </p>
   </div>
   <div class='ocr_carea' id='block_1_18' title="bbox 696 2083 2254 2155">
    <p class='ocr_par' dir='ltr' id='par_1_18' title="bbox 696 2083 2254 2155">
     <span class='ocr_line' id='line_1_18' title="bbox 696 2083 2254 2155; baseline -0.004 -12"><span class='ocrx_word' id='word_1_125' title='bbox 696 2087 860 2145; x_wconf 86' lang='lat' dir='ltr'><strong>Simul</strong></span> <span class='ocrx_word' id='word_1_126' title='bbox 888 2097 1062 2142; x_wconf 85' lang='lat' dir='ltr'><strong>autem</strong></span> <span class='ocrx_word' id='word_1_127' title='bbox 1091 2101 1209 2141; x_wconf 87' lang='lat' dir='ltr'><strong>cum</strong></span> <span class='ocrx_word' id='word_1_128' title='bbox 1258 2085 1502 2155; x_wconf 84' lang='lat' dir='ltr'><strong>precibus</strong></span> <span class='ocrx_word' id='word_1_129' title='bbox 1539 2085 1717 2138; x_wconf 85' lang='lat' dir='ltr'><strong>literas</strong></span> <span class='ocrx_word' id='word_1_130' title='bbox 1753 2098 1962 2154; x_wconf 86' lang='lat' dir='ltr'><strong>quoque</strong></span> <span class='ocrx_word' id='word_1_131' title='bbox 1993 2083 2150 2138; x_wconf 90' lang='lat' dir='ltr'><strong>velim</strong></span> <span class='ocrx_word' id='word_1_132' title='bbox 2189 2083 2254 2137; x_wconf 89' lang='lat' dir='ltr'><strong>ad</strong></span> 
     </span>
    </p>
   </div>
   <div class='ocr_carea' id='block_1_19' title="bbox 697 2174 2252 2249">
    <p class='ocr_par' dir='ltr' id='par_1_19' title="bbox 697 2174 2252 2249">
     <span class='ocr_line' id='line_1_19' title="bbox 697 2174 2252 2249; baseline -0.005 -14"><span class='ocrx_word' id='word_1_133' title='bbox 697 2196 793 2235; x_wconf 90' lang='lat' dir='ltr'><strong>nos</strong></span> <span class='ocrx_word' id='word_1_134' title='bbox 816 2179 951 2235; x_wconf 90' lang='lat' dir='ltr'><strong>detis</strong></span> <span class='ocrx_word' id='word_1_135' title='bbox 971 2221 986 2243; x_wconf 93' lang='lat'><strong>,</strong></span> <span class='ocrx_word' id='word_1_136' title='bbox 1017 2193 1134 2249; x_wconf 68' lang='lat' dir='ltr'><strong>qua:</strong></span> <span class='ocrx_word' id='word_1_137' title='bbox 1174 2178 1240 2232; x_wconf 89' lang='lat' dir='ltr'><strong>de</strong></span> <span class='ocrx_word' id='word_1_138' title='bbox 1266 2186 1442 2231; x_wconf 88' lang='lat' dir='ltr'><strong>vestra</strong></span> <span class='ocrx_word' id='word_1_139' title='bbox 1484 2174 1784 2230; x_wconf 79' lang='lat' dir='ltr'><strong>valetudine</strong></span> <span class='ocrx_word' id='word_1_140' title='bbox 1823 2188 1922 2228; x_wconf 86' lang='lat' dir='ltr'><strong>nos</strong></span> <span class='ocrx_word' id='word_1_141' title='bbox 1962 2188 2104 2244; x_wconf 68' lang='lat' dir='ltr'><strong>sape</strong></span> <span class='ocrx_word' id='word_1_142' title='bbox 2132 2188 2252 2228; x_wconf 89' lang='lat' dir='ltr'><strong>cer-</strong></span> 
     </span>
    </p>
   </div>
   <div class='ocr_carea' id='block_1_20' title="bbox 697 2263 2250 2337">
    <p class='ocr_par' dir='ltr' id='par_1_20' title="bbox 697 2263 2250 2337">
     <span class='ocr_line' id='line_1_20' title="bbox 697 2263 2250 2337; baseline -0.004 -12"><span class='ocrx_word' id='word_1_143' title='bbox 697 2272 858 2327; x_wconf 88' lang='lat' dir='ltr'><strong>tiores</strong></span> <span class='ocrx_word' id='word_1_144' title='bbox 896 2269 1107 2326; x_wconf 74' lang='lat' dir='ltr'><strong>faciant.</strong></span> <span class='ocrx_word' id='word_1_145' title='bbox 1149 2270 1476 2337; x_wconf 87' lang='lat' dir='ltr'><strong>Quamquam</strong></span> <span class='ocrx_word' id='word_1_146' title='bbox 1505 2267 1647 2321; x_wconf 90' lang='lat' dir='ltr'><strong>enim</strong></span> <span class='ocrx_word' id='word_1_147' title='bbox 1686 2264 1836 2319; x_wconf 86' lang='lat' dir='ltr'><strong>multi</strong></span> <span class='ocrx_word' id='word_1_148' title='bbox 1865 2263 2054 2319; x_wconf 81' lang='lat' dir='ltr'><strong>ﬂuctus</strong></span> <span class='ocrx_word' id='word_1_149' title='bbox 2083 2265 2250 2319; x_wconf 86' lang='lat' dir='ltr'><strong>unde-</strong></span> 
     </span>
    </p>
   </div>
   <div class='ocr_carea' id='block_1_21' title="bbox 693 2355 2253 2433">
    <p class='ocr_par' dir='ltr' id='par_1_21' title="bbox 693 2355 2253 2433">
     <span class='ocr_line' id='line_1_21' title="bbox 693 2355 2253 2433; baseline -0.004 -15"><span class='ocrx_word' id='word_1_150' title='bbox 693 2377 918 2433; x_wconf 86' lang='lat' dir='ltr'><strong>cumque</strong></span> <span class='ocrx_word' id='word_1_151' title='bbox 963 2377 1058 2416; x_wconf 89' lang='lat' dir='ltr'><strong>nos</strong></span> <span class='ocrx_word' id='word_1_152' title='bbox 1095 2361 1344 2431; x_wconf 86' lang='lat' dir='ltr'><strong>cingunt,</strong></span> <span class='ocrx_word' id='word_1_153' title='bbox 1389 2359 1634 2414; x_wconf 86' lang='lat' dir='ltr'><strong>nimirum</strong></span> <span class='ocrx_word' id='word_1_154' title='bbox 1677 2365 1734 2413; x_wconf 93' lang='lat' dir='ltr'><strong>et</strong></span> <span class='ocrx_word' id='word_1_155' title='bbox 1771 2356 1871 2413; x_wconf 92' lang='lat' dir='ltr'><strong>loci</strong></span> <span class='ocrx_word' id='word_1_156' title='bbox 1900 2355 2164 2423; x_wconf 88' lang='lat' dir='ltr'><strong>solitudo,</strong></span> <span class='ocrx_word' id='word_1_157' title='bbox 2199 2364 2253 2412; x_wconf 84' lang='lat' dir='ltr'><strong>et</strong></span> 
     </span>
    </p>
   </div>
   <div class='ocr_carea' id='block_1_22' title="bbox 693 2449 2246 2520">
    <p class='ocr_par' dir='ltr' id='par_1_22' title="bbox 693 2449 2246 2520">
     <span class='ocr_line' id='line_1_22' title="bbox 693 2449 2246 2520; baseline -0.003 -12"><span class='ocrx_word' id='word_1_158' title='bbox 693 2454 915 2517; x_wconf 88' lang='lat' dir='ltr'><strong>obsidio,</strong></span> <span class='ocrx_word' id='word_1_159' title='bbox 939 2464 993 2508; x_wconf 90' lang='lat' dir='ltr'><strong>et</strong></span> <span class='ocrx_word' id='word_1_160' title='bbox 1021 2453 1316 2507; x_wconf 88' lang='lat' dir='ltr'><strong>Isaurorum</strong></span> <span class='ocrx_word' id='word_1_161' title='bbox 1349 2451 1573 2518; x_wconf 80' lang='lat' dir='ltr'><strong>impetus</strong></span> <span class='ocrx_word' id='word_1_162' title='bbox 1596 2492 1610 2516; x_wconf 90' lang='lat'><strong>,</strong></span> <span class='ocrx_word' id='word_1_163' title='bbox 1651 2459 1704 2504; x_wconf 93' lang='lat' dir='ltr'><strong>et</strong></span> <span class='ocrx_word' id='word_1_164' title='bbox 1729 2449 2030 2520; x_wconf 88' lang='lat' dir='ltr'><strong>quotidiana</strong></span> <span class='ocrx_word' id='word_1_165' title='bbox 2065 2463 2246 2514; x_wconf 87' lang='lat' dir='ltr'><strong>mors;</strong></span> 
     </span>
    </p>
   </div>
   <div class='ocr_carea' id='block_1_23' title="bbox 692 2541 2247 2616">
    <p class='ocr_par' dir='ltr' id='par_1_23' title="bbox 692 2541 2247 2616">
     <span class='ocr_line' id='line_1_23' title="bbox 692 2541 2247 2616; baseline -0.003 -15"><span class='ocrx_word' id='word_1_166' title='bbox 692 2561 811 2601; x_wconf 89' lang='lat' dir='ltr'><strong>nam</strong></span> <span class='ocrx_word' id='word_1_167' title='bbox 838 2554 1090 2616; x_wconf 90' lang='lat' dir='ltr'><strong>perpetuo</strong></span> <span class='ocrx_word' id='word_1_168' title='bbox 1117 2560 1236 2598; x_wconf 89' lang='lat' dir='ltr'><strong>cum</strong></span> <span class='ocrx_word' id='word_1_169' title='bbox 1267 2553 1435 2598; x_wconf 89' lang='lat' dir='ltr'><strong>morte</strong></span> <span class='ocrx_word' id='word_1_170' title='bbox 1464 2542 1688 2597; x_wconf 75' lang='lat' dir='ltr'><strong>vivimus</strong></span> <span class='ocrx_word' id='word_1_171' title='bbox 1710 2583 1724 2605; x_wconf 94' lang='lat'><strong>,</strong></span> <span class='ocrx_word' id='word_1_172' title='bbox 1755 2543 1804 2596; x_wconf 92' lang='lat' dir='ltr'><strong>in</strong></span> <span class='ocrx_word' id='word_1_173' title='bbox 1841 2541 1942 2598; x_wconf 89' lang='lat' dir='ltr'><strong>hac</strong></span> <span class='ocrx_word' id='word_1_174' title='bbox 1964 2556 2108 2606; x_wconf 88' lang='lat' dir='ltr'><strong>arce,</strong></span> <span class='ocrx_word' id='word_1_175' title='bbox 2141 2557 2247 2596; x_wconf 84' lang='lat' dir='ltr'><strong>non</strong></span> 
     </span>
    </p>
   </div>
   <div class='ocr_carea' id='block_1_24' title="bbox 687 2631 2245 2702">
    <p class='ocr_par' dir='ltr' id='par_1_24' title="bbox 687 2631 2245 2702">
     <span class='ocr_line' id='line_1_24' title="bbox 687 2631 2245 2702; baseline -0.003 -12"><span class='ocrx_word' id='word_1_176' title='bbox 687 2649 840 2691; x_wconf 88' lang='lat' dir='ltr'><strong>secus</strong></span> <span class='ocrx_word' id='word_1_177' title='bbox 860 2649 921 2689; x_wconf 90' lang='lat' dir='ltr'><strong>ac</strong></span> <span class='ocrx_word' id='word_1_178' title='bbox 951 2636 1002 2688; x_wconf 89' lang='lat' dir='ltr'><strong>in</strong></span> <span class='ocrx_word' id='word_1_179' title='bbox 1024 2648 1234 2688; x_wconf 83' lang='lat' dir='ltr'><strong>carcere</strong></span> <span class='ocrx_word' id='word_1_180' title='bbox 1253 2632 1478 2702; x_wconf 89' lang='lat' dir='ltr'><strong>quodam</strong></span> <span class='ocrx_word' id='word_1_181' title='bbox 1510 2631 1694 2686; x_wconf 85' lang='lat' dir='ltr'><strong>inclusi</strong></span> <span class='ocrx_word' id='word_1_182' title='bbox 1721 2673 1736 2696; x_wconf 93' lang='lat'><strong>,</strong></span> <span class='ocrx_word' id='word_1_183' title='bbox 1768 2640 1924 2701; x_wconf 86' lang='lat' dir='ltr'><strong>atque</strong></span> <span class='ocrx_word' id='word_1_184' title='bbox 1951 2646 2070 2686; x_wconf 93' lang='lat' dir='ltr'><strong>cum</strong></span> <span class='ocrx_word' id='word_1_185' title='bbox 2100 2631 2245 2702; x_wconf 85' lang='lat' dir='ltr'><strong>gravi</strong></span> 
     </span>
    </p>
   </div>
   <div class='ocr_carea' id='block_1_25' title="bbox 684 2721 2242 2797">
    <p class='ocr_par' dir='ltr' id='par_1_25' title="bbox 684 2721 2242 2797">
     <span class='ocr_line' id='line_1_25' title="bbox 684 2721 2242 2797; baseline -0.001 -17"><span class='ocrx_word' id='word_1_186' title='bbox 684 2724 919 2797; x_wconf 84' lang='lat' dir='ltr'><strong>corporis</strong></span> <span class='ocrx_word' id='word_1_187' title='bbox 937 2723 1245 2794; x_wconf 72' lang='lat' dir='ltr'><strong>aegritudine</strong></span> <span class='ocrx_word' id='word_1_188' title='bbox 1267 2723 1612 2778; x_wconf 88' lang='lat' dir='ltr'><strong>colluctantes</strong></span> <span class='ocrx_word' id='word_1_189' title='bbox 1639 2739 1652 2776; x_wconf 92' lang='lat'><strong>:</strong></span> <span class='ocrx_word' id='word_1_190' title='bbox 1681 2721 2024 2778; x_wconf 88' lang='lat' dir='ltr'><strong>nihilominus</strong></span> <span class='ocrx_word' id='word_1_191' title='bbox 2044 2732 2242 2787; x_wconf 89' lang='lat' dir='ltr'><strong>tamen,</strong></span> 
     </span>
    </p>
   </div>
   <div class='ocr_carea' id='block_1_26' title="bbox 684 2813 2243 2885">
    <p class='ocr_par' dir='ltr' id='par_1_26' title="bbox 684 2813 2243 2885">
     <span class='ocr_line' id='line_1_26' title="bbox 684 2813 2243 2885; baseline -0.003 -13"><span class='ocrx_word' id='word_1_192' title='bbox 684 2816 887 2872; x_wconf 86' lang='lat' dir='ltr'><strong>etiamsi</strong></span> <span class='ocrx_word' id='word_1_193' title='bbox 914 2817 1091 2870; x_wconf 72' lang='lat' dir='ltr'><strong>multa:</strong></span> <span class='ocrx_word' id='word_1_194' title='bbox 1111 2817 1218 2869; x_wconf 89' lang='lat' dir='ltr'><strong>sint</strong></span> <span class='ocrx_word' id='word_1_195' title='bbox 1251 2823 1444 2870; x_wconf 70' lang='lat' dir='ltr'><strong>nostra:</strong></span> <span class='ocrx_word' id='word_1_196' title='bbox 1470 2815 1818 2879; x_wconf 70' lang='lat' dir='ltr'><strong>calamitates,</strong></span> <span class='ocrx_word' id='word_1_197' title='bbox 1859 2813 1999 2868; x_wconf 87' lang='lat' dir='ltr'><strong>haud</strong></span> <span class='ocrx_word' id='word_1_198' title='bbox 2022 2828 2243 2885; x_wconf 84' lang='lat' dir='ltr'><strong>parvum</strong></span> 
     </span>
    </p>
   </div>
   <div class='ocr_carea' id='block_1_27' title="bbox 686 2903 2248 2975">
    <p class='ocr_par' dir='ltr' id='par_1_27' title="bbox 686 2903 2248 2975">
     <span class='ocr_line' id='line_1_27' title="bbox 686 2903 2248 2975; baseline -0.002 -14"><span class='ocrx_word' id='word_1_199' title='bbox 686 2903 980 2975; x_wconf 72' lang='lat' dir='ltr'><strong>huiusmodi</strong></span> <span class='ocrx_word' id='word_1_200' title='bbox 1007 2907 1260 2958; x_wconf 91' lang='lat' dir='ltr'><strong>malorum</strong></span> <span class='ocrx_word' id='word_1_201' title='bbox 1287 2905 1528 2958; x_wconf 86' lang='lat' dir='ltr'><strong>solatium</strong></span> <span class='ocrx_word' id='word_1_202' title='bbox 1561 2906 1611 2957; x_wconf 91' lang='lat' dir='ltr'><strong>in</strong></span> <span class='ocrx_word' id='word_1_203' title='bbox 1649 2903 1868 2959; x_wconf 78' lang='lat' dir='ltr'><strong>caritate</strong></span> <span class='ocrx_word' id='word_1_204' title='bbox 1895 2913 2068 2959; x_wconf 86' lang='lat' dir='ltr'><strong>vestra</strong></span> <span class='ocrx_word' id='word_1_205' title='bbox 2104 2906 2248 2973; x_wconf 88' lang='lat' dir='ltr'><strong>posi-</strong></span> 
     </span>
    </p>
   </div>
   <div class='ocr_carea' id='block_1_28' title="bbox 684 2995 2243 3065">
    <p class='ocr_par' dir='ltr' id='par_1_28' title="bbox 684 2995 2243 3065">
     <span class='ocr_line' id='line_1_28' title="bbox 684 2995 2243 3065; baseline -0.001 -13"><span class='ocrx_word' id='word_1_206' title='bbox 684 3007 792 3052; x_wconf 93' lang='lat' dir='ltr'><strong>tum</strong></span> <span class='ocrx_word' id='word_1_207' title='bbox 822 2997 1092 3052; x_wconf 86' lang='lat' dir='ltr'><strong>habemus.</strong></span> <span class='ocrx_word' id='word_1_208' title='bbox 1133 2996 1382 3065; x_wconf 88' lang='lat' dir='ltr'><strong>Quamvis</strong></span> <span class='ocrx_word' id='word_1_209' title='bbox 1408 2997 1547 3050; x_wconf 90' lang='lat' dir='ltr'><strong>enim</strong></span> <span class='ocrx_word' id='word_1_210' title='bbox 1578 2995 1715 3051; x_wconf 88' lang='lat' dir='ltr'><strong>haud</strong></span> <span class='ocrx_word' id='word_1_211' title='bbox 1740 2995 2040 3050; x_wconf 87' lang='lat' dir='ltr'><strong>diuturnam</strong></span> <span class='ocrx_word' id='word_1_212' title='bbox 2064 2995 2243 3052; x_wconf 89' lang='lat' dir='ltr'><strong>vobis-</strong></span> 
     </span>
    </p>
   </div>
   <div class='ocr_carea' id='block_1_29' title="bbox 679 3085 2242 3144">
    <p class='ocr_par' dir='ltr' id='par_1_29' title="bbox 679 3085 2242 3144">
     <span class='ocr_line' id='line_1_29' title="bbox 679 3085 2242 3144; baseline 0 -1"><span class='ocrx_word' id='word_1_213' title='bbox 679 3102 800 3143; x_wconf 86' lang='lat' dir='ltr'><strong>cum</strong></span> <span class='ocrx_word' id='word_1_214' title='bbox 840 3088 1271 3144; x_wconf 84' lang='lat' dir='ltr'><strong>consuetudinem</strong></span> <span class='ocrx_word' id='word_1_215' title='bbox 1305 3085 1641 3142; x_wconf 90' lang='lat' dir='ltr'><strong>habuerimus</strong></span> <span class='ocrx_word' id='word_1_216' title='bbox 1681 3105 1695 3142; x_wconf 91' lang='lat'><strong>:</strong></span> <span class='ocrx_word' id='word_1_217' title='bbox 1725 3096 1900 3142; x_wconf 89' lang='lat' dir='ltr'><strong>tamen</strong></span> <span class='ocrx_word' id='word_1_218' title='bbox 1931 3088 2152 3142; x_wconf 73' lang='lat' dir='ltr'><strong>sincera:</strong></span> <span class='ocrx_word' id='word_1_219' title='bbox 2177 3103 2242 3144; x_wconf 90' lang='lat' dir='ltr'><strong>ac</strong></span> 
     </span>
    </p>
   </div>
   <div class='ocr_carea' id='block_1_30' title="bbox 679 3176 2242 3248">
    <p class='ocr_par' dir='ltr' id='par_1_30' title="bbox 679 3176 2242 3248">
     <span class='ocr_line' id='line_1_30' title="bbox 679 3176 2242 3248; baseline 0.002 -17"><span class='ocrx_word' id='word_1_220' title='bbox 679 3177 927 3234; x_wconf 76' lang='lat' dir='ltr'><strong>ferventis</strong></span> <span class='ocrx_word' id='word_1_221' title='bbox 953 3178 1211 3248; x_wconf 89' lang='lat' dir='ltr'><strong>melleque</strong></span> <span class='ocrx_word' id='word_1_222' title='bbox 1239 3177 1489 3231; x_wconf 89' lang='lat' dir='ltr'><strong>dnicioris</strong></span> <span class='ocrx_word' id='word_1_223' title='bbox 1516 3186 1569 3231; x_wconf 92' lang='lat' dir='ltr'><strong>et</strong></span> <span class='ocrx_word' id='word_1_224' title='bbox 1592 3176 1758 3232; x_wconf 65' lang='lat' dir='ltr'><strong>llrmm</strong></span> <span class='ocrx_word' id='word_1_225' title='bbox 1774 3187 1932 3247; x_wconf 90' lang='lat' dir='ltr'><strong>atque</strong></span> <span class='ocrx_word' id='word_1_226' title='bbox 1949 3179 2242 3234; x_wconf 87' lang='lat' dir='ltr'><strong>constantis</strong></span> 
     </span>
    </p>
   </div>
   <div class='ocr_carea' id='block_1_31' title="bbox 679 3270 2264 3345">
    <p class='ocr_par' dir='ltr' id='par_1_31' title="bbox 679 3270 2264 3345">
     <span class='ocr_line' id='line_1_31' title="bbox 679 3270 2264 3345; baseline -0.003 -17"><span class='ocrx_word' id='word_1_227' title='bbox 679 3271 1088 3334; x_wconf 63' lang='lat' dir='ltr'><strong>benevolentia).</strong></span> <span class='ocrx_word' id='word_1_228' title='bbox 1131 3286 1288 3340; x_wconf 88' lang='lat' dir='ltr'><strong>quam</strong></span> <span class='ocrx_word' id='word_1_229' title='bbox 1313 3278 1368 3324; x_wconf 90' lang='lat' dir='ltr'><strong>et</strong></span> <span class='ocrx_word' id='word_1_230' title='bbox 1393 3284 1568 3325; x_wconf 87' lang='lat' dir='ltr'><strong>coram</strong></span> <span class='ocrx_word' id='word_1_231' title='bbox 1596 3310 1611 3336; x_wconf 94' lang='lat'><strong>,</strong></span> <span class='ocrx_word' id='word_1_232' title='bbox 1653 3278 1708 3325; x_wconf 93' lang='lat' dir='ltr'><strong>et</strong></span> <span class='ocrx_word' id='word_1_233' title='bbox 1737 3270 1982 3327; x_wconf 80' lang='lat' dir='ltr'><strong>absentes</strong></span> <span class='ocrx_word' id='word_1_234' title='bbox 2005 3270 2264 3345; x_wconf 39' lang='lat' dir='ltr'><strong>ostendi-.</strong></span> 
     </span>
    </p>
   </div>
   <div class='ocr_carea' id='block_1_32' title="bbox 677 3360 2236 3434">
    <p class='ocr_par' dir='ltr' id='par_1_32' title="bbox 677 3360 2236 3434">
     <span class='ocr_line' id='line_1_32' title="bbox 677 3360 2236 3434; baseline -0.002 -15"><span class='ocrx_word' id='word_1_235' title='bbox 677 3363 764 3431; x_wconf 88' lang='lat' dir='ltr'><strong>tis,</strong></span> <span class='ocrx_word' id='word_1_236' title='bbox 794 3362 1079 3434; x_wconf 88' lang='lat' dir='ltr'><strong>periculum</strong></span> <span class='ocrx_word' id='word_1_237' title='bbox 1105 3376 1244 3432; x_wconf 61' lang='lat' dir='ltr'><strong>saepe</strong></span> <span class='ocrx_word' id='word_1_238' title='bbox 1271 3360 1508 3416; x_wconf 82' lang='lat' dir='ltr'><strong>fecimus.</strong></span> <span class='ocrx_word' id='word_1_239' title='bbox 1541 3361 1875 3431; x_wconf 88' lang='lat' dir='ltr'><strong>Quapropter</strong></span> <span class='ocrx_word' id='word_1_240' title='bbox 1894 3361 2015 3417; x_wconf 87' lang='lat' dir='ltr'><strong>licet</strong></span> <span class='ocrx_word' id='word_1_241' title='bbox 2041 3377 2070 3415; x_wconf 93' lang='lat' dir='ltr'><strong>a</strong></span> <span class='ocrx_word' id='word_1_242' title='bbox 2090 3362 2236 3416; x_wconf 87' lang='lat' dir='ltr'><strong>vobis</strong></span> 
     </span>
    </p>
   </div>
   <div class='ocr_carea' id='block_1_33' title="bbox 676 3453 2237 3526">
    <p class='ocr_par' dir='ltr' id='par_1_33' title="bbox 676 3453 2237 3526">
     <span class='ocr_line' id='line_1_33' title="bbox 676 3453 2237 3526; baseline 0.001 -18"><span class='ocrx_word' id='word_1_243' title='bbox 676 3455 860 3526; x_wconf 91' lang='lat' dir='ltr'><strong>procul</strong></span> <span class='ocrx_word' id='word_1_244' title='bbox 888 3455 1076 3510; x_wconf 90' lang='lat' dir='ltr'><strong>remoti</strong></span> <span class='ocrx_word' id='word_1_245' title='bbox 1097 3495 1113 3518; x_wconf 91' lang='lat'><strong>,</strong></span> <span class='ocrx_word' id='word_1_246' title='bbox 1158 3468 1222 3508; x_wconf 91' lang='lat' dir='ltr'><strong>ac</strong></span> <span class='ocrx_word' id='word_1_247' title='bbox 1257 3462 1332 3508; x_wconf 92' lang='lat' dir='ltr'><strong>tot</strong></span> <span class='ocrx_word' id='word_1_248' title='bbox 1361 3454 1621 3523; x_wconf 86' lang='lat' dir='ltr'><strong>tantisque</strong></span> <span class='ocrx_word' id='word_1_249' title='bbox 1649 3468 1828 3508; x_wconf 85' lang='lat' dir='ltr'><strong>rerum</strong></span> <span class='ocrx_word' id='word_1_250' title='bbox 1861 3453 2237 3509; x_wconf 81' lang='lat' dir='ltr'><strong>acerbitatibus</strong></span> 
     </span>
    </p>
   </div>
   <div class='ocr_carea' id='block_1_34' title="bbox 680 3546 2231 3614">
    <p class='ocr_par' dir='ltr' id='par_1_34' title="bbox 680 3546 2231 3614">
     <span class='ocr_line' id='line_1_34' title="bbox 680 3546 2231 3614; baseline -0.001 -11"><span class='ocrx_word' id='word_1_251' title='bbox 680 3549 991 3613; x_wconf 88' lang='lat' dir='ltr'><strong>constricti,</strong></span> <span class='ocrx_word' id='word_1_252' title='bbox 1045 3558 1218 3602; x_wconf 87' lang='lat' dir='ltr'><strong>tamen</strong></span> <span class='ocrx_word' id='word_1_253' title='bbox 1263 3549 1314 3601; x_wconf 92' lang='lat' dir='ltr'><strong>in</strong></span> <span class='ocrx_word' id='word_1_254' title='bbox 1363 3546 1570 3601; x_wconf 92' lang='lat' dir='ltr'><strong>virtutis</strong></span> <span class='ocrx_word' id='word_1_255' title='bbox 1611 3557 1800 3602; x_wconf 69' lang='lat' dir='ltr'><strong>vestrm</strong></span> <span class='ocrx_word' id='word_1_256' title='bbox 1849 3546 2231 3614; x_wconf 85' lang='lat' dir='ltr'><strong>recordatione,</strong></span> 
     </span>
    </p>
   </div>
   <div class='ocr_carea' id='block_1_35' title="bbox 676 3638 2234 3712">
    <p class='ocr_par' dir='ltr' id='par_1_35' title="bbox 676 3638 2234 3712">
     <span class='ocr_line' id='line_1_35' title="bbox 676 3638 2234 3712; baseline -0.004 -14"><span class='ocrx_word' id='word_1_257' title='bbox 676 3658 779 3698; x_wconf 84' lang='lat' dir='ltr'><strong>non</strong></span> <span class='ocrx_word' id='word_1_258' title='bbox 808 3657 962 3697; x_wconf 91' lang='lat' dir='ltr'><strong>secus</strong></span> <span class='ocrx_word' id='word_1_259' title='bbox 991 3649 1144 3712; x_wconf 87' lang='lat' dir='ltr'><strong>atque</strong></span> <span class='ocrx_word' id='word_1_260' title='bbox 1168 3640 1218 3694; x_wconf 94' lang='lat' dir='ltr'><strong>in</strong></span> <span class='ocrx_word' id='word_1_261' title='bbox 1247 3648 1397 3710; x_wconf 91' lang='lat' dir='ltr'><strong>portu</strong></span> <span class='ocrx_word' id='word_1_262' title='bbox 1430 3640 1446 3671; x_wconf 84' lang='grc'>¹</span> <span class='ocrx_word' id='word_1_263' title='bbox 1481 3639 1709 3709; x_wconf 90' lang='lat' dir='ltr'><strong>quodam</strong></span> <span class='ocrx_word' id='word_1_264' title='bbox 1735 3638 2054 3709; x_wconf 89' lang='lat' dir='ltr'><strong>quiescimus</strong></span> <span class='ocrx_word' id='word_1_265' title='bbox 2076 3680 2092 3705; x_wconf 95' lang='lat'><strong>,</strong></span> <span class='ocrx_word' id='word_1_266' title='bbox 2121 3655 2234 3693; x_wconf 81' lang='lat' dir='ltr'><strong>am-</strong></span> 
     </span>
    </p>
   </div>
   <div class='ocr_carea' id='block_1_36' title="bbox 674 3731 2232 3806">
    <p class='ocr_par' dir='ltr' id='par_1_36' title="bbox 674 3731 2232 3806">
     <span class='ocr_line' id='line_1_36' title="bbox 674 3731 2232 3806; baseline -0.001 -18"><span class='ocrx_word' id='word_1_267' title='bbox 674 3735 892 3806; x_wconf 87' lang='lat' dir='ltr'><strong>plissimi</strong></span> <span class='ocrx_word' id='word_1_268' title='bbox 937 3731 1171 3790; x_wconf 81' lang='lat' dir='ltr'><strong>thesauri</strong></span> <span class='ocrx_word' id='word_1_269' title='bbox 1199 3733 1362 3787; x_wconf 84' lang='lat' dir='ltr'><strong>instar</strong></span> <span class='ocrx_word' id='word_1_270' title='bbox 1385 3741 1610 3786; x_wconf 86' lang='lat' dir='ltr'><strong>vestram</strong></span> <span class='ocrx_word' id='word_1_271' title='bbox 1641 3731 1912 3786; x_wconf 84' lang='lat' dir='ltr'><strong>caritatem</strong></span> <span class='ocrx_word' id='word_1_272' title='bbox 1941 3731 2094 3786; x_wconf 89' lang='lat' dir='ltr'><strong>nobis</strong></span> <span class='ocrx_word' id='word_1_273' title='bbox 2114 3747 2232 3788; x_wconf 88' lang='lat' dir='ltr'><strong>esse</strong></span> 
     </span>
    </p>
   </div>
   <div class='ocr_carea' id='block_1_37' title="bbox 670 3823 2232 3896">
    <p class='ocr_par' dir='ltr' id='par_1_37' title="bbox 670 3823 2232 3896">
     <span class='ocr_line' id='line_1_37' title="bbox 670 3823 2232 3896; baseline -0.003 -13"><span class='ocrx_word' id='word_1_274' title='bbox 670 3827 1047 3883; x_wconf 81' lang='lat' dir='ltr'><strong>existimantes.</strong></span> <span class='ocrx_word' id='word_1_275' title='bbox 1087 3828 1164 3880; x_wconf 81' lang='lat' dir='ltr'><strong>Ac</strong></span> <span class='ocrx_word' id='word_1_276' title='bbox 1190 3824 1401 3896; x_wconf 91' lang='lat' dir='ltr'><strong>quidem</strong></span> <span class='ocrx_word' id='word_1_277' title='bbox 1431 3833 1613 3879; x_wconf 87' lang='lat' dir='ltr'><strong>exacta</strong></span> <span class='ocrx_word' id='word_1_278' title='bbox 1640 3823 2020 3894; x_wconf 86' lang='lat' dir='ltr'><strong>hieme,.atque</strong></span> <span class='ocrx_word' id='word_1_279' title='bbox 2045 3834 2232 3880; x_wconf 79' lang='lat' dir='ltr'><strong>exorto</strong></span> 
     </span>
    </p>
   </div>
   <div class='ocr_carea' id='block_1_38' title="bbox 671 3915 2231 3989">
    <p class='ocr_par' dir='ltr' id='par_1_38' title="bbox 671 3915 2231 3989">
     <span class='ocr_line' id='line_1_38' title="bbox 671 3915 2231 3989; baseline -0.002 -17"><span class='ocrx_word' id='word_1_280' title='bbox 671 3934 824 3984; x_wconf 88' lang='lat' dir='ltr'><strong>vere,</strong></span> <span class='ocrx_word' id='word_1_281' title='bbox 875 3917 1020 3989; x_wconf 89' lang='lat' dir='ltr'><strong>gravi</strong></span> <span class='ocrx_word' id='word_1_282' title='bbox 1069 3917 1254 3972; x_wconf 90' lang='lat' dir='ltr'><strong>morbo</strong></span> <span class='ocrx_word' id='word_1_283' title='bbox 1305 3916 1508 3971; x_wconf 80' lang='lat' dir='ltr'><strong>liberati</strong></span> <span class='ocrx_word' id='word_1_284' title='bbox 1553 3930 1734 3970; x_wconf 91' lang='lat' dir='ltr'><strong>sumus</strong></span> <span class='ocrx_word' id='word_1_285' title='bbox 1779 3933 1794 3970; x_wconf 88' lang='lat'><strong>:</strong></span> <span class='ocrx_word' id='word_1_286' title='bbox 1835 3930 2016 3970; x_wconf 91' lang='lat' dir='ltr'><strong>verum</strong></span> <span class='ocrx_word' id='word_1_287' title='bbox 2066 3915 2231 3984; x_wconf 88' lang='lat' dir='ltr'><strong>ipsius</strong></span> 
     </span>
    </p>
   </div>
   <div class='ocr_carea' id='block_1_39' title="bbox 671 4007 2230 4080">
    <p class='ocr_par' dir='ltr' id='par_1_39' title="bbox 671 4007 2230 4080">
     <span class='ocr_line' id='line_1_39' title="bbox 671 4007 2230 4080; baseline -0.003 -14"><span class='ocrx_word' id='word_1_288' title='bbox 671 4008 915 4080; x_wconf 87' lang='lat' dir='ltr'><strong>reliquias</strong></span> <span class='ocrx_word' id='word_1_289' title='bbox 953 4007 1124 4063; x_wconf 88' lang='lat' dir='ltr'><strong>adhuc</strong></span> <span class='ocrx_word' id='word_1_290' title='bbox 1169 4007 1619 4071; x_wconf 87' lang='lat' dir='ltr'><strong>circumlerimns,</strong></span> <span class='ocrx_word' id='word_1_291' title='bbox 1660 4020 1792 4076; x_wconf 91' lang='lat' dir='ltr'><strong>quas</strong></span> <span class='ocrx_word' id='word_1_292' title='bbox 1834 4016 2028 4076; x_wconf 85' lang='lat' dir='ltr'><strong>augent</strong></span> <span class='ocrx_word' id='word_1_293' title='bbox 2070 4007 2230 4062; x_wconf 89' lang='lat' dir='ltr'><strong>etiam</strong></span> 
     </span>
    </p>
   </div>
   <div class='ocr_carea' id='block_1_40' title="bbox 672 4098 2230 4170">
    <p class='ocr_par' dir='ltr' id='par_1_40' title="bbox 672 4098 2230 4170">
     <span class='ocr_line' id='line_1_40' title="bbox 672 4098 2230 4170; baseline -0.001 -15"><span class='ocrx_word' id='word_1_294' title='bbox 672 4100 882 4157; x_wconf 87' lang='lat' dir='ltr'><strong>Isaurici</strong></span> <span class='ocrx_word' id='word_1_295' title='bbox 929 4101 1202 4164; x_wconf 89' lang='lat' dir='ltr'><strong>tumultus,</strong></span> <span class='ocrx_word' id='word_1_296' title='bbox 1249 4098 1338 4170; x_wconf 88' lang='lat' dir='ltr'><strong>qui</strong></span> <span class='ocrx_word' id='word_1_297' title='bbox 1384 4112 1668 4168; x_wconf 88' lang='lat' dir='ltr'><strong>numquam</strong></span> <span class='ocrx_word' id='word_1_298' title='bbox 1698 4099 2074 4154; x_wconf 88' lang='lat' dir='ltr'><strong>intermittunt.</strong></span> <span class='ocrx_word' id='word_1_299' title='bbox 2105 4098 2230 4155; x_wconf 68' lang='lat' dir='ltr'><strong>Haec</strong></span> 
     </span>
    </p>
   </div>
   <div class='ocr_carea' id='block_1_41' title="bbox 670 4189 2227 4262">
    <p class='ocr_par' dir='ltr' id='par_1_41' title="bbox 670 4189 2227 4262">
     <span class='ocr_line' id='line_1_41' title="bbox 670 4189 2227 4262; baseline -0.001 -15"><span class='ocrx_word' id='word_1_300' title='bbox 670 4194 826 4262; x_wconf 79' lang='lat' dir='ltr'><strong>igitur</strong></span> <span class='ocrx_word' id='word_1_301' title='bbox 845 4192 1105 4257; x_wconf 87' lang='lat' dir='ltr'><strong>scientes,</strong></span> <span class='ocrx_word' id='word_1_302' title='bbox 1136 4189 1340 4246; x_wconf 88' lang='lat' dir='ltr'><strong>etiamsi</strong></span> <span class='ocrx_word' id='word_1_303' title='bbox 1370 4191 1545 4259; x_wconf 91' lang='lat' dir='ltr'><strong>procul</strong></span> <span class='ocrx_word' id='word_1_304' title='bbox 1578 4205 1607 4244; x_wconf 89' lang='lat' dir='ltr'><strong>a</strong></span> <span class='ocrx_word' id='word_1_305' title='bbox 1640 4189 1790 4244; x_wconf 89' lang='lat' dir='ltr'><strong>nobis</strong></span> <span class='ocrx_word' id='word_1_306' title='bbox 1815 4189 2032 4254; x_wconf 86' lang='lat' dir='ltr'><strong>abestis,</strong></span> <span class='ocrx_word' id='word_1_307' title='bbox 2063 4191 2227 4245; x_wconf 88' lang='lat' dir='ltr'><strong>nostri</strong></span> 
     </span>
    </p>
   </div>
   <div class='ocr_carea' id='block_1_42' title="bbox 669 4281 2226 4351">
    <p class='ocr_par' dir='ltr' id='par_1_42' title="bbox 669 4281 2226 4351">
     <span class='ocr_line' id='line_1_42' title="bbox 669 4281 2226 4351; baseline -0.001 -15"><span class='ocrx_word' id='word_1_308' title='bbox 669 4291 840 4337; x_wconf 86' lang='lat' dir='ltr'><strong>tamen</strong></span> <span class='ocrx_word' id='word_1_309' title='bbox 863 4321 880 4348; x_wconf 95' lang='lat'><strong>,</strong></span> <span class='ocrx_word' id='word_1_310' title='bbox 906 4297 1101 4351; x_wconf 61' lang='lat' dir='ltr'><strong>quaeso,</strong></span> <span class='ocrx_word' id='word_1_311' title='bbox 1136 4295 1344 4351; x_wconf 87' lang='lat' dir='ltr'><strong>semper</strong></span> <span class='ocrx_word' id='word_1_312' title='bbox 1381 4281 1705 4346; x_wconf 89' lang='lat' dir='ltr'><strong>meminisse,</strong></span> <span class='ocrx_word' id='word_1_313' title='bbox 1732 4289 1907 4350; x_wconf 89' lang='lat' dir='ltr'><strong>atque,</strong></span> <span class='ocrx_word' id='word_1_314' title='bbox 1937 4295 2056 4334; x_wconf 90' lang='lat' dir='ltr'><strong>cum</strong></span> <span class='ocrx_word' id='word_1_315' title='bbox 2098 4281 2226 4336; x_wconf 85' lang='lat' dir='ltr'><strong>lice-</strong></span> 
     </span>
    </p>
   </div>
   <div class='ocr_carea' id='block_1_43' title="bbox 669 4370 2226 4436">
    <p class='ocr_par' dir='ltr' id='par_1_43' title="bbox 669 4370 2226 4436">
     <span class='ocr_line' id='line_1_43' title="bbox 669 4370 2226 4436; baseline 0 -10"><span class='ocrx_word' id='word_1_316' title='bbox 669 4371 759 4436; x_wconf 89' lang='lat' dir='ltr'><strong>bit,</strong></span> <span class='ocrx_word' id='word_1_317' title='bbox 785 4373 996 4429; x_wconf 81' lang='lat' dir='ltr'><strong>crebras</strong></span> <span class='ocrx_word' id='word_1_318' title='bbox 1022 4373 1199 4426; x_wconf 88' lang='lat' dir='ltr'><strong>literas</strong></span> <span class='ocrx_word' id='word_1_319' title='bbox 1218 4412 1234 4436; x_wconf 95' lang='lat'><strong>,</strong></span> <span class='ocrx_word' id='word_1_320' title='bbox 1263 4374 1437 4426; x_wconf 74' lang='lat' dir='ltr'><strong>laetum</strong></span> <span class='ocrx_word' id='word_1_321' title='bbox 1467 4371 1618 4426; x_wconf 88' lang='lat' dir='ltr'><strong>nobis</strong></span> <span class='ocrx_word' id='word_1_322' title='bbox 1637 4370 1702 4426; x_wconf 91' lang='lat' dir='ltr'><strong>de</strong></span> <span class='ocrx_word' id='word_1_323' title='bbox 1725 4381 1897 4427; x_wconf 88' lang='lat' dir='ltr'><strong>vestra</strong></span> <span class='ocrx_word' id='word_1_324' title='bbox 1927 4370 2226 4428; x_wconf 78' lang='lat' dir='ltr'><strong>valetudine</strong></span> 
     </span>
    </p>
   </div>
   <div class='ocr_carea' id='block_1_44' title="bbox 665 4462 2116 4535">
    <p class='ocr_par' dir='ltr' id='par_1_44' title="bbox 665 4462 2116 4535">
     <span class='ocr_line' id='line_1_44' title="bbox 665 4462 2116 4535; baseline -0.001 -15"><span class='ocrx_word' id='word_1_325' title='bbox 665 4465 906 4520; x_wconf 84' lang='lat' dir='ltr'><strong>nuntium</strong></span> <span class='ocrx_word' id='word_1_326' title='bbox 927 4464 1228 4527; x_wconf 85' lang='lat' dir='ltr'><strong>aiI&#39;erentes,</strong></span> <span class='ocrx_word' id='word_1_327' title='bbox 1251 4463 1318 4518; x_wconf 89' lang='lat' dir='ltr'><strong>ad</strong></span> <span class='ocrx_word' id='word_1_328' title='bbox 1343 4479 1438 4518; x_wconf 90' lang='lat' dir='ltr'><strong>nos</strong></span> <span class='ocrx_word' id='word_1_329' title='bbox 1467 4462 1676 4518; x_wconf 88' lang='lat' dir='ltr'><strong>mittere</strong></span> <span class='ocrx_word' id='word_1_330' title='bbox 1709 4477 1777 4518; x_wconf 90' lang='lat' dir='ltr'><strong>ne</strong></span> <span class='ocrx_word' id='word_1_331' title='bbox 1802 4462 2116 4535; x_wconf 81' lang='lat' dir='ltr'><strong>gravemini.</strong></span> 
     </span>
    </p>
   </div>
   <div class='ocr_carea' id='block_1_45' title="bbox 875 4595 2030 4670">
    <p class='ocr_par' dir='ltr' id='par_1_45' title="bbox 875 4595 2030 4670">
     <span class='ocr_line' id='line_1_45' title="bbox 875 4595 2030 4670; baseline 0 -16"><span class='ocrx_word' id='word_1_332' title='bbox 875 4595 1076 4654; x_wconf 84' lang='lat' dir='ltr'><strong><em>LXXI.</em></strong></span> <span class='ocrx_word' id='word_1_333' title='bbox 1118 4597 1340 4654; x_wconf 69' lang='grc' dir='ltr'><strong>καιιιιο.</strong></span> <span class='ocrx_word' id='word_1_334' title='bbox 1381 4597 1487 4670; x_wconf 77' lang='lat' dir='ltr'><strong>(Ab</strong></span> <span class='ocrx_word' id='word_1_335' title='bbox 1505 4612 1644 4654; x_wconf 88' lang='lat' dir='ltr'><strong>anno</strong></span> <span class='ocrx_word' id='word_1_336' title='bbox 1663 4597 1767 4655; x_wconf 72' lang='lat' dir='ltr'><strong>tos</strong></span> <span class='ocrx_word' id='word_1_337' title='bbox 1789 4597 1855 4654; x_wconf 89' lang='lat' dir='ltr'><strong>ad</strong></span> <span class='ocrx_word' id='word_1_338' title='bbox 1879 4597 2030 4670; x_wconf 70' lang='lat' dir='ltr'><strong>tot.)</strong></span> 
     </span>
    </p>
   </div>
   <div class='ocr_carea' id='block_1_46' title="bbox 738 4733 2224 4804">
    <p class='ocr_par' dir='ltr' id='par_1_46' title="bbox 738 4733 2224 4804">
     <span class='ocr_line' id='line_1_46' title="bbox 738 4733 2224 4804; baseline 0.003 -14"><span class='ocrx_word' id='word_1_339' title='bbox 738 4733 848 4792; x_wconf 74' lang='lat' dir='ltr'><strong>Nec</strong></span> <span class='ocrx_word' id='word_1_340' title='bbox 887 4735 1120 4790; x_wconf 88' lang='lat' dir='ltr'><strong>animum</strong></span> <span class='ocrx_word' id='word_1_341' title='bbox 1159 4733 1358 4803; x_wconf 86' lang='lat' dir='ltr'><strong>dejiee,</strong></span> <span class='ocrx_word' id='word_1_342' title='bbox 1405 4749 1504 4791; x_wconf 90' lang='lat' dir='ltr'><strong>nec</strong></span> <span class='ocrx_word' id='word_1_343' title='bbox 1553 4735 2010 4804; x_wconf 68' lang='lat' dir='ltr'><strong>praeclarissimum</strong></span> <span class='ocrx_word' id='word_1_344' title='bbox 2055 4736 2224 4795; x_wconf 71' lang='lat' dir='ltr'><strong>beata</strong></span> 
     </span>
    </p>
   </div>
   <div class='ocr_carea' id='block_1_47' title="bbox 666 4827 2222 4897">
    <p class='ocr_par' dir='ltr' id='par_1_47' title="bbox 666 4827 2222 4897">
     <span class='ocr_line' id='line_1_47' title="bbox 666 4827 2222 4897; baseline 0.004 -14"><span class='ocrx_word' id='word_1_345' title='bbox 666 4827 787 4884; x_wconf 74' lang='lat' dir='ltr'><strong>ﬁliae</strong></span> <span class='ocrx_word' id='word_1_346' title='bbox 812 4836 916 4883; x_wconf 68' lang='lat' dir='ltr'><strong>tua:</strong></span> <span class='ocrx_word' id='word_1_347' title='bbox 941 4827 1232 4885; x_wconf 88' lang='lat' dir='ltr'><strong>discessum</strong></span> <span class='ocrx_word' id='word_1_348' title='bbox 1264 4829 1490 4897; x_wconf 88' lang='lat' dir='ltr'><strong>peccatis</strong></span> <span class='ocrx_word' id='word_1_349' title='bbox 1511 4829 1614 4884; x_wconf 89' lang='lat' dir='ltr'><strong>tuis</strong></span> <span class='ocrx_word' id='word_1_350' title='bbox 1631 4829 1893 4887; x_wconf 89' lang='lat' dir='ltr'><strong>adscribe.</strong></span> <span class='ocrx_word' id='word_1_351' title='bbox 1919 4831 2126 4888; x_wconf 84' lang='lat' dir='ltr'><strong>Etenim</strong></span> <span class='ocrx_word' id='word_1_352' title='bbox 2157 4833 2222 4889; x_wconf 87' lang='lat' dir='ltr'><strong>ad</strong></span> 
     </span>
    </p>
   </div>
   <div class='ocr_carea' id='block_1_48' title="bbox 664 4917 2223 4994">
    <p class='ocr_par' dir='ltr' id='par_1_48' title="bbox 664 4917 2223 4994">
     <span class='ocr_line' id='line_1_48' title="bbox 664 4917 2223 4994; baseline 0.004 -21"><span class='ocrx_word' id='word_1_353' title='bbox 664 4917 998 4990; x_wconf 88' lang='lat' dir='ltr'><strong>tranquillum</strong></span> <span class='ocrx_word' id='word_1_354' title='bbox 1027 4929 1230 4989; x_wconf 90' lang='lat' dir='ltr'><strong>portum</strong></span> <span class='ocrx_word' id='word_1_355' title='bbox 1258 4920 1476 4989; x_wconf 79' lang='lat' dir='ltr'><strong>appulit,</strong></span> <span class='ocrx_word' id='word_1_356' title='bbox 1501 4931 1656 4991; x_wconf 88' lang='lat' dir='ltr'><strong>atque</strong></span> <span class='ocrx_word' id='word_1_357' title='bbox 1683 4920 1734 4976; x_wconf 90' lang='lat' dir='ltr'><strong>in</strong></span> <span class='ocrx_word' id='word_1_358' title='bbox 1754 4935 1872 4978; x_wconf 88' lang='lat' dir='ltr'><strong>eam</strong></span> <span class='ocrx_word' id='word_1_359' title='bbox 1900 4923 2082 4988; x_wconf 90' lang='lat' dir='ltr'><strong>vitam,</strong></span> <span class='ocrx_word' id='word_1_360' title='bbox 2106 4940 2223 4994; x_wconf 66' lang='lat' dir='ltr'><strong>qua</strong></span> 
     </span>
    </p>
   </div>
   <div class='ocr_carea' id='block_1_49' title="bbox 665 5010 2223 5086">
    <p class='ocr_par' dir='ltr' id='par_1_49' title="bbox 665 5010 2223 5086">
     <span class='ocr_line' id='line_1_49' title="bbox 665 5010 2223 5086; baseline 0.006 -23"><span class='ocrx_word' id='word_1_361' title='bbox 665 5010 860 5066; x_wconf 89' lang='lat' dir='ltr'><strong>nullum</strong></span> <span class='ocrx_word' id='word_1_362' title='bbox 887 5011 992 5081; x_wconf 89' lang='lat' dir='ltr'><strong>jam</strong></span> <span class='ocrx_word' id='word_1_363' title='bbox 1019 5011 1173 5066; x_wconf 86' lang='lat' dir='ltr'><strong>linem</strong></span> <span class='ocrx_word' id='word_1_364' title='bbox 1203 5010 1440 5067; x_wconf 89' lang='lat' dir='ltr'><strong>habitnra</strong></span> <span class='ocrx_word' id='word_1_365' title='bbox 1468 5022 1583 5078; x_wconf 90' lang='lat' dir='ltr'><strong>est,</strong></span> <span class='ocrx_word' id='word_1_366' title='bbox 1615 5014 1870 5082; x_wconf 86' lang='lat' dir='ltr'><strong>pervenit,</strong></span> <span class='ocrx_word' id='word_1_367' title='bbox 1900 5030 1964 5071; x_wconf 90' lang='lat' dir='ltr'><strong>ac</strong></span> <span class='ocrx_word' id='word_1_368' title='bbox 1990 5030 2223 5086; x_wconf 65' lang='lat' dir='ltr'><strong>praesen-</strong></span> 
     </span>
    </p>
   </div>
   <div class='ocr_carea' id='block_1_50' title="bbox 664 5102 2218 5178">
    <p class='ocr_par' dir='ltr' id='par_1_50' title="bbox 664 5102 2218 5178">
     <span class='ocr_line' id='line_1_50' title="bbox 664 5102 2218 5178; baseline 0.005 -24"><span class='ocrx_word' id='word_1_369' title='bbox 664 5102 732 5158; x_wconf 91' lang='lat' dir='ltr'><strong>tis</strong></span> <span class='ocrx_word' id='word_1_370' title='bbox 767 5103 888 5157; x_wconf 61' lang='lat' dir='ltr'><strong>vita:</strong></span> <span class='ocrx_word' id='word_1_371' title='bbox 923 5102 1169 5178; x_wconf 80' lang='lat' dir='ltr'><strong>ﬂuctibus</strong></span> <span class='ocrx_word' id='word_1_372' title='bbox 1210 5113 1389 5172; x_wconf 87' lang='lat' dir='ltr'><strong>erepta</strong></span> <span class='ocrx_word' id='word_1_373' title='bbox 1415 5143 1430 5167; x_wconf 90' lang='lat'><strong>,</strong></span> <span class='ocrx_word' id='word_1_374' title='bbox 1479 5103 1532 5158; x_wconf 90' lang='lat' dir='ltr'><strong>in</strong></span> <span class='ocrx_word' id='word_1_375' title='bbox 1579 5113 1724 5173; x_wconf 88' lang='lat' dir='ltr'><strong>petra</strong></span> <span class='ocrx_word' id='word_1_376' title='bbox 1767 5115 1907 5171; x_wconf 87' lang='lat' dir='ltr'><strong>stat,</strong></span> <span class='ocrx_word' id='word_1_377' title='bbox 1955 5121 2017 5162; x_wconf 88' lang='lat' dir='ltr'><strong>ea</strong></span> <span class='ocrx_word' id='word_1_378' title='bbox 2043 5109 2218 5162; x_wconf 90' lang='lat' dir='ltr'><strong>omnia</strong></span> 
     </span>
    </p>
   </div>
   <div class='ocr_carea' id='block_1_51' title="bbox 663 5193 2220 5265">
    <p class='ocr_par' dir='ltr' id='par_1_51' title="bbox 663 5193 2220 5265">
     <span class='ocr_line' id='line_1_51' title="bbox 663 5193 2220 5265; baseline 0.006 -18"><span class='ocrx_word' id='word_1_379' title='bbox 663 5195 798 5248; x_wconf 88' lang='lat' dir='ltr'><strong>bona</strong></span> <span class='ocrx_word' id='word_1_380' title='bbox 837 5209 955 5264; x_wconf 66' lang='lat' dir='ltr'><strong>quae</strong></span> <span class='ocrx_word' id='word_1_381' title='bbox 985 5193 1235 5264; x_wconf 86' lang='lat' dir='ltr'><strong>collegit,</strong></span> <span class='ocrx_word' id='word_1_382' title='bbox 1275 5203 1534 5265; x_wconf 89' lang='lat' dir='ltr'><strong>tamquam</strong></span> <span class='ocrx_word' id='word_1_383' title='bbox 1582 5196 1634 5251; x_wconf 89' lang='lat' dir='ltr'><strong>in</strong></span> <span class='ocrx_word' id='word_1_384' title='bbox 1671 5195 1930 5253; x_wconf 89' lang='lat' dir='ltr'><strong>tutissimo</strong></span> <span class='ocrx_word' id='word_1_385' title='bbox 1973 5200 2220 5257; x_wconf 84' lang='lat' dir='ltr'><strong>thesauro</strong></span> 
     </span>
    </p>
   </div>
   <div class='ocr_carea' id='block_1_52' title="bbox 661 5285 2219 5360">
    <p class='ocr_par' dir='ltr' id='par_1_52' title="bbox 661 5285 2219 5360">
     <span class='ocr_line' id='line_1_52' title="bbox 661 5285 2219 5360; baseline 0.008 -22"><span class='ocrx_word' id='word_1_386' title='bbox 661 5285 909 5356; x_wconf 85' lang='lat' dir='ltr'><strong>deinceps</strong></span> <span class='ocrx_word' id='word_1_387' title='bbox 935 5285 1154 5342; x_wconf 87' lang='lat' dir='ltr'><strong>habens.</strong></span> <span class='ocrx_word' id='word_1_388' title='bbox 1184 5287 1363 5358; x_wconf 85' lang='lat' dir='ltr'><strong>quue</strong></span> <span class='ocrx_word' id='word_1_389' title='bbox 1387 5287 1600 5344; x_wconf 90' lang='lat' dir='ltr'><strong>nomine</strong></span> <span class='ocrx_word' id='word_1_390' title='bbox 1621 5290 1849 5360; x_wconf 88' lang='lat' dir='ltr'><strong>gaudere</strong></span> <span class='ocrx_word' id='word_1_391' title='bbox 1877 5301 1931 5347; x_wconf 89' lang='lat' dir='ltr'><strong>et</strong></span> <span class='ocrx_word' id='word_1_392' title='bbox 1955 5294 2219 5351; x_wconf 79' lang='lat' dir='ltr'><strong>exsultare</strong></span> 
     </span>
    </p>
   </div>
   <div class='ocr_carea' id='block_1_53' title="bbox 663 5375 2213 5452">
    <p class='ocr_par' dir='ltr' id='par_1_53' title="bbox 663 5375 2213 5452">
     <span class='ocr_line' id='line_1_53' title="bbox 663 5375 2213 5452; baseline 0.007 -23"><span class='ocrx_word' id='word_1_393' title='bbox 663 5390 726 5430; x_wconf 88' lang='lat' dir='ltr'><strong>ac</strong></span> <span class='ocrx_word' id='word_1_394' title='bbox 755 5375 932 5431; x_wconf 80' lang='lat' dir='ltr'><strong>ltetitia</strong></span> <span class='ocrx_word' id='word_1_395' title='bbox 972 5375 1212 5447; x_wconf 75' lang='lat' dir='ltr'><strong>perfundi</strong></span> <span class='ocrx_word' id='word_1_396' title='bbox 1241 5378 1524 5443; x_wconf 91' lang='lat' dir='ltr'><strong>convenit,</strong></span> <span class='ocrx_word' id='word_1_397' title='bbox 1574 5380 1713 5451; x_wconf 92' lang='lat' dir='ltr'><strong>quod</strong></span> <span class='ocrx_word' id='word_1_398' title='bbox 1761 5382 1928 5452; x_wconf 92' lang='lat' dir='ltr'><strong>ipsius</strong></span> <span class='ocrx_word' id='word_1_399' title='bbox 1965 5385 2213 5452; x_wconf 87' lang='lat' dir='ltr'><strong>animam,</strong></span> 
     </span>
    </p>
   </div>
   <div class='ocr_carea' id='block_1_54' title="bbox 665 5465 2217 5542">
    <p class='ocr_par' dir='ltr' id='par_1_54' title="bbox 665 5465 2217 5542">
     <span class='ocr_line' id='line_1_54' title="bbox 665 5465 2217 5542; baseline 0.009 -23"><span class='ocrx_word' id='word_1_400' title='bbox 665 5465 808 5521; x_wconf 90' lang='lat' dir='ltr'><strong>velut</strong></span> <span class='ocrx_word' id='word_1_401' title='bbox 828 5468 1056 5537; x_wconf 87' lang='lat' dir='ltr'><strong>optimus</strong></span> <span class='ocrx_word' id='word_1_402' title='bbox 1081 5469 1306 5540; x_wconf 82' lang='lat' dir='ltr'><strong>agricola</strong></span> <span class='ocrx_word' id='word_1_403' title='bbox 1334 5481 1596 5529; x_wconf 88' lang='lat' dir='ltr'><strong>maturum</strong></span> <span class='ocrx_word' id='word_1_404' title='bbox 1642 5470 1866 5529; x_wconf 80' lang='lat' dir='ltr'><strong>fructum</strong></span> <span class='ocrx_word' id='word_1_405' title='bbox 1891 5517 1907 5542; x_wconf 92' lang='lat'><strong>,</strong></span> <span class='ocrx_word' id='word_1_406' title='bbox 1952 5479 2217 5534; x_wconf 87' lang='lat' dir='ltr'><strong>communi</strong></span> 
     </span>
    </p>
   </div>
   <div class='ocr_carea' id='block_1_55' title="bbox 664 5557 2217 5639">
    <p class='ocr_par' dir='ltr' id='par_1_55' title="bbox 664 5557 2217 5639">
     <span class='ocr_line' id='line_1_55' title="bbox 664 5557 2217 5639; baseline 0.009 -29"><span class='ocrx_word' id='word_1_407' title='bbox 664 5557 893 5615; x_wconf 82' lang='lat' dir='ltr'><strong>omnium</strong></span> <span class='ocrx_word' id='word_1_408' title='bbox 925 5558 1145 5616; x_wconf 88' lang='lat' dir='ltr'><strong>Domino</strong></span> <span class='ocrx_word' id='word_1_409' title='bbox 1168 5560 1470 5618; x_wconf 86' lang='lat' dir='ltr'><strong>exhibuisti.</strong></span> <span class='ocrx_word' id='word_1_410' title='bbox 1522 5561 1648 5619; x_wconf 66' lang='lat' dir='ltr'><strong>Haec</strong></span> <span class='ocrx_word' id='word_1_411' title='bbox 1671 5563 1882 5636; x_wconf 85' lang='lat' dir='ltr'><strong>aliaque</strong></span> <span class='ocrx_word' id='word_1_412' title='bbox 1922 5581 1989 5622; x_wconf 86' lang='lat' dir='ltr'><strong>ex</strong></span> <span class='ocrx_word' id='word_1_413' title='bbox 2027 5564 2217 5639; x_wconf 85' lang='lat' dir='ltr'><strong>hujus-</strong></span> 
     </span>
    </p>
   </div>
   <div class='ocr_carea' id='block_1_56' title="bbox 656 5752 2215 5874">
    <p class='ocr_par' dir='ltr' id='par_1_56' title="bbox 656 5752 2215 5874">
     <span class='ocr_line' id='line_1_56' title="bbox 656 5752 2215 5874; baseline 0.009 -70"><span class='ocrx_word' id='word_1_414' title='bbox 656 5752 969 5874; x_wconf 49' lang='grc' dir='ltr'><strong>Μῖκαωα</strong></span> <span class='ocrx_word' id='word_1_415' title='bbox 1010 5762 1144 5819; x_wconf 67' lang='grc' dir='ltr'><strong>ιιι..</strong></span> <span class='ocrx_word' id='word_1_416' title='bbox 1177 5763 1328 5821; x_wconf 81' lang='lat' dir='ltr'><strong>prato.</strong></span> <span class='ocrx_word' id='word_1_417' title='bbox 1369 5765 1544 5812; x_wconf 82' lang='lat' dir='ltr'><strong>Tamen</strong></span> <span class='ocrx_word' id='word_1_418' title='bbox 1585 5768 1814 5826; x_wconf 66' lang='lat' dir='ltr'><strong>me</strong></span> <span class='ocrx_word' id='word_1_419' title='bbox 1856 5762 2046 5816; x_wconf 86' lang='lat' dir='ltr'><strong>videtur</strong></span> <span class='ocrx_word' id='word_1_420' title='bbox 2083 5776 2174 5818; x_wconf 85' lang='lat' dir='ltr'><strong>vox</strong></span> <span class='ocrx_word' id='word_1_421' title='bbox 2193 5802 2215 5832; x_wconf 85' lang='lat'><strong>,</strong></span> 
     </span>
    </p>
   </div>
   <div class='ocr_carea' id='block_1_57' title="bbox 1406 406 3937 483">
    <p class='ocr_par' dir='ltr' id='par_1_57' title="bbox 1406 406 3937 483">
     <span class='ocr_line' id='line_1_57' title="bbox 1406 406 3937 483; baseline 0.006 -15"><span class='ocrx_word' id='word_1_422' title='bbox 1406 410 1465 468; x_wconf 76' lang='lat'><strong>8.</strong></span> <span class='ocrx_word' id='word_1_423' title='bbox 1502 407 1778 466; x_wconf 72' lang='lat' dir='ltr'><strong>JOANNIS</strong></span> <span class='ocrx_word' id='word_1_424' title='bbox 1814 406 2287 466; x_wconf 68' lang='lat' dir='ltr'><strong>CIIR‘SOSTOMI</strong></span> <span class='ocrx_word' id='word_1_425' title='bbox 2323 407 2634 468; x_wconf 73' lang='grc' dir='ltr'><strong>Διιοηιειι.</strong></span> <span class='ocrx_word' id='word_1_426' title='bbox 2669 412 3194 476; x_wconf 57' lang='lat' dir='ltr'><strong>consumma</strong></span> <span class='ocrx_word' id='word_1_427' title='bbox 3833 422 3937 483; x_wconf 72' lang='lat'><strong>6.-</strong></span> 
     </span>
    </p>
   </div>
   <div class='ocr_carea' id='block_1_58' title="bbox 2375 525 3941 608">
    <p class='ocr_par' dir='ltr' id='par_1_58' title="bbox 2375 525 3941 608">
     <span class='ocr_line' id='line_1_58' title="bbox 2375 525 3941 608; baseline 0.015 -28"><span class='ocrx_word' id='word_1_428' title='bbox 2375 525 2516 582; x_wconf 90' lang='lat' dir='ltr'><strong>modi</strong></span> <span class='ocrx_word' id='word_1_429' title='bbox 2545 530 2837 590; x_wconf 87' lang='lat' dir='ltr'><strong>rationibus</strong></span> <span class='ocrx_word' id='word_1_430' title='bbox 2857 534 3097 593; x_wconf 81' lang='lat' dir='ltr'><strong>conlecta</strong></span> <span class='ocrx_word' id='word_1_431' title='bbox 3137 537 3519 597; x_wconf 83' lang='lat' dir='ltr'><strong>medicamenta</strong></span> <span class='ocrx_word' id='word_1_432' title='bbox 3541 549 3653 599; x_wconf 86' lang='lat' dir='ltr'><strong>tum</strong></span> <span class='ocrx_word' id='word_1_433' title='bbox 3680 543 3796 608; x_wconf 77' lang='lat' dir='ltr'><strong>tibi.</strong></span> <span class='ocrx_word' id='word_1_434' title='bbox 3821 554 3941 604; x_wconf 80' lang='lat' dir='ltr'><strong>tum</strong></span> 
     </span>
    </p>
   </div>
   <div class='ocr_carea' id='block_1_59' title="bbox 2374 622 3941 706">
    <p class='ocr_par' dir='ltr' id='par_1_59' title="bbox 2374 622 3941 706">
     <span class='ocr_line' id='line_1_59' title="bbox 2374 622 3941 706; baseline 0.014 -33"><span class='ocrx_word' id='word_1_435' title='bbox 2374 622 2724 680; x_wconf 67' lang='lat' dir='ltr'><strong>ornatissima</strong></span> <span class='ocrx_word' id='word_1_436' title='bbox 2770 625 2999 682; x_wconf 66' lang='lat' dir='ltr'><strong>dominae</strong></span> <span class='ocrx_word' id='word_1_437' title='bbox 3053 643 3184 684; x_wconf 75' lang='lat' dir='ltr'><strong>metu</strong></span> <span class='ocrx_word' id='word_1_438' title='bbox 3236 630 3400 702; x_wconf 80' lang='lat' dir='ltr'><strong>ipsius</strong></span> <span class='ocrx_word' id='word_1_439' title='bbox 3450 637 3604 691; x_wconf 90' lang='lat' dir='ltr'><strong>matri</strong></span> <span class='ocrx_word' id='word_1_440' title='bbox 3656 637 3941 706; x_wconf 65' lang='lat' dir='ltr'><strong>adhibeam,</strong></span> 
     </span>
    </p>
   </div>
   <div class='ocr_carea' id='block_1_60' title="bbox 2374 713 3940 799">
    <p class='ocr_par' dir='ltr' id='par_1_60' title="bbox 2374 713 3940 799">
     <span class='ocr_line' id='line_1_60' title="bbox 2374 713 3940 799; baseline 0.011 -32"><span class='ocrx_word' id='word_1_441' title='bbox 2374 713 2668 769; x_wconf 88' lang='lat' dir='ltr'><strong>mercedem</strong></span> <span class='ocrx_word' id='word_1_442' title='bbox 2693 730 2788 784; x_wconf 92' lang='lat' dir='ltr'><strong>pro</strong></span> <span class='ocrx_word' id='word_1_443' title='bbox 2815 715 2898 774; x_wconf 88' lang='lat' dir='ltr'><strong>his</strong></span> <span class='ocrx_word' id='word_1_444' title='bbox 2917 719 3076 775; x_wconf 88' lang='lat' dir='ltr'><strong>rebus</strong></span> <span class='ocrx_word' id='word_1_445' title='bbox 3101 721 3248 777; x_wconf 85' lang='lat' dir='ltr'><strong>vobis</strong></span> <span class='ocrx_word' id='word_1_446' title='bbox 3273 725 3598 781; x_wconf 85' lang='lat' dir='ltr'><strong>reconditam</strong></span> <span class='ocrx_word' id='word_1_447' title='bbox 3627 729 3894 799; x_wconf 86' lang='lat' dir='ltr'><strong>ampliilca</strong></span> <span class='ocrx_word' id='word_1_448' title='bbox 3924 750 3940 786; x_wconf 89' lang='lat'><strong>:</strong></span> 
     </span>
    </p>
   </div>
   <div class='ocr_carea' id='block_1_61' title="bbox 2373 812 3941 886">
    <p class='ocr_par' dir='ltr' id='par_1_61' title="bbox 2373 812 3941 886">
     <span class='ocr_line' id='line_1_61' title="bbox 2373 812 3941 886; baseline 0.012 -28"><span class='ocrx_word' id='word_1_449' title='bbox 2373 812 2430 859; x_wconf 94' lang='lat' dir='ltr'><strong>ut</strong></span> <span class='ocrx_word' id='word_1_450' title='bbox 2458 820 2564 861; x_wconf 90' lang='lat' dir='ltr'><strong>non</strong></span> <span class='ocrx_word' id='word_1_451' title='bbox 2594 815 2794 865; x_wconf 89' lang='lat' dir='ltr'><strong>tantum</strong></span> <span class='ocrx_word' id='word_1_452' title='bbox 2833 813 3045 883; x_wconf 65' lang='lat' dir='ltr'><strong>optima</strong></span> <span class='ocrx_word' id='word_1_453' title='bbox 3080 813 3407 874; x_wconf 88' lang='lat' dir='ltr'><strong>educationis</strong></span> <span class='ocrx_word' id='word_1_454' title='bbox 3433 823 3647 876; x_wconf 89' lang='lat' dir='ltr'><strong>nomine</strong></span> <span class='ocrx_word' id='word_1_455' title='bbox 3670 864 3686 886; x_wconf 85' lang='lat'><em>.</em></span> <span class='ocrx_word' id='word_1_456' title='bbox 3718 839 3941 880; x_wconf 84' lang='lat' dir='ltr'><strong>verum-</strong></span> 
     </span>
    </p>
   </div>
   <div class='ocr_carea' id='block_1_62' title="bbox 2371 897 3940 980">
    <p class='ocr_par' dir='ltr' id='par_1_62' title="bbox 2371 897 3940 980">
     <span class='ocr_line' id='line_1_62' title="bbox 2371 897 3940 980; baseline 0.013 -29"><span class='ocrx_word' id='word_1_457' title='bbox 2371 897 2529 952; x_wconf 89' lang='lat' dir='ltr'><strong>etiam</strong></span> <span class='ocrx_word' id='word_1_458' title='bbox 2578 899 2717 969; x_wconf 86' lang='lat' dir='ltr'><strong>quod</strong></span> <span class='ocrx_word' id='word_1_459' title='bbox 2759 901 2966 971; x_wconf 87' lang='lat' dir='ltr'><strong>placido</strong></span> <span class='ocrx_word' id='word_1_460' title='bbox 3003 914 3056 961; x_wconf 91' lang='lat' dir='ltr'><strong>et</strong></span> <span class='ocrx_word' id='word_1_461' title='bbox 3103 916 3253 976; x_wconf 89' lang='lat' dir='ltr'><strong>grato</strong></span> <span class='ocrx_word' id='word_1_462' title='bbox 3298 908 3478 965; x_wconf 90' lang='lat' dir='ltr'><strong>animo</strong></span> <span class='ocrx_word' id='word_1_463' title='bbox 3520 912 3940 980; x_wconf 87' lang='lat' dir='ltr'><strong>pulcherrimum</strong></span> 
     </span>
    </p>
   </div>
   <div class='ocr_carea' id='block_1_63' title="bbox 2371 985 3924 1078">
    <p class='ocr_par' dir='ltr' id='par_1_63' title="bbox 2371 985 3924 1078">
     <span class='ocr_line' id='line_1_63' title="bbox 2371 985 3924 1078; baseline 0.013 -37"><span class='ocrx_word' id='word_1_464' title='bbox 2371 985 2534 1078; x_wconf 82' lang='lat' dir='ltr'><strong>ipsius</strong></span> <span class='ocrx_word' id='word_1_465' title='bbox 2557 1004 2589 1045; x_wconf 93' lang='lat' dir='ltr'><strong>e</strong></span> <span class='ocrx_word' id='word_1_466' title='bbox 2613 991 2713 1044; x_wconf 88' lang='lat' dir='ltr'><strong>vita</strong></span> <span class='ocrx_word' id='word_1_467' title='bbox 2739 991 3031 1050; x_wconf 85' lang='lat' dir='ltr'><strong>discessum</strong></span> <span class='ocrx_word' id='word_1_468' title='bbox 3062 998 3287 1054; x_wconf 90' lang='lat' dir='ltr'><strong>tuleritis</strong></span> <span class='ocrx_word' id='word_1_469' title='bbox 3305 1041 3320 1066; x_wconf 93' lang='lat'><strong>,</strong></span> <span class='ocrx_word' id='word_1_470' title='bbox 3364 1000 3627 1073; x_wconf 84' lang='lat' dir='ltr'><strong>ingentem</strong></span> <span class='ocrx_word' id='word_1_471' title='bbox 3649 1020 3680 1059; x_wconf 90' lang='lat' dir='ltr'><strong>a</strong></span> <span class='ocrx_word' id='word_1_472' title='bbox 3706 1005 3924 1078; x_wconf 72' lang='grc' dir='ltr'><strong>ὺεηὶειιι</strong></span> 
     </span>
    </p>
   </div>
   <div class='ocr_carea' id='block_1_64' title="bbox 2369 1077 3125 1156">
    <p class='ocr_par' dir='ltr' id='par_1_64' title="bbox 2369 1077 3125 1156">
     <span class='ocr_line' id='line_1_64' title="bbox 2369 1077 3125 1156; baseline 0.012 -23"><span class='ocrx_word' id='word_1_473' title='bbox 2369 1077 2481 1134; x_wconf 87' lang='lat' dir='ltr'><strong>Deo</strong></span> <span class='ocrx_word' id='word_1_474' title='bbox 2507 1081 2807 1137; x_wconf 86' lang='lat' dir='ltr'><strong>mercedem</strong></span> <span class='ocrx_word' id='word_1_475' title='bbox 2835 1085 3125 1156; x_wconf 87' lang='lat' dir='ltr'><strong>accipiatis.</strong></span> 
     </span>
    </p>
   </div>
   <div class='ocr_carea' id='block_1_65' title="bbox 2613 1211 3698 1300">
    <p class='ocr_par' dir='ltr' id='par_1_65' title="bbox 2613 1211 3698 1300">
     <span class='ocr_line' id='line_1_65' title="bbox 2613 1211 3698 1300; baseline 0.013 -33"><span class='ocrx_word' id='word_1_476' title='bbox 2613 1211 2848 1271; x_wconf 88' lang='lat' dir='ltr'><strong><em>LXXII.</em></strong></span> <span class='ocrx_word' id='word_1_477' title='bbox 2889 1218 3093 1290; x_wconf 75' lang='lat' dir='ltr'><strong>Alphio.</strong></span> <span class='ocrx_word' id='word_1_478' title='bbox 3137 1219 3365 1293; x_wconf 87' lang='lat' dir='ltr'><strong>(Cucuso</strong></span> <span class='ocrx_word' id='word_1_479' title='bbox 3387 1239 3526 1281; x_wconf 77' lang='lat' dir='ltr'><strong>anno</strong></span> <span class='ocrx_word' id='word_1_480' title='bbox 3549 1225 3698 1300; x_wconf 77' lang='grc' dir='ltr'><strong>ιω.)</strong></span> 
     </span>
    </p>
   </div>
   <div class='ocr_carea' id='block_1_66' title="bbox 2436 1339 3939 1435">
    <p class='ocr_par' dir='ltr' id='par_1_66' title="bbox 2436 1339 3939 1435">
     <span class='ocr_line' id='line_1_66' title="bbox 2436 1339 3939 1435; baseline 0.016 -39"><span class='ocrx_word' id='word_1_481' title='bbox 2436 1339 2547 1398; x_wconf 81' lang='lat' dir='ltr'><strong>Etsi</strong></span> <span class='ocrx_word' id='word_1_482' title='bbox 2582 1347 2763 1414; x_wconf 86' lang='lat' dir='ltr'><strong>procul</strong></span> <span class='ocrx_word' id='word_1_483' title='bbox 2804 1363 2832 1401; x_wconf 81' lang='grc' dir='ltr'><strong>ιι</strong></span> <span class='ocrx_word' id='word_1_484' title='bbox 2875 1357 2928 1404; x_wconf 91' lang='lat' dir='ltr'><strong>te</strong></span> <span class='ocrx_word' id='word_1_485' title='bbox 2973 1351 3194 1419; x_wconf 87' lang='lat' dir='ltr'><strong>sejuncti</strong></span> <span class='ocrx_word' id='word_1_486' title='bbox 3234 1371 3450 1423; x_wconf 90' lang='lat' dir='ltr'><strong>sumus,</strong></span> <span class='ocrx_word' id='word_1_487' title='bbox 3493 1371 3666 1417; x_wconf 86' lang='lat' dir='ltr'><strong>tamen</strong></span> <span class='ocrx_word' id='word_1_488' title='bbox 3711 1379 3776 1418; x_wconf 85' lang='lat' dir='ltr'><strong>ea</strong></span> <span class='ocrx_word' id='word_1_489' title='bbox 3815 1381 3939 1435; x_wconf 71' lang='lat' dir='ltr'><strong>qua:</strong></span> 
     </span>
    </p>
   </div>
   <div class='ocr_carea' id='block_1_67' title="bbox 2365 1435 3928 1516">
    <p class='ocr_par' dir='ltr' id='par_1_67' title="bbox 2365 1435 3928 1516">
     <span class='ocr_line' id='line_1_67' title="bbox 2365 1435 3928 1516; baseline 0.015 -26"><span class='ocrx_word' id='word_1_490' title='bbox 2365 1448 2486 1490; x_wconf 89' lang='lat' dir='ltr'><strong>cum</strong></span> <span class='ocrx_word' id='word_1_491' title='bbox 2514 1435 2668 1492; x_wconf 86' lang='lat' dir='ltr'><strong>laude</strong></span> <span class='ocrx_word' id='word_1_492' title='bbox 2694 1439 2868 1508; x_wconf 86' lang='lat' dir='ltr'><strong>geris.</strong></span> <span class='ocrx_word' id='word_1_493' title='bbox 2902 1451 3064 1513; x_wconf 87' lang='lat' dir='ltr'><strong>atque</strong></span> <span class='ocrx_word' id='word_1_494' title='bbox 3093 1445 3357 1514; x_wconf 84' lang='lat' dir='ltr'><strong>ingentem</strong></span> <span class='ocrx_word' id='word_1_495' title='bbox 3383 1465 3500 1503; x_wconf 89' lang='lat' dir='ltr'><strong>eam</strong></span> <span class='ocrx_word' id='word_1_496' title='bbox 3529 1451 3928 1516; x_wconf 80' lang='lat' dir='ltr'><strong>liberalitatem.</strong></span> 
     </span>
    </p>
   </div>
   <div class='ocr_carea' id='block_1_68' title="bbox 2364 1527 3934 1612">
    <p class='ocr_par' dir='ltr' id='par_1_68' title="bbox 2364 1527 3934 1612">
     <span class='ocr_line' id='line_1_68' title="bbox 2364 1527 3934 1612; baseline 0.014 -32"><span class='ocrx_word' id='word_1_497' title='bbox 2364 1527 2542 1596; x_wconf 87' lang='lat' dir='ltr'><strong>quain</strong></span> <span class='ocrx_word' id='word_1_498' title='bbox 2579 1539 2793 1599; x_wconf 88' lang='lat' dir='ltr'><strong>egentes</strong></span> <span class='ocrx_word' id='word_1_499' title='bbox 2840 1535 3032 1600; x_wconf 87' lang='lat' dir='ltr'><strong>uteris,</strong></span> <span class='ocrx_word' id='word_1_500' title='bbox 3077 1537 3385 1606; x_wconf 88' lang='lat' dir='ltr'><strong>audientes,</strong></span> <span class='ocrx_word' id='word_1_501' title='bbox 3425 1543 3616 1612; x_wconf 86' lang='lat' dir='ltr'><strong>gaudio</strong></span> <span class='ocrx_word' id='word_1_502' title='bbox 3655 1553 3710 1601; x_wconf 90' lang='lat' dir='ltr'><strong>et</strong></span> <span class='ocrx_word' id='word_1_503' title='bbox 3749 1545 3934 1602; x_wconf 66' lang='lat' dir='ltr'><strong>laetitia</strong></span> 
     </span>
    </p>
   </div>
   <div class='ocr_carea' id='block_1_69' title="bbox 2363 1619 3938 1710">
    <p class='ocr_par' dir='ltr' id='par_1_69' title="bbox 2363 1619 3938 1710">
     <span class='ocr_line' id='line_1_69' title="bbox 2363 1619 3938 1710; baseline 0.016 -38"><span class='ocrx_word' id='word_1_504' title='bbox 2363 1619 2704 1678; x_wconf 87' lang='lat' dir='ltr'><strong>exsultamus.</strong></span> <span class='ocrx_word' id='word_1_505' title='bbox 2755 1625 2832 1681; x_wconf 79' lang='lat' dir='ltr'><strong>Ac</strong></span> <span class='ocrx_word' id='word_1_506' title='bbox 2864 1627 3016 1683; x_wconf 91' lang='lat' dir='ltr'><strong>nobis</strong></span> <span class='ocrx_word' id='word_1_507' title='bbox 3041 1629 3252 1700; x_wconf 88' lang='lat' dir='ltr'><strong>quidem</strong></span> <span class='ocrx_word' id='word_1_508' title='bbox 3282 1631 3335 1687; x_wconf 91' lang='lat' dir='ltr'><strong>in</strong></span> <span class='ocrx_word' id='word_1_509' title='bbox 3367 1635 3507 1691; x_wconf 90' lang='lat' dir='ltr'><strong>votis</strong></span> <span class='ocrx_word' id='word_1_510' title='bbox 3528 1645 3689 1703; x_wconf 89' lang='lat' dir='ltr'><strong>esset,</strong></span> <span class='ocrx_word' id='word_1_511' title='bbox 3721 1648 3776 1694; x_wconf 91' lang='lat' dir='ltr'><strong>te</strong></span> <span class='ocrx_word' id='word_1_512' title='bbox 3800 1655 3938 1710; x_wconf 78' lang='lat' dir='ltr'><strong>quo-</strong></span> 
     </span>
    </p>
   </div>
   <div class='ocr_carea' id='block_1_70' title="bbox 2363 1713 3930 1800">
    <p class='ocr_par' dir='ltr' id='par_1_70' title="bbox 2363 1713 3930 1800">
     <span class='ocr_line' id='line_1_70' title="bbox 2363 1713 3930 1800; baseline 0.014 -39"><span class='ocrx_word' id='word_1_513' title='bbox 2363 1721 2466 1800; x_wconf 86' lang='lat' dir='ltr'><strong>que</strong></span> <span class='ocrx_word' id='word_1_514' title='bbox 2493 1713 2808 1781; x_wconf 89' lang='lat' dir='ltr'><strong>convenire,</strong></span> <span class='ocrx_word' id='word_1_515' title='bbox 2853 1730 3174 1789; x_wconf 84' lang='lat' dir='ltr'><strong>magnasque</strong></span> <span class='ocrx_word' id='word_1_516' title='bbox 3218 1725 3465 1791; x_wconf 69' lang='lat' dir='ltr'><strong>praesenti</strong></span> <span class='ocrx_word' id='word_1_517' title='bbox 3508 1726 3708 1796; x_wconf 82' lang='lat' dir='ltr'><strong>gratias</strong></span> <span class='ocrx_word' id='word_1_518' title='bbox 3751 1743 3930 1800; x_wconf 85' lang='lat' dir='ltr'><strong>agerc.</strong></span> 
     </span>
    </p>
   </div>
   <div class='ocr_carea' id='block_1_71' title="bbox 2363 1799 3933 1878">
    <p class='ocr_par' dir='ltr' id='par_1_71' title="bbox 2363 1799 3933 1878">
     <span class='ocr_line' id='line_1_71' title="bbox 2363 1799 3933 1878; baseline 0.015 -25"><span class='ocrx_word' id='word_1_519' title='bbox 2363 1799 2620 1867; x_wconf 85' lang='lat' dir='ltr'><strong>Quoniam</strong></span> <span class='ocrx_word' id='word_1_520' title='bbox 2647 1812 2823 1860; x_wconf 84' lang='lat' dir='ltr'><strong>autem</strong></span> <span class='ocrx_word' id='word_1_521' title='bbox 2853 1807 2903 1862; x_wconf 93' lang='lat' dir='ltr'><strong>id</strong></span> <span class='ocrx_word' id='word_1_522' title='bbox 2931 1810 3146 1866; x_wconf 90' lang='lat' dir='ltr'><strong>minime</strong></span> <span class='ocrx_word' id='word_1_523' title='bbox 3177 1811 3330 1877; x_wconf 85' lang='lat' dir='ltr'><strong>licet;</strong></span> <span class='ocrx_word' id='word_1_524' title='bbox 3376 1815 3600 1872; x_wconf 85' lang='lat' dir='ltr'><strong>lsauriea</strong></span> <span class='ocrx_word' id='word_1_525' title='bbox 3628 1819 3770 1873; x_wconf 88' lang='lat' dir='ltr'><strong>enim</strong></span> <span class='ocrx_word' id='word_1_526' title='bbox 3794 1799 3933 1878; x_wconf 87' lang='lat' dir='ltr'><strong>mala</strong></span> 
     </span>
    </p>
   </div>
   <div class='ocr_carea' id='block_1_72' title="bbox 2363 1891 3933 1980">
    <p class='ocr_par' dir='ltr' id='par_1_72' title="bbox 2363 1891 3933 1980">
     <span class='ocr_line' id='line_1_72' title="bbox 2363 1891 3933 1980; baseline 0.017 -35"><span class='ocrx_word' id='word_1_527' title='bbox 2363 1891 2725 1962; x_wconf 83' lang='lat' dir='ltr'><strong>ingravescunt</strong></span> <span class='ocrx_word' id='word_1_528' title='bbox 2745 1938 2760 1962; x_wconf 92' lang='lat'><strong>,</strong></span> <span class='ocrx_word' id='word_1_529' title='bbox 2784 1908 2943 1968; x_wconf 89' lang='lat' dir='ltr'><strong>atque</strong></span> <span class='ocrx_word' id='word_1_530' title='bbox 2968 1916 3154 1959; x_wconf 88' lang='lat' dir='ltr'><strong>omnes</strong></span> <span class='ocrx_word' id='word_1_531' title='bbox 3178 1905 3276 1961; x_wconf 73' lang='lat' dir='ltr'><strong>vite</strong></span> <span class='ocrx_word' id='word_1_532' title='bbox 3308 1907 3605 1966; x_wconf 75' lang='lat' dir='ltr'><strong>interclusa:</strong></span> <span class='ocrx_word' id='word_1_533' title='bbox 3631 1921 3756 1966; x_wconf 88' lang='lat' dir='ltr'><strong>sunt</strong></span> <span class='ocrx_word' id='word_1_534' title='bbox 3781 1929 3799 1980; x_wconf 88' lang='lat'><strong>;</strong></span> <span class='ocrx_word' id='word_1_535' title='bbox 3832 1930 3933 1970; x_wconf 86' lang='lat' dir='ltr'><strong>nec</strong></span> 
     </span>
    </p>
   </div>
   <div class='ocr_carea' id='block_1_73' title="bbox 2361 1982 3930 2069">
    <p class='ocr_par' dir='ltr' id='par_1_73' title="bbox 2361 1982 3930 2069">
     <span class='ocr_line' id='line_1_73' title="bbox 2361 1982 3930 2069; baseline 0.015 -33"><span class='ocrx_word' id='word_1_536' title='bbox 2361 1983 2500 2036; x_wconf 90' lang='lat' dir='ltr'><strong>enim</strong></span> <span class='ocrx_word' id='word_1_537' title='bbox 2529 1982 2711 2040; x_wconf 90' lang='lat' dir='ltr'><strong>dubito</strong></span> <span class='ocrx_word' id='word_1_538' title='bbox 2736 2027 2750 2052; x_wconf 92' lang='lat'><strong>,</strong></span> <span class='ocrx_word' id='word_1_539' title='bbox 2776 1989 2903 2058; x_wconf 91' lang='lat' dir='ltr'><strong>quin</strong></span> <span class='ocrx_word' id='word_1_540' title='bbox 2927 1990 3123 2062; x_wconf 85' lang='lat' dir='ltr'><strong>alioqui</strong></span> <span class='ocrx_word' id='word_1_541' title='bbox 3149 1993 3251 2050; x_wconf 91' lang='lat' dir='ltr'><strong>huc</strong></span> <span class='ocrx_word' id='word_1_542' title='bbox 3280 1996 3392 2067; x_wconf 89' lang='lat' dir='ltr'><strong>ipse</strong></span> <span class='ocrx_word' id='word_1_543' title='bbox 3424 2001 3742 2058; x_wconf 88' lang='lat' dir='ltr'><strong>accessisses</strong></span> <span class='ocrx_word' id='word_1_544' title='bbox 3762 2045 3778 2069; x_wconf 96' lang='lat'><strong>,</strong></span> <span class='ocrx_word' id='word_1_545' title='bbox 3812 2021 3930 2059; x_wconf 87' lang='lat' dir='ltr'><strong>ma-</strong></span> 
     </span>
    </p>
   </div>
   <div class='ocr_carea' id='block_1_74' title="bbox 2359 2076 3932 2164">
    <p class='ocr_par' dir='ltr' id='par_1_74' title="bbox 2359 2076 3932 2164">
     <span class='ocr_line' id='line_1_74' title="bbox 2359 2076 3932 2164; baseline 0.017 -39"><span class='ocrx_word' id='word_1_546' title='bbox 2359 2086 2624 2146; x_wconf 89' lang='lat' dir='ltr'><strong>gnumque</strong></span> <span class='ocrx_word' id='word_1_547' title='bbox 2659 2076 2888 2133; x_wconf 88' lang='lat' dir='ltr'><strong>studium</strong></span> <span class='ocrx_word' id='word_1_548' title='bbox 2936 2080 3298 2153; x_wconf 88' lang='lat' dir='ltr'><strong>adhibuisses,</strong></span> <span class='ocrx_word' id='word_1_549' title='bbox 3337 2097 3394 2141; x_wconf 92' lang='lat' dir='ltr'><strong>ut</strong></span> <span class='ocrx_word' id='word_1_550' title='bbox 3417 2087 3482 2142; x_wconf 87' lang='lat' dir='ltr'><strong>ad</strong></span> <span class='ocrx_word' id='word_1_551' title='bbox 3518 2105 3614 2146; x_wconf 86' lang='lat' dir='ltr'><strong>nos</strong></span> <span class='ocrx_word' id='word_1_552' title='bbox 3642 2107 3812 2164; x_wconf 90' lang='lat' dir='ltr'><strong>usque</strong></span> <span class='ocrx_word' id='word_1_553' title='bbox 3835 2109 3932 2150; x_wconf 86' lang='lat' dir='ltr'><strong>ac-</strong></span> 
     </span>
    </p>
   </div>
   <div class='ocr_carea' id='block_1_75' title="bbox 2358 2171 3932 2251">
    <p class='ocr_par' dir='ltr' id='par_1_75' title="bbox 2358 2171 3932 2251">
     <span class='ocr_line' id='line_1_75' title="bbox 2358 2171 3932 2251; baseline 0.012 -32"><span class='ocrx_word' id='word_1_554' title='bbox 2358 2178 2644 2221; x_wconf 89' lang='lat' dir='ltr'><strong>cnrreres:</strong></span> <span class='ocrx_word' id='word_1_555' title='bbox 2688 2183 2868 2224; x_wconf 89' lang='lat' dir='ltr'><strong>verum</strong></span> <span class='ocrx_word' id='word_1_556' title='bbox 2901 2171 2953 2226; x_wconf 91' lang='lat' dir='ltr'><strong>id</strong></span> <span class='ocrx_word' id='word_1_557' title='bbox 3000 2189 3138 2229; x_wconf 91' lang='lat' dir='ltr'><strong>nunc</strong></span> <span class='ocrx_word' id='word_1_558' title='bbox 3178 2175 3290 2230; x_wconf 89' lang='lat' dir='ltr'><strong>lieri</strong></span> <span class='ocrx_word' id='word_1_559' title='bbox 3340 2179 3560 2249; x_wconf 86' lang='lat' dir='ltr'><strong>nequit;</strong></span> <span class='ocrx_word' id='word_1_560' title='bbox 3606 2181 3807 2237; x_wconf 86' lang='lat' dir='ltr'><strong>idcirco</strong></span> <span class='ocrx_word' id='word_1_561' title='bbox 3839 2200 3932 2251; x_wconf 79' lang='lat' dir='ltr'><strong>per</strong></span> 
     </span>
    </p>
   </div>
   <div class='ocr_carea' id='block_1_76' title="bbox 2360 2254 3926 2340">
    <p class='ocr_par' dir='ltr' id='par_1_76' title="bbox 2360 2254 3926 2340">
     <span class='ocr_line' id='line_1_76' title="bbox 2360 2254 3926 2340; baseline 0.013 -32"><span class='ocrx_word' id='word_1_562' title='bbox 2360 2254 2535 2318; x_wconf 84' lang='lat' dir='ltr'><strong>literas</strong></span> <span class='ocrx_word' id='word_1_563' title='bbox 2561 2267 2611 2313; x_wconf 88' lang='lat' dir='ltr'><strong>te</strong></span> <span class='ocrx_word' id='word_1_564' title='bbox 2635 2261 2942 2325; x_wconf 87' lang='lat' dir='ltr'><strong>salutamus.</strong></span> <span class='ocrx_word' id='word_1_565' title='bbox 2971 2275 3128 2335; x_wconf 91' lang='lat' dir='ltr'><strong>atque</strong></span> <span class='ocrx_word' id='word_1_566' title='bbox 3165 2282 3377 2324; x_wconf 87' lang='lat' dir='ltr'><strong>oramus</strong></span> <span class='ocrx_word' id='word_1_567' title='bbox 3397 2311 3412 2336; x_wconf 92' lang='lat'><strong>,</strong></span> <span class='ocrx_word' id='word_1_568' title='bbox 3460 2281 3516 2325; x_wconf 92' lang='lat' dir='ltr'><strong>ut</strong></span> <span class='ocrx_word' id='word_1_569' title='bbox 3561 2287 3681 2327; x_wconf 90' lang='lat' dir='ltr'><strong>cum</strong></span> <span class='ocrx_word' id='word_1_570' title='bbox 3727 2274 3926 2340; x_wconf 81' lang='lat' dir='ltr'><strong>licebit,</strong></span> 
     </span>
    </p>
   </div>
   <div class='ocr_carea' id='block_1_77' title="bbox 2357 2348 3930 2438">
    <p class='ocr_par' dir='ltr' id='par_1_77' title="bbox 2357 2348 3930 2438">
     <span class='ocr_line' id='line_1_77' title="bbox 2357 2348 3930 2438; baseline 0.015 -40"><span class='ocrx_word' id='word_1_571' title='bbox 2357 2361 2512 2438; x_wconf 88' lang='lat' dir='ltr'><strong>quam</strong></span> <span class='ocrx_word' id='word_1_572' title='bbox 2537 2348 2859 2410; x_wconf 89' lang='lat' dir='ltr'><strong>creberrime</strong></span> <span class='ocrx_word' id='word_1_573' title='bbox 2883 2353 2949 2408; x_wconf 90' lang='lat' dir='ltr'><strong>ad</strong></span> <span class='ocrx_word' id='word_1_574' title='bbox 2979 2371 3076 2412; x_wconf 92' lang='lat' dir='ltr'><strong>nos</strong></span> <span class='ocrx_word' id='word_1_575' title='bbox 3100 2359 3321 2418; x_wconf 86' lang='lat' dir='ltr'><strong>scribas.</strong></span> <span class='ocrx_word' id='word_1_576' title='bbox 3339 2360 3512 2432; x_wconf 86' lang='lat' dir='ltr'><strong>deque</strong></span> <span class='ocrx_word' id='word_1_577' title='bbox 3545 2372 3634 2418; x_wconf 89' lang='lat' dir='ltr'><strong>tua</strong></span> <span class='ocrx_word' id='word_1_578' title='bbox 3660 2367 3930 2438; x_wconf 83' lang='lat' dir='ltr'><strong>totiusque</strong></span> 
     </span>
    </p>
   </div>
   <div class='ocr_carea' id='block_1_78' title="bbox 2355 2436 3924 2512">
    <p class='ocr_par' dir='ltr' id='par_1_78' title="bbox 2355 2436 3924 2512">
     <span class='ocr_line' id='line_1_78' title="bbox 2355 2436 3924 2512; baseline 0.015 -23"><span class='ocrx_word' id='word_1_579' title='bbox 2355 2436 2540 2493; x_wconf 89' lang='lat' dir='ltr'><strong>domus</strong></span> <span class='ocrx_word' id='word_1_580' title='bbox 2566 2449 2668 2496; x_wconf 73' lang='lat' dir='ltr'><strong>tua:</strong></span> <span class='ocrx_word' id='word_1_581' title='bbox 2692 2443 2988 2500; x_wconf 88' lang='lat' dir='ltr'><strong>valetudine</strong></span> <span class='ocrx_word' id='word_1_582' title='bbox 3016 2449 3272 2504; x_wconf 74' lang='lat' dir='ltr'><strong>certiores</strong></span> <span class='ocrx_word' id='word_1_583' title='bbox 3305 2466 3402 2506; x_wconf 89' lang='lat' dir='ltr'><strong>nos</strong></span> <span class='ocrx_word' id='word_1_584' title='bbox 3443 2453 3618 2509; x_wconf 79' lang='lat' dir='ltr'><strong>iacias.</strong></span> <span class='ocrx_word' id='word_1_585' title='bbox 3649 2454 3758 2510; x_wconf 79' lang='lat' dir='ltr'><strong>Nec</strong></span> <span class='ocrx_word' id='word_1_586' title='bbox 3780 2436 3924 2512; x_wconf 75' lang='lat' dir='ltr'><strong>enim</strong></span> 
     </span>
    </p>
   </div>
   <div class='ocr_carea' id='block_1_79' title="bbox 2353 2531 3926 2616">
    <p class='ocr_par' dir='ltr' id='par_1_79' title="bbox 2353 2531 3926 2616">
     <span class='ocr_line' id='line_1_79' title="bbox 2353 2531 3926 2616; baseline 0.017 -36"><span class='ocrx_word' id='word_1_587' title='bbox 2353 2531 2653 2600; x_wconf 86' lang='lat' dir='ltr'><strong>vulgarem,</strong></span> <span class='ocrx_word' id='word_1_588' title='bbox 2708 2534 2793 2591; x_wconf 91' lang='lat' dir='ltr'><strong>hic</strong></span> <span class='ocrx_word' id='word_1_589' title='bbox 2833 2553 3046 2608; x_wconf 87' lang='lat' dir='ltr'><strong>quoque</strong></span> <span class='ocrx_word' id='word_1_590' title='bbox 3086 2540 3371 2610; x_wconf 85' lang='lat' dir='ltr'><strong>degentes,</strong></span> <span class='ocrx_word' id='word_1_591' title='bbox 3413 2559 3484 2599; x_wconf 74' lang='lat' dir='ltr'><strong>es</strong></span> <span class='ocrx_word' id='word_1_592' title='bbox 3525 2546 3790 2616; x_wconf 84' lang='lat' dir='ltr'><strong>ejusmodi</strong></span> <span class='ocrx_word' id='word_1_593' title='bbox 3819 2552 3926 2606; x_wconf 86' lang='lat' dir='ltr'><strong>tuis</strong></span> 
     </span>
    </p>
   </div>
   <div class='ocr_carea' id='block_1_80' title="bbox 2353 2622 3352 2702">
    <p class='ocr_par' dir='ltr' id='par_1_80' title="bbox 2353 2622 3352 2702">
     <span class='ocr_line' id='line_1_80' title="bbox 2353 2622 3352 2702; baseline 0.013 -26"><span class='ocrx_word' id='word_1_594' title='bbox 2353 2622 2516 2678; x_wconf 81' lang='lat' dir='ltr'><strong>literis</strong></span> <span class='ocrx_word' id='word_1_595' title='bbox 2539 2626 2952 2684; x_wconf 88' lang='lat' dir='ltr'><strong>consolationem</strong></span> <span class='ocrx_word' id='word_1_596' title='bbox 2982 2632 3352 2702; x_wconf 89' lang='lat' dir='ltr'><strong>pereipiemus.</strong></span> 
     </span>
    </p>
   </div>
   <div class='ocr_carea' id='block_1_81' title="bbox 2550 2757 3722 2841">
    <p class='ocr_par' dir='ltr' id='par_1_81' title="bbox 2550 2757 3722 2841">
     <span class='ocr_line' id='line_1_81' title="bbox 2550 2757 3722 2841; baseline 0.008 -27"><span class='ocrx_word' id='word_1_597' title='bbox 2550 2757 2822 2817; x_wconf 82' lang='lat' dir='ltr'><strong><em>LXXIII.</em></strong></span> <span class='ocrx_word' id='word_1_598' title='bbox 2861 2764 3106 2836; x_wconf 76' lang='lat' dir='ltr'><strong>Agapeto.</strong></span> <span class='ocrx_word' id='word_1_599' title='bbox 3146 2767 3374 2835; x_wconf 80' lang='lat' dir='ltr'><strong>(Cucuso</strong></span> <span class='ocrx_word' id='word_1_600' title='bbox 3404 2784 3544 2824; x_wconf 85' lang='lat' dir='ltr'><strong>anno</strong></span> <span class='ocrx_word' id='word_1_601' title='bbox 3569 2771 3722 2841; x_wconf 71' lang='grc' dir='ltr'><strong>ιω.)</strong></span> 
     </span>
    </p>
   </div>
   <div class='ocr_carea' id='block_1_82' title="bbox 2420 2891 3917 2968">
    <p class='ocr_par' dir='ltr' id='par_1_82' title="bbox 2420 2891 3917 2968">
     <span class='ocr_line' id='line_1_82' title="bbox 2420 2891 3917 2968; baseline 0.013 -21"><span class='ocrx_word' id='word_1_602' title='bbox 2420 2891 2530 2948; x_wconf 86' lang='lat' dir='ltr'><strong>Etsi</strong></span> <span class='ocrx_word' id='word_1_603' title='bbox 2572 2894 2681 2964; x_wconf 88' lang='lat' dir='ltr'><strong>jam</strong></span> <span class='ocrx_word' id='word_1_604' title='bbox 2721 2896 2933 2968; x_wconf 91' lang='lat' dir='ltr'><strong>longum</strong></span> <span class='ocrx_word' id='word_1_605' title='bbox 2977 2908 3184 2968; x_wconf 88' lang='lat' dir='ltr'><strong>tempus</strong></span> <span class='ocrx_word' id='word_1_606' title='bbox 3213 2900 3416 2957; x_wconf 84' lang='lat' dir='ltr'><strong>ei&#39;iluxit</strong></span> <span class='ocrx_word' id='word_1_607' title='bbox 3438 2943 3452 2966; x_wconf 89' lang='lat'><strong>.</strong></span> <span class='ocrx_word' id='word_1_608' title='bbox 3483 2918 3602 2960; x_wconf 92' lang='lat' dir='ltr'><strong>cum</strong></span> <span class='ocrx_word' id='word_1_609' title='bbox 3629 2906 3725 2961; x_wconf 89' lang='lat' dir='ltr'><strong>abs</strong></span> <span class='ocrx_word' id='word_1_610' title='bbox 3751 2915 3805 2965; x_wconf 89' lang='lat' dir='ltr'><strong>te</strong></span> <span class='ocrx_word' id='word_1_611' title='bbox 3828 2923 3917 2965; x_wconf 86' lang='lat' dir='ltr'><strong>se-</strong></span> 
     </span>
    </p>
   </div>
   <div class='ocr_carea' id='block_1_83' title="bbox 2345 2980 3916 3063">
    <p class='ocr_par' dir='ltr' id='par_1_83' title="bbox 2345 2980 3916 3063">
     <span class='ocr_line' id='line_1_83' title="bbox 2345 2980 3916 3063; baseline 0.014 -29"><span class='ocrx_word' id='word_1_612' title='bbox 2345 2980 2511 3049; x_wconf 88' lang='lat' dir='ltr'><strong>juncti</strong></span> <span class='ocrx_word' id='word_1_613' title='bbox 2547 2999 2760 3052; x_wconf 89' lang='lat' dir='ltr'><strong>sumus,</strong></span> <span class='ocrx_word' id='word_1_614' title='bbox 2804 2999 2962 3059; x_wconf 78' lang='lat' dir='ltr'><strong>atque</strong></span> <span class='ocrx_word' id='word_1_615' title='bbox 2990 2991 3146 3044; x_wconf 91' lang='lat' dir='ltr'><strong>etiam</strong></span> <span class='ocrx_word' id='word_1_616' title='bbox 3191 3007 3381 3063; x_wconf 90' lang='lat' dir='ltr'><strong>magno</strong></span> <span class='ocrx_word' id='word_1_617' title='bbox 3411 2994 3611 3051; x_wconf 90' lang='lat' dir='ltr'><strong>itineris</strong></span> <span class='ocrx_word' id='word_1_618' title='bbox 3637 2996 3916 3056; x_wconf 89' lang='lat' dir='ltr'><strong>intervallo</strong></span> 
     </span>
    </p>
   </div>
   <div class='ocr_carea' id='block_1_84' title="bbox 2346 3073 3910 3162">
    <p class='ocr_par' dir='ltr' id='par_1_84' title="bbox 2346 3073 3910 3162">
     <span class='ocr_line' id='line_1_84' title="bbox 2346 3073 3910 3162; baseline 0.012 -33"><span class='ocrx_word' id='word_1_619' title='bbox 2346 3090 2376 3129; x_wconf 85' lang='lat' dir='ltr'><strong>a</strong></span> <span class='ocrx_word' id='word_1_620' title='bbox 2404 3084 2455 3132; x_wconf 89' lang='lat' dir='ltr'><strong>te</strong></span> <span class='ocrx_word' id='word_1_621' title='bbox 2481 3073 2777 3133; x_wconf 87' lang='lat' dir='ltr'><strong>dirimimur</strong></span> <span class='ocrx_word' id='word_1_622' title='bbox 2804 3099 2818 3134; x_wconf 87' lang='lat'><strong>:</strong></span> <span class='ocrx_word' id='word_1_623' title='bbox 2844 3083 3062 3137; x_wconf 85' lang='lat' dir='ltr'><strong>caritate</strong></span> <span class='ocrx_word' id='word_1_624' title='bbox 3091 3092 3262 3140; x_wconf 89' lang='lat' dir='ltr'><strong>tamen</strong></span> <span class='ocrx_word' id='word_1_625' title='bbox 3291 3095 3464 3141; x_wconf 90' lang='lat' dir='ltr'><strong>tecum</strong></span> <span class='ocrx_word' id='word_1_626' title='bbox 3503 3088 3910 3162; x_wconf 86' lang='lat' dir='ltr'><strong>adstringimur,</strong></span> 
     </span>
    </p>
   </div>
   <div class='ocr_carea' id='block_1_85' title="bbox 2343 3169 3914 3246">
    <p class='ocr_par' dir='ltr' id='par_1_85' title="bbox 2343 3169 3914 3246">
     <span class='ocr_line' id='line_1_85' title="bbox 2343 3169 3914 3246; baseline 0.012 -24"><span class='ocrx_word' id='word_1_627' title='bbox 2343 3176 2502 3239; x_wconf 90' lang='lat' dir='ltr'><strong>atque</strong></span> <span class='ocrx_word' id='word_1_628' title='bbox 2546 3169 2596 3221; x_wconf 90' lang='lat' dir='ltr'><strong>in</strong></span> <span class='ocrx_word' id='word_1_629' title='bbox 2643 3171 2937 3240; x_wconf 78' lang='lat' dir='ltr'><strong>propinquo</strong></span> <span class='ocrx_word' id='word_1_630' title='bbox 2977 3186 3408 3243; x_wconf 79' lang='lat' dir='ltr'><strong>commutamur,</strong></span> <span class='ocrx_word' id='word_1_631' title='bbox 3446 3177 3590 3246; x_wconf 89' lang='lat' dir='ltr'><strong>imo,</strong></span> <span class='ocrx_word' id='word_1_632' title='bbox 3635 3189 3693 3235; x_wconf 89' lang='lat' dir='ltr'><strong>ut</strong></span> <span class='ocrx_word' id='word_1_633' title='bbox 3717 3182 3914 3240; x_wconf 87' lang='lat' dir='ltr'><strong>rectius</strong></span> 
     </span>
    </p>
   </div>
   <div class='ocr_carea' id='block_1_86' title="bbox 2345 3254 3908 3338">
    <p class='ocr_par' dir='ltr' id='par_1_86' title="bbox 2345 3254 3908 3338">
     <span class='ocr_line' id='line_1_86' title="bbox 2345 3254 3908 3338; baseline 0.015 -29"><span class='ocrx_word' id='word_1_634' title='bbox 2345 3254 2529 3326; x_wconf 89' lang='lat' dir='ltr'><strong>loquar</strong></span> <span class='ocrx_word' id='word_1_635' title='bbox 2550 3298 2565 3324; x_wconf 93' lang='lat'><strong>,</strong></span> <span class='ocrx_word' id='word_1_636' title='bbox 2610 3257 2664 3314; x_wconf 89' lang='lat' dir='ltr'><strong>in</strong></span> <span class='ocrx_word' id='word_1_637' title='bbox 2697 3261 2807 3330; x_wconf 85' lang='lat' dir='ltr'><strong>ipsa</strong></span> <span class='ocrx_word' id='word_1_638' title='bbox 2835 3275 3047 3330; x_wconf 88' lang='lat' dir='ltr'><strong>mente,</strong></span> <span class='ocrx_word' id='word_1_639' title='bbox 3076 3280 3408 3338; x_wconf 88' lang='lat' dir='ltr'><strong>quocumque</strong></span> <span class='ocrx_word' id='word_1_640' title='bbox 3453 3269 3664 3328; x_wconf 87' lang='lat' dir='ltr'><strong>tandem</strong></span> <span class='ocrx_word' id='word_1_641' title='bbox 3695 3273 3749 3328; x_wconf 92' lang='lat' dir='ltr'><strong>in</strong></span> <span class='ocrx_word' id='word_1_642' title='bbox 3790 3274 3908 3332; x_wconf 83' lang='lat' dir='ltr'><strong>loco</strong></span> 
     </span>
    </p>
   </div>
   <div class='ocr_carea' id='block_1_87' title="bbox 2341 3350 3908 3428">
    <p class='ocr_par' dir='ltr' id='par_1_87' title="bbox 2341 3350 3908 3428">
     <span class='ocr_line' id='line_1_87' title="bbox 2341 3350 3908 3428; baseline 0.014 -27"><span class='ocrx_word' id='word_1_643' title='bbox 2341 3350 2525 3414; x_wconf 90' lang='lat' dir='ltr'><strong>simus,</strong></span> <span class='ocrx_word' id='word_1_644' title='bbox 2557 3357 2608 3406; x_wconf 89' lang='lat' dir='ltr'><strong>te</strong></span> <span class='ocrx_word' id='word_1_645' title='bbox 2635 3352 3071 3410; x_wconf 77' lang='lat' dir='ltr'><strong>circumferimus.</strong></span> <span class='ocrx_word' id='word_1_646' title='bbox 3106 3355 3416 3428; x_wconf 88' lang='lat' dir='ltr'><strong>Usqueadeo</strong></span> <span class='ocrx_word' id='word_1_647' title='bbox 3443 3358 3739 3419; x_wconf 82' lang='lat' dir='ltr'><strong>ferventem</strong></span> <span class='ocrx_word' id='word_1_648' title='bbox 3769 3366 3908 3422; x_wconf 88' lang='lat' dir='ltr'><strong>illam</strong></span> 
     </span>
    </p>
   </div>
   <div class='ocr_carea' id='block_1_88' title="bbox 2337 3441 3905 3524">
    <p class='ocr_par' dir='ltr' id='par_1_88' title="bbox 2337 3441 3905 3524">
     <span class='ocr_line' id='line_1_88' title="bbox 2337 3441 3905 3524; baseline 0.011 -29"><span class='ocrx_word' id='word_1_649' title='bbox 2337 3450 2392 3495; x_wconf 86' lang='lat' dir='ltr'><strong>et</strong></span> <span class='ocrx_word' id='word_1_650' title='bbox 2413 3441 2670 3496; x_wconf 85' lang='lat' dir='ltr'><strong>sinceram</strong></span> <span class='ocrx_word' id='word_1_651' title='bbox 2696 3459 2759 3497; x_wconf 89' lang='lat' dir='ltr'><strong>ac</strong></span> <span class='ocrx_word' id='word_1_652' title='bbox 2782 3444 3148 3503; x_wconf 87' lang='lat' dir='ltr'><strong>vehementem</strong></span> <span class='ocrx_word' id='word_1_653' title='bbox 3173 3460 3226 3504; x_wconf 91' lang='lat' dir='ltr'><strong>et</strong></span> <span class='ocrx_word' id='word_1_654' title='bbox 3243 3460 3572 3507; x_wconf 86' lang='lat' dir='ltr'><strong>constantem</strong></span> <span class='ocrx_word' id='word_1_655' title='bbox 3597 3456 3905 3524; x_wconf 84' lang='lat' dir='ltr'><strong>amicitiam,</strong></span> 
     </span>
    </p>
   </div>
   <div class='ocr_carea' id='block_1_89' title="bbox 2337 3532 3904 3609">
    <p class='ocr_par' dir='ltr' id='par_1_89' title="bbox 2337 3532 3904 3609">
     <span class='ocr_line' id='line_1_89' title="bbox 2337 3532 3904 3609; baseline 0.013 -26"><span class='ocrx_word' id='word_1_656' title='bbox 2337 3546 2455 3601; x_wconf 73' lang='lat' dir='ltr'><strong>qua:</strong></span> <span class='ocrx_word' id='word_1_657' title='bbox 2489 3532 2578 3588; x_wconf 86' lang='lat' dir='ltr'><strong>tibi</strong></span> <span class='ocrx_word' id='word_1_658' title='bbox 2621 3534 2934 3606; x_wconf 79' lang='lat' dir='ltr'><strong>jampridem</strong></span> <span class='ocrx_word' id='word_1_659' title='bbox 2974 3549 3132 3609; x_wconf 88' lang='lat' dir='ltr'><strong>atque</strong></span> <span class='ocrx_word' id='word_1_660' title='bbox 3155 3542 3224 3595; x_wconf 86' lang='lat' dir='ltr'><strong>ab</strong></span> <span class='ocrx_word' id='word_1_661' title='bbox 3266 3543 3414 3597; x_wconf 85' lang='lat' dir='ltr'><strong>initio</strong></span> <span class='ocrx_word' id='word_1_662' title='bbox 3438 3542 3708 3602; x_wconf 81' lang='lat' dir='ltr'><strong>nobiscum</strong></span> <span class='ocrx_word' id='word_1_663' title='bbox 3741 3547 3904 3604; x_wconf 83' lang='lat' dir='ltr'><strong>inter-</strong></span> 
     </span>
    </p>
   </div>
   <div class='ocr_carea' id='block_1_90' title="bbox 2335 3625 3904 3709">
    <p class='ocr_par' dir='ltr' id='par_1_90' title="bbox 2335 3625 3904 3709">
     <span class='ocr_line' id='line_1_90' title="bbox 2335 3625 3904 3709; baseline 0.011 -32"><span class='ocrx_word' id='word_1_664' title='bbox 2335 3625 2516 3692; x_wconf 85' lang='lat' dir='ltr'><strong>cessit,</strong></span> <span class='ocrx_word' id='word_1_665' title='bbox 2548 3625 2732 3682; x_wconf 90' lang='lat' dir='ltr'><strong>intimo</strong></span> <span class='ocrx_word' id='word_1_666' title='bbox 2763 3638 2973 3697; x_wconf 87' lang='lat' dir='ltr'><strong>pectore</strong></span> <span class='ocrx_word' id='word_1_667' title='bbox 3000 3629 3308 3699; x_wconf 89' lang='lat' dir='ltr'><strong>impressam</strong></span> <span class='ocrx_word' id='word_1_668' title='bbox 3340 3633 3614 3690; x_wconf 87' lang='lat' dir='ltr'><strong>habemus.</strong></span> <span class='ocrx_word' id='word_1_669' title='bbox 3638 3636 3778 3705; x_wconf 88' lang='lat' dir='ltr'><strong>Quin</strong></span> <span class='ocrx_word' id='word_1_670' title='bbox 3808 3639 3904 3709; x_wconf 85' lang='lat' dir='ltr'><strong>ipsi</strong></span> 
     </span>
    </p>
   </div>
   <div class='ocr_carea' id='block_1_91' title="bbox 2336 3715 3902 3796">
    <p class='ocr_par' dir='ltr' id='par_1_91' title="bbox 2336 3715 3902 3796">
     <span class='ocr_line' id='line_1_91' title="bbox 2336 3715 3902 3796; baseline 0.012 -32"><span class='ocrx_word' id='word_1_671' title='bbox 2336 3727 2544 3783; x_wconf 90' lang='lat' dir='ltr'><strong>quoque</strong></span> <span class='ocrx_word' id='word_1_672' title='bbox 2567 3755 2582 3778; x_wconf 91' lang='lat'><strong>,</strong></span> <span class='ocrx_word' id='word_1_673' title='bbox 2629 3715 2843 3771; x_wconf 87' lang='lat' dir='ltr'><strong>domine</strong></span> <span class='ocrx_word' id='word_1_674' title='bbox 2884 3719 2952 3771; x_wconf 93' lang='lat' dir='ltr'><strong>mi</strong></span> <span class='ocrx_word' id='word_1_675' title='bbox 2986 3721 3418 3787; x_wconf 68' lang='lat' dir='ltr'><strong>praestantissime</strong></span> <span class='ocrx_word' id='word_1_676' title='bbox 3453 3737 3516 3779; x_wconf 91' lang='lat' dir='ltr'><strong>ac</strong></span> <span class='ocrx_word' id='word_1_677' title='bbox 3564 3740 3902 3796; x_wconf 76' lang='lat' dir='ltr'><strong>summopere</strong></span> 
     </span>
    </p>
   </div>
   <div class='ocr_carea' id='block_1_92' title="bbox 2335 3803 3898 3880">
    <p class='ocr_par' dir='ltr' id='par_1_92' title="bbox 2335 3803 3898 3880">
     <span class='ocr_line' id='line_1_92' title="bbox 2335 3803 3898 3880; baseline 0.012 -24"><span class='ocrx_word' id='word_1_678' title='bbox 2335 3803 2674 3869; x_wconf 87' lang='lat' dir='ltr'><strong>admirande,</strong></span> <span class='ocrx_word' id='word_1_679' title='bbox 2725 3807 2954 3862; x_wconf 88' lang='lat' dir='ltr'><strong>vividam</strong></span> <span class='ocrx_word' id='word_1_680' title='bbox 2996 3823 3119 3880; x_wconf 83' lang='lat' dir='ltr'><strong>erga</strong></span> <span class='ocrx_word' id='word_1_681' title='bbox 3160 3820 3213 3867; x_wconf 89' lang='lat' dir='ltr'><strong>te</strong></span> <span class='ocrx_word' id='word_1_682' title='bbox 3253 3812 3675 3873; x_wconf 80' lang='lat' dir='ltr'><strong>benevolentiam</strong></span> <span class='ocrx_word' id='word_1_683' title='bbox 3706 3819 3898 3874; x_wconf 78' lang='lat' dir='ltr'><strong>retine-</strong></span> 
     </span>
    </p>
   </div>
   <div class='ocr_carea' id='block_1_93' title="bbox 2337 3898 3902 3986">
    <p class='ocr_par' dir='ltr' id='par_1_93' title="bbox 2337 3898 3902 3986">
     <span class='ocr_line' id='line_1_93' title="bbox 2337 3898 3902 3986; baseline 0.01 -38"><span class='ocrx_word' id='word_1_684' title='bbox 2337 3909 2476 3962; x_wconf 89' lang='lat' dir='ltr'><strong>mus,</strong></span> <span class='ocrx_word' id='word_1_685' title='bbox 2519 3910 2618 3951; x_wconf 89' lang='lat' dir='ltr'><strong>nec</strong></span> <span class='ocrx_word' id='word_1_686' title='bbox 2642 3912 2756 3952; x_wconf 88' lang='lat' dir='ltr'><strong>eam</strong></span> <span class='ocrx_word' id='word_1_687' title='bbox 2785 3898 2866 3953; x_wconf 93' lang='lat' dir='ltr'><strong>vel</strong></span> <span class='ocrx_word' id='word_1_688' title='bbox 2905 3899 2972 3954; x_wconf 94' lang='lat' dir='ltr'><strong>ob</strong></span> <span class='ocrx_word' id='word_1_689' title='bbox 3001 3903 3252 3970; x_wconf 90' lang='lat' dir='ltr'><strong>temporis</strong></span> <span class='ocrx_word' id='word_1_690' title='bbox 3283 3905 3694 3986; x_wconf 68' lang='lat' dir='ltr'><strong>magnitudinem</strong></span> <span class='ocrx_word' id='word_1_691' title='bbox 3727 3910 3807 3963; x_wconf 90' lang='lat' dir='ltr'><strong>vel</strong></span> <span class='ocrx_word' id='word_1_692' title='bbox 3834 3909 3902 3964; x_wconf 79' lang='lat' dir='ltr'><strong>ol~</strong></span> 
     </span>
    </p>
   </div>
   <div class='ocr_carea' id='block_1_94' title="bbox 2337 3987 3888 4072">
    <p class='ocr_par' dir='ltr' id='par_1_94' title="bbox 2337 3987 3888 4072">
     <span class='ocr_line' id='line_1_94' title="bbox 2337 3987 3888 4072; baseline 0.01 -32"><span class='ocrx_word' id='word_1_693' title='bbox 2337 3987 2540 4046; x_wconf 82' lang='lat' dir='ltr'><strong>itineris</strong></span> <span class='ocrx_word' id='word_1_694' title='bbox 2591 3989 3021 4061; x_wconf 86' lang='lat' dir='ltr'><strong>longinquitatem</strong></span> <span class='ocrx_word' id='word_1_695' title='bbox 3051 3994 3309 4052; x_wconf 89' lang='lat' dir='ltr'><strong>debilitari</strong></span> <span class='ocrx_word' id='word_1_696' title='bbox 3350 4007 3508 4068; x_wconf 85' lang='lat' dir='ltr'><strong>atque</strong></span> <span class='ocrx_word' id='word_1_697' title='bbox 3539 4002 3804 4072; x_wconf 86' lang='lat' dir='ltr'><strong>exstingui</strong></span> <span class='ocrx_word' id='word_1_698' title='bbox 3827 4004 3888 4058; x_wconf 79' lang='lat' dir='ltr'><strong>si-</strong></span> 
     </span>
    </p>
   </div>
   <div class='ocr_carea' id='block_1_95' title="bbox 2335 4077 3882 4158">
    <p class='ocr_par' dir='ltr' id='par_1_95' title="bbox 2335 4077 3882 4158">
     <span class='ocr_line' id='line_1_95' title="bbox 2335 4077 3882 4158; baseline 0.011 -27"><span class='ocrx_word' id='word_1_699' title='bbox 2335 4077 2524 4132; x_wconf 91' lang='lat' dir='ltr'><strong>nimus.</strong></span> <span class='ocrx_word' id='word_1_700' title='bbox 2557 4080 2908 4146; x_wconf 85' lang='lat' dir='ltr'><strong>Quamobrem</strong></span> <span class='ocrx_word' id='word_1_701' title='bbox 2941 4099 2969 4138; x_wconf 87' lang='lat' dir='ltr'><strong>a</strong></span> <span class='ocrx_word' id='word_1_702' title='bbox 3014 4095 3064 4139; x_wconf 89' lang='lat' dir='ltr'><strong>te</strong></span> <span class='ocrx_word' id='word_1_703' title='bbox 3089 4088 3311 4155; x_wconf 90' lang='lat' dir='ltr'><strong>petimus</strong></span> <span class='ocrx_word' id='word_1_704' title='bbox 3331 4130 3344 4148; x_wconf 90' lang='lat'><em>.</em></span> <span class='ocrx_word' id='word_1_705' title='bbox 3379 4101 3436 4145; x_wconf 94' lang='lat' dir='ltr'><strong>ut</strong></span> <span class='ocrx_word' id='word_1_706' title='bbox 3455 4105 3575 4147; x_wconf 90' lang='lat' dir='ltr'><strong>cum</strong></span> <span class='ocrx_word' id='word_1_707' title='bbox 3601 4091 3803 4158; x_wconf 88' lang='lat' dir='ltr'><strong>licebit,</strong></span> <span class='ocrx_word' id='word_1_708' title='bbox 3834 4095 3882 4150; x_wconf 84' lang='lat' dir='ltr'><strong>d.</strong></span> 
     </span>
    </p>
   </div>
   <div class='ocr_carea' id='block_1_96' title="bbox 2333 4169 3895 4254">
    <p class='ocr_par' dir='ltr' id='par_1_96' title="bbox 2333 4169 3895 4254">
     <span class='ocr_line' id='line_1_96' title="bbox 2333 4169 3895 4254; baseline 0.012 -32"><span class='ocrx_word' id='word_1_709' title='bbox 2333 4175 2417 4222; x_wconf 90' lang='lat' dir='ltr'><strong>tua</strong></span> <span class='ocrx_word' id='word_1_710' title='bbox 2459 4169 2756 4228; x_wconf 90' lang='lat' dir='ltr'><strong>valetudine</strong></span> <span class='ocrx_word' id='word_1_711' title='bbox 2791 4174 2980 4230; x_wconf 89' lang='lat' dir='ltr'><strong>crebro</strong></span> <span class='ocrx_word' id='word_1_712' title='bbox 3022 4176 3086 4230; x_wconf 90' lang='lat' dir='ltr'><strong>ad</strong></span> <span class='ocrx_word' id='word_1_713' title='bbox 3129 4192 3225 4232; x_wconf 89' lang='lat' dir='ltr'><strong>nos</strong></span> <span class='ocrx_word' id='word_1_714' title='bbox 3263 4180 3495 4237; x_wconf 85' lang='lat' dir='ltr'><strong>scribere</strong></span> <span class='ocrx_word' id='word_1_715' title='bbox 3533 4198 3599 4238; x_wconf 89' lang='lat' dir='ltr'><strong>ne</strong></span> <span class='ocrx_word' id='word_1_716' title='bbox 3637 4186 3895 4254; x_wconf 79' lang='lat' dir='ltr'><strong>graveris.</strong></span> 
     </span>
    </p>
   </div>
   <div class='ocr_carea' id='block_1_97' title="bbox 2331 4257 3898 4347">
    <p class='ocr_par' dir='ltr' id='par_1_97' title="bbox 2331 4257 3898 4347">
     <span class='ocr_line' id='line_1_97' title="bbox 2331 4257 3898 4347; baseline 0.013 -35"><span class='ocrx_word' id='word_1_717' title='bbox 2331 4257 2446 4314; x_wconf 86' lang='lat' dir='ltr'><strong>Scis</strong></span> <span class='ocrx_word' id='word_1_718' title='bbox 2474 4261 2614 4315; x_wconf 90' lang='lat' dir='ltr'><strong>enim</strong></span> <span class='ocrx_word' id='word_1_719' title='bbox 2645 4272 2893 4333; x_wconf 85' lang='lat' dir='ltr'><strong>quantum</strong></span> <span class='ocrx_word' id='word_1_720' title='bbox 2919 4267 3034 4334; x_wconf 88' lang='lat' dir='ltr'><strong>ejus</strong></span> <span class='ocrx_word' id='word_1_721' title='bbox 3061 4267 3278 4347; x_wconf 80' lang='lat' dir='ltr'><strong>studiosi</strong></span> <span class='ocrx_word' id='word_1_722' title='bbox 3319 4272 3483 4326; x_wconf 84' lang='lat' dir='ltr'><strong>simus</strong></span> <span class='ocrx_word' id='word_1_723' title='bbox 3501 4313 3517 4338; x_wconf 91' lang='lat'><strong>,</strong></span> <span class='ocrx_word' id='word_1_724' title='bbox 3541 4284 3898 4347; x_wconf 74' lang='lat' dir='ltr'><strong>quantamque</strong></span> 
     </span>
    </p>
   </div>
   <div class='ocr_carea' id='block_1_98' title="bbox 2328 4339 3894 4430">
    <p class='ocr_par' dir='ltr' id='par_1_98' title="bbox 2328 4339 3894 4430">
     <span class='ocr_line' id='line_1_98' title="bbox 2328 4339 3894 4430; baseline 0.013 -26"><span class='ocrx_word' id='word_1_725' title='bbox 2328 4365 2357 4403; x_wconf 93' lang='lat' dir='ltr'><strong>a</strong></span> <span class='ocrx_word' id='word_1_726' title='bbox 2386 4351 2537 4408; x_wconf 91' lang='lat' dir='ltr'><strong>nobis</strong></span> <span class='ocrx_word' id='word_1_727' title='bbox 2564 4355 2782 4422; x_wconf 88' lang='lat' dir='ltr'><strong>gratiam</strong></span> <span class='ocrx_word' id='word_1_728' title='bbox 2813 4354 3035 4412; x_wconf 89' lang='lat' dir='ltr'><strong>initurus</strong></span> <span class='ocrx_word' id='word_1_729' title='bbox 3061 4339 3166 4423; x_wconf 73' lang='lat' dir='ltr'><strong>sis,</strong></span> <span class='ocrx_word' id='word_1_730' title='bbox 3202 4358 3501 4430; x_wconf 88' lang='lat' dir='ltr'><strong>hujusmodi</strong></span> <span class='ocrx_word' id='word_1_731' title='bbox 3539 4339 3607 4420; x_wconf 69' lang='lat' dir='ltr'><strong>ad</strong></span> <span class='ocrx_word' id='word_1_732' title='bbox 3649 4382 3750 4422; x_wconf 84' lang='lat' dir='ltr'><strong>nos</strong></span> <span class='ocrx_word' id='word_1_733' title='bbox 3775 4339 3894 4425; x_wconf 75' lang='lat' dir='ltr'><strong>lite-</strong></span> 
     </span>
    </p>
   </div>
   <div class='ocr_carea' id='block_1_99' title="bbox 2329 4443 2679 4498">
    <p class='ocr_par' dir='ltr' id='par_1_99' title="bbox 2329 4443 2679 4498">
     <span class='ocr_line' id='line_1_99' title="bbox 2329 4443 2679 4498; baseline 0.006 -2"><span class='ocrx_word' id='word_1_734' title='bbox 2329 4457 2416 4498; x_wconf 88' lang='lat' dir='ltr'><strong>ras</strong></span> <span class='ocrx_word' id='word_1_735' title='bbox 2442 4443 2679 4498; x_wconf 89' lang='lat' dir='ltr'><strong>mittens.</strong></span> 
     </span>
    </p>
   </div>
   <div class='ocr_carea' id='block_1_100' title="bbox 2526 4577 3694 4663">
    <p class='ocr_par' dir='ltr' id='par_1_100' title="bbox 2526 4577 3694 4663">
     <span class='ocr_line' id='line_1_100' title="bbox 2526 4577 3694 4663; baseline 0.013 -29"><span class='ocrx_word' id='word_1_736' title='bbox 2526 4577 2706 4635; x_wconf 81' lang='lat' dir='ltr'><strong><em>LXXI</em></strong></span> <span class='ocrx_word' id='word_1_737' title='bbox 2721 4580 2778 4636; x_wconf 83' lang='grc' dir='ltr'><strong>γ,</strong></span> <span class='ocrx_word' id='word_1_738' title='bbox 2819 4580 3090 4656; x_wconf 74' lang='lat' dir='ltr'><strong>Hesychia.</strong></span> <span class='ocrx_word' id='word_1_739' title='bbox 3131 4583 3361 4658; x_wconf 88' lang='lat' dir='ltr'><strong>(Cucuso</strong></span> <span class='ocrx_word' id='word_1_740' title='bbox 3383 4603 3524 4644; x_wconf 89' lang='lat' dir='ltr'><strong>anno</strong></span> <span class='ocrx_word' id='word_1_741' title='bbox 3546 4589 3694 4663; x_wconf 64' lang='lat'><strong>401.)</strong></span> 
     </span>
    </p>
   </div>
   <div class='ocr_carea' id='block_1_101' title="bbox 2396 4711 3888 4793">
    <p class='ocr_par' dir='ltr' id='par_1_101' title="bbox 2396 4711 3888 4793">
     <span class='ocr_line' id='line_1_101' title="bbox 2396 4711 3888 4793; baseline 0.009 -23"><span class='ocrx_word' id='word_1_742' title='bbox 2396 4711 2652 4785; x_wconf 85' lang='lat' dir='ltr'><strong>Equidem</strong></span> <span class='ocrx_word' id='word_1_743' title='bbox 2680 4718 2790 4786; x_wconf 89' lang='lat' dir='ltr'><strong>ipse</strong></span> <span class='ocrx_word' id='word_1_744' title='bbox 2823 4727 2875 4774; x_wconf 91' lang='lat' dir='ltr'><strong>te</strong></span> <span class='ocrx_word' id='word_1_745' title='bbox 2911 4718 3092 4775; x_wconf 88' lang='lat' dir='ltr'><strong>videre</strong></span> <span class='ocrx_word' id='word_1_746' title='bbox 3113 4735 3383 4793; x_wconf 88' lang='lat' dir='ltr'><strong>cuperem,</strong></span> <span class='ocrx_word' id='word_1_747' title='bbox 3413 4739 3601 4793; x_wconf 89' lang='lat' dir='ltr'><strong>meque</strong></span> <span class='ocrx_word' id='word_1_748' title='bbox 3627 4741 3726 4782; x_wconf 85' lang='lat' dir='ltr'><strong>nec</strong></span> <span class='ocrx_word' id='word_1_749' title='bbox 3753 4728 3888 4783; x_wconf 56' lang='lat' dir='ltr'><strong>Isauo</strong></span> 
     </span>
    </p>
   </div>
   <div class='ocr_carea' id='block_1_102' title="bbox 2328 4811 3890 4885">
    <p class='ocr_par' dir='ltr' id='par_1_102' title="bbox 2328 4811 3890 4885">
     <span class='ocr_line' id='line_1_102' title="bbox 2328 4811 3890 4885; baseline 0.01 -27"><span class='ocrx_word' id='word_1_750' title='bbox 2328 4819 2504 4860; x_wconf 86' lang='lat' dir='ltr'><strong>rerum</strong></span> <span class='ocrx_word' id='word_1_751' title='bbox 2547 4815 2754 4873; x_wconf 90' lang='lat' dir='ltr'><strong>metus,</strong></span> <span class='ocrx_word' id='word_1_752' title='bbox 2813 4823 2913 4864; x_wconf 90' lang='lat' dir='ltr'><strong>nec</strong></span> <span class='ocrx_word' id='word_1_753' title='bbox 2958 4811 3192 4878; x_wconf 70' lang='lat' dir='ltr'><strong>corporie</strong></span> <span class='ocrx_word' id='word_1_754' title='bbox 3239 4812 3566 4870; x_wconf 89' lang='lat' dir='ltr'><strong>imbecillitas</strong></span> <span class='ocrx_word' id='word_1_755' title='bbox 3608 4817 3890 4885; x_wconf 83' lang='lat' dir='ltr'><strong>prohibere</strong></span> 
     </span>
    </p>
   </div>
   <div class='ocr_carea' id='block_1_103' title="bbox 2327 4902 3888 4979">
    <p class='ocr_par' dir='ltr' id='par_1_103' title="bbox 2327 4902 3888 4979">
     <span class='ocr_line' id='line_1_103' title="bbox 2327 4902 3888 4979; baseline 0.008 -25"><span class='ocrx_word' id='word_1_756' title='bbox 2327 4911 2523 4970; x_wconf 88' lang='lat' dir='ltr'><strong>posset,</strong></span> <span class='ocrx_word' id='word_1_757' title='bbox 2548 4903 2593 4956; x_wconf 90' lang='lat' dir='ltr'><strong>si</strong></span> <span class='ocrx_word' id='word_1_758' title='bbox 2622 4902 2750 4956; x_wconf 89' lang='lat' dir='ltr'><strong>mihi</strong></span> <span class='ocrx_word' id='word_1_759' title='bbox 2778 4902 2975 4957; x_wconf 91' lang='lat' dir='ltr'><strong>licitum</strong></span> <span class='ocrx_word' id='word_1_760' title='bbox 3007 4912 3180 4972; x_wconf 88' lang='lat' dir='ltr'><strong>esset,</strong></span> <span class='ocrx_word' id='word_1_761' title='bbox 3206 4921 3310 4977; x_wconf 68' lang='lat' dir='ltr'><strong>quo</strong></span> <span class='ocrx_word' id='word_1_762' title='bbox 3335 4907 3525 4963; x_wconf 89' lang='lat' dir='ltr'><strong>vellem</strong></span> <span class='ocrx_word' id='word_1_763' title='bbox 3550 4949 3564 4974; x_wconf 95' lang='lat'><strong>,</strong></span> <span class='ocrx_word' id='word_1_764' title='bbox 3594 4910 3888 4979; x_wconf 77' lang='lat' dir='ltr'><strong>proﬁcisci;</strong></span> 
     </span>
    </p>
   </div>
   <div class='ocr_carea' id='block_1_104' title="bbox 2327 4996 3888 5074">
    <p class='ocr_par' dir='ltr' id='par_1_104' title="bbox 2327 4996 3888 5074">
     <span class='ocr_line' id='line_1_104' title="bbox 2327 4996 3888 5074; baseline 0.006 -25"><span class='ocrx_word' id='word_1_765' title='bbox 2327 5002 2378 5049; x_wconf 90' lang='lat' dir='ltr'><strong>te</strong></span> <span class='ocrx_word' id='word_1_766' title='bbox 2401 5004 2575 5050; x_wconf 85' lang='lat' dir='ltr'><strong>autem</strong></span> <span class='ocrx_word' id='word_1_767' title='bbox 2600 5037 2616 5062; x_wconf 95' lang='lat'><strong>,</strong></span> <span class='ocrx_word' id='word_1_768' title='bbox 2642 5009 2762 5050; x_wconf 88' lang='lat' dir='ltr'><strong>cum</strong></span> <span class='ocrx_word' id='word_1_769' title='bbox 2788 4996 2980 5067; x_wconf 80' lang='lat' dir='ltr'><strong>alioqui</strong></span> <span class='ocrx_word' id='word_1_770' title='bbox 3009 4997 3061 5052; x_wconf 87' lang='lat' dir='ltr'><strong>id</strong></span> <span class='ocrx_word' id='word_1_771' title='bbox 3089 4998 3286 5054; x_wconf 67' lang='lat' dir='ltr'><strong>arbftrii</strong></span> <span class='ocrx_word' id='word_1_772' title='bbox 3315 5001 3386 5054; x_wconf 92' lang='lat' dir='ltr'><strong>tni</strong></span> <span class='ocrx_word' id='word_1_773' title='bbox 3418 5001 3487 5056; x_wconf 92' lang='lat' dir='ltr'><strong>sit</strong></span> <span class='ocrx_word' id='word_1_774' title='bbox 3506 5043 3522 5065; x_wconf 91' lang='lat'><strong>,</strong></span> <span class='ocrx_word' id='word_1_775' title='bbox 3566 5017 3633 5057; x_wconf 89' lang='lat' dir='ltr'><strong>ne</strong></span> <span class='ocrx_word' id='word_1_776' title='bbox 3669 5003 3747 5058; x_wconf 85' lang='lat' dir='ltr'><strong>sic</strong></span> <span class='ocrx_word' id='word_1_777' title='bbox 3771 5005 3888 5074; x_wconf 86' lang='lat' dir='ltr'><strong>qui-</strong></span> 
     </span>
    </p>
   </div>
   <div class='ocr_carea' id='block_1_105' title="bbox 2325 5084 3891 5163">
    <p class='ocr_par' dir='ltr' id='par_1_105' title="bbox 2325 5084 3891 5163">
     <span class='ocr_line' id='line_1_105' title="bbox 2325 5084 3891 5163; baseline 0.006 -23"><span class='ocrx_word' id='word_1_778' title='bbox 2325 5085 2444 5141; x_wconf 91' lang='lat' dir='ltr'><strong>dem</strong></span> <span class='ocrx_word' id='word_1_779' title='bbox 2483 5084 2632 5142; x_wconf 86' lang='lat' dir='ltr'><strong>traho</strong></span> <span class='ocrx_word' id='word_1_780' title='bbox 2659 5128 2673 5152; x_wconf 95' lang='lat'><strong>,</strong></span> <span class='ocrx_word' id='word_1_781' title='bbox 2723 5102 2821 5142; x_wconf 90' lang='lat' dir='ltr'><strong>nec</strong></span> <span class='ocrx_word' id='word_1_782' title='bbox 2857 5099 2914 5142; x_wconf 93' lang='lat' dir='ltr'><strong>ut</strong></span> <span class='ocrx_word' id='word_1_783' title='bbox 2950 5087 3109 5145; x_wconf 88' lang='lat' dir='ltr'><strong>domo</strong></span> <span class='ocrx_word' id='word_1_784' title='bbox 3139 5091 3330 5161; x_wconf 83' lang='lat' dir='ltr'><strong>migres</strong></span> <span class='ocrx_word' id='word_1_785' title='bbox 3349 5133 3364 5156; x_wconf 93' lang='lat'><strong>,</strong></span> <span class='ocrx_word' id='word_1_786' title='bbox 3397 5102 3557 5163; x_wconf 90' lang='lat' dir='ltr'><strong>atque</strong></span> <span class='ocrx_word' id='word_1_787' title='bbox 3581 5093 3648 5150; x_wconf 87' lang='lat' dir='ltr'><strong>ad</strong></span> <span class='ocrx_word' id='word_1_788' title='bbox 3678 5108 3776 5148; x_wconf 89' lang='lat' dir='ltr'><strong>nos</strong></span> <span class='ocrx_word' id='word_1_789' title='bbox 3805 5110 3891 5149; x_wconf 83' lang='lat' dir='ltr'><strong>ac-</strong></span> 
     </span>
    </p>
   </div>
   <div class='ocr_carea' id='block_1_106' title="bbox 2324 5179 3890 5257">
    <p class='ocr_par' dir='ltr' id='par_1_106' title="bbox 2324 5179 3890 5257">
     <span class='ocr_line' id='line_1_106' title="bbox 2324 5179 3890 5257; baseline 0.008 -26"><span class='ocrx_word' id='word_1_790' title='bbox 2324 5191 2543 5243; x_wconf 85' lang='lat' dir='ltr'><strong>curras,</strong></span> <span class='ocrx_word' id='word_1_791' title='bbox 2595 5187 2645 5234; x_wconf 91' lang='lat' dir='ltr'><strong>te</strong></span> <span class='ocrx_word' id='word_1_792' title='bbox 2683 5193 2829 5250; x_wconf 86' lang='lat' dir='ltr'><strong>rogo.</strong></span> <span class='ocrx_word' id='word_1_793' title='bbox 2888 5179 2994 5235; x_wconf 90' lang='lat' dir='ltr'><strong>Sed</strong></span> <span class='ocrx_word' id='word_1_794' title='bbox 3036 5182 3277 5252; x_wconf 87' lang='lat' dir='ltr'><strong>quamvis</strong></span> <span class='ocrx_word' id='word_1_795' title='bbox 3321 5183 3371 5238; x_wconf 86' lang='lat' dir='ltr'><strong>id</strong></span> <span class='ocrx_word' id='word_1_796' title='bbox 3413 5199 3507 5252; x_wconf 90' lang='lat' dir='ltr'><strong>per</strong></span> <span class='ocrx_word' id='word_1_797' title='bbox 3534 5187 3656 5240; x_wconf 89' lang='lat' dir='ltr'><strong>anni</strong></span> <span class='ocrx_word' id='word_1_798' title='bbox 3683 5195 3890 5257; x_wconf 88' lang='lat' dir='ltr'><strong>tempus</strong></span> 
     </span>
    </p>
   </div>
   <div class='ocr_carea' id='block_1_107' title="bbox 2326 5268 3888 5351">
    <p class='ocr_par' dir='ltr' id='par_1_107' title="bbox 2326 5268 3888 5351">
     <span class='ocr_line' id='line_1_107' title="bbox 2326 5268 3888 5351; baseline 0.008 -28"><span class='ocrx_word' id='word_1_799' title='bbox 2326 5268 2513 5334; x_wconf 67' lang='lat' dir='ltr'><strong>liceat,</strong></span> <span class='ocrx_word' id='word_1_800' title='bbox 2556 5278 2714 5341; x_wconf 89' lang='lat' dir='ltr'><strong>tuque</strong></span> <span class='ocrx_word' id='word_1_801' title='bbox 2755 5270 2893 5326; x_wconf 88' lang='lat' dir='ltr'><strong>istud</strong></span> <span class='ocrx_word' id='word_1_802' title='bbox 2931 5273 3030 5327; x_wconf 91' lang='lat' dir='ltr'><strong>iter</strong></span> <span class='ocrx_word' id='word_1_803' title='bbox 3072 5271 3214 5327; x_wconf 92' lang='lat' dir='ltr'><strong>brevi</strong></span> <span class='ocrx_word' id='word_1_804' title='bbox 3252 5275 3469 5346; x_wconf 74' lang='lat' dir='ltr'><strong>exsequi</strong></span> <span class='ocrx_word' id='word_1_805' title='bbox 3500 5276 3668 5344; x_wconf 88' lang='lat' dir='ltr'><strong>possis</strong></span> <span class='ocrx_word' id='word_1_806' title='bbox 3695 5280 3888 5351; x_wconf 84' lang='lat' dir='ltr'><strong>(neque</strong></span> 
     </span>
    </p>
   </div>
   <div class='ocr_carea' id='block_1_108' title="bbox 2325 5363 3890 5440">
    <p class='ocr_par' dir='ltr' id='par_1_108' title="bbox 2325 5363 3890 5440">
     <span class='ocr_line' id='line_1_108' title="bbox 2325 5363 3890 5440; baseline 0.009 -25"><span class='ocrx_word' id='word_1_807' title='bbox 2325 5363 2463 5416; x_wconf 89' lang='lat' dir='ltr'><strong>enim</strong></span> <span class='ocrx_word' id='word_1_808' title='bbox 2505 5377 2694 5434; x_wconf 89' lang='lat' dir='ltr'><strong>magno</strong></span> <span class='ocrx_word' id='word_1_809' title='bbox 2739 5363 3017 5420; x_wconf 90' lang='lat' dir='ltr'><strong>intervallo</strong></span> <span class='ocrx_word' id='word_1_810' title='bbox 3053 5365 3301 5436; x_wconf 88' lang='lat' dir='ltr'><strong>disjuneti</strong></span> <span class='ocrx_word' id='word_1_811' title='bbox 3344 5369 3583 5440; x_wconf 79' lang='lat' dir='ltr'><strong>sumus),</strong></span> <span class='ocrx_word' id='word_1_812' title='bbox 3618 5379 3792 5427; x_wconf 89' lang='lat' dir='ltr'><strong>tamen</strong></span> <span class='ocrx_word' id='word_1_813' title='bbox 3818 5374 3890 5429; x_wconf 90' lang='lat' dir='ltr'><strong>ob</strong></span> 
     </span>
    </p>
   </div>
   <div class='ocr_carea' id='block_1_109' title="bbox 2325 5453 3884 5519">
    <p class='ocr_par' dir='ltr' id='par_1_109' title="bbox 2325 5453 3884 5519">
     <span class='ocr_line' id='line_1_109' title="bbox 2325 5453 3884 5519; baseline 0.007 -11"><span class='ocrx_word' id='word_1_814' title='bbox 2325 5453 2624 5509; x_wconf 88' lang='lat' dir='ltr'><strong>Isaurorum</strong></span> <span class='ocrx_word' id='word_1_815' title='bbox 2677 5464 2874 5511; x_wconf 88' lang='lat' dir='ltr'><strong>metum</strong></span> <span class='ocrx_word' id='word_1_816' title='bbox 2933 5455 3035 5512; x_wconf 86' lang='lat' dir='ltr'><strong>huc</strong></span> <span class='ocrx_word' id='word_1_817' title='bbox 3091 5467 3141 5512; x_wconf 90' lang='lat' dir='ltr'><strong>te</strong></span> <span class='ocrx_word' id='word_1_818' title='bbox 3187 5457 3400 5514; x_wconf 84' lang='lat' dir='ltr'><strong>trahere</strong></span> <span class='ocrx_word' id='word_1_819' title='bbox 3440 5459 3660 5517; x_wconf 88' lang='lat' dir='ltr'><strong>minime</strong></span> <span class='ocrx_word' id='word_1_820' title='bbox 3703 5463 3884 5519; x_wconf 70' lang='lat' dir='ltr'><strong>velint.</strong></span> 
     </span>
    </p>
   </div>
   <div class='ocr_carea' id='block_1_110' title="bbox 2327 5543 3890 5618">
    <p class='ocr_par' dir='ltr' id='par_1_110' title="bbox 2327 5543 3890 5618">
     <span class='ocr_line' id='line_1_110' title="bbox 2327 5543 3890 5618; baseline 0.006 -19"><span class='ocrx_word' id='word_1_821' title='bbox 2327 5543 2518 5600; x_wconf 83' lang='lat' dir='ltr'><strong>Verum</strong></span> <span class='ocrx_word' id='word_1_822' title='bbox 2541 5543 2645 5601; x_wconf 90' lang='lat' dir='ltr'><strong>hoc</strong></span> <span class='ocrx_word' id='word_1_823' title='bbox 2660 5545 2874 5602; x_wconf 89' lang='lat' dir='ltr'><strong>demum</strong></span> <span class='ocrx_word' id='word_1_824' title='bbox 2903 5549 2998 5604; x_wconf 91' lang='lat' dir='ltr'><strong>abs</strong></span> <span class='ocrx_word' id='word_1_825' title='bbox 3018 5558 3068 5603; x_wconf 90' lang='lat' dir='ltr'><strong>te</strong></span> <span class='ocrx_word' id='word_1_826' title='bbox 3092 5559 3236 5618; x_wconf 88' lang='lat' dir='ltr'><strong>peto,</strong></span> <span class='ocrx_word' id='word_1_827' title='bbox 3263 5556 3323 5604; x_wconf 92' lang='lat' dir='ltr'><strong>ut</strong></span> <span class='ocrx_word' id='word_1_828' title='bbox 3363 5549 3431 5606; x_wconf 91' lang='lat' dir='ltr'><strong>de</strong></span> <span class='ocrx_word' id='word_1_829' title='bbox 3472 5559 3558 5606; x_wconf 91' lang='lat' dir='ltr'><strong>tua</strong></span> <span class='ocrx_word' id='word_1_830' title='bbox 3585 5552 3890 5610; x_wconf 72' lang='lat' dir='ltr'><strong>valetudine</strong></span> 
     </span>
    </p>
   </div>
   <div class='ocr_carea' id='block_1_111' title="bbox 2324 5634 3881 5714">
    <p class='ocr_par' dir='ltr' id='par_1_111' title="bbox 2324 5634 3881 5714">
     <span class='ocr_line' id='line_1_111' title="bbox 2324 5634 3881 5714; baseline 0.01 -25"><span class='ocrx_word' id='word_1_831' title='bbox 2324 5634 2511 5692; x_wconf 85' lang='lat' dir='ltr'><strong>crebro</strong></span> <span class='ocrx_word' id='word_1_832' title='bbox 2545 5637 2612 5692; x_wconf 85' lang='lat' dir='ltr'><strong>ad</strong></span> <span class='ocrx_word' id='word_1_833' title='bbox 2658 5653 2755 5694; x_wconf 86' lang='lat' dir='ltr'><strong>nos</strong></span> <span class='ocrx_word' id='word_1_834' title='bbox 2799 5639 3036 5695; x_wconf 87' lang='lat' dir='ltr'><strong>scribas:</strong></span> <span class='ocrx_word' id='word_1_835' title='bbox 3066 5656 3237 5713; x_wconf 86' lang='lat' dir='ltr'><strong>neque</strong></span> <span class='ocrx_word' id='word_1_836' title='bbox 3279 5643 3419 5698; x_wconf 85' lang='lat' dir='ltr'><strong>enim</strong></span> <span class='ocrx_word' id='word_1_837' title='bbox 3443 5684 3464 5712; x_wconf 95' lang='lat'><strong>,</strong></span> <span class='ocrx_word' id='word_1_838' title='bbox 3504 5643 3791 5714; x_wconf 83' lang='lat' dir='ltr'><strong>quominus</strong></span> <span class='ocrx_word' id='word_1_839' title='bbox 3831 5647 3881 5704; x_wconf 70' lang='lat' dir='ltr'><strong>it?</strong></span> 
     </span>
    </p>
   </div>
   <div class='ocr_carea' id='block_1_112' title="bbox 2323 5727 3876 5808">
    <p class='ocr_par' dir='ltr' id='par_1_112' title="bbox 2323 5727 3876 5808">
     <span class='ocr_line' id='line_1_112' title="bbox 2323 5727 3876 5808; baseline 0.006 -25"><span class='ocrx_word' id='word_1_840' title='bbox 2323 5727 2498 5784; x_wconf 87' lang='lat' dir='ltr'><strong>Iacere</strong></span> <span class='ocrx_word' id='word_1_841' title='bbox 2525 5731 2697 5799; x_wconf 89' lang='lat' dir='ltr'><strong>possis</strong></span> <span class='ocrx_word' id='word_1_842' title='bbox 2718 5771 2733 5793; x_wconf 89' lang='lat'><em>.</em></span> <span class='ocrx_word' id='word_1_843' title='bbox 2764 5733 3072 5804; x_wconf 68' lang='lat' dir='ltr'><strong>prmdonum</strong></span> <span class='ocrx_word' id='word_1_844' title='bbox 3094 5735 3334 5792; x_wconf 87' lang='lat' dir='ltr'><strong>incursus</strong></span> <span class='ocrx_word' id='word_1_845' title='bbox 3362 5737 3739 5808; x_wconf 88' lang='lat' dir='ltr'><strong>impedimento</strong></span> <span class='ocrx_word' id='word_1_846' title='bbox 3760 5739 3876 5799; x_wconf 84' lang='lat' dir='ltr'><strong>erit.</strong></span> 
     </span>
    </p>
   </div>
   <div class='ocr_carea' id='block_1_113' title="bbox 2324 5818 3854 5905">
    <p class='ocr_par' dir='ltr' id='par_1_113' title="bbox 2324 5818 3854 5905">
     <span class='ocr_line' id='line_1_113' title="bbox 2324 5818 3854 5905; baseline 0.007 -30"><span class='ocrx_word' id='word_1_847' title='bbox 2324 5818 2672 5887; x_wconf 75' lang='lat' dir='ltr'><strong>utiamebrem</strong></span> <span class='ocrx_word' id='word_1_848' title='bbox 2701 5820 2800 5878; x_wconf 88' lang='lat' dir='ltr'><strong>hoc</strong></span> <span class='ocrx_word' id='word_1_849' title='bbox 2841 5833 2945 5880; x_wconf 74' lang='lat' dir='ltr'><strong>nos</strong></span> <span class='ocrx_word' id='word_1_850' title='bbox 2970 5823 3254 5896; x_wconf 73' lang='lat' dir='ltr'><strong>beneﬂcio,</strong></span> <span class='ocrx_word' id='word_1_851' title='bbox 3284 5839 3500 5900; x_wconf 69' lang='lat' dir='ltr'><strong>quaso,</strong></span> <span class='ocrx_word' id='word_1_852' title='bbox 3525 5827 3717 5899; x_wconf 68' lang='lat' dir='ltr'><strong>since,</strong></span> <span class='ocrx_word' id='word_1_853' title='bbox 3743 5845 3854 5905; x_wconf 79' lang='lat' dir='ltr'><strong>quo</strong></span> 
     </span>
    </p>
   </div>
  </div>
