4172 6564
215 500 320 558 ΜΒ

216 625 271 670 et
311 615 401 668 tihi
445 612 597 669 facile
635 627 698 667 ac
725 624 952 683 pronum
976 615 1057 663 est
1081 616 1135 661 et
1164 606 1429 675 ingentem
1468 602 1621 657 nobis
1650 601 1801 655 volu-

219 718 418 777 ptatem
442 705 616 761 allert.
646 704 756 760 Nec
780 703 921 758 enim
953 711 1003 756 te
1035 700 1195 769 fugit,
1226 712 1386 769 quam
1417 707 1620 766 gratam
1649 695 1804 748 nobis

217 815 332 855 rem
358 798 591 854 [acturus
609 796 705 863 sis,
739 796 837 850 hac
862 792 1183 864 benignitate
1210 806 1273 844 ac
1293 788 1655 843 muniﬁcentia
1676 802 1801 858 erga

216 905 318 945 I508
347 900 518 944 IIICIIS.

432 1020 580 1078 LXX
596 1020 656 1075 V.
694 1020 979 1074 Ilarmalio.
1016 1016 1246 1084 (Cucuso
1287 1032 1427 1072 anno
1456 1013 1606 1084 404.)

291 1159 431 1229 Quid
479 1158 579 1213 hoc
608 1171 727 1212 esse
750 1155 921 1209 dicam
946 1195 960 1217 ,
987 1152 1127 1224 quod
1155 1159 1213 1207 ut
1244 1150 1548 1205 hominibus
1578 1148 1682 1204 tuis
1702 1190 1718 1215 ,
1752 1148 1803 1202 in

215 1253 280 1307 iis
312 1251 491 1315 rebus,
524 1249 577 1303 in
621 1246 811 1319 quibus
849 1260 1034 1301 eorum
1068 1258 1230 1312 Opera
1264 1241 1417 1296 nobis
1446 1256 1581 1311 opus
1622 1239 1802 1301 fuerit,

212 1344 474 1400 arbitratu
524 1349 707 1395 nostro
747 1338 1107 1406 imperemus,
1162 1335 1317 1388 nobis
1357 1331 1671 1388 concessisti
1705 1348 1718 1383 :
1753 1332 1803 1385 id

213 1447 396 1492 autem
426 1433 570 1506 quod
598 1446 919 1503 magnopere
937 1428 1339 1499 expetebamus,
1364 1425 1518 1481 nobis
1539 1424 1803 1495 eripuisti,

214 1529 319 1584 hoc
355 1536 461 1593 est,
495 1527 677 1581 literas
704 1533 842 1588 tuas,
866 1537 985 1593 quae
1012 1535 1111 1575 nos
1135 1520 1205 1575 de
1238 1528 1322 1573 tua
1360 1517 1663 1574 valetudine
1682 1532 1804 1572 eer-

214 1622 382 1675 tiores
424 1615 695 1673 faeerent?
734 1616 817 1671 An
862 1614 1037 1669 nescis
1081 1613 1184 1667 hoc
1228 1612 1312 1679 iis,
1370 1611 1458 1681 qui
1501 1610 1803 1665 sincerissi-

213 1726 300 1768 me
334 1720 557 1775 amant,
605 1722 829 1763 summte
880 1721 1025 1761 cura:
1069 1716 1229 1775 atque
1268 1703 1547 1774 cupiditati
1576 1717 1719 1767 esse,
1750 1712 1807 1755 ut

214 1819 359 1859 nunc
386 1817 601 1875 quoque
631 1799 784 1857 nobis
807 1808 893 1856 est
915 1799 941 1853 τ
977 1798 1335 1867 Quamobrem
1374 1797 1419 1851 si
1456 1795 1608 1851 nobis
1640 1796 1845 1866 grati-'

214 1896 361 1953 ﬁcari
393 1905 477 1953 est
500 1896 731 1960 animus,
756 1892 1201 1948 reverendissime
1236 1890 1306 1945 mi
1329 1888 1565 1949 domine,
1598 1887 1804 1949 desine,

212 2005 421 2060 qumso,
450 1988 554 2044 tuis
574 1987 879 2042 hominibus
918 1986 1186 2055 imperare
1212 2025 1225 2049 ,
1260 1991 1320 2037 ut
1360 1981 1514 2035 nobis
1542 1981 1593 2033 in
1624 1981 1687 2032 iis
1716 1994 1805 2031 re-

214 2084 335 2145 bus,
364 2080 556 2152 quibus
584 2095 779 2149 corpus
805 2087 947 2148 eget,
974 2076 1267 2132 inserviant
1298 2092 1311 2128 :
1347 2087 1520 2143 neque
1544 2073 1687 2127 enim
1722 2070 1805 2124 his

215 2175 380 2229 rebus
420 2172 527 2227 ullo
557 2172 715 2226 modo
757 2171 1088 2241 indigemus,
1121 2168 1317 2240 quippe
1352 2181 1477 2221 cum
1507 2166 1686 2220 omnia
1714 2181 1811 2219 no-

214 2266 296 2321 bis
321 2264 544 2337 perinde
573 2273 731 2334 atque
758 2279 788 2317 a
819 2261 967 2317 fonte
985 2260 1206 2317 afﬂuant
1229 2276 1244 2326 ;
1270 2274 1458 2316 verum
1485 2259 1598 2330 ipse
1624 2258 1802 2313 maxi-

216 2372 364 2410 mum
405 2355 562 2410 nobis
610 2352 951 2419 beneﬁcium,
980 2350 1231 2423 quodque
1275 2349 1532 2420 consequi
1571 2363 1809 2404 summo-

216 2462 348 2518 pere
372 2447 652 2515 cupimus,
684 2461 783 2517 per
810 2444 1057 2515 exiguam
1087 2444 1329 2498 chartam
1360 2450 1416 2496 et
1449 2450 1807 2496 atramentum

216 2539 418 2610 praebe.
445 2538 498 2593 ld
531 2552 691 2609 porro
718 2547 818 2603 est,
862 2547 921 2591 ut
947 2535 1017 2591 de
1058 2544 1144 2589 tua
1188 2533 1455 2603 totiusque
1484 2540 1588 2586 tua:
1617 2530 1809 2585 domus

217 2632 528 2688 valetudine
554 2644 651 2686 nos
681 2644 837 2700 quam
860 2627 1155 2697 samissime
1179 2626 1437 2683 certiores
1466 2624 1647 2678 facias.
1678 2621 1807 2677 Nam

214 2724 261 2779 si
294 2723 409 2778 lleri
439 2729 643 2791 posset,
677 2730 734 2775 ut
759 2736 858 2775 nos
886 2734 1099 2791 qumque
1130 2726 1314 2773 mutuo
1343 2730 1635 2786 congressu
1666 2714 1810 2769 fruc-

215 2831 423 2882 remur,
454 2816 614 2870 etiam
646 2814 873 2884 teipsum
900 2828 931 2869 e
953 2812 1116 2867 domo
1138 2810 1479 2876 excitassem,
1510 2818 1670 2879 atque
1695 2822 1809 2861 am-

217 2907 447 2978 plissimi
479 2905 723 2961 benellcii
754 2904 876 2958 loco
900 2904 997 2959 abs
1027 2912 1079 2958 te
1115 2900 1445 2973 petivissem,
1488 2908 1545 2954 ut
1575 2907 1627 2954 te
1662 2906 1809 2953 tanto

217 2998 392 3055 nostri
416 3012 599 3053 amore
629 2995 941 3066 ﬂagrantem
979 2994 1151 3051 oculis
1182 3008 1396 3065 quoque
1420 3007 1647 3049 cernere
1679 2992 1809 3045 mihi

216 3090 425 3146 liceret.
454 3088 714 3157 Quoniam
741 3097 923 3143 autem
952 3086 1253 3142 Isaurorum
1299 3095 1473 3142 metus
1503 3085 1605 3141 hoc
1627 3083 1810 3155 prohi-

213 3183 335 3239 buit
357 3224 373 3250 ,
401 3197 519 3237 eam
555 3181 743 3255 saltem
772 3180 1197 3236 consolationem
1220 3221 1233 3245 ,
1267 3194 1424 3247 quam
1471 3179 1637 3235 litera:
1683 3178 1811 3233 alie-

213 3285 367 3341 runt,
398 3275 615 3345 copiose
642 3272 794 3328 nobis
835 3272 1011 3342 praebe
1048 3289 1060 3324 :
1106 3273 1263 3341 idque
1297 3270 1448 3326 nobis
1491 3271 1660 3326 instar
1686 3284 1808 3324 om-

215 3372 369 3426 nium
404 3378 525 3425 erit.

417 3499 676 3557 LXXVI.
706 3500 1001 3556 Chalcidiaz.
1036 3500 1267 3572 (Cucuso
1308 3515 1448 3553 anno
1474 3498 1627 3568 404.)

289 3637 556 3708 Equidem
600 3636 874 3691 dominum
919 3650 1094 3690 meum
1122 3632 1631 3690 reverendissinmm
1661 3650 1811 3704 pres-

213 3732 468 3803 hyterum
500 3730 777 3785 nobiseum
808 3742 929 3785 esse
956 3727 1305 3783 vehementer
1348 3728 1526 3797 cupio.
1566 3727 1659 3785 Sin
1712 3745 1811 3783 au-

214 3837 325 3881 tem
374 3826 547 3894 ipsum
593 3822 730 3878 istuc
776 3821 1038 3893 proﬁcisci
1063 3820 1406 3876 commodum
1433 3836 1553 3877 esse
1581 3834 1770 3877 censes
1794 3863 1809 3887 ,

212 3936 344 3974 eum
398 3917 626 3989 periculi
680 3924 824 3971 metu
868 3930 1092 3981 carere,
1124 3922 1283 3985 atque
1313 3926 1537 3985 urgente
1583 3917 1812 3972 tumultu

214 4012 459 4077 liberari,
482 4026 638 4081 quam
690 4008 777 4064 hic
825 4024 947 4064 esse
993 4009 1154 4063 malo.
1183 4008 1547 4077 Quamobrem
1586 4026 1653 4065 ne
1684 4011 1811 4065 illud

211 4105 517 4169 existimes,
539 4102 711 4173 ipsum
738 4118 766 4156 a
797 4102 949 4157 nobis
972 4101 1265 4171 prohiberi,
1294 4101 1341 4156 si
1368 4102 1634 4172 proficisci
1661 4103 1808 4159 velit.

212 4196 384 4253 Nobis
408 4196 551 4250 enim
586 4210 704 4249 eum
737 4194 912 4249 adhuc
939 4194 1205 4251 retinendi
1235 4209 1395 4251 causa
1427 4210 1490 4250 ea
1523 4194 1639 4260 fuit,
1668 4197 1811 4268 quod

212 4285 421 4357 negotii
466 4294 654 4340 natura
695 4284 860 4354 ipsius
891 4284 1231 4353 prtescntiam
1260 4299 1363 4338 nou
1409 4285 1696 4342 admodum
1728 4302 1814 4342 re-

210 4381 461 4450 quireret
489 4395 504 4433 :
535 4387 693 4447 atque
714 4377 844 4443 item
876 4391 962 4443 ea,
991 4377 1131 4447 quod
1164 4393 1230 4433 ne
1256 4379 1307 4431 in
1354 4376 1659 4433 Isaurorum
1701 4395 1812 4433 ma-

212 4486 320 4527 tms
374 4468 517 4525 forte
561 4469 801 4535 caderet,
850 4480 1231 4526 metueremus.
1261 4472 1414 4538 Quod
1445 4472 1490 4527 si
1520 4466 1641 4528 eum
1676 4474 1813 4529 istnc

212 4562 493 4634 proficisci
524 4570 629 4618 tam
657 4562 813 4619 valde
838 4576 1058 4618 necesse
1086 4573 1189 4626 est,
1223 4578 1343 4617 eum
1369 4572 1424 4617 et
1452 4578 1731 4621 monemus
1759 4574 1813 4620 et

211 4654 523 4718 hortamur,
552 4662 609 4708 ut
652 4653 755 4709 iter
792 4654 1067 4724 suscipiat.
1096 4654 1352 4722 Quamvis
1396 4657 1539 4712 enim
1586 4671 1813 4727 corpore

207 4746 586 4816 sejungamur,
618 4753 793 4801 tamen
825 4746 1063 4802 caritatis
1109 4746 1337 4803 vinculis
1364 4763 1577 4817 semper
1596 4763 1719 4803 cum
1746 4763 1812 4804 eo

208 4835 462 4893 devincti
484 4851 687 4892 sumus.
716 4836 792 4893 Te
820 4848 998 4893 autem
1038 4852 1136 4894 oro
1160 4881 1175 4905 ,
1205 4854 1273 4894 ne
1312 4840 1439 4911 quid
1468 4855 1653 4895 earum
1690 4856 1809 4895 mo-

210 4929 522 4995 lestiarum,
548 4944 668 4999 qua:
693 4930 965 4995 eveniunt,
1009 4930 1245 4985 animum
1273 4939 1421 4985 tuum
1450 4940 1807 4987 commoveat.

206 5017 355 5075 Nam
382 5034 494 5089 quo
522 5019 704 5089 plures
732 5035 822 5075 res
846 5020 1087 5077 adversa:
1114 5030 1257 5090 sunt,
1290 5037 1358 5077 eo
1397 5032 1612 5092 quoque
1640 5022 1812 5092 major

209 5113 309 5168 tibi
356 5121 599 5183 questus
643 5122 806 5184 atque
852 5112 1068 5168 uberior
1108 5129 1316 5169 merces
1356 5131 1385 5168 a
1426 5115 1656 5186 benigno
1701 5115 1811 5169 Deo

204 5202 563 5274 rependetur,
588 5203 631 5258 si
663 5218 723 5257 ea
756 5219 875 5273 quae
920 5203 1206 5272 accidunt,
1238 5212 1393 5275 grato
1439 5220 1503 5261 ac
1540 5220 1808 5278 generose

212 5297 400 5351 «timo
430 5292 590 5350 feras.
620 5293 732 5350 liae
759 5295 900 5351 enim
926 5297 1131 5353 ratione
1152 5305 1205 5352 et
1234 5301 1348 5353 haec
1379 5297 1586 5353 facinus
1608 5312 1801 5367 super-

202 5389 285 5444 ari
313 5396 590 5459 poterunt,
616 5397 668 5442 et
696 5389 895 5445 fruetus
926 5391 972 5446 is
1014 5391 1103 5462 qui
1129 5408 1193 5447 ex
1228 5392 1417 5447 horum
1456 5394 1807 5466 perpessione

202 5495 268 5534 ac
295 5478 585 5533 tolerantia
606 5478 700 5534 tibi
729 5480 779 5534 in
809 5482 953 5536 caelis
985 5496 1343 5554 comparatur,
1370 5485 1598 5555 amplior
1635 5493 1688 5540 et
1713 5500 1806 5540 co-

205 5568 567 5642 piosiorerit,
610 5571 888 5639 multoqne
941 5576 1112 5643 major
1164 5590 1323 5645 quam
1380 5576 1712 5637 calamitates
1752 5586 1807 5633 et

202 5663 509 5731 cruciatus,
538 5676 678 5733 quos
721 5662 951 5719 subiisti.

703 5793 850 5851 LXX
863 5794 970 5851 γη
980 5837 993 5851 .
1053 5800 1373 5869 Asyncritiw.

280 5932 462 5991 Etiam
490 5930 720 5987 antehac
744 5928 875 5986 illud
903 5930 999 5987 tibi
1027 5945 1123 6001 per
1146 5932 1332 5992 literas
1358 5933 1798 6007 signilicaVImus,

557 6044 827 6110 Parnm.
876 6047 989 6111 Gn.
1044 6050 1169 6114 [ΙΙ.

1668 483 2049 542 EPISTOLE.

3407 482 3515 541 σεο

1911 613 2013 654 nos
2043 606 2114 664 te,
2143 606 2401 669 quantum
2434 600 2498 653 ad
2540 596 2819 653 caritatem
2852 598 3077 662 attinet,
3109 600 3161 653 iu
3193 613 3380 655 eorum
3420 604 3509 671 qui

1912 691 1978 746 ad
2010 705 2109 745 nos
2149 702 2410 746 VCDCI‘IIIII
2441 706 2667 745 numero
2709 705 2974 761 reponere
3016 705 3030 742 Ξ
3062 701 3118 745 et
3159 705 3301 753 nunc
3326 706 3513 747 I‘lll'StlS

1913 781 2053 836 istud
2084 780 2258 850 ipsum
2286 782 2539 845 dicimus,
2567 782 2817 836 nimirum
2842 791 2895 837 te
2933 781 3115 836 animo
3145 797 3209 837 ac
3230 782 3509 840 voluntate.

1910 874 2145 930 venisse.
2173 874 2325 942 Quod
2372 876 2417 929 si
2445 877 2691 945 corporis
2742 875 3145 938 imbecillitate,
3175 890 3240 930 ac
3270 876 3514 933 tumulti-

1910 972 2011 1023 bus
2056 967 2122 1021 iis
2151 967 2241 1037 qui
2272 968 2584 1023 Armeniam
2623 967 2962 1034 invaserunt,
2999 967 3266 1038 prohibita
3287 981 3387 1025 es:
3415 983 3514 1025 nos

1913 1070 2093 1117 tamen
2126 1076 2193 1115 ex
2226 1068 2315 1113 tua
2347 1061 2632 1116 voluntate
2669 1060 2944 1131 animique
2972 1060 3241 1115 sententia
3275 1059 3419 1117 idem
3447 1060 3517 1115 de

1912 1164 2001 1208 tua
2032 1153 2405 1209 benevolentia
2431 1152 2691 1223 judicium
2725 1153 3006 1219 habemus,
3037 1153 3180 1223 quod
3224 1152 3373 1223 prius
3416 1152 3512 1208 ha-

1914 1247 2145 1303 buimus.
2176 1247 2355 1315 Quare
2405 1262 2473 1303 ue
2510 1264 2669 1317 quam
2717 1247 3019 1317 smpissitne
3054 1247 3121 1301 ad
3151 1261 3250 1302 nos
3280 1246 3518 1303 scribere

1914 1341 2175 1411 negligas,
2211 1356 2437 1411 nosque,
2471 1340 2796 1395 morbumue
2822 1340 3122 1409 depuleris,
3155 1349 3211 1396 ct
3240 1355 3343 1411 qua
3372 1339 3518 1394 vale-

1914 1432 2095 1488 tudine
2113 1434 2207 1501 sis,
2236 1433 2495 1487 certiores
2516 1430 2717 1487 faccre.
2748 1430 3192 1501 Quandoquidem
3223 1446 3369 1487 nunc
3399 1447 3516 1485 ma-

1910 1540 2073 1595 guum
2113 1525 2293 1579 animo
2314 1524 2553 1579 dolorem
2581 1524 2906 1594 accepimus,
2932 1538 3052 1577 cum
3085 1531 3138 1578 te
3164 1538 3363 1593 aegram
3395 1536 3519 1577 esse

1916 1618 2297 1673 intelleximus.
2326 1617 2710 1684 Quamobrem,
2746 1632 2813 1672 ue
2852 1615 2920 1671 de
2949 1617 3049 1671 hac
3094 1630 3153 1671 re
3188 1615 3518 1681 laboremus,

1917 1700 2000 1763 fa'i:
2023 1709 2185 1765 velim
2215 1725 2376 1780 quam
2407 1709 2673 1765 citissime
2718 1710 2955 1765 sciamus
2981 1724 3109 1764 num
3151 1722 3183 1764 e
3231 1708 3426 1766 morbo
3452 1708 3519 1764 ad

1913 1802 2194 1857 sanitatem
2224 1802 2473 1858 redieris.

1918 1937 2245 1993 LXXVIII.
2272 1938 2504 1995 [tantane
2540 1939 2854 2012 presbytero.
2886 1937 2907 2013 (
2937 1938 3151 1995 Cucuso
3188 1951 3331 1994 anno
3364 1936 3519 2009 405.)

1988 2071 2101 2127 Non
2146 2071 2200 2126 in
2228 2072 2539 2128 Armeniam
2580 2070 2857 2126 dumtaxat
2885 2079 2940 2127 et
2973 2070 3395 2141 Cappadociam,
3424 2069 3521 2127 sed

1914 2163 2075 2217 etiam
2106 2161 2317 2233 longius
2346 2163 2586 2225 caritatis
2610 2172 2717 2217 tua:
2745 2170 2906 2233 atque
2929 2162 3336 2230 benevolentia,
3360 2177 3521 2234 quam

1916 2268 2129 2325 semper
2154 2269 2280 2325 erga
2322 2269 2420 2309 nos
2466 2253 2801 2325 praestitisti,
2833 2246 3022 2324 quavis
3046 2254 3173 2309 tuba
3206 2254 3527 2311 luculentior

1916 2346 2053 2401 fama
2072 2347 2328 2417 pervasit.
2350 2347 2717 2416 Quamobrem
2748 2361 2847 2401 nos
2865 2360 3079 2417 quoque
3103 2345 3173 2401 ob
3195 2354 3341 2401 tuam
3366 2346 3522 2402 istam

1923 2438 2358 2494 benevolentiam
2390 2452 2718 2510 magnopere
2745 2437 3061 2508 gloriamur,
3084 2452 3186 2505 nec
3212 2445 3266 2494 te
3308 2436 3528 2494 laudare

1919 2531 2345 2586 intermittimus.
2391 2530 2472 2586 Tu
2502 2545 2631 2585 vero
2654 2528 2723 2585 de
2750 2537 2839 2584 tua
2880 2528 3188 2584 valetudine
3232 2542 3391 2600 quam
3422 2542 3525 2584 sa:-

1918 2622 2156 2693 pissime,
2190 2635 2394 2692 quaeso,
2425 2620 2492 2676 ad
2525 2635 2626 2675 nos
2655 2618 2883 2675 scribas.
2914 2618 3048 2674 Nam
3080 2619 3205 2675 licet
3235 2620 3290 2674 in
3319 2618 3519 2675 solitu-

1916 2716 2075 2781 dine,
2107 2730 2172 2770 ac
2211 2715 2396 2786 procul
2440 2730 2469 2769 a
2521 2714 2674 2770 vobis
2714 2712 2907 2769 remoti
2947 2713 3151 2779 simus,
3183 2722 3239 2768 at
3281 2712 3524 2769 caritatis

1918 2821 2095 2866 tamen
2127 2820 2317 2867 catena
2350 2820 2526 2865 tecum
2553 2809 2790 2866 devincti
2820 2823 3029 2876 sumus,
3056 2808 3302 2885 eamdem
3333 2808 3526 2865 videli-

1918 2914 2028 2973 cet,
2048 2919 2206 2975 quam
2238 2904 2364 2959 olim
2400 2913 2561 2974 atque
2583 2902 2652 2959 ab
2682 2903 2834 2959 initio
2862 2918 2987 2974 erga
3016 2912 3068 2957 te
3095 2902 3526 2959 benevolentiam

1918 3013 2028 3068 pra:
2070 2996 2225 3052 nobis
2250 2998 2497 3064 tulimus,
2546 2997 2655 3052 imo
2688 2996 2853 3053 etiam
2904 2997 3167 3068 majorem
3216 3012 3282 3053 ac
3314 2998 3529 3053 ferven-

1920 3090 2110 3144 tiorem
2150 3104 2290 3145 nunc
2332 3088 2612 3145 habentes.
2650 3088 2762 3145 Nec
2812 3088 2956 3145 enim
3001 3100 3094 3145 aut
3125 3091 3381 3161 temporis
3406 3088 3531 3146 diu-

1920 3181 2167 3246 turnitas,
2195 3189 2287 3235 aut
2337 3180 2437 3235 viae
2468 3179 2791 3252 longitudo,
2837 3182 3117 3253 segniores
3166 3181 3234 3238 ad
3263 3196 3382 3238 eam
3410 3196 3528 3239 rem

1918 3288 2019 3328 nos
2075 3271 2330 3336 reddidit,
2374 3272 2482 3328 imo
2532 3273 2696 3329 etiam
2748 3273 2991 3329 acriores
3025 3288 3091 3329 ac
3134 3272 3525 3345 diligentiores.

1921 3362 2047 3419 llaec
2073 3363 2234 3433 igitur
2263 3378 2386 3419 cum
2418 3362 2644 3419 minime
2670 3364 2908 3436 ignores,
2939 3363 3159 3420 domine
3176 3365 3249 3420 mi
3274 3380 3529 3422 reveren-

1915 3454 2137 3509 dissime
2158 3462 2222 3508 ac
2260 3453 2665 3525 religiosissime
2690 3494 2707 3522 ,
2734 3464 2988 3526 quantam
3015 3454 3379 3511 crebrioribus
3425 3456 3529 3512 tuis

1920 3545 2089 3599 literis
2133 3546 2361 3616 gratiam
2407 3561 2438 3601 a
2468 3544 2627 3601 nobis
2655 3544 2887 3602 initurus
2909 3546 3004 3613 sis,
3036 3554 3214 3602 tecum
3244 3555 3523 3618 reputans,

1921 3637 1988 3691 de
2015 3647 2101 3691 tua
2127 3637 2434 3693 valetudine
2464 3637 2530 3692 ad
2561 3652 2661 3694 nos
2685 3638 2891 3695 scribas
2921 3639 3102 3706 velim,
3130 3655 3194 3695 ac
3220 3640 3523 3712 praesertim

1922 3730 1975 3783 in
2008 3730 2113 3783 tuis
2138 3731 2625 3803 sanctisprecibus
2673 3732 2989 3789 memoriam
3028 3733 3199 3788 nostri
3251 3749 3320 3789 ne
3364 3733 3530 3789 inter-

1922 3822 2105 3875 mittas
2139 3837 2153 3874 :
2186 3836 2314 3891 quo,
2347 3822 2471 3877 licet
2501 3831 2651 3878 tanto
2680 3822 2967 3879 intervallo
3006 3823 3103 3880 abs
3147 3833 3204 3878 te
3225 3823 3482 3896 disjuncti
3508 3867 3524 3893 ,

1921 3914 2189 3984 ingentem
2223 3923 2397 3969 tamen
2428 3914 2551 3969 hinc
2572 3930 2730 3985 opem
2758 3925 2813 3972 et
2848 3916 3104 3973 auxilium
3129 3917 3481 3988 accipiamus.

1992 4043 2253 4102 LXXIX.
2290 4046 2539 4103 Gemello.
2586 4048 2834 4119 (Cucuso
2864 4065 3007 4106 anno
3030 4050 3137 4107 404
3164 4051 3245 4108 vel
3274 4050 3433 4123 £05.)

1992 4184 2253 4251 Quidnam
2308 4185 2411 4240 hoc
2446 4194 2549 4253 est,
2580 4195 2636 4241 ut
2664 4202 2786 4242 cum
2815 4196 2962 4245 tanta
3008 4198 3222 4262 tamque
3267 4192 3525 4262 praelata

1920 4276 2107 4331 civitas
2125 4277 2453 4333 luculentum
2477 4277 2673 4333 festum
2694 4288 2818 4351 agat
2840 4280 2859 4352 (
2883 4282 2959 4337 sic
2984 4283 3127 4338 enim
3154 4284 3526 4355 magistratum

1922 4380 2069 4423 tuum
2098 4378 2260 4440 atque
2285 4369 2569 4439 imperium
2598 4370 2782 4441 voco),
2817 4382 2927 4428 tum
2958 4381 3013 4429 tu
3039 4373 3294 4433 diuturno
3332 4385 3426 4435 tuo
3454 4378 3529 4436 si-

1918 4460 2085 4517 lentio
2115 4462 2375 4532 majorem
2405 4462 2562 4519 nobis
2593 4464 2907 4520 maestitiam
2941 4466 3213 4523 attuleris?
3229 4468 3309 4524 Ae
3332 4468 3379 4524 si
3400 4470 3530 4542 qui-

1918 4553 2041 4608 dem
2068 4553 2205 4609 alius
2235 4554 2502 4624 quispiam
2524 4569 2557 4610 e
2586 4555 2747 4626 vulgo
2768 4565 2938 4624 esset,
2974 4557 3060 4613 cui
3088 4557 3192 4614 hoc
3212 4560 3530 4630 accidisset,

1918 4664 2133 4704 causam
2153 4664 2366 4719 quoque
2396 4649 2545 4705 nullo
2574 4651 2793 4721 negotio
2824 4652 3169 4709 invenissem.
3200 4653 3373 4723 Quam
3400 4666 3490 4712 tan
3508 4685 3522 4696 -

1918 4739 2040 4795 dem
2079 4739 2237 4795 istam
2263 4739 2288 4795 ἲ
2328 4738 2519 4797 Solent
2545 4741 2787 4814 plerique
2818 4744 3145 4813 mortalium,
3168 4760 3291 4801 cum
3314 4746 3382 4803 ad
3402 4764 3524 4804 ma-

1914 4832 2087 4901 jorem
2118 4832 2432 4903 dignitatem
2465 4837 2833 4905 pervenerint,
2870 4837 3079 4894 animos
3123 4854 3337 4911 quoque
3364 4841 3527 4897 simul

1919 4924 2165 4980 attollere
2198 4966 2215 4992 ,
2248 4939 2311 4980 ac
2338 4924 2573 4997 majores
2599 4927 2820 4997 spiritus
2849 4942 3064 4984 sumere
3094 4947 3107 4983 :
3153 4939 3209 4985 at
3251 4932 3307 4987 in
3336 4941 3389 4988 te
3431 4933 3524 5004 qui

1918 5017 2286 5090 phil050phari
2330 5018 2457 5088 seis,
2494 5034 2560 5075 ac
2588 5020 2912 5076 caducarum
2943 5021 3130 5078 harum
3170 5032 3226 5078 et
3253 5024 3521 5095 fragiliora

1918 5126 2098 5167 rerum
2130 5120 2377 5167 naturam
2399 5113 2641 5183 apprime
2672 5114 2834 5181 nosti,
2858 5129 2959 5171 nec
2987 5114 3126 5170 fucis
3148 5131 3211 5171 ac
3232 5116 3522 5188 pigmentis

1916 5206 2180 5276 deciperis
2204 5247 2220 5272 ,
2249 5222 2437 5263 verum
2483 5221 2573 5262 res
2611 5205 2759 5277 ipsas
2801 5206 2966 5263 larvis
3011 5224 3209 5264 vacuas
3260 5210 3521 5281 perspicis

1915 5308 2073 5369 atque
2094 5296 2497 5364 animadvertis,
2529 5297 2729 5353 silentii
2755 5311 2969 5353 causam
3006 5300 3245 5371 reperire
3284 5315 3515 5370 nequeo.

1918 5390 1985 5445 Et
2008 5390 2223 5462 quidem
2262 5389 2391 5447 illud
2418 5406 2516 5462 pro
2542 5401 2691 5448 certo
2732 5391 2928 5459 habeo,
2962 5407 3048 5449 me
3073 5408 3227 5465 teque
3248 5408 3312 5450 ac
3347 5395 3515 5465 prius,

1915 5481 2025 5536 imo
2046 5483 2203 5536 etiam
2229 5482 2396 5553 magis
2422 5498 2581 5554 quam
2603 5490 2729 5538 ante
2756 5484 2853 5539 abs
2885 5493 2936 5540 te
2961 5485 3153 5539 amari.
3171 5484 3308 5553 Quid
3336 5495 3518 5542 autem

1915 5574 2004 5639 sit,
2036 5576 2390 5645 quamobrem
2409 5618 2423 5642 ,
2453 5591 2577 5632 cum
2625 5576 2728 5633 hoc
2757 5592 2885 5647 erga
2912 5592 3000 5633 me
3038 5579 3222 5634 animo
3250 5580 3344 5642 sis,
3376 5589 3520 5634 tam-

1915 5666 2007 5721 diu
2030 5668 2280 5733 tacueris,
2310 5656 2494 5724 dicere
2520 5682 2730 5739 nequeo
2779 5669 2932 5723 :imo
2986 5668 3090 5723 hoc
3139 5684 3353 5740 quoque
3398 5672 3521 5743 ipso

1916 5758 2212 5826 praascrtim
2261 5758 2483 5814 nomine
2539 5760 2738 5814 haereo.
2792 5759 2969 5826 Quare
3031 5760 3174 5814 istud
3245 5761 3514 5832 aenigma,

1916 5850 2017 5903 nisi
2047 5864 2209 5920 grave
2234 5865 2300 5906 ac
2336 5851 2623 5909 molestum
2659 5860 2783 5919 est,
2809 5850 2966 5906 nobis
3004 5852 3162 5908 velim
3196 5868 3292 5925 per
3328 5853 3518 5911 literas

1916 5941 2169 6012 explices.
2198 5943 2370 6014 Atque
2394 5945 2554 6001 etiam
2580 5952 2706 6003 ante
2731 5943 2875 6017 ipsas
2899 5944 3086 6002 literas
3122 5961 3239 6017 eos,
3268 5948 3358 6020 qui
3380 5947 3516 6006 hanc

3075 6052 3150 6108 17
