4216 6488
797 628 1049 696 ἀπίωμεν
1086 619 1360 692 πανταχοῦ
1395 636 1454 673 σε
1483 620 1887 692 περιφέροντες,
1923 617 2018 673 καὶ
2046 618 2163 688 μεθ’
2198 617 2369 685 ὑπερ.

799 721 964 791 ϐολῆς
1006 717 1350 787 ἐκκαιόμενοι
1392 713 1471 786 τῷ
1514 713 1721 785 φίλτρῳ
1750 712 1830 781 τῷ
1872 713 2001 784 περὶ
2035 711 2113 766 σέ.
2147 708 2237 762 Διὸ
2276 707 2369 761 καὶ

797 808 1170 883 ἐπιθυμοῦμεν
1209 807 1300 862 καὶ
1332 804 1564 861 ἐνταῦθά
1622 822 1681 859 σε
1731 802 2172 876 παραγενόμενον
2219 800 2364 853 ἰδεῖν.

810 900 964 955 Ἐπεὶ
996 898 1055 951 δέ
1084 896 1240 951 τοῦτο
1274 894 1528 968 ἐργῶδες,
1557 894 1650 947 ἐπὶ
1678 892 1770 947 τὸν
1803 891 2053 964 δεύτερον
2096 888 2368 962 ἐρχόμεθα

799 990 986 1052 πλοῦν,
1015 989 1107 1043 καὶ
1140 989 1240 1059 τὴν
1269 986 1357 1040 διά
1392 984 1503 1039 τῶν
1531 985 1873 1057 γραμμάτων
1906 981 2165 1051 αἰτοῦμεν
2191 980 2368 1051 11:090-

798 1084 1009 1153 κλησιν.
1046 1082 1156 1136 Καὶ
1187 1079 1297 1151 7&9
1333 1078 1562 1150 μεγίστη
1596 1075 1892 1147 παραψυχὴ
1934 1076 2068 1146 ἡμῖν
2111 1073 2263 1127 ισται
2307 1072 2367 1125 16

798 1172 1035 1243 συνεχῶς
1082 1169 1336 1234 δέξασθαι
1379 1165 1665 1230 ἐπιστολὰς
1699 1163 2189 1235 εὐαγγελιζομένας
2234 1166 2365 1234 ἡμῖν

795 1262 924 1333 περὶ
948 1263 1048 1332 τῆς
1080 1262 1266 1330 ὑγείας
1289 1259 1388 1329 τῆς
1416 1259 1535 1329 σῆς.

1195 1431 1322 1483 IIE’.
1365 1429 1599 1497 Λουκίφ
1625 1430 1950 1493 ἐπισκόπῳ.

861 1567 925 1621 Εἰ
954 1567 1049 1621 καὶ
1082 1564 1261 1635 πολλῷ
1288 1564 1367 1637 τῷ
1416 1556 1565 1635 μέσῳ
1601 1563 1701 1635 τῆς
1730 1562 1851 1616 όδοῦ
1880 1560 2240 1633 διεστήκαμεν
2264 1561 2361 1630 τῆς

790 1657 1074 1722 εὐλαϐείας
1115 1657 1215 1727 τῆς
1250 1657 1367 1726 σῆς.
1416 1655 1533 1710 ἀλλ’
1565 1656 1715 1726 ὅμως
1748 1655 1849 1707 οὐκ
1892 1652 2081 1707 ἔλαθεν
2112 1653 2259 1722 ἡμᾶς
2301 1652 2361 1704 τὸ

794 1746 1157 1817 μισοπόνηρόν
1189 1759 1281 1799 σου
1316 1744 1414 1815 τῆς
1453 1744 1699 1815 γνώμης,
1736 1743 1829 1797 καὶ
1860 1742 1973 1806 πῶς
1998 1740 2239 1813 ἧλγησας
2268 1742 2360 1794 ἐπὶ

762 1876 768 1881 -
791 1842 906 1902 τοῖς
938 1838 1241 1909 τηλικαῦτα
1270 1838 1695 1909 παρανομήσασι
1724 1835 1817 1890 καὶ
1840 1834 2107 1888 τοσούτων
2128 1833 2356 1887 σκανδά-

788 1928 897 1981 λων
928 1928 1240 1999 ἐμπλήσασι
1269 1926 1366 1999 τὴν
1396 1926 1741 1997 οἰκουμένην.
1772 1926 1870 1979 Διά
1894 1923 2051 1978 τοῦτό
2081 1942 2161 1979 σοι
2201 1925 2358 1995 χάρι-

786 2036 887 2083 τας
912 2016 1300 2089 ὁμολογοῦμεν,
1316 2019 1411 2072 καὶ
1439 2016 1808 2089 θαυμάζοντές
1832 2034 1891 2072 σε
1912 2019 2005 2072 καὶ
2026 2016 2357 2089 μακαρίζον-

787 2130 876 2177 τες
923 2112 983 2165 οὐ
1039 2110 1345 2182 παυόμεθα,
1386 2114 1468 2166 ὅτι
1506 2114 1565 2167 έν
1601 2112 1838 2184 τοσούτῳ
1870 2111 2057 2167 κακῶν
2116 2111 2354 2183 φορυτῷ,

784 2202 1055 2257 τοσούτων
1088 2205 1227 2257 κατά
1278 2203 1541 2274 κρημνῶν
1571 2202 1886 2275 φερομένων
1916 2202 2011 2257 καὶ
2056 2201 2354 2265 σκοπέλων,

787 2295 948 2359 αὐτὸς
981 2295 1077 2367 τὴν
1108 2294 1272 2367 ὀρθὴν
1299 2295 1416 2350 όδδν
1446 2296 1548 2349 οὐκ
1577 2293 1805 2351 ἐπαύσω
1827 2294 2076 2367 βαδίζων,
2101 2293 2356 2364 αίτιώμε-

786 2386 876 2450 νός
898 2404 957 2440 τε
1003 2388 1071 2440 τά
1100 2388 1461 2458 γεγενημένα,
1508 2387 1981 2459 ἀποστρεφόμενός
2011 2403 2070 2439 τε
2109 2387 2235 2449 τοὺς
2266 2388 2355 2456 ἐρ-

786 2480 1151 2549 γασαμένους,
1181 2478 1257 2544 ῶς
1286 2497 1368 2533 σοι
1410 2482 1616 2546 πρέπον
1658 2482 1826 2535 ἐστίν.
1854 2480 1947 2533 Διὸ
1968 2479 2031 2549 δὴ
2062 2480 2155 2532 καί
2178 2494 2352 2548 παρα-

787 2570 1059 2642 καλοῦμεν
1090 2572 1375 2641 ἐπιμεῖναι
1415 2575 1480 2642 τῇ
1534 2572 1671 2643 καλῇ
1700 2572 1872 2643 ταύτῃ
1924 2570 2225 2642 προθυμίᾳ,
2261 2570 2353 2622 καί

788 2660 1009 2733 μείζονα
1044 2663 1409 2727 ἐπιδείξασθαι
1447 2663 1537 2716 τὸν
1584 2664 1764 2735 ζῆλον.
1816 2658 1985 2717 Οῖσθα
2017 2661 2126 2731 γὰρ
2172 2661 2355 2731 ἡλίκος

786 2753 915 2820 ὑμῖν
942 2751 1093 2805 ἔσται
1117 2754 1145 2805 6
1179 2752 1391 2822 μισθὸς,
1416 2748 1502 2806 οἷα
1525 2753 1593 2806 τά
1625 2752 1873 2824 βραδεῖα,
1907 2752 2126 2821 πηλίκοι
2154 2752 2202 2805 οί
2233 2750 2352 2803 01.4.-

785 2860 971 2913 φανοι,
1002 2845 1130 2898 ὅταν
1161 2844 1431 2897 τοσούτων
1465 2844 1633 2897 δντων
1662 2844 1771 2898 τῶν
1797 2842 2171 2916 ταραττόντων
2200 2843 2352 2895 αὐτοὶ

783 2936 883 3005 τὴν
907 2936 1155 2989 ἐναντίαν
1189 2935 1450 3006 φέρησθε,
1484 2936 1744 3007 μεγίστην
1770 2938 1883 3000 τοῖς
1911 2935 2144 3005 παροῦσι
2167 2938 2353 2997 κακοῖς

738 3094 741 3097 _
784 3024 1031 3080 ἐντεῦθεν
1062 3026 1297 3089 διδόντες
1316 3026 1417 3097 τὴν
1447 3027 1749 3097 διόρθωσιν.
1772 3029 1891 3081 Ὀτι
1922 3026 2053 3099 7&9,
2087 3027 2137 3080 εί
2167 3025 2353 3097 βουλη-

784 3119 964 3189 θείητε
998 3119 1183 3188 στῆναι
1217 3119 1498 3186 γενναίως,
1532 3118 1632 3172 κάν
1657 3119 1828 3187 ὀλίγοι
1848 3119 1941 3174 τὸν
1968 3119 2200 3190 ἀριθμὸν
2230 3113 2352 3189 ἦτε,

786 3210 1104 3282 περιέσεσθε
1135 3210 1242 3263 τῶν
1272 3210 1535 3264 πλειόνων
1561 3210 1668 3264 τῶν
1695 3212 1788 3264 ἐπὶ
1814 3211 1986 3282 κακία
2015 3210 2354 3274 καλλωπιζό⁴

785 3302 981 3373 μένων,
1010 3302 1183 3365 οὐδεὶς
1209 3304 1447 3373 ἀντερεῖ.
1486 3302 1717 3373 Ἀρετῆς
1743 3301 1854 3375 7&9
1878 3302 2229 3373 ἰσχυρότερον
2269 3302 2353 3355 οὐ-

779 3393 887 3455 δέν,
913 3393 1007 3445 καὶ
1032 3392 1124 3446 τοῦ
1164 3392 1338 3446 ταῦτα
1360 3391 1544 3465 ζητεῖν
1568 3393 1604 3447 ἀ
1622 3392 1845 3464 τειχίζει
1870 3392 1967 3457 τάς
2003 3394 2347 3464 Ἑκκλησίας.

785 3483 1044 3553 Ἔχοντες
1082 3482 1260 3535 τοίνυν
1302 3485 1401 3555 τὴν
1432 3482 1657 3556 γνώμην
1689 3483 1965 3556 ἀρκοῦσαν
2008 3485 2133 3554 ὑμῖν
2180 3486 2258 3547 εἰς
2290 3483 2352 3537 τὸ

781 3574 983 3644 πολλὴν
1022 3575 1171 3645 παρά
1210 3574 1344 3627 Θεοῦ
1400 3577 1573 3646 ῥοπὴν
1621 3574 2050 3638 ἐπισπάσασθαι,
2098 3575 2166 3628 τά
2222 3576 2350 3645 παρ’

780 3662 990 3716 έαυτῶν
1043 3665 1371 3731 εἰσενεγκεῖν
1411 3664 1820 3736 παρακλήθητε,
1873 3666 2051 3734 τεῖχος
2097 3663 2350 3733 μέγιστον

778 3757 898 3818 ταῖς
929 3754 1204 3825 πανταχοῦ
1247 3754 1347 3824 τῆς
1380 3756 1702 3826 οἰκουμένης
1746 3755 2093 3825 Ἐκκλησίαις
2136 3754 2223 3807 διὰ
2253 3756 2349 3825 τῆς

779 3844 1003 3915 γνώμης
1034 3844 1236 3916 ταύτης
1265 3846 1559 3916 γινόμενοι.

1198 4082 1339 4149 110.”.
1384 4081 1555 4152 Πάρῃ
1597 4082 1925 4151 έπισκόπῳ.

850 4269 959 4322 Καὶ
983 4270 1143 4337 ἡνίκα
1171 4270 1427 4341 προοίμια
1452 4266 1596 4341 εἶχεν
1627 4273 1657 4323 ό
1685 4273 1892 4344 χειμὼν
1921 4277 1948 4327 ό
1983 4273 2085 4344 τὴν
2125 4275 2349 4345 Ἐκκλη-

780 4361 899 4414 σίαν
953 4360 1328 4423 διασαλεύσας,
1359 4364 1459 4415 οὐκ
1512 4362 1699 4416 ἔλαθεν
1751 4367 1899 4435 ἡμᾶς
1949 4366 2009 4419 τὸ
2057 4366 2217 4437 ὀρθὸν
2254 4369 2349 4422 καὶ

779 4453 1172 4524 ἀπερίτρεπτον
1217 4470 1310 4505 σου
1356 4453 1453 4522 τῆς
1483 4453 1703 4525 γνώμης
1727 4472 1740 4485 ·
1769 4456 1867 4509 καὶ
1893 4455 1987 4511 νῦν
2014 4458 2103 4511 ὅτε
2138 4457 2345 4530 ηὐξήθη

780 4543 928 4615 ιϐ’ἲῡ]
951 4545 1016 4595 τὰ
1050 4542 1215 4605 κακὰ,
1244 4543 1485 4613 ἔγνωμεν
1509 4544 1670 4597 πάλιν
1696 4545 1796 4616 τὴν
1821 4545 2107 4600 εὐλάϐειαν
2129 4548 2227 4618 τὴν
2249 4549 2346 4618 σὴν

782 4640 885 4696 τοῖς
912 4636 1091 4695 αὐτοῖς
1132 4634 1507 4703 ἐπιμένουσαν.
1537 4634 1625 4687 Διὸ
1676 4635 1769 4688 καὶ
1812 4638 1877 4689 ἐκ
1926 4637 2177 4690 τοσούτου
2216 4638 2348 4692 καο-

778 4728 809 4794 ἡ
819 4742 966 4794 μενοι
996 4726 1353 4795 διαστήματος
1375 4726 1465 4778 καὶ
1490 4728 1587 4796 τὴν
1609 4726 1965 4799 ὀφειλομένην
1990 4729 2347 4799 ἀποδιδόαμεν

778 4820 1098 4889 πρόσρησιν,
1130 4818 1222 4870 καὶ
1272 4818 1648 4889 μακαρίζομεν
1700 4821 1792 4872 καὶ
1837 4818 2208 4890 θαυμάζομεν,
2242 4824 2345 4885 ὅτι,

775 4910 880 4963 τῶν
914 4909 1167 4963 πλειόνων
1194 4910 1419 4973 ἑαυτοὺς
1450 4912 2026 4983 κατακρημνισάντων,
2044 4909 2123 4975 οἷς
2145 4915 2222 4977 εἰς
2248 4914 2349 4977 τὰς

788 5000 1110 5069 Ἐκκλησίας
1144 5000 1559 5071 παρηνόμησαν,
1596 5002 1755 5065 αὐτὸς
1805 5002 1901 5073 τὴν
1946 5004 2191 5058 ἐναντίαν
2235 5009 2347 5069 τοῖς

776 5091 955 5153 ἄλλοις
982 5087 1143 5161 ἦλθες
1186 5092 1321 5155 ὁδὸν,
1350 5091 1475 5154 τούς
1507 5108 1565 5143 τε
1594 5090 1767 5147 ταῦτα
1790 5094 2166 5162 τολμήσαντας
2211 5098 2345 5149 ἀπο-

778 5185 1161 5253 στρεφόμενος,
1184 5183 1277 5236 καὶ
1303 5183 1395 5237 ἐπὶ
1426 5184 1524 5253 τῆς
1549 5184 1631 5237 σοὶ
1659 5184 1973 5256 πρεπούσης
2002 5187 2176 5256 μένων
2202 5189 2343 5242 ἐλευ-

776 5274 978 5342 θερίας.
1001 5273 1224 5327 Ἐννοιῖιν
1253 5274 1431 5327 τοίνυν
1453 5276 1639 5346 ἡλίκον
1672 5277 1765 5331 τοῦ
1790 5278 2209 5350 κατορθώματος
2230 5283 2345 5335 τού-

772 5382 863 5417 του
895 5366 953 5417 τὸ
990 5365 1213 5435 μέγεθος
1257 5367 1351 5419 καὶ
1389 5368 1449 5420 τὸ
1483 5368 1557 5439 μὴ
1592 5370 2003 5441 συναπαχθῆναι
2034 5374 2147 5436 τοῖς
2181 5391 2343 5445 110w;-

776 5458 1103 5525 ρευομένοις.
1134 5457 1226 5511 καὶ
1251 5459 1332 5511 ὅτι
1363 5458 1476 5521 όδδς
1505 5458 1655 5513 ἔσται
1686 5461 1778 5513 καὶ
1809 5461 2072 5532 προοίμια
2107 5464 2201 5535 τῆς
2240 5466 2343 5519 τῶν

775 5548 959 5599 κακῶν
980 5547 1311 5617 διορθώσεως
1335 5551 1367 5619 ἡ
1394 5550 1789 5620 ἀπερίτρεπτος
1818 5550 1971 5621 ὐμῶν
1990 5551 2127 5623 αῦτη
2150 5554 2341 5626 γνώμη

773 5642 867 5692 καὶ
900 5642 1142 5710 ἀκλινὴς,
1170 5640 1329 5707 αὐτός
1371 5659 1430 5694 τε
1465 5642 1539 5706 ὦς
1586 5660 1666 5697 σοι
1714 5643 1923 5715 πρέπον
1967 5645 2113 5697 ἐστὶν
2154 5647 2341 5718 στῆναι

774 5729 1031 5796 γενναίως
1062 5730 1463 5803 παρακλήθητι,
1488 5731 1613 5795 τούς
1637 5748 1696 5785 τε
1722 5731 1913 5797 ἄλλους
1939 5732 2032 5798 οὓς
2059 5734 2125 5790 ἂν
2150 5730 2259 5799 οἷός
2282 5754 2340 5789 τε

772 5818 838 5893 ᾗς
863 5820 1121 5890 ἀλείφειν.
1147 5822 1303 5876 υῦτω
1340 5823 1449 5895 7&9
1490 5824 1711 5895 ἀρκέσει
1746 5826 1823 5888 εἰς
1860 5825 2176 5897 συμμαχίαν
2214 5828 2342 5898 ύμῖν

772 5911 912 5983 αῦτη
941 5912 973 5982 ἠ
1000 5912 1271 5983 πρόθεσις,
1298 5914 1392 5968 τοῦ
1422 5914 1556 5971 Θεοῦ
1585 5914 1684 5987 τὴν
1714 5914 1937 5988 γνώμην
1972 5917 2127 5988 ὐμῶν
2151 5919 2342 5975 ἀποδε-

1496 508 1553 564 8.
1589 507 1876 566 JOANNIS
1904 500 2396 565 οηιιγευετοιιι
2428 506 2744 563 ARCHIEP.
2780 506 3329 564 CONS‘I'ANTINUP.

3942 504 4048 561 οδε

2478 614 2705 685 χομένου
2729 616 2830 687 τὴν
2856 617 2915 668 ἐν
2944 614 3181 685 τοσαύτῃ
3211 612 3466 685 συγχύσει
3503 612 3571 669 τά
3599 612 3737 685 ἀρθά
3766 609 4056 685 ἐλομένην,

2478 707 2570 759 καί
2595 707 2693 776 τὴν
2721 706 2851 777 παρ’
2880 704 3073 759 ἐαυτοῦ
3102 705 3431 775 παρέχοντος
3466 705 3658 776 ῥοπήν.

2861 837 2995 894 ΠΖ.
3037 840 3307 910 Εὐλοτίῳ
3331 838 3659 904 ἐπισκόπῳ.

2559 955 2746 1025 Ἡμεῖς
2772 953 2874 1007 κᾶν
2898 953 3035 1025 πρὸς
3058 952 3226 1017 αὐτὰς
3251 952 3579 1023 ἀφικώμεθα
3602 951 3702 1022 τῆς
3724 950 4057 1023 οἰκουμένης

2472 1045 2573 1108 τάς
2604 1041 2879 1113 ἐσχατιὰς,
2901 1040 3256 1096 ἐπιλαθέσθαι
3285 1058 3379 1095 σου
3408 1039 3509 1112 τῆς
3546 1041 3764 1112 ἀγάπης
3802 1040 3866 1094 οὐ
3892 1039 4058 1094 δυνά-

2476 1135 2633 1205 μεθα,
2660 1134 2794 1187 ἀλλά
2832 1134 3108 1204 πανταχοῦ
3159 1134 3548 1205 περιφέροντες
3590 1134 3823 1204 άπιμεν·
3873 1131 4056 1194 οὕτως

2473 1228 2618 1297 ημᾶς
2647 1218 2788 1287 εἷλες
2809 1225 2902 1277 καὶ
2931 1223 3228 1295 ἐχειρώσω,
3253 1222 3489 1277 δέσποτά
3512 1239 3615 1294 μου
3638 1220 3937 1292 τιμιώτατε
3958 1224 4056 1273 καὶ

2470 1317 2848 1382 εὐλαϐέστατε,
2862 1316 2983 1369 ἐπεὶ
3004 1316 3094 1370 καὶ
3117 1313 3213 1369 νῦν
3236 1318 3293 1369 ἐν
3316 1313 3612 1384 Κουκουσῷ
3634 1312 3956 1385 καθήμενοι,
3973 1312 4058 1381 τῷ

2470 1410 2650 1479 πάσης
2674 1408 2773 1478 τῆς
2805 1408 2927 1462 καθ’
2959 1408 3107 1477 ἡμᾶς
3130 1405 3457 1477 οἰκουμένης
3483 1405 3807 1477 ἐρημοτάτφ
3843 1402 4053 1475 χωρίῳ.

2468 1504 2529 1555 οὐ
2566 1500 2847 1569 παυόμεθα
2877 1498 3142 1570 διηνεκῶς
3161 1498 3259 1568 τὴν
3282 1497 3643 1568 χρηστότητα,
3666 1495 3763 1567 την
3786 1493 4059 1564 γλυκύτηρ

2467 1609 2554 1653 τα,
2580 1592 2676 1662 τὴν
2705 1592 2813 1643 τῶν
2842 1590 3059 1660 τρόπων
3086 1590 3407 1653 ἐπιείκειαν,
3438 1587 3499 1641 16
3528 1590 3751 1658 γνήσιον
3787 1585 3892 1655 τῆς
3933 1585 4055 1638 δια-

2467 1681 2691 1744 θέσεως,
2723 1680 2783 1733 16
2813 1679 3232 1749 πεπυρωμένον,
3267 1677 3329 1731 τὸ
3356 1676 3609 1747 σφοδρὸν,
3644 1674 3736 1730 τόν
3766 1673 3930 1745 ζῆλον
3959 1673 4055 1726 τὸν

2467 1773 2662 1844 φλογὸς
2693 1773 3071 1843 σφοδρότερον,
3109 1770 3209 1841 τὴν
3242 1770 3409 1840 ἀλλην
3454 1768 3676 1823 ἀωσάν
3713 1783 3805 1821 σου
3846 1766 4053 1840 ἀρετὴν

2466 1866 2926 1937 ἀναλογιζόμενοι,
2958 1865 3053 1918 καὶ
3082 1863 3191 1917 τῶν
3224 1860 3506 1932 λογισμῶν
3531 1860 3736 1915 τούτων
3756 1862 3823 1932 τῇ
3855 1858 4048 1931 μνήμῃ

2465 1955 2858 2026 ἐντρυφῶντες,
2893 1954 2987 2007 καὶ
3021 1952 3157 2022 πρὸς
3184 1952 3432 2014 ἃπαντας
3478 1948 3949 2021 άνακηρύτταντες
3989 1940 4051 2001 ὦ

2466 2048 2691 2120 στερρὸν
2705 2047 2804 2117 τῆς
2822 2044 3071 2115 γνώμης,
3098 2045 3157 2097 τὸ
3176 2040 3594 2115 ἀπερίτρεπτον,
3616 2042 3754 2113 δπερ
3785 2037 4051 2104 ἐπεδείξω

2466 2143 2602 2213 πρὸς
2630 2141 2757 2203 τοὺς
2776 2138 3194 2209 πολεμήσαντας
3212 2140 3333 2199 ταῖς
3367 2132 3716 2203 Ἐκκλησίαις
3738 2130 3836 2185 καὶ
3857 2127 4050 2184 τοσού-

2461 2250 2570 2287 των
2603 2230 2914 2287 σκανδάλων
2940 2229 3040 2301 τὴν
3064 2230 3390 2298 οἰκουμένην
3414 2225 3805 2298 ἐμπλήσαντας
3829 2240 3845 2255 ο
3876 2223 3928 2275 εἰ
3954 2219 4049 2276 καὶ

2462 2326 2530 2378 τά
2568 2325 2799 2394 μάλιστα
2832 2322 2992 2376 τοῦτο
3024 2321 3084 2373 οὐ
3116 2319 3288 2373 δεῖται
3320 2318 3419 2389 τῆς
3458 2316 3735 2389 ἡμετέρας
3756 2312 4009 2384 γλιῖνιτης
4030 2334 4041 2343 ·

2465 2417 2765 2483 σάλπιγγος
2800 2413 2909 2481 7&9
2948 2412 3327 2483 λαμπρότερον
3373 2408 3532 2472 αὐτὸς
3573 2408 3710 2461 πᾶσι
3758 2405 3871 2467 τοῖς
3900 2402 4048 2459 κατι

2462 2510 2559 2579 τὴν
2593 2506 2855 2578 ἀνατολὴν
2884 2506 2976 2558 καὶ
3001 2504 3338 2576 πορρωτάτω
3356 2498 3473 2556 οὖσι
3502 2499 3592 2554 διά
3610 2498 3719 2552 τῶν
3747 2497 3928 2568 ἔργων
3946 2494 4048 2549 αὐ·

2460 2601 2569 2652 τῶν
2608 2598 2928 2669 ἀνεδόησας.
2959 2595 3129 2667 ’Υπὲρ
3159 2596 3363 2649 τούτων
3394 2593 3622 2663 χάριτας
3648 2586 4044 2659 ὁμολογοῦμενδ

2465 2690 2859 2762 μακαρίζομεν,
2888 2687 3240 2758 θαυμάζομεν
3267 2688 3359 2739 καὶ
3383 2679 3809 2756 παρακαλοῦμεν
3830 2678 3923 2731 τὸν
3946 2675 4046 2730 αὐ,

2459 2783 2549 2835 τὸν
2582 2783 2921 2851 παραμεῖναι
2951 2778 3113 2851 ζῆλον
3134 2775 3594 2847 ἐπιδεικνύμενον.
3627 2771 3762 2826 Οὐδέ
3787 2768 3899 2840 7&9
3927 2766 4045 2821 ίσον

2460 2875 2597 2935 ἐστὶ,
2629 2872 2768 2925 κατά
2820 2869 2947 2941 ῥοῦν
2989 2868 3100 2921 τῶν
3148 2866 3486 2939 πραγμάτων
3513 2859 3851 2932 φερομένων,
3882 2854 4044 2926 ὀρθό-

2460 2979 2597 3032 τητα
2645 2958 3068 3023 ἐπιδείκνυσθαι,
3101 2956 3197 3016 καὶ
3232 2955 3442 3010 πολλῶν
3474 2953 3642 3008 όντων
3683 2949 3792 3003 τῶν
3825 2949 4042 3017 ἐπιχει-

2464 3052 2695 3123 ρούντων
2744 3049 3044 3104 καταλῦσαι
3100 3050 3199 3112 τάς
3237 3044 3560 3116 Ἐκκλησίας
3612 3039 3779 3113 μηδὲν
3830 3038 4045 3093 ἐκεῖθεν

2461 3142 2941 3213 παραλογίζεσθαι.
2977 3140 3112 3196 ἀλλά
3159 3140 3339 3210 μένειν
3386 3134 3600 3204 ἀκλινῆ,
3634 3132 3857 3195 τούτους
3899 3132 4041 3185 ἀπο-

2462 3237 2829 3307 στρεφόμενον
2857 3235 2994 3305 μετά
3013 3234 3114 3302 τῆς
3137 3229 3521 3303 προσηκούσης
3542 3225 3810 3297 ἀνδρείας.
3833 3224 3909 3277 Οὐ
3929 3220 4042 3292 γὰρ

2463 3328 2635 3399 μικρὰ
2680 3327 2841 3396 αῦτη,
2875 3324 3013 3379 ἀλλά
3050 3326 3145 3377 καὶ
3181 3322 3385 3394 σφόδρα
3431 3322 3662 3391 μεγίστη
3693 3315 3805 3369 τῶν
3847 3312 4036 3368 κακῶν

2457 3418 2891 3490 διόρθωσις.¹’οτι
2922 3417 2980 3470 δέ
3008 3416 3104 3485 τῆς
3148 3416 3248 3485 σῆς
3277 3412 3562 3475 εὐλαϐείας
3583 3409 3725 3463 οὕτω
3750 3404 4033 3477 διακειμέ-

2459 3530 2556 3583 νης
2591 3513 2789 3575 πάντες
2814 3512 2865 3563 οἱ
2904 3508 3044 3563 κατά
3088 3508 3183 3579 τὴν
3212 3505 3573 3574 Παλαιστίνην
3606 3500 3786 3572 κύριοί
3815 3516 3919 3570 μου
3954 3515 4035 3551 11-

2462 3606 2718 3680 μιώτατοι
2761 3606 2854 3659 καὶ
2899 3602 3280 3658 εὐλαϐέστατοι
3331 3599 3617 3651 ἐπίσκοποι
3661 3592 3884 3663 ἓψονταί
3942 3604 4037 3643 σου

2456 3677 2569 3759 τοῖς
2594 3699 2814 3766 ἴχνεσιν,
2848 3694 2999 3747 οὐδὲν
3026 3689 3180 3761 οἶμαι
3206 3692 3316 3743 δεῖν
3349 3686 3727 3758 ἀμφιδάλλειν.
3755 3677 3889 3735 Οἶδα
3929 3680 4037 3749 7&9

2461 3788 2650 3857 σαφῶς
2694 3787 2777 3839 ὅτι
2822 3786 2880 3837 ἐν
2922 3784 3035 3845 τοῖς
3078 3779 3343 3841 τοιούτοις
3387 3775 3807 3846 κατορθώμασιν
3846 3769 4038 3839 ὥσπερ

2640 3877 2796 3946 σῶμα
2822 3873 3041 3944 συνεχὲς
3071 3871 3300 3942 κεφαλῇ,
3322 3868 3493 3932 οὕτως
3515 3866 3713 3953 αὐτοὺς
3742 3862 4037 3953 τῇγλυκύ-

2458 3950 2580 4040 τητί
2616 3984 2707 4019 σου
2733 3966 2832 4035 τῆς
2858 3963 3081 4032 ἀγάπης
3103 3960 3345 4029 συνῆψας
3368 3959 3462 4012 καὶ
3482 3950 3824 4009 συνδεδέσθαι
3842 3961 3869 3990 ι
3896 3966 4038 4019 παρ-

2457 4059 2780 4121 εσκεύασας,
2816 4058 2950 4126 ὅπερ
2990 4053 3085 4107 καὶ
3114 4052 3269 4104 τοῦτο
3304 4050 3560 4120 μέγιστον
3589 4047 3788 4113 δεῖγμα
3809 4043 3912 4112 τῆς
3938 4042 4035 4111 σῆς

2456 4152 2680 4223 ἀρετῆς.

2616 4254 2753 4305 ΠΗθ.
2808 4247 3044 4315 Ἰωάννῃ
3076 4246 3389 4306 ἐπισκόπῳ
3418 4237 3866 4307 Ἰεροσολύμων.

2539 4354 2853 4427 ’Λπῳκίσθη
2863 4372 2959 4424 μεν
2982 4353 3061 4417 εἰς
3082 4351 3179 4421 τὴν
3206 4346 3516 4403 Κουκουσδν
3534 4346 3583 4408 υ,
3608 4343 3708 4413 τῆς
3730 4342 3787 4394 δὲ
3812 4340 4037 4408 ἀγάπης

2454 4452 2553 4521 τῆς
2601 4447 2872 4519 ὑμετέρας
2921 4446 2985 4497 οὐ
3027 4440 3471 4513 μετῳκίσθημεν.
3516 4437 3591 4489 Τὸ
3647 4435 3745 4505 μέν
3794 4433 3907 4504 7&9
3952 4431 4041 4500 ἐφ’

2457 4544 2663 4614 ἑτέροις
2711 4540 2905 4601 ἔκειτο,
2938 4536 3094 4591 τοῦτο
3126 4536 3179 4590 δὲ
3230 4534 3311 4599 ἓς⁹
3344 4533 3496 4603 ἡμῖν.
3540 4529 3631 4582 Διδ
3682 4527 3747 4599 δὴ
3800 4525 4032 4580 ἐνταῦθα

2454 4632 2817 4705 διατρίϐοντες
2838 4631 2931 4683 καὶ
2953 4631 3016 4682 ἐκ
3036 4630 3187 4683 τοσοί
3203 4646 3290 4677 τί.)
3318 4624 3616 4695 καθήμενοι
3639 4619 4035 4691 διαστήματος,

2456 4724 2552 4777 καὶ
2587 4722 2992 4791 ἐπιστέλλομεν,
3028 4720 3120 4772 καὶ
3156 4715 3579 4787 παρακαλοῦμεν
3612 4711 3768 4783 ὐμῶν
3800 4712 3904 4781 τὴν
3943 4710 4038 4763 εὐ·-

2456 4815 2697 4875 λάσειαν,
2723 4813 2822 4883 τὴν
2846 4812 3097 4883 ἀνδρείαν
3127 4816 3190 4879 ἢν
3228 4810 3278 4871 ἐξ
3316 4808 3484 4879 ἀρχῆς
3515 4801 3862 4868 ἐπεδείξασθε
3895 4803 4037 4857 ἀπο-

2455 4910 2788 4980 στραφέντες
2826 4908 2951 4968 τοὺς
2982 4908 3077 4966 τὰς
3120 4902 3444 4973 ’ίηῖκκλησίας
3472 4898 3742 4953 τοσούτων
3780 4892 4034 4966 Θορύόων

2455 5005 2861 5072 ἐμπλήσαντας,
2895 5002 3094 5066 ταύτην
3133 5000 3223 5049 καὶ
3264 4993 3359 5047 νῦν
3403 4992 3696 5063 διατηρεῖν,
3743 4988 3840 5042 καὶ
3883 4986 4035 5051 ἄξιον

2454 5093 2562 5146 τῶν
2592 5093 2915 5163 προοιμίων,
2954 5088 3155 5159 μᾶλλον
3207 5088 3263 5138 δὲ
3314 5085 3407 5139 καὶ
3435 5081 3612 5153 πολλῷ
3649 5079 4035 5150 λαμπρότερον

2455 5187 2764 5259 προσθεῖναι
2796 5182 2857 5237 τδ
2884 5181 3055 5244 τέλος.
3088 5184 3162 5233 υύ
3206 5178 3311 5249 γὰρ
3369 5176 3562 5246 μικρὸς
3608 5170 3859 5227 ἐντεῦθεν
3904 5170 4037 5240 ὑμῖν

2453 5281 2692 5334 κείσεται
2719 5280 2747 5330 ὁ
2778 5275 2986 5347 μισθὸς,
3014 5274 3138 5327 ὅταν
3165 5274 3290 5335 τοὺς
3319 5268 3573 5324 τοσοῦτον
3591 5265 3836 5338 χειμῶνα
3865 5265 4034 5334 ἐργα-

2456 5372 2741 5443 σαμένους,
2774 5369 2869 5422 καὶ
2893 5367 2992 5440 τὴν
3018 5366 3344 5435 οἰκουμένην
3377 5361 3562 5432 σχεδὸν
3594 5360 3814 5413 ἃπασαν
3840 5355 4033 5410 τοσού-

2451 5481 2560 5516 των
2607 5460 3000 5531 ἐμπλήσαντας
3042 5455 3376 5521 σκανδάλων,
3430 5454 3505 5517 ὡς
3546 5448 3827 5523 προσῆκόν
3880 5450 4033 5501 ἐστιν

2453 5551 2897 5623 ἀποστρέφησθε,
2923 5550 3020 5603 καὶ
3051 5548 3216 5619 μηδὲν
3252 5546 3426 5600 κοινὸν
3450 5544 3611 5614 ἔχητε
3637 5540 3775 5612 πρὸς
3807 5536 4028 5603 αὐτούς.

2454 5643 2624 5695 Τοῦτο
2661 5642 2930 5709 ἀσφάλεια
2952 5639 3061 5693 τῶν
3088 5636 3447 5709 Ἐκκλησιῶν,
3471 5633 3630 5688 τοῦτο
3654 5633 3854 5704 τεῖχος,
3870 5628 4034 5685 τοῦτο

2453 5736 2707 5808 ὑμέτεροι
2742 5734 3000 5802 στέφανοι
3031 5732 3125 5785 καὶ
3154 5731 3401 5803 βραδεῖα.
3432 5728 3596 5783 Ταῦτ’
3618 5721 3711 5782 οὖν
3744 5724 3922 5790 εἰδὼς,
3942 5721 4032 5779 δύο

2512 5871 2537 5901 ⁸
2558 5869 2714 5919 Valic.
2736 5871 3017 5921 ἐνδεδέσθαι.

2511 5931 2539 5972 δ
2564 5931 2719 5985 γσιίε.
2741 5946 2833 5996 pro
2852 5944 2989 5984 more
3010 5932 3074 5987 εἰς
3094 5930 3387 5981 Κοκκουσὸν.
