4172 6482
200 515 382 570 locum
411 505 780 571 ahscedomus,
809 509 862 557 te
908 495 1343 556 circumferentes
1377 501 1537 562 atque
1558 485 1790 545 incredi-

202 603 302 662 bili
330 599 561 674 quodam
601 595 675 652 tui
705 606 889 649 amore
917 589 1223 660 ﬂagrantes.
1255 585 1437 655 anue
1459 580 1526 637 de
1548 593 1708 674 causa
1739 586 1794 634 te

199 671 420 770 quoque
449 693 554 748 huc
599 688 803 753 venire,
832 700 896 742 ac
938 689 1161 738 cernere
1214 677 1479 748 cupimus.
1530 671 1795 770 Quoniam

202 762 386 848 im
414 783 466 838 id
497 778 711 838 difﬁcile
740 785 843 843 est,
884 774 952 830 ad
978 770 1268 828 secundum
1309 762 1660 838 navigationis
1683 776 1800 818 cur»

201 891 326 946 sum
352 874 616 938 venimus,
643 883 885 938 eamque,
917 879 1085 936 ,quam
1111 861 1280 916 literas
1327 857 1570 930 pariunt,
1599 866 1795 946 conso-

205 943 458 1025 lationem
489 963 584 1017 abs
613 970 664 1015 te
708 957 1056 1029 postulamus.
1083 950 1371 1008 Maximum
1412 947 1610 1020 quippe
1656 942 1803 999 sola-

206 1060 342 1114 tium
386 1053 544 1110 nobis
566 1053 690 1118 erit,
743 1048 1049 1120 frequentes
1074 1041 1330 1114 epistolas
1371 1038 1635 1110 accipere,
1679 1048 1800 1106 quae

206 1161 310 1203 nos
329 1144 398 1211 de
428 1152 516 1198 tua
543 1139 848 1196 valetudine
871 1135 1130 1193 certiores
1152 1130 1369 1187 faciant.

324 1276 531 1351 LXXX
544 1276 606 1330 V.
633 1273 792 1329 Lucio
816 1275 1071 1344 episcopo.
1105 1266 1334 1340 (Scripta
1372 1276 1513 1318 anno
1538 1256 1689 1328 ‘04.)

287 1410 405 1467 Etsi
449 1421 641 1480 magno
666 1403 872 1462 itineris
901 1399 1178 1457 intervallo
1201 1413 1230 1453 a
1263 1407 1314 1453 te
1343 1392 1568 1466 sejuncti
1593 1402 1798 1457 sumus,

211 1511 393 1558 tamen
424 1499 552 1556 illud
599 1495 965 1568 improborum
1015 1490 1216 1556 odium,
1271 1503 1378 1558 quo
1421 1485 1632 1540 animus
1679 1491 1802 1535 tuus

212 1594 471 1669 preditus
503 1599 605 1655 est,
638 1588 859 1644 minime
900 1583 1052 1640 nobis
1079 1583 1365 1637 obscurum
1393 1578 1509 1642 fuit,
1539 1574 1802 1643 dolorque

211 1688 326 1753 ille,
355 1700 511 1756 quem
543 1691 759 1754 propter
779 1694 873 1736 eos
893 1679 982 1749 qui
1011 1685 1152 1731 tanta
1183 1673 1378 1745 ﬂagitia
1403 1674 1800 1742 perpetrarunt,

215 1785 401 1847 totque
429 1772 697 1830 scandalis
725 1771 911 1826 orbem
947 1768 1323 1837 impleverunt,
1353 1763 1534 1820 animo
1553 1759 1802 1829 concepi-

210 1870 307 1926 sti.
329 1867 619 1938 Propterea
653 1864 744 1920 tibi
770 1862 968 1934 gratias
989 1861 1216 1932 agimus,
1255 1855 1602 1926 miriﬁcisque
1629 1850 1800 1912 laudi-

213 1959 319 2018 bus
344 1957 462 2017 sine
498 1957 605 2014 ulla
656 1955 1051 2013 intermissione
1094 1961 1148 2008 te
1172 1951 1526 2016 celebramus,
1579 1946 1722 2019 quod
1750 1946 1803 2000 in

213 2062 360 2108 tanta
389 2051 650 2108 malorum
675 2047 923 2113 colluvie,
952 2053 1139 2116 totque
1167 2041 1476 2099 hominibus
1513 2040 1568 2094 in
1610 2036 1803 2110 przeci-

212 2143 343 2215 pitia
373 2152 427 2198 et
473 2141 719 2212 sc0pulos
761 2138 1057 2200 ruentibus,
1107 2143 1164 2193 tu
1221 2141 1426 2190 rectum
1478 2130 1584 2187 iter
1623 2138 1806 2193 tenere

213 2234 434 2291 minime
487 2231 756 2297 destitisti,
802 2247 864 2286 ea
909 2245 1027 2303 qua:
1055 2228 1193 2283 facta
1218 2234 1345 2282 sunt
1381 2221 1802 2295 reprehendens,

211 2341 435 2398 eosque,
465 2340 496 2379 a
524 2324 717 2397 quibus
759 2321 896 2378 facta
944 2329 1088 2386 sunt,
1134 2332 1416 2384 aversans,
1457 2324 1516 2370 ut
1562 2313 1722 2370 etiam
1754 2321 1807 2368 te

214 2413 391 2472 facere
421 2431 516 2485 par
541 2422 640 2470 est.
688 2413 870 2483 anue
910 2410 978 2466 de
1024 2424 1184 2466 causa
1229 2418 1282 2465 te
1311 2405 1608 2470 hortamur,
1648 2413 1704 2458 ut
1752 2403 1804 2456 in

210 2506 426 2576 gregia
468 2505 566 2559 hac
613 2502 776 2558 animi
818 2497 1093 2559 alacritate
1146 2510 1390 2571 perstes,
1440 2495 1806 2566 majoremque

208 2599 374 2651 etiam
411 2595 589 2650 zelum
609 2609 718 2664 prie
757 2603 809 2649 te
832 2594 991 2649 feras.
1025 2590 1142 2647 Scis
1177 2590 1323 2646 enim
1341 2604 1462 2660 qua:
1487 2587 1638 2643 vobis
1660 2601 1806 2642 mer-

209 2699 308 2742 ces
350 2685 524 2739 futura
575 2685 663 2749 sit,
715 2698 834 2753 quae
889 2681 1127 2752 prazmia,
1183 2692 1303 2750 qua:
1351 2693 1590 2745 coronaz,
1643 2677 1690 2731 si
1729 2684 1809 2731 tot

209 2778 334 2832 aliis
357 2775 808 2846 perturbantibus,
837 2773 1162 2829 contrarium
1180 2778 1360 2835 tamen
1378 2772 1480 2826 iter
1501 2768 1802 2835 tenuerilis,

210 2867 500 2924 maximam
531 2865 880 2936 przesentibus
908 2864 1060 2918 malis
1075 2861 1395 2919 medicinam
1430 2861 1554 2916 hinc
1574 2859 1803 2915 aﬁ‘eren-

211 2966 316 3015 tes.
348 2955 480 3011 Nam
509 2955 670 3027 quod,
704 2955 914 3010 etiamsi
953 2954 1374 3026 alioqui'exiguo
1415 2959 1638 3008 numero
1666 2951 1803 3015 sitis,

211 3055 394 3103 tamen
425 3047 468 3102 si
522 3055 740 3104 strenuo
765 3061 828 3104 ac
876 3047 997 3102 torti
1026 3046 1208 3101 animo
1251 3047 1303 3100 in
1344 3055 1623 3116 procmctu
1665 3052 1807 3098 stare

209 3139 514 3206 volueritis,
545 3139 778 3210 majores
805 3139 989 3210 copias
1028 3138 1098 3194 ob
1144 3139 1542 3210 improbitatem
1570 3136 1810 3208 glorian-

209 3244 295 3292 tes
321 3232 620 3306 superaturi
670 3231 810 3296 sitis,
860 3246 1018 3288 nemo
1063 3231 1272 3296 inﬁcias
1299 3230 1442 3286 ierit.
1482 3229 1624 3285 Nihil
1662 3229 1807 3285 enim

211 3327 406 3384 fortius
428 3336 511 3383 est
535 3327 1048 3395 virtuteearumque
1073 3337 1252 3378 rerum
1283 3322 1665 3393 perquisitione
1689 3322 1809 3392 qui-

211 3418 319 3474 bus
374 3417 680 3490 prmsidium
737 3415 991 3474 Ecclesiis
1041 3426 1401 3488 comparatur.
1461 3414 1595 3472 Cum
1648 3416 1809 3486 igitur

211 3511 451 3564 animum
505 3510 570 3563 ad
623 3511 892 3580 ingentem
935 3510 1024 3564 Dei
1079 3525 1235 3578 opem
1285 3511 1664 3565 accersendam
1693 3508 1808 3564 ido-

212 3614 376 3655 neum
405 3598 659 3666 habeatis,
715 3615 833 3669 qua:
859 3608 1153 3657 vestrarum
1195 3600 1425 3669 partium
1455 3609 1600 3665 sunt,
1647 3600 1806 3655 velim

213 3690 498 3760 expleatis,
524 3705 726 3761 vosque
756 3705 850 3760 per
871 3690 1174 3762 hujusmodi
1214 3702 1449 3750 mentem
1475 3708 1538 3750 ac
1565 3694 1809 3749 volunta-

216 3793 325 3844 tem
354 3781 640 3839 ﬁrmissimi
681 3780 958 3854 cujusdam
1001 3783 1138 3839 muri
1178 3785 1346 3842 instar
1384 3786 1633 3842 omnibus
1659 3787 1808 3843 orbis

214 3875 473 3931 Ecclesiis
500 3876 810 3946 praibeatis.

297 4008 612 4066 LXXXVI.
645 4010 783 4065 Mari
811 4014 1070 4082 episcopo.
1125 4012 1356 4084 (Scripta
1385 4028 1527 4069 anno
1551 4013 1712 4088 404.)

291 4143 361 4198 Et
396 4158 516 4198 cum
557 4153 846 4216 tempestas
875 4158 960 4211 ea,
1007 4159 1109 4216 qua
1156 4145 1395 4203 Ecclesia
1447 4147 1661 4204 turbata
1701 4158 1806 4215 est,

210 4236 537 4302 exoriretur,
583 4238 747 4293 animi
803 4239 879 4294 tui
932 4239 1289 4309 integritatem
1335 4249 1496 4312 atque
1550 4249 1808 4299 constan-

215 4328 346 4381 tiam
393 4329 760 4398 perspeximus
811 4339 912 4385 :et
959 4345 1101 4385 nunc
1139 4331 1267 4386 item
1316 4331 1810 4404 ingravescentibus

213 4418 373 4480 apalis
399 4419 646 4490 pietatem
678 4429 821 4476 tuam
861 4422 916 4478 in
964 4422 1157 4478 iisdem
1193 4439 1378 4480 rursus
1406 4426 1659 4481 institutis
1691 4442 1810 4497 per-

214 4525 470 4566 severare
517 4513 882 4581 cognovimus.
945 4513 1130 4585 quue
1181 4515 1433 4582 nomine,
1493 4525 1600 4573 tam
1650 4519 1809 4590 longe

215 4602 346 4658 licet
381 4618 412 4659 a
453 4613 504 4658 te
533 4603 726 4672 dissiti,
791 4607 1032 4662 debitum
1090 4608 1182 4662 tibi
1237 4610 1574 4666 salutationis
1613 4626 1810 4667 munus

214 4693 598 4766 persolvimus,
657 4706 814 4768 teque
867 4699 1108 4755 miriﬁcis
1161 4699 1407 4756 laudibus
1455 4703 1760 4758 extollimus
1789 4744 1804 4770 ,

214 4785 365 4858 quod
391 4802 510 4843 cum
539 4788 755 4856 plurimi
801 4805 896 4860 per
922 4805 983 4846 ea
1013 4791 1240 4860 scelera,
1269 4807 1390 4863 qua:
1417 4792 1675 4849 adversus
1704 4794 1808 4849 Ec-

213 4881 415 4937 clesias
454 4881 820 4952 designarunt,
840 4898 960 4940 sese
986 4883 1039 4938 in
1070 4885 1290 4943 exitium
1317 4886 1620 4957 praecipites
1648 4886 1811 4944 dede-

214 4971 349 5039 rint,
382 4973 495 5057 ipse
520 4982 695 5028 tamen
722 4974 861 5028 viam
904 4973 1129 5030 aliorum
1182 4976 1288 5032 vite
1308 4976 1588 5033 adversam
1616 4986 1808 5034 tenue-

215 5062 318 5129 ris,
346 5062 596 5117 nimirum
623 5072 910 5134 eteorum,
943 5067 1034 5137 qui
1083 5067 1198 5123 haec
1223 5070 1339 5124 ausi
1373 5079 1515 5136 sunt,
1560 5085 1814 5142 congres-

217 5168 337 5210 sum
365 5153 660 5227 defugiens,
689 5167 742 5212 et
765 5172 906 5226 eam,
935 5173 1054 5230 qua:
1075 5168 1128 5216 te
1152 5160 1310 5232 digna
1340 5172 1476 5228 erat,
1508 5163 1809 5220 libertatem

214 5244 477 5302 retinens.
522 5247 774 5318 Cogitans
814 5251 1010 5321 itaque,
1042 5262 1236 5322 quanta
1292 5255 1535 5325 praaclari
1590 5254 1812 5326 hujusce

215 5338 293 5393 tui
323 5335 448 5393 facti
473 5341 780 5410 magnitudo
809 5342 897 5408 sit,
934 5354 1252 5415 quantaeque
1301 5345 1494 5414 laudis,
1547 5347 1808 5417 improbis

212 5427 440 5483 minime
467 5429 880 5499 obsecundasse,
905 5444 1064 5505 atque
1087 5436 1215 5491 illud
1242 5446 1521 5507 praeterea,
1550 5447 1806 5494 constan-

215 5533 326 5578 tem
381 5524 522 5580 hanc
549 5535 780 5582 vestram
814 5529 1127 5602 ﬁrmamque
1180 5537 1498 5590 sententiam
1527 5537 1806 5608 depellen-

213 5614 406 5672 dorum
423 5618 686 5674 malorum
704 5621 840 5676 viam
866 5638 929 5679 ac
950 5625 1267 5695 praalhdium
1292 5627 1405 5683 fore
1425 5669 1440 5694 ,
1473 5629 1576 5694 fac,
1600 5645 1806 5700 quznso,

215 5716 273 5764 ut
299 5711 749 5783 quemadmodum
791 5731 820 5771 a
865 5727 917 5775 te
947 5719 1262 5790 pOStulatur,
1297 5731 1518 5779 strenuo
1547 5725 1805 5781 animoin

217 5802 500 5871 procinctu
529 5812 660 5872 stes.
705 5816 863 5880 atque
893 5809 1026 5866 alios
1054 5827 1150 5882 pro
1179 5813 1316 5871 virili
1365 5823 1454 5872 tua
1485 5815 1804 5874 cobortcris.

1713 367 2091 430 εριδιοιι.

3386 334 3486 391 ϋῧί

1903 486 1992 542 Sic
2014 482 2157 539 enim
2186 479 2255 538 ad
2281 476 2538 540 auxilium
2569 481 2809 531 nostrum
2840 471 2956 526 haec
3003 466 3215 529 occasio
3262 460 3490 519 suﬁcce-

1901 577 1992 644 rit,
2022 575 2130 631 Deo
2158 587 2353 644 nempe
2394 578 2629 626 mentem
2669 573 2927 630 vestram,
2973 576 3092 633 qua:
3120 564 3175 614 in
3217 563 3361 612 tanta
3406 568 3496 610 re-

1901 683 2023 723 rum
2053 663 2454 738 perturbatione
2478 658 2812 730 rectaoligit,
2854 652 3262 727 comprobante,
3308 661 3497 704 suam-

1903 773 2008 831 que
2032 771 2189 829 opem
2213 753 2491 811 aﬂerente.

1975 868 2182 926 LXXX
2196 866 2327 924 VU.
2353 866 2571 938 Eulogii)
2590 866 2842 933 episcopo.
2871 858 3105 930 (Scripta
3122 869 3264 910 anno
3285 850 3435 917 ωι.)

1975 981 2230 1052 Quamvis
2255 981 2333 1035 ad.
2346 987 2617 1035 extremos
2661 991 2828 1046 usque
2863 972 3011 1028 orbis
3036 983 3282 1027 recessus
3330 979 3497 1021 vene-

1905 1075 2094 1140 rimus,
2124 1078 2435 1128 tamentuas
2485 1066 2726 1124 caritatis
2765 1063 3015 1121 oblivisci
3059 1061 3281 1117 minime
3306 1071 3503 1131 possur

1894 1183 2048 1233 imus,
2071 1182 2262 1224 verum
2294 1180 2413 1222 eam
2435 1164 2635 1234 passim
2665 1159 3095 1218 circumferimus
3123 1174 3139 1212 :
3166 1170 3336 1227 usque
3365 1152 3504 1208 adeo

1909 1276 2006 1316 nos
2035 1300 2051 1326 ,
2121 1256 2575 1315 reverendissime
2641 1269 2706 1311 ac
2761 1251 3163 1324 religiosissime
3238 1245 3458 1303 domine
3483 1284 3499 1309 ,

1909 1354 2003 1412 tibi
2028 1350 2313 1408 devinxiin
2357 1365 2420 1406 ac
2465 1348 2744 1418 subegisti.
2773 1344 3051 1416 Siquidem
3103 1355 3250 1397 nunc
3285 1351 3502 1410 quoque

1906 1445 2102 1502 Cucusi
2129 1453 2428 1510 manentes,
2459 1441 2562 1501 hoc
2591 1448 2674 1496 est
2703 1440 2757 1494 in
2803 1437 3174 1494 desertissimo
3198 1430 3369 1488 nostri
3414 1443 3508 1484 or-

1907 1535 1990 1592 bis
2031 1535 2188 1602 loco,
2233 1531 2613 1602 benignitatem
2669 1539 2836 1593 tuam,
2898 1526 3239 1589 suavitatem,
3295 1534 3509 1576 morum

1909 1625 2238 1692 facilitatem,
2266 1623 2536 1679 sinceram
2583 1619 2747 1675 animi
2780 1617 3218 1689 propensionem,
3273 1610 3511 1667 acrimo-

1909 1719 2074 1782 niam,
2102 1717 2276 1773 zelum
2305 1716 2495 1788 quovis
2525 1715 2644 1786 igne
2674 1713 3078 1777 ferventiorem,
3109 1715 3334 1764 caeteras
3357 1701 3513 1759 deui-

1911 1826 2017 1882 que
2042 1825 2232 1865 omnes
2259 1818 2378 1864 tuas
2397 1808 2625 1863 virtutes
2644 1821 2766 1862 cum
2793 1802 2989 1860 animis
3017 1798 3215 1856 nostris
3234 1805 3511 1867 reputare,

1909 1912 2069 1973 atque
2102 1900 2366 1972 ejusmodi
2392 1898 2774 1970 cogitationum
2802 1893 3118 1951 memoriam
3145 1902 3355 1946 summa
3384 1900 3508 1944 cum

1909 1993 2181 2063 voluptate
2208 2006 2488 2061 usurpare,
2531 1991 2831 2059 mentisque
2862 1996 2969 2040 ture
2999 1983 3308 2039 ﬁrmitatem
3337 1987 3501 2048 atque

1910 2087 2284 2150 constantiam,
2317 2099 2477 2155 quam
2503 2081 2791 2140 exhibuisti
2835 2079 3094 2135 adversus
3118 2091 3214 2131 eos
3242 2073 3333 2144 qui
3359 2071 3510 2127 veri-

1912 2178 2220 2234 tati'bellum
2249 2176 2563 2238 intulerunt,
2590 2173 2885 2242 orbemque
2914 2178 2992 2226 tot
3015 2166 3286 2225 scandalis
3316 2163 3513 2234 imple-

1909 2277 2118 2334 verunt,
2152 2266 2293 2338 apud
2338 2280 2530 2322 omnes
2577 2264 2870 2335 praedicare
2912 2260 3134 2316 minime
3181 2256 3514 2318 desinimus;

1911 2360 2122 2417 etiamsi
2175 2358 2376 2429 alioqui
2426 2357 2532 2413 hoc
2557 2356 2750 2427 linguae
2780 2361 2979 2410 nostra:
3006 2349 3244 2406 ofﬁcium
3294 2345 3518 2402 minime

1911 2454 2176 2525 requiras,
2216 2466 2338 2508 cum
2371 2460 2423 2505 tu
2470 2450 2658 2521 quavis
2705 2447 2831 2503 tuba
2879 2446 3101 2511 clarius,
3146 2441 3288 2514 apud
3326 2452 3518 2496 omnes

1911 2546 2244 2611 Orientales,
2276 2554 2333 2600 et
2352 2558 2514 2615 quam
2542 2542 2855 2613 longissime
2875 2538 3097 2594 dissitos
3119 2535 3389 2602 homines,
3419 2547 3518 2604 per

1911 2653 2000 2694 res
2028 2638 2173 2708 ipsas
2199 2635 2254 2691 id
2277 2634 2652 2706 promulgaris.
2683 2633 2802 2699 Quo
2828 2629 3042 2700 quidem
3070 2627 3287 2683 nomine
3309 2623 3513 2696 gratias

1913 2731 2009 2785 tibi
2028 2730 2258 2801 agimus,
2285 2736 2447 2798 teque
2467 2728 2682 2783 beatum
2704 2724 3063 2796 praedicamus
3086 2736 3150 2776 ac
3165 2718 3510 2790 suspicimus,

1912 2832 2073 2891 atque
2093 2823 2390 2887 hortamur,
2420 2826 2479 2874 ut
2507 2816 2756 2874 eunidem
2781 2816 2955 2871 zelum
2983 2829 3094 2885 pra:
3135 2821 3190 2868 te
3216 2811 3362 2867 ferre
3391 2824 3517 2879 per-

1913 2890 2030 2983 gas.
2058 2911 2244 2983 Neque
2290 2909 2434 2970 enim
2480 2909 2622 2980 paris
2674 2906 2846 2963 laudis
2871 2913 2976 2973 est,
3028 2904 3190 2961 rebus
3244 2890 3519 2958 exanimi

1911 2998 2175 3060 sententia
2201 3001 2511 3068 ﬂuentibus,
2567 2999 2892 3071 integritatis
2936 2996 3210 3068 specimen
3235 2991 3514 3059 exhibere,

1910 3105 1963 3151 et
1993 3109 2114 3150 cmn
2144 3093 2296 3149 multi
2338 3093 2447 3148 sint
2469 3091 2561 3164 qui
2610 3090 2879 3147 Ecclesias
2934 3098 3180 3145 evertere
3222 3092 3514 3150 conentur,

1916 3202 2021 3244 non
2053 3198 2231 3242 tamen
2260 3185 2434 3255 decipi
2465 3200 2530 3240 ac
2555 3181 2944 3248 circumscribi,
2991 3181 3088 3237 sed
3135 3179 3354 3236 ﬁrmum
3404 3192 3520 3233 ma-

1914 3288 2062 3342 nere,
2094 3293 2190 3336 eos
2214 3292 2318 3346 qua
2347 3275 2504 3334 decet
2544 3275 2708 3331 animi
2739 3271 3106 3345 magnitudine
3147 3277 3518 3327 aversantem.

1915 3371 2099 3441 Neque
2125 3369 2272 3426 enim
2295 3384 2482 3438 parva,
2516 3382 2702 3422 verum
2733 3380 2992 3437 perquam
3033 3364 3224 3436 ingens
3251 3363 3520 3420 malorum

1913 3461 2182 3517 medicina
2214 3461 2332 3515 hazc
2358 3468 2461 3514 cst.
2507 3457 2662 3525 Quod
2688 3467 2889 3523 autem,
2912 3458 3114 3528 pietate
3141 3465 3228 3510 tua
3274 3455 3342 3510 ad
3375 3456 3520 3511 hunc

1914 3552 2129 3609 modum
2152 3567 2211 3608 se
2233 3561 2476 3623 gerente,
2500 3566 2689 3608 omnes
2712 3549 2917 3605 domini
2936 3550 3039 3606 mei
3071 3547 3514 3606 reverendissimi

1911 3654 1967 3701 et
1993 3644 2381 3716 religiosissimi
2411 3643 2712 3699 Palaestina:
2751 3642 2989 3713 episcopi
3015 3640 3250 3712 vestigiis
3282 3641 3388 3696 tuis
3415 3640 3523 3695 bte-

1919 3739 2030 3792 suri
2061 3738 2192 3805 sint,
2221 3737 2442 3796 minime
2470 3736 2566 3792 tibi
2593 3734 2812 3792 dubium
2840 3750 2963 3792 esse
2988 3733 3172 3791 credo.
3212 3734 3349 3790 illud
3374 3734 3520 3790 enim

1915 3831 2048 3885 mihi
2075 3829 2568 3900 exploratissimum
2593 3839 2697 3895 est,
2728 3827 2844 3884 fore
2872 3837 2930 3883 ut
2958 3828 3012 3883 in
3037 3825 3311 3898 preclaris
3337 3825 3518 3897 hujus-

1914 3920 2059 3980 modi
2111 3920 2287 3988 factis,
2314 3921 2453 3975 sicut
2494 3935 2692 3990 corpus
2729 3919 2888 3989 capiti
2933 3918 3244 3990 adjunctum
3283 3927 3390 3985 est,
3439 3918 3519 3973 sic

1913 4027 2008 4067 eos
2029 4011 2144 4081 ipse
2171 4025 2294 4067 cum
2337 4010 2576 4065 caritatis
2607 4018 2710 4065 tua:
2731 4011 2998 4065 suavitate
3022 4017 3314 4065 connectas
3337 4023 3402 4063 ac
3426 4023 3519 4064 ve.

1913 4104 1993 4159 lut
2020 4103 2225 4160 catenis
2253 4102 2556 4175 adstringas
2593 4120 2605 4156 :
2639 4102 2783 4174 quod
2812 4103 3030 4174 quidem
3059 4103 3354 4164 maximum
3384 4117 3521 4173 quo-

1913 4213 2018 4269 que
2049 4206 2156 4253 tuae
2180 4197 2392 4252 virtutis
2427 4205 2802 4267 argumentum
2833 4205 2936 4251 est.

1914 4310 2299 4368 LXXXVIII.
2326 4311 2522 4368 Joanni
2559 4312 2795 4385 episcopo
2829 4311 3317 4384 Hierosolymilano.
3348 4311 3520 4383 (Scri—

2340 4412 2431 4474 pta
2486 4403 2682 4460 Cucusi
2719 4419 2862 4468 anno
2917 4406 3083 4475 404.)

1986 4514 2259 4571 Cucusum
2287 4515 2507 4587 relegati
2545 4530 2752 4583 sumus,
2779 4530 2879 4572 nec
2919 4526 3096 4571 tamen
3121 4531 3151 4570 a
3179 4513 3522 4574 vcstracari-

1916 4615 2025 4664 tate
2062 4608 2272 4664 semoti.
2314 4606 2448 4663 Illud
2499 4608 2698 4664 etenim
2728 4608 2780 4663 in
2811 4607 3037 4662 aliorum
3067 4615 3329 4678 potestate
3356 4608 3519 4662 situm

1916 4712 2050 4769 erat,
2077 4703 2178 4758 hoc
2196 4712 2378 4758 autem
2404 4703 2455 4756 in
2484 4711 2689 4758 nostra.
2721 4702 3080 4770 Quamobrem
3125 4700 3213 4757 hic
3239 4702 3521 4773 degenm.

1917 4809 1982 4851 ac
2025 4805 2172 4850 tanto
2197 4794 2479 4850 intervallo
2507 4794 2700 4860 dissiti,
2739 4793 3295 4849 venerationivestrae
3324 4791 3522 4849 scribi-

1917 4903 2074 4954 mus;
2102 4903 2307 4960 vosque
2336 4887 2632 4953 hortamur,
2674 4897 2732 4944 ut
2752 4887 3121 4944 fortitudinem
3163 4901 3308 4953 eam,
3359 4900 3521 4958 quam

1917 4980 1985 5036 ab
2015 4980 2164 5034 initio
2194 4979 2536 5050 praestitistis,
2589 4978 2657 5034 ab
2701 4994 2888 5035 eorum
2921 4977 3175 5036 nimirum
3217 4985 3383 5046 coetu,
3429 4977 3520 5048 qui

1916 5071 2184 5137 Ecclesias
2201 5080 2279 5127 tot
2301 5072 2613 5128 tumultibus
2631 5073 3006 5143 impleverunt,
3035 5086 3130 5127 vos
3152 5081 3519 5135 removentes,

1917 5177 2060 5218 nunc
2113 5177 2324 5234 quoque
2373 5162 2671 5230 retineatis,
2716 5177 3007 5233 paremque
3053 5163 3363 5233 prmludiis,
3411 5161 3523 5217 imo

1917 5259 2078 5314 etiam
2135 5258 2293 5329 longe
2321 5258 2734 5337 splendidiorem
2777 5258 2936 5312 ﬁnem
2987 5257 3292 5328 imponatis.
3334 5255 3523 5326 Neque

1919 5352 2061 5408 enim
2094 5366 2255 5426 parva
2283 5352 2406 5407 hinc
2431 5351 2584 5406 vobis
2611 5363 2819 5405 merces
2841 5349 3130 5405 constituta
3169 5349 3289 5414 erit,
3338 5348 3384 5403 si
3423 5361 3522 5402 eos

1918 5450 2007 5519 qui
2035 5457 2236 5502 tantam
2286 5453 2657 5517 tempestatem
2704 5445 3048 5510 invexerunt,
3101 5443 3520 5511 universumque

1919 5557 2056 5611 pene
2101 5543 2362 5596 terraruin
2393 5539 2575 5596 orbem
2627 5546 2705 5593 tot
2733 5537 2996 5594 scandatis
3041 5536 3415 5605 impleverunt,
3462 5543 3523 5588 ut

1922 5651 2016 5706 par
2043 5644 2146 5699 cst,
2176 5633 2520 5697 averscmini,
2551 5645 2649 5686 nec
2664 5630 2952 5702 quidquam
2972 5643 3092 5684 cum
3115 5629 3216 5684 illis
3232 5634 3518 5683 commme

1924 5728 2186 5785 habeatis.
2221 5727 2336 5783 Hoc
2381 5726 2745 5784 Ecclesiarum
2773 5725 3078 5797 praesidium
3123 5732 3226 5791 est,
3270 5722 3372 5778 hoc
3397 5735 3519 5776 mu-

1922 5837 2035 5893 rus,
2067 5821 2168 5880 hoc
2209 5835 2422 5880 corona
2463 5828 2654 5878 vestra:
2691 5828 2851 5890 atque
2896 5818 3134 5892 pra-mia.
3181 5815 3304 5873 ιιωε
3360 5811 3522 5886 igitur
