4172 6484
678 352 784 410 655

674 480 795 522 eum
825 465 914 522 tibi
935 471 1206 536 perspecta
1234 465 1359 532 sint,
1387 463 1602 520 domine
1629 465 1698 518 mi
1725 466 2167 524 reverendissime
2187 479 2250 524 ac

674 557 1101 628 religiosissime,
1128 557 1194 612 da
1221 571 1437 626 operam
1462 597 1478 622 ,
1529 565 1592 611 ut
1629 555 1899 613 Ecclesias
1946 557 2046 612 hoc
2097 557 2255 612 modo

673 650 1020 708 eommnnias,
1040 647 1416 718 amplissimam
1441 647 1563 704 hinc
1579 649 2213 718 mercedenvexspectans
2236 671 2250 707 :

679 738 970 809 nostrique,
997 739 1086 809 qui
1127 739 1376 808 pietatem
1425 749 1568 794 tuam
1599 740 1754 795 valde
1792 755 2048 807 amamus,
2095 753 2253 810 atque

674 845 740 884 ex
766 837 852 884 tua
877 829 1241 886 benevolentia
1273 831 1586 901 pendemus,
1614 829 1696 886 fac
1724 840 1976 900 perpetuo
1993 831 2251 886 memine-

675 921 770 973 ris.
794 919 924 974 Nam
961 921 1089 990 ipsis
1112 922 1362 990 operibus
1385 921 1662 977 didicimus
1679 962 1694 987 ,
1721 930 1971 991 quantam
1994 936 2118 992 erga
2147 936 2245 976 nos

674 1009 951 1064 caritatem
973 1025 1082 1080 pra:
1105 1020 1156 1065 te
1185 1011 1386 1065 tuleris.

677 1138 985 1197 LXXXIX.
1042 1141 1318 1202 Theodosio
1359 1143 1686 1215 Scythopolis
1722 1145 1974 1216 epist-apo.
2023 1145 2250 1218 (Cucuso

1306 1250 1445 1291 anno
1474 1236 1623 1308 ιοι.)

744 1363 854 1420 Nos
871 1365 1105 1436 quidem,
1147 1369 1191 1422 si
1220 1369 1319 1424 loci
1346 1371 1482 1424 ratio
1509 1369 1788 1440 habeatur,
1824 1374 2004 1442 procul
2043 1390 2073 1430 a
2102 1375 2251 1430 ωὺίς

678 1455 982 1512 distamus:
1023 1459 1068 1514 si
1107 1469 1282 1514 autem
1333 1462 1587 1527 caritatis,
1639 1479 1802 1536 prope
1836 1481 2039 1532 sumus,
2094 1478 2251 1536 atque

674 1547 857 1602 animo
881 1550 995 1618 ipso
1022 1553 1449 1623 oonstringimur.
1474 1553 1603 1608 Nam
1623 1571 1683 1609 ea
1709 1557 1904 1610 amoris
1926 1566 2112 1611 natura
2143 1568 2248 1623 est,

676 1648 733 1691 at
757 1654 856 1694 nec
880 1640 998 1695 loco
1026 1640 1361 1711 prohibeatur
1382 1686 1396 1710 ,
1429 1659 1527 1699 nec
1555 1645 1652 1700 viai
1683 1646 2066 1717 longinquitate
2091 1663 2247 1704 coer-

677 1739 880 1796 cwtur,
908 1747 1091 1786 verum
1116 1747 1210 1802 per
1246 1735 1548 1789 universum
1599 1745 1858 1792 temrum
1887 1739 2071 1793 orbem
2102 1739 2254 1795 facile

677 1821 937 1888 provolet,
967 1831 1126 1892 atque
1159 1837 1280 1880 cum
1319 1823 1384 1880 iis
1401 1825 1491 1895 qui
1516 1837 1776 1890 amantur,
1817 1830 2249 1884 consuetudinem

677 1910 884 1969 habeat.
917 1913 1068 1982 Quod
1090 1917 1250 1972 etiam
1295 1933 1435 1972 nunc
1483 1919 1726 1985 facimus,
1748 1922 1836 1990 qui
1868 1936 1967 1975 vos
1993 1922 2043 1975 in
2073 1925 2251 1978 animo

674 2007 1108 2064 circumferimus.
1143 2010 1219 2064 Ac
1257 2025 1523 2081 rogamus,
1575 2021 1628 2066 ut
1661 2013 2108 2082 quemadmodum
2149 2032 2248 2070 an-

679 2097 831 2153 tehac
852 2101 1044 2169 vosipsi
1068 2101 1219 2157 vobis
1244 2114 1634 2169 ornamentum,
1659 2113 1821 2176 atque
1841 2106 2096 2164 Ecclesiis
2112 2123 2247 2178 pra:-

675 2189 866 2244 sidium
889 2192 1157 2257 attulistis,
1182 2195 1258 2249 sic
1285 2196 1442 2249 etiam
1479 2211 1622 2250 nunc
1667 2196 1869 2252 faciatis
1898 2215 1911 2251 :
1940 2214 2138 2270 eosque
2161 2203 2250 2271 qui

677 2290 751 2334 tot
798 2282 1051 2337 tumultus
1102 2284 1153 2338 in
1187 2293 1447 2340 terrarum
1496 2287 1686 2342 orbem
1733 2289 2044 2358 iniecerunt,
2095 2301 2254 2360 atque

676 2371 942 2428 Ecclesias
968 2375 1360 2442 perturbarunt,
1389 2391 1449 2431 ea
1479 2393 1636 2447 quam
1669 2379 1904 2433 muneris
1931 2382 2094 2436 vestri
2117 2384 2252 2437 ratio

678 2465 911 2531 postulat
955 2465 1114 2520 animi
1165 2467 1522 2538 magnitudine
1565 2473 1899 2526 aversemini.
1955 2473 2066 2528 Hoc
2109 2477 2249 2530 enim

675 2553 1004 2622 depellenda:
1031 2560 1358 2627 tempestatis
1387 2561 1590 2616 initium
1618 2572 1700 2617 est
1723 2605 1737 2628 ,
1764 2562 1866 2620 hoc
1895 2565 2250 2622 Ecclesiarum

675 2647 950 2711 securitas,
999 2647 1098 2701 hoc
1124 2649 1386 2703 malorum
1413 2652 1696 2718 medicina,
1728 2670 1846 2709 cum
1876 2657 2126 2712 nimirum
2157 2673 2256 2712 vos

674 2735 762 2803 qui
791 2737 904 2791 sani
945 2739 1091 2800 estis,
1135 2754 1318 2794 eorum
1346 2742 1433 2810 qui
1483 2743 1781 2811 huiusmodi
1818 2747 2017 2800 scelera
2058 2763 2247 2818 perpe-

677 2836 835 2892 trant,
866 2841 1134 2900 aspectum
1174 2829 1436 2902 defugitis,
1466 2833 1701 2905 nihilque
1725 2851 1846 2891 cum
1875 2838 1955 2893 eis
1981 2852 2245 2896 commer-

677 2920 744 2974 cii
768 2919 988 2976 habetis.
1020 2924 1148 2991 Qua:
1173 2940 1292 2979 cum
1316 2926 1384 2980 ita
1412 2927 1536 2992 sint,
1568 2929 1643 2982 rei
1676 2930 1892 3000 hujusce
1924 2935 2245 3002 mercedem,

677 3021 731 3066 et
756 3027 980 3068 coronas
999 3016 1068 3069 ob
1091 3030 1207 3070 eam
1237 3032 1450 3072 causam
1481 3021 1795 3075 conStitutas
1830 3064 1844 3086 ,
1873 3027 2053 3078 animo
2079 3034 2132 3080 et
2153 3042 2247 3082 co-

677 3105 927 3174 gitatione
963 3108 1340 3176 complectens,
1394 3110 1460 3163 ad
1503 3111 1603 3166 hoc
1646 3113 1814 3180 ipsum
1841 3156 1854 3179 ,
1883 3131 2083 3184 quaeso,
2131 3132 2248 3174 eam

678 3211 834 3263 quam
863 3211 957 3266 par
975 3207 1075 3262 est,
1098 3199 1259 3253 animi
1278 3202 1688 3270 magnitudinem
1718 3217 1928 3272 praesta,
1955 3211 2243 3279 nostrique,

676 3287 764 3354 qui
795 3298 844 3342 te
869 3303 1126 3354 amamus,
1150 3291 1451 3347 meminisse
1477 3309 1543 3347 ne
1571 3295 1904 3350 intermittas.
1929 3298 2079 3365 Quod
2101 3302 2144 3355 si
2168 3302 2245 3355 fe-

676 3379 834 3444 ceris,
865 3393 976 3433 retn
1001 3379 1151 3434 nobis
1180 3381 1528 3450 gratissimam
1551 3383 1754 3439 feceris.

851 3513 960 3570 XC.
991 3514 1162 3586 Moysi
1204 3517 1452 3589 episcopo.
1487 3517 1712 3590 (Scripta
1753 3536 1893 3578 anno
1918 3524 2070 3594 υἱοὶ.)

750 3650 882 3714 Etsi,
911 3660 966 3706 ut
992 3666 1128 3713 eam.
1161 3669 1316 3722 quam
1339 3658 1603 3717 convenit,
1632 3658 1791 3712 animi
1817 3660 2236 3726 magnitudinem

679 3753 918 3810 prasstes,
955 3759 1158 3814 eosque
1188 3747 1274 3814 qui
1320 3756 1395 3800 tot
1443 3749 1593 3802 malis
1625 3749 1886 3803 Ecclesiae
1928 3751 2240 3818 affecerunt,

678 3851 739 3889 ac
772 3847 1024 3892 terrarum
1062 3839 1243 3893 orbein
1276 3842 1583 3897 tumultibus
1613 3844 1998 3912 impleverunt,
2026 3861 2242 3902 averse-

679 3930 769 3991 ris,
805 3940 855 3982 te
884 3931 1053 3984 literis
1074 3931 1264 3984 nostris
1295 3933 1534 4002 indigere
1558 3938 1771 3990 minime
1811 3937 2089 4002 existimo;
2123 3955 2244 3993 nam

679 4022 734 4075 id
781 4023 937 4078 rebus
979 4024 1105 4092 ipsis
1131 4024 1405 4078 declarasti
1439 4044 1449 4077 :
1500 4040 1672 4080 tamen
1705 4031 1952 4098 quoniam
1991 4039 2042 4085 te
2087 4047 2245 4101 quam

679 4113 989 4180 saepissime,
1019 4123 1072 4168 et
1101 4116 1283 4183 quavis
1307 4117 1480 4169 oblata
1502 4119 1804 4181 occasione,
1829 4121 2077 4181 salutare.
2113 4121 2245 4176 anti-

679 4204 935 4268 quissimo
951 4203 1265 4258 mihistndio
1287 4215 1386 4268 est,
1414 4222 1554 4260 nunc
1579 4224 1787 4277 quoque
1812 4210 1947 4262 idem
1973 4226 2001 4263 a
2026 4218 2076 4264 te
2103 4221 2244 4280 peto,

681 4305 733 4346 ut
761 4296 824 4346 ad
873 4309 1055 4348 eorum
1107 4309 1279 4351 cattus
1307 4298 1600 4365 fugiendos,
1630 4315 1766 4361 eam,
1813 4316 1968 4369 quant
2025 4317 2118 4372 par
2143 4315 2244 4366 est,

687 4387 846 4439 animi
895 4387 1248 4442 fortitudinem
1289 4388 1567 4455 adhibeas,
1607 4391 1846 4461 aliosque
1869 4395 2025 4447 etiam
2056 4394 2121 4447 ad
2149 4395 2248 4448 hoc

683 4479 854 4548 ipsum
877 4479 1188 4535 cohorteris.
1220 4480 1400 4551 Neque
1427 4483 1566 4536 enim
1598 4483 1719 4538 hinc
1748 4499 1907 4552 parva
1931 4486 2079 4539 vobis
2102 4502 2245 4541 mer-

680 4585 771 4625 ces
810 4573 1092 4626 constituta
1133 4574 1256 4636 erit,
1284 4576 1326 4627 si
1372 4590 1467 4629 cos
1499 4577 1587 4645 qui
1629 4585 1826 4631 tantam
1881 4587 2246 4647 tempestatem

680 4663 998 4729 excitarunt,
1042 4675 1200 4735 atque
1248 4666 1538 4721 innumeris
1571 4668 1831 4722 scandalis
1862 4679 2026 4724 totum
2066 4672 2250 4728 orbein

681 4757 1052 4826 impleverunt,
1105 4757 1546 4827 quemadmodum
1577 4759 1749 4824 decet,
1791 4763 2069 4816 averseris.
2115 4763 2246 4819 Nam

685 4848 783 4904 hac
810 4849 1014 4905 ratione
1037 4865 1126 4906 res
1152 4853 1230 4906 vel
1251 4855 1478 4908 maxime
1500 4855 1842 4910 sanabuntur.
1871 4855 2045 4910 Nostri
2066 4859 2244 4920 etiam,

682 4940 768 5006 qui
818 4949 868 4997 te
915 4942 1242 4995 carissimum
1293 4943 1593 5008 habemus,
1636 4954 1896 5013 perpetuo
1947 4948 2249 5004 memineris

687 5030 860 5083 velim.
887 5031 1002 5086 Scis
1037 5033 1177 5087 enim
1204 5049 1309 5102 quo
1337 5035 1514 5089 aidmo
1552 5049 1676 5106 erga
1715 5043 1765 5090 te
1807 5035 2060 5094 hactenus
2084 5037 2246 5093 fueri-

683 5136 822 5186 mus,
851 5130 906 5177 et
933 5137 1142 5194 semper
1167 5124 1352 5180 simus.

765 5253 910 5309 XCI.
942 5253 1171 5309 Romano
1190 5255 1470 5328 presbytero
1494 5259 1532 5312 ¹.
1563 5258 1803 5328 (Cucuso
1832 5273 1972 5314 anno
2000 5261 2163 5331 ιοι.)

757 5387 810 5440 ld
840 5403 1049 5458 quoque
1081 5399 1223 5442 tuum
1255 5400 1356 5454 est,
1389 5393 1664 5463 magnique
1707 5395 1778 5449 tui
1820 5405 1874 5451 et
1911 5397 2148 5451 sublimis
2191 5412 2253 5452 ac

687 5478 1032 5549 liltilusopltici
1060 5476 1242 5547 animi,
1290 5501 1355 5539 ne
1403 5486 1452 5539 in
1491 5496 1636 5542 tanta
1680 5488 1892 5557 quidem
1940 5498 2254 5558 tempestate

689 5577 883 5623 nostrae
930 5573 1164 5628 caritatis
1187 5575 1444 5642 oblivisci,
1484 5593 1666 5632 verum
1713 5578 1924 5634 firmum
1955 5589 2114 5650 atque
2153 5583 2252 5634 im-

689 5668 890 5719 motum
916 5679 1221 5730 permanere
1250 5683 1590 5739 amoremque
1615 5685 1736 5741 erga
1764 5686 1861 5727 nos
1893 5681 2040 5727 tuum
2069 5673 2254 5739 vigen-

756 5771 774 5804 ²
808 5777 1053 5828 Vaticanus
1074 5779 1236 5843 habet,
1269 5790 1470 5833 Romano
1500 5782 1771 5849 presbytero
1793 5782 2038 5836 "Who-

1416 353 1471 409 S.
1513 351 1787 410 JOANNIS
1823 349 2298 410 CIIRYSOSTOMI
2337 348 2648 407 AllCHlEP.
2688 349 3218 410 CONSTANTINUP.

3843 335 3947 390 636

2363 475 2470 522 tem
2517 466 2766 522 retinere.
2802 465 2932 522 Nam
2965 469 3065 522 hoc
3101 482 3166 521 ex
3198 465 3262 520 iis
3287 475 3514 534 quoque,
3540 458 3818 533 qul‘istine
3843 473 3938 515 ve-

2359 560 2534 627 niunt,
2579 568 2763 629 aperte
2788 559 3162 629 cognovimus,
3190 572 3254 612 ac
3289 557 3436 627 prius
3461 556 3644 619 etiam,
3686 567 3852 625 quam
3883 551 3935 606 id

2357 651 2425 704 ab
2441 650 2559 705 alits
2579 651 2896 719 acciperem,
2917 649 3249 718 exploratum
3272 646 3552 702 habebam.
3574 643 3768 699 Notam
3795 644 3943 697 enim

2361 740 2530 796 habeo
2555 741 2716 794 animi
2746 741 2818 794 tui
2840 740 3145 797 ﬁrmitatem
3165 749 3324 807 atque
3346 735 3722 799 constantiam,
3749 733 3941 787 ﬁxam-

2357 846 2461 901 que
2499 841 2557 886 et
2607 831 2878 886 immotam
2906 841 3046 884 tuam
3075 831 3412 890 sententiam.
3439 828 3624 898 quue
3648 825 3816 881 etiam
3843 839 3943 879 no.

2358 922 2500 975 mine
2539 921 2778 992 ingentes
2804 921 2985 990 pietati
3019 930 3121 974 tuae
3149 919 3348 989 gratias
3377 917 3551 973 habeo
3581 933 3596 970 :
3629 926 3788 984 teque
3820 928 3938 976 oro,

2356 1029 2417 1068 ac
2436 1017 2624 1069 summi
2653 1014 2892 1069 beneficii
2918 1014 3036 1069 loco
3064 1012 3117 1066 id
3138 1014 3233 1066 abs
3264 1022 3314 1066 te
3336 1021 3480 1080 peto,
3500 1017 3559 1067 ut
3583 1022 3704 1064 cum
3727 1007 3940 1064 licuerit

2355 1104 2420 1158 ad
2447 1121 2546 1160 nos
2589 1104 2812 1160 scribas.
2845 1104 2964 1160 Scis
2990 1103 3135 1160 enim
3181 1114 3400 1171 quanta,
3447 1101 3608 1156 etiam
3664 1099 3720 1153 in
3760 1097 3939 1152 aliena

2357 1196 2574 1265 regione
2594 1195 2869 1266 degentes,
2900 1193 3265 1251 consolatione
3301 1191 3618 1254 aftieiamur,
3647 1203 3773 1244 cum
3814 1187 3939 1244 lite-

2359 1299 2446 1340 ras
2471 1301 2588 1354 qua:
2611 1299 2710 1339 nos
2736 1285 2804 1341 de
2831 1297 2918 1340 tua
2949 1283 3247 1338 valetudine
3285 1281 3543 1336 certiores
3574 1279 3773 1334 faciant
3799 1277 3941 1332 acci-

2358 1378 2547 1444 pimus.
2573 1374 2648 1432 'l'e
2684 1375 2879 1446 quippe
2912 1377 3114 1446 integra
3140 1385 3299 1444 atque
3347 1372 3599 1429 incolumi
3630 1368 3939 1426 valetudine

2356 1483 2473 1523 esse
2521 1467 2864 1524 vehementer
2913 1469 3194 1538 cupimus,
3247 1463 3674 1536 quandoquidem
3740 1459 3944 1517 sanitas

2355 1572 2564 1628 quoque
2597 1571 2681 1612 tua
2728 1559 2906 1635 multis
2934 1557 3230 1613 subsidium
3279 1565 3334 1611 et
3370 1564 3553 1625 portus
3575 1568 3640 1608 ac
3686 1552 3940 1610 bacillum

2356 1660 2456 1715 est,
2485 1661 2641 1721 atque
2673 1650 3069 1707 innumerorum
3097 1662 3438 1704 successuum
3478 1646 3721 1702 materia.

2427 1781 2604 1839 XCII.
2634 1783 2803 1855 Moysi
2830 1783 3160 1854 presbytero‘.
3181 1781 3283 1853 (Ah
3311 1795 3453 1836 anno
3477 1779 3582 1836 6οι
3607 1778 3676 1835 ad
3700 1778 3866 1848 407.)

2427 1918 2663 1976 Laudum
2693 1934 2900 1986 earum,
2929 1934 3060 1990 quas
3088 1917 3242 1974 nobis
3269 1917 3438 1975 literis
3465 1916 3570 1971 tuis
3595 1915 3810 1978 tribuis,
3827 1929 3944 1968 ma-

2355 2011 2572 2081 gnitudo
2615 2012 2920 2066 tenuitatem
2976 2021 3213 2066 nostram
3267 2010 3423 2080 longe
3463 2018 3700 2079 superat.
3743 2007 3945 2075 Quam-

2355 2101 2539 2156 obrem
2565 2100 2644 2157 his
2662 2101 2892 2166 omissis,
2924 2102 3080 2156 velim
3123 2110 3231 2156 tum
3271 2115 3369 2170 pro
3413 2100 3635 2168 publicis
3671 2098 3944 2154 Ecclesia-

2357 2209 2472 2250 rum
2513 2195 2834 2257 commodis,
2867 2204 2977 2249 tum
3021 2211 3119 2265 pro
3149 2209 3234 2249 me
3260 2194 3345 2248 vili
3395 2192 3717 2248 homunculo
3755 2205 3944 2261 preces

2355 2285 2421 2338 ad
2453 2284 2618 2339 Deum
2648 2285 2902 2343 adhibere
2932 2300 3001 2340 ne
3027 2285 3260 2350 desinas,
3289 2285 3509 2354 ejusque
3556 2283 3947 2354 benignitatem

2356 2377 2641 2447 implorare
2677 2390 2835 2447 atque
2884 2378 3162 2441 obtestari,
3196 2385 3252 2430 ut
3293 2392 3354 2430 ea
3386 2376 3522 2430 mala
3546 2417 3562 2441 ,
3606 2391 3728 2444 qua
3752 2374 3942 2429 orbem

2356 2477 2619 2524 terrarum
2649 2468 2980 2536 invaserunt,
3009 2469 3257 2538 depellat.
3285 2467 3416 2521 Nam
3455 2468 3742 2537 praesentia
3772 2479 3942 2536 nego-

2357 2561 2427 2617 tia
2460 2575 2642 2630 preces
2680 2559 2956 2616 dumtaxat
3001 2561 3296 2630 requirunt,
3343 2575 3405 2618 ac
3445 2569 3560 2616 tuas
3616 2560 3940 2628 prtesertim,

2355 2654 2443 2722 qui
2494 2667 2736 2721 magnam
2779 2652 2920 2722 apud
2968 2652 3134 2708 Deum
3162 2651 3410 2706 ﬁduciam
3451 2665 3511 2706 es
3551 2661 3938 2720 consequutus.

2355 2742 2710 2813 Quamobrem
2737 2742 2931 2798 obnixe
2956 2741 3094 2797 istud
3121 2755 3183 2796 ac
3214 2741 3419 2811 prolixe
3463 2739 3641 2795 facere
3671 2755 3740 2796 ne
3769 2740 3936 2794 inter-

2353 2835 2534 2890 mittas
2584 2853 2596 2886 :
2650 2835 2908 2904 nobisque
2959 2835 3140 2900 etiam,
3189 2834 3396 2904 quoties
3455 2832 3676 2888 facultas
3724 2833 3942 2888 dabitur

2356 2925 2572 2995 (neque
2611 2925 2751 2979 enim
2799 2940 2987 2994 magna
3029 2925 3236 2979 itineris
3273 2923 3546 2994 longitudo
3582 2935 3666 2979 εει
3691 2923 3734 2995 ),
3776 2938 3936 2994 quam

2353 3019 2646 3090 saepissime
2672 3018 2906 3073 scribere
2931 3033 2997 3076 ne
3021 3018 3278 3088 graveris.
3315 3017 3586 3087 Siquidem
3612 3017 3680 3071 de
3712 3026 3800 3070 tua
3842 3031 3935 3069 va-

2357 3111 2593 3167 letudine
2621 3126 2942 3180 magnopere
2964 3109 3179 3180 aliquid.
3203 3111 3341 3164 scire
3370 3110 3617 3178 cupimus
3641 3127 3657 3162 :
3686 3109 3936 3177 quando-

2353 3205 2566 3274 quidem
2596 3203 2842 3259 valetudo
2861 3214 2946 3256 tua
2969 3203 3166 3256 multos
3193 3201 3342 3257 fulcit
3369 3213 3422 3256 et
3447 3201 3774 3256 consolatur.
3800 3200 3933 3255 Nam

2356 3298 2462 3351 vita
2486 3307 2572 3352 tua
2597 3311 2812 3366 semper
2833 3297 3132 3351 necessaria
3160 3304 3263 3359 est,
3289 3310 3429 3352 nunc
3456 3307 3584 3348 vero
3613 3293 3849 3346 maxime
3878 3293 3935 3347 in

2353 3397 2495 3443 tanta
2541 3398 2854 3457 tempestate
2893 3398 2945 3441 et
2987 3387 3231 3456 caligine,
3279 3397 3335 3440 ut
3373 3386 3488 3452 puri
3526 3384 3718 3440 sideris
3765 3383 3938 3438 instar

2354 3480 2639 3550 splendens
2665 3479 2748 3543 iis,
2785 3479 2873 3549 qui
2901 3485 3215 3547 tempestate
3261 3491 3323 3530 ac
3369 3476 3614 3530 fluctibus
3643 3475 3933 3542 iactantur,

2353 3572 2663 3642 praluceas.
2691 3569 3070 3641 Quamobrem,
3102 3577 3160 3622 ut
3205 3582 3302 3622 nos
3345 3581 3557 3636 quoque
3602 3566 3726 3619 laeto
3773 3573 3937 3632 atque

2351 3667 2512 3722 alacri
2535 3666 2716 3721 animo
2741 3665 2928 3726 simus.
2957 3662 3172 3719 crebras
3197 3662 3264 3716 ad
3304 3676 3400 3716 nos
3425 3662 3492 3715 de
3517 3671 3602 3714 tua
3631 3658 3937 3713 valetudine

2351 3759 2532 3812 literas
2565 3759 2715 3812 mitte
2746 3775 2756 3809 :
2785 3772 2882 3810 nec
2909 3756 3052 3810 enim
3100 3769 3314 3824 parvam
3347 3753 3470 3806 hinc
3507 3744 3934 3824 consolationem

2350 3854 2642 3922 capiemus,
2661 3851 2704 3906 si
2729 3851 2777 3905 id
2807 3850 2874 3904 de
2898 3849 3046 3904 vobis
3067 3863 3225 3919 quam
3245 3847 3540 3916 saepissime
3563 3845 3854 3900 discamus.

2355 3981 2566 4037 XCIII.
2596 3984 2907 4052 Aphthonio,
2941 3982 3218 4043 Theodoto,
3260 3980 3500 4044 Clitzrca,
3540 3979 3843 4050 presbyteris
3887 3988 3936 4032 et

2425 4075 2698 4138 monachis,
2730 4076 3055 4142 universaque
3075 4081 3231 4126 vestro
3244 4069 3499 4126 sodalitio.
3523 4069 3767 4141 (Cucuso
3792 4083 3940 4126 anno

2431 4166 2574 4233 £05.)

2427 4303 2578 4371 Apud
2608 4319 2720 4367 eos,
2744 4305 2829 4370 qui
2859 4311 3057 4366 amant,
3083 4315 3341 4370 corporea
3379 4313 3561 4355 eorum
3595 4313 3732 4368 quos
3755 4308 3938 4354 amant

2356 4397 2634 4465 praesentia
2663 4397 2779 4464 plus
2801 4395 2864 4448 ad
2890 4394 3168 4450 levandum
3195 4393 3435 4447 dolorem
3460 4391 3712 4446 momenti
3752 4388 3935 4445 habet.

2356 4489 2486 4543 Nam
2513 4497 2566 4542 et
2595 4488 2778 4542 beatus
2805 4486 3018 4551 Paulus,
3042 4486 3131 4556 qui
3153 4482 3397 4548 subinde,
3426 4482 3507 4537 vel
3539 4492 3798 4552 perpetuo
3833 4497 3941 4549 po-

2358 4583 2480 4646 tius,
2505 4581 2809 4635 universutn
2837 4578 3070 4633 ﬁdelium
3099 4577 3280 4631 orbem
3304 4590 3482 4629 anuno
3499 4573 3934 4634 circumferebat,

2356 4689 2416 4728 ac
2444 4689 2510 4728 ne
2537 4675 2672 4728 inter
2699 4672 2907 4726 vincula
2931 4669 3144 4740 quidem
3179 4677 3231 4722 et
3269 4665 3556 4736 compedes
3594 4676 3646 4719 et
3672 4665 3725 4719 in
3751 4663 3942 4719 defen-

2355 4765 2546 4818 sinne'
2573 4776 2667 4819 eos
2715 4762 2986 4830 deponere
3030 4757 3366 4820 sustinebat,
3421 4755 3473 4810 id
3509 4753 3650 4826 quod
3697 4753 3940 4809 indicans

2355 4855 2600 4912 dicebat.-
2634 4853 2710 4908 Εο
2739 4852 2874 4921 quod
2902 4851 3112 4905 habeam
3154 4866 3238 4903 vos
3262 4849 3314 4902 in
3352 4847 3533 4912 corde,
3565 4855 3611 4900 et
3645 4846 3697 4899 in
3725 4845 3942 4900 vinculis

2355 4948 2496 5010 meis,
2539 4957 2587 5000 et
2642 4947 2695 5000 in
2735 4945 3023 5015 defensione
3076 4952 3122 4996 et
3162 4926 3217 4997 in
3266 4940 3646 5008 conﬁrmatione
3695 4939 3940 5009 euangelii

2359 5037 2595 5109 (Philip.
2626 5039 2678 5092 l.
2716 5037 2744 5089 7
2776 5037 2794 5104 )
2829 5034 3104 5104 :corporis
3141 5047 3353 5102 quoque
3394 5032 3733 5101 prtesentiam
3782 5031 3939 5098 cupi-

2357 5128 2572 5185 dissime
2603 5126 2922 5197 requirebat,
2952 5125 3036 5180 his
3055 5123 3232 5178 verbis
3254 5133 3409 5177 utens
3441 5143 3452 5176 :
3480 5120 3529 5175 Ν
3537 5138 3592 5174 os
3615 5136 3731 5175 vero
3756 5121 3938 5174 absen-

2359 5235 2429 5277 tes
2458 5223 2580 5294 farti
2620 5237 2652 5273 α
2690 5219 2822 5273 nobis
2851 5219 2918 5272 ad
2945 5221 3083 5272 horae
3108 5226 3322 5284 tempus,
3353 5226 3578 5284 aspectu,
3607 5230 3710 5268 non
3747 5213 3903 5268 corde
3924 5257 3938 5276 .

2359 5314 2697 5368 abundantius
2725 5312 3004 5367 studuimus
3031 5310 3211 5378 faciem
3235 5321 3450 5363 vestram
3480 5306 3642 5362 sidere
3659 5306 3735 5376 (ί.
3755 5304 3937 5361 Thess.

2356 5409 2410 5462 Ξ.
2444 5409 2552 5475 l7).
2584 5406 2732 5473 Quod
2785 5407 2944 5460 etiam
2984 5404 3137 5459 nobis
3185 5418 3324 5458 nunc
3354 5419 3452 5457 usu
3501 5402 3664 5467 venit,
3705 5402 3794 5472 qui
3826 5410 3940 5455 tum

2358 5514 2544 5556 eorum
2593 5498 2683 5569 qui
2722 5498 2830 5566 iam
2881 5513 2978 5552 nos
3017 5496 3282 5562 viderunt,
3327 5505 3440 5550 tum
3494 5509 3698 5556 eorum.
3745 5494 3945 5563 quibus

2362 5594 2594 5649 nondum
2626 5592 2691 5647 de
2718 5592 2848 5647 facie
2880 5592 2987 5645 noti
3032 5603 3215 5644 sumus
3236 5627 3251 5653 ,
3282 5586 3622 5659 prmeentiam
3660 5585 3820 5642 avide
3846 5599 3941 5641 re-

2426 5730 2451 5795 l_
2479 5726 2620 5777 Addit
2642 5727 2832 5795 Regius,

2431 5789 2452 5821 ί
2483 5797 2609 5847 meo,
2635 5795 2680 5838 ct
2701 5783 2749 5838 in
2774 5788 3062 5847 dcfcnsionc,
3087 5785 3259 5837 absunt
3282 5799 3310 5834 a
3333 5783 3448 5848 κει.
3475 5790 3526 5832 et
3547 5793 3575 5832 a
3596 5783 3746 5833 Vatia.
