4216 6492
644 533 745 609 τὴν
778 532 1095 605 παρουσίαν.
1115 528 1250 582 Ἀλλ’
1283 525 1469 595 ἐπειδὴ
1500 523 1657 578 τοῦτο
1689 522 1826 586 τέως
1849 523 1948 575 οὐκ
1975 521 2052 574 ινι
2084 521 2213 589 (κω⁴

647 624 764 681 λύει
794 625 902 695 γάρ
935 625 1028 676 καὶ
1069 623 1166 692 τῆς
1196 619 1316 672 ὀδοῦ
1363 619 1421 672 τὺ
1459 620 1653 688 μῆκος,
1702 616 1794 670 καὶ
1846 618 1884 686 η
1925 614 2020 668 τοῦ
2065 613 2216 675 ετους

645 713 786 786 ὥρα,
813 714 906 768 καὶ
933 715 963 765 ὁ
994 711 1100 764 τῶν
1123 711 1331 783 λῃστῶν
1361 709 1543 779 φόϐος,
1575 709 1666 761 καὶ
1689 708 1749 760 τὸ
1781 707 1855 778 μη
1881 707 2061 778 ῥᾴδιον
2083 707 2214 774 ἡμῖν

645 803 787 860 εἶναι
809 806 903 858 καὶ
933 803 1138 857 τούτων
1165 803 1329 873 χωρὶς
1354 801 1618 854 κινεῖσθαι
1635 799 1862 864 οῖδοοθεν,
1887 801 1979 852 καὶ
2000 799 2215 869 μακρὰς

646 897 954 967 ἀποδημίας
1007 895 1366 965 ἀποδημεῖν),
1402 893 1496 948 ἐπὶ
1541 893 1632 946 τὸν
1687 891 1937 962 δεύτερον
1983 890 2216 962 ἦλθομεν

647 986 835 1052 πλοῦν,
871 988 971 1058 τήν
1020 1003 1080 1039 τε
1126 984 1480 1055 ὀφειλομένην
1508 982 1844 1043 ἀποδιδόντες
1882 982 2009 1051 ὑμῖν
2047 982 2216 1051 πρόσ-

648 1096 827 1152 ρησιν,
864 1079 960 1132 καὶ
985 1080 1092 1150 πρὸ
1120 1078 1323 1148 ταύτης
1352 1074 1812 1147 παρακαλοῦντες,
1849 1076 1940 1126 καὶ
1969 1075 2026 1126 ἐν
2061 1074 2214 1143 μέρει

650 1173 912 1244 μεγίστης
956 1170 1229 1233 αἰτοῦντες
1269 1170 1509 1242 χάριτος,
1541 1167 1602 1220 τό
1645 1167 1906 1238 διηνεκῶς
1939 1166 2099 1236 ημῶν
2135 1167 2217 1218 εὐ-

647 1264 907 1335 χομένους
934 1262 1258 1333 μεμνῆσθαι,
1296 1263 1386 1313 καὶ
1412 1259 1490 1330 τῷ
1518 1259 1880 1331 φιλανθρώπῳ
1903 1259 2020 1327 Θεῷ
2045 1274 2212 1328 προσ-

645 1356 866 1414 πίπτειν
896 1357 1034 1427 μετά
1056 1354 1253 1424 πολλῆς
1280 1353 1379 1423 τῆς
1400 1353 1698 1420 εὐγενείας,
1717 1351 1928 1406 καὶτῶν
1943 1350 2211 1420 δακρύων,

647 1448 787 1520 ὑπὲρ
835 1448 932 1518 τῆς
967 1447 1342 1509 ταπεινώσεως
1386 1446 1484 1516 τῆς
1527 1444 1824 1515 ἡμετέρας.
1856 1444 1919 1495 Οἱ
1972 1443 2078 1512 γὰρ
2125 1441 2216 1493 τὸν

645 1539 870 1612 εὔριπον
891 1541 997 1593 τῶν
1028 1538 1294 1609 βιωτικῶν
1328 1537 1680 1606 διαφυγόντες
1721 1536 2080 1606 πραγμάτων,
2124 1537 2214 1584 καὶ

645 1633 739 1688 τοῦ
769 1632 976 1688 καπνοῦ
1007 1633 1223 1700 καὶτῆς
1257 1632 1421 1700 ζάλης
1468 1630 1575 1682 τῶν
1624 1631 1683 1680 ἐν
1728 1627 1806 1697 τῷ
1857 1627 2007 1697 μέσῳ
2031 1626 2214 1678 κακῶν

644 1725 1071 1794 ἀπαλλαγέντες,
1103 1725 1218 1787 καὶ,
1252 1722 1503 1793 καθάπερ
1539 1724 1618 1786 είς
1654 1721 1846 1792 λιμένα
1885 1721 2004 1772 τινὰ
2044 1718 2215 1771 εὐδιον

645 1816 740 1870 καὶ
775 1816 1105 1886 ἀκύμαντον,
1137 1815 1236 1883 τῆς
1261 1814 1432 1885 καλῆς
1463 1814 1668 1883 ταύτης
1697 1811 2010 1881 φιλοσοφίας
2047 1812 2214 1880 ὅρμον

648 1909 742 1972 τὰς
776 1908 984 1962 ἑαυτῶν
1014 1908 1373 1979 ὁδηγήσαντες
1405 1906 1606 1975 ψυχάς,
1634 1905 1727 1960 καὶ
1760 1902 1858 1967 τάς
1877 1903 2076 1965 νύκτας
2097 1904 2215 1963 ταῖς

646 2003 819 2073 ίεραῖς
853 1999 1175 2070 παννυχίσιν
1201 1999 1414 2069 ἡμέρας
1443 1997 1821 2068 ἐργαζόμενοι,
1858 1996 1953 2048 καὶ
1976 1995 2217 2063 φανερώ-

641 2109 796 2166 τερον
822 2092 878 2145 ἐν
905 2091 1131 2156 ταύταις
1155 2091 1409 2162 δρῶντες,
1445 2091 1478 2161 ἢ
1508 2092 1565 2143 ἐν
1592 2092 1709 2152 ταῖς
1744 2088 1977 2159 ἡμέραις
2019 2088 2218 2157 ἕτεροι,

643 2188 839 2244 δίκαιοι
867 2183 933 2238 ἂν
967 2184 1113 2254 εῐητε
1145 2186 1276 2255 ἡμῖν
1305 2184 1414 2238 ἀπὸ
1432 2183 1539 2240 τῶν
1568 2181 1740 2251 εὐχῶν
1767 2181 1918 2251 ὑμῶν
1956 2178 2211 2248 μεταδοῦ-

643 2293 730 2333 ναι
765 2275 1100 2346 συμμαχίας.
1134 2274 1368 2328 Δυνατδν
1413 2273 1523 2344 γὰρ
1571 2272 1664 2326 κα).
1695 2272 1758 2323 ἐκ
1785 2269 2041 2322 τοσούτου
2085 2269 2214 2323 καθ-

639 2365 874 2436 ημένους
919 2365 1303 2436 διαστήματος,
1336 2363 1631 2416 ἀπολαύειν
1679 2363 1824 2432 ἡμᾶς
1862 2361 2086 2424 τούτων,
2122 2362 2214 2412 καὶ

639 2459 803 2522 τόπος
833 2458 1006 2522 οὐδείς
1049 2461 1218 2522 ἐστιν,
1252 2457 1373 2510 οὐδὲ
1403 2456 1615 2527 χρόνος,
1635 2455 1663 2507 ό
1691 2455 1789 2525 την
1820 2455 2074 2522 τοιαύτην
2121 2453 2215 2506 δυ-

641 2549 875 2620 νάμενος
931 2549 1186 2619 διακόψαι
1247 2548 1518 2618 βοήθειαν.
1571 2547 1974 2617 Συμμαχήσατε
2043 2545 2218 2598 τοίνυν

642 2643 797 2712 ἡμῖν,
830 2642 922 2694 καὶ
964 2643 1123 2711 χεῖρα
1165 2641 1386 2710 ὀρέξατε
1417 2640 1502 2694 διὰ
1527 2638 1634 2692 τῶν
1667 2637 1839 2708 εὐχῶν
1865 2637 1976 2690 τῶν
2021 2637 2212 2706 ύμετέ-

643 2751 771 2806 ρων.
797 2732 965 2786 Τοῦτο
991 2732 1101 2803 γὰρ
1131 2732 1362 2802 μάλιστα
1388 2732 1644 2802 μέγιστον
1662 2731 1882 2800 ἀγάπης
1911 2725 2047 2792 εἶδός
2078 2731 2211 2782 ἐστι.

641 2825 752 2881 Καὶ
783 2824 921 2896 μετά
965 2824 1074 2878 τῶν
1120 2823 1294 2894 εὐχῶν
1340 2823 1447 2876 τῶν
1476 2822 1776 2895 ὑμετέρων,
1810 2823 1903 2875 καὶ
1947 2823 2074 2892 περὶ
2119 2825 2217 2891 τῆς

641 2916 830 2986 ὑγείας
857 2919 953 2987 τῆς
986 2917 1255 2989 ὑμετέρας
1279 2914 1472 2985 δηλοῦν
1504 2901 1633 2986 ἡμῖν
1668 2914 1746 2986 μὴ
1776 2918 2108 2976 κατοκνεῖτε,
2133 2916 2219 2968 ἵνα

643 3008 740 3061 καὶ
771 3007 924 3081 [665]
952 3007 1198 3062 ἐντεῦθεν
1228 3008 1490 3077 μεγίστην
1515 3005 1799 3076 δεχώμεθα
1830 3007 1930 3077 τὴν
1965 3023 2220 3076 παραμυο

642 3101 786 3169 θίαν,
821 3101 1191 3172 ἐντρυφῶντες
1221 3100 1374 3169 ὑμῶν
1399 3103 1464 3169 τῇ
1498 3100 1705 3169 ἀγάπῃ,
1733 3099 1825 3151 καὶ
1847 3099 1921 3162 ώς
1947 3101 2219 3170 παρόντας

641 3192 769 3254 τοὺς
796 3191 1033 3256 ἀπόντας
1066 3191 1491 3262 φανταζόμενοι·
1517 3190 1736 3244 δύναται
1757 3190 1866 3259 γὰρ
1897 3191 2220 3254 καὶείκόνας

641 3283 895 3348 ⁴τοιαύτας
915 3283 1224 3356 ὑπογράψαι
1250 3283 1310 3336 τὸ
1338 3283 1574 3352 γνησίως
1605 3282 1795 3350 φιλεῖν.
1827 3281 1946 3336 Κάν
1978 3285 2035 3336 ἐν
2064 3283 2219 3353 χαλε-

645 3376 868 3447 πωτέρα
913 3375 1118 3445 ταύτης
1149 3376 1399 3446 τύχωμεν
1436 3375 1588 3438 ὅντες
1625 3374 1852 3446 ἐρημία,
1886 3375 2084 3446 πολλὴν
2135 3378 2220 3429 ἐν-

645 3466 835 3523 τεῦθεν
867 3466 1274 3539 καρπωσόμεθα
1299 3466 1399 3535 τὴν
1431 3467 1776 3537 παράκλησιν

1058 3603 1169 3671 ί,Δ’.
1211 3604 1506 3672 Πενταδίᾳ
1533 3603 1812 3668 διακόνῳ.

727 3715 869 3787 Ἐγώ
903 3735 996 3772 σου
1029 3717 1127 3790 τὴν
1169 3717 1407 3788 ἀγάπην,
1451 3720 1515 3789 ἢν
1545 3719 1672 3790 περὶ
1701 3720 1847 3789 ἡμᾶς
1880 3717 2045 3788 ἔχεις,
2076 3718 2223 3788 ⁴ᾔδειν

651 3811 750 3882 μὲν
769 3813 862 3865 καὶ
884 3810 1212 3884 ἔμπροσθεν,
1231 3811 1490 3865 διἀὐτῶν
1517 3811 1700 3882 μαθὼν
1722 3811 1830 3864 τῶν
1845 3812 2190 3881 πραγμάτων
2206 3828 2220 3843 ο

648 3900 850 3972 ιμαθον
887 3900 946 3954 δέ
986 3901 1316 3972 σαφέστερον
1360 3899 1455 3953 νῦν
1499 3900 1560 3966 ἐξ
1596 3895 1671 3952 ὧν
1714 3899 2048 3964 ἐπέσταλκας
2070 3903 2221 3970 ἡμῖν.

648 3994 760 4048 Καὶ
805 3993 893 4047 διὰ
937 3993 1095 4046 τοῦτο
1132 3993 1366 4063 μάλιστά
1399 4009 1457 4045 σε
1493 3991 1879 4061 θαυμάζομεν,
1920 3992 1982 4044 οὐ
2030 3991 2118 4044 διὰ
2163 3993 2226 4044 τδ

649 4085 856 4157 γράψαι
886 4085 1066 4156 μόνον,
1085 4084 1218 4138 άλλά
1244 4085 1336 4138 καὶ⁵
1357 4085 1446 4138 διά
1469 4083 1528 4136 τὸ
1545 4083 1874 4152 ἀπαγγεῖλαι
1896 4084 2025 4154 ἡμῖν
2048 4085 2227 4138 πάντα

647 4180 716 4236 τά
747 4179 1109 4249 γεγενημένα.
1145 4177 1314 4230 Τοῦτο
1342 4179 1451 4249 γάρ
1492 4177 1587 4230 καὶ
1633 4175 1938 4247 θαρρούσης
1973 4177 2102 4247 ἡμῖν
2135 4177 2228 4230 καὶ

651 4270 1001 4344 μεριμνώσης
1029 4271 1099 4324 τὰ
1125 4271 1388 4342 ἡμέτερα.
1422 4270 1524 4324 Διά
1552 4269 1723 4323 ταῦτα
1754 4269 2083 4340 σκιρτῶμεν,
2111 4269 2227 4339 χαί-

653 4377 840 4434 ρομεν,
866 4360 1290 4432 εὐφραινόμεθα,
1331 4361 1592 4431 μεγίστην
1631 4360 1995 4432 παράκλησιν,
2024 4360 2117 4413 καὶ
2168 4362 2227 4414 ἐν

653 4451 856 4522 ἐρημίᾳ
887 4451 1124 4522 τοσαύτη
1159 4451 1476 4521 καθήμενοι.
1512 4451 1611 4521 τὴν
1637 4452 1885 4522 ἀνδρείαν
1912 4451 2106 4523 ἔχομεν
2130 4452 2228 4523 τὴν

656 4542 773 4614 τὴν,
811 4542 908 4614 τὴν
944 4543 1192 4596 ἔνστασιν
1213 4555 1260 4608 ⁸,
1295 4542 1392 4612 τὴν
1425 4543 1820 4614 ἀπερίτρεπτον
1847 4543 2090 4613 γνώμην,
2131 4544 2227 4614 τὴν

654 4635 868 4689 σόνεσιν
904 4634 1002 4704 τὴν
1035 4635 1255 4706 πολλὴν,
1286 4636 1386 4703 τὴν
1425 4633 1931 4704 ἐλευθεροστομίαν,
1959 4634 2059 4705 τὴν
2089 4637 2230 4706 παῤ-

657 4727 852 4798 ρησίαν
881 4726 978 4796 τὴν
1007 4725 1239 4795 ὑψηλὴν,
1271 4725 1339 4779 δι’
1359 4723 1426 4797 ἦς
1453 4727 1797 4796 κατῄσχυνας
1850 4726 1950 4794 μὲν
1981 4727 2106 4789 τοὺς
2129 4727 2231 4780 ὐπ-

654 4820 952 4881 εναντίους,
999 4819 1218 4889 καιρίαν
1248 4819 1561 4881 δὲδέδωκας
1601 4819 1680 4887 τῷ
1721 4818 1952 4890 διαϐόλῳ
1993 4820 2228 4891 πληγὴν,

655 4911 883 4985 ῇλειψας
915 4911 971 4964 δέ
1012 4913 1139 4975 τοὺς
1181 4912 1319 4981 ὑπὲρ
1346 4910 1444 4980 τῆς
1487 4909 1746 4980 ἀληθείας
1773 4910 2229 4980 ἀγωνιζομένους,

657 5001 903 5074 καθάπερ
930 5003 1188 5074 ἀριστεὺς
1207 5003 1451 5070 γενναῖος
1476 5002 1532 5053 ἐν
1566 5000 1788 5070 πολέμῳ
1815 5001 2074 5071 τρόπαιον
2107 5006 2234 5072 στηο

659 5111 799 5148 σασα
841 5092 1113 5164 λαμπρὸν,
1165 5094 1257 5148 καὶ
1306 5092 1462 5161 νίκην
1512 5093 1759 5162 ἀραμένη
1821 5092 2091 5163 φαιδρὰν,
2137 5095 2232 5147 καὶ

663 5187 806 5256 ἡμᾶς
853 5185 910 5237 δὲ
957 5184 1227 5254 τοσαύτης
1261 5183 1561 5253 ἐνέπλησας
1593 5183 1820 5252 ἡδονῆς,
1866 5185 1940 5247 ὡς
1991 5186 2232 5254 νομίζειν

665 5279 801 5347 μήτε
844 5279 903 5330 ἐν
932 5275 1191 5346 ἀλλοτρία
1241 5269 1401 5336 εἶναι,
1437 5275 1574 5343 μήτε
1615 5274 1673 5324 ἐν
1710 5272 1836 5344 ξένῃ
1867 5276 1960 5343 γῇ,
2015 5276 2151 5344 μήτε
2179 5277 2235 5328 ὲν

662 5369 884 5441 ἐρημία,
919 5368 1034 5422 ἀλλ’
1061 5370 1238 5420 ἐκεῖσε
1274 5369 1549 5436 παρεῖναι,
1599 5367 1693 5419 καὶ
1737 5366 1856 5436 μεθ’
1891 5367 2044 5436 ὐμῶν
2075 5363 2234 5433 εἶναι,

661 5463 754 5516 καὶ
782 5464 1050 5532 ἐντρυφᾷν
1086 5479 1180 5514 σου
1202 5465 1267 5531 τῇ
1302 5462 1398 5531 τῆς
1429 5460 1607 5530 ψυχῆς
1641 5462 1832 5531 ἀρετῇ.
1860 5462 2029 5532 Χαῖρε
2058 5463 2235 5516 τοίνυν

668 5553 760 5607 καὶ
787 5553 1076 5623 εὐφραίνου
1099 5553 1354 5623 τοιαύτην
1372 5553 1624 5624 ἀραμένη
1649 5553 1827 5622 νίκην,
1847 5553 1940 5608 καὶ
1968 5554 2237 5620 τοιούτους

668 5643 900 5706 εὐκόλως
930 5643 1328 5712 ἐπιστομίσασα
1353 5642 1550 5714 θῆρας,
1590 5644 1684 5698 καὶ
1724 5644 1819 5707 τὰς
1855 5644 2239 5714 ἀναισχύντους

733 5828 759 5857 ⁸
777 5826 895 5890 Κεὶς.
926 5834 976 5876 et
1001 5828 1109 5878 Vat.
1136 5830 1216 5885 τήν
1241 5829 1285 5877 ἐν
1311 5836 1423 5878 πᾶσι

1363 409 1419 466 S.
1464 405 1748 464 JOANNIS
1784 398 2289 461 ειιιινδοετοκι.
2317 403 2636 462 ARCIIIEP.
2672 405 3215 464 CONSTANTINOP.

2324 522 2502 575 αὐτῶν
2535 521 2861 595 ἐμφράξασα
2904 520 3170 589 γλώττας,
3204 519 3298 572 καὶ
3336 517 3616 571 λυσσῶντα
3651 518 3902 588 ἀπορρα-

2321 613 2468 682 ψασα
2492 616 2751 684 στόματα.
2772 612 3023 666 Τοιοῦτον
3051 612 3158 682 γάρ
3181 614 3214 679 ἠ
3241 610 3469 681 ἀλήθεια
3507 610 3623 681 μεθ’
3657 607 3725 681 ἧς
3749 611 3899 678 ἡγω-

2322 703 2474 766 νίσω,
2510 703 2604 757 καὶ
2650 704 2790 773 ὑπὲρ
2822 697 2888 772 ἧς
2934 703 3180 770 ἐσφάγης
3232 700 3490 762 πολλάκις
3525 713 3538 727 ⁶
3579 701 3636 752 ἐν
3668 698 3900 768 βραχέσι

2324 795 2531 864 ῥήμασι
2571 798 2760 866 κρατεῖ
2805 794 2913 846 τῶν
2951 792 3465 860 συκοφαντούντων·
3502 789 3692 862 ὥσπερ
3721 785 3814 842 οὖν
3838 789 3906 840 τὸ

2320 884 2514 953 ψεῦδος
2546 887 2648 940 κάν
2705 885 2932 956 μυρίους
2981 883 3345 955 περιϐάληται
3395 881 3566 950 λόγων
3615 880 3901 943 διαύλους,

2320 975 2535 1047 διαρρεῖ
2576 977 2666 1029 καὶ
2718 975 3052 1028 καταπίπτει
3100 974 3317 1044 ῥαδίως,
3359 975 3452 1027 καὶ
3479 973 3720 1044 ἀράχνης
3751 972 3901 1024 ἐστὶν

2322 1066 2613 1137 ἀδρανέστε
2623 1084 2731 1136 ρον.
2748 1067 2917 1136 Χαῖρε
2930 1066 3110 1118 τοίνυν
3128 1067 3219 1118 καὶ
3241 1067 3298 1117 εὐ
3308 1065 3532 1136 φραίνου
3547 1065 3628 1132 (οὐ
3640 1064 3748 1133 γὰρ
3759 1060 3901 1115 παύ-

2325 1171 2487 1225 σομαι
2509 1157 2748 1225 συνεχῶς
2762 1155 2936 1210 ταῦτα
2959 1156 3134 1223 λέγων
3151 1156 3220 1208 τά
3237 1157 3500 1226 ῥήματα),
3522 1155 3794 1225 ἀνδρίζου,
3808 1155 3898 1208 καὶ

2322 1248 2602 1316 κραταιοῦ,
2631 1251 2722 1302 καὶ
2757 1247 3035 1316 καταγέλα
3073 1248 3251 1317 πάσης
3282 1247 3624 1317 ἐπαγομένης
3663 1262 3743 1298 σοι
3765 1260 3881 1315 παρ

2328 1339 2509 1393 αὐτῶν
2537 1341 3010 1410 ἐπιϐουλῆς.”οσῳ
3037 1339 3146 1410 γάρ
3173 1340 3241 1393 ἂν
3275 1338 3658 1409 χαλεπώτερον
3683 1336 3901 1408 ἀγριαί-

2323 1448 2472 1495 νωσι,
2511 1433 2748 1502 τοσούτῳ
2783 1431 3084 1502 βαθυτέρας
3129 1432 3251 1484 καθ’
3284 1431 3493 1484 ἐαυτῶν
3542 1432 3641 1493 τὰς
3683 1429 3900 1498 πληγάς

2321 1521 2661 1592 ἐπιφέρουσι,
2709 1524 2766 1576 σὲ
2810 1524 2910 1592 μὲν
2947 1524 3068 1576 οὐδέ
3107 1522 3302 1592 μικρὸν
3333 1521 3644 1582 ἀδικοῦντες
3667 1562 3681 1584 ,
3711 1520 3902 1590 ὥσπερ

2321 1614 2437 1667 οὐδὲ
2467 1615 2566 1684 τὴν
2605 1615 2814 1682 πέτραν
2845 1615 2912 1667 τά
2942 1614 3182 1685 κύματα,
3217 1616 3444 1677 ἐαυτούς
3472 1614 3527 1664 δὲ
3567 1613 3891 1674 διαλύοντες,

2323 1707 2414 1759 καὶ
2460 1706 2882 1778 ἀσθενεστέρους
2945 1707 3263 1772 ποιοῦντες,
3305 1707 3397 1759 καὶ
3455 1703 3898 1775 ὑπερϐαλλούσας

2322 1796 2444 1850 καθ’
2475 1796 2680 1850 ἑαυτῶν
2716 1797 3047 1867 σωρεύοντες
3071 1797 3170 1860 τάς
3190 1798 3482 1868 τιμωρίας.
3509 1797 3691 1866 Μηδὲν
3719 1796 3900 1850 τοίνυν

2321 1887 2481 1941 δέδιθι
2502 1889 2609 1942 τῶν
2635 1889 3066 1957 ἀπειλουμένων,
3094 1890 3194 1942 κᾶν
3232 1890 3356 1952 τοὺς
3383 1889 3601 1951 ὀδόντας
3636 1888 3898 1960 βρύχυσι,

2323 1979 2423 2030 κᾶν
2458 1979 2614 2049 θυμῷ
2646 1980 2822 2051 πολλῷ
2855 1981 3125 2050 μεθύωσι,
3159 1983 3262 2035 κᾶν
3286 1983 3468 2049 φόνιον
3498 1982 3782 2052 βλέπωσιν.
3817 1983 3898 2045 εις

2322 2071 2379 2135 ἀι⁸
2399 2070 2615 2140 ριότητα
2648 2071 2849 2140 θηρίων
2883 2072 2986 2124 ὑπὸ
3023 2072 3121 2142 τῆς
3162 2074 3426 2142 πονηρίας
3455 2073 3794 2135 ἐκπεσόντες.
3839 2072 3904 2123 '0

2324 2165 2430 2232 γὰρ
2453 2163 2610 2231 μέχρι
2631 2165 2693 2232 σή
2704 2181 2768 2233 με
2778 2180 2865 2234 ρον
2896 2163 3212 2234 ἐξαρπάσας
3233 2181 3294 2216 σε
3318 2163 3424 2216 τῶν
3442 2165 3701 2217 ποικίλων
3723 2162 3901 2218 ὠτῶν

2323 2255 2414 2307 καὶ
2439 2255 2710 2324 διαφόρων
2753 2255 3074 2321 ἐπιϐουλῶν,
3109 2253 3262 2320 οὗτός
3296 2274 3353 2310 σε
3388 2259 3483 2311 κα)⁸
3515 2259 3593 2321 είς
3621 2259 3681 2310 τὸ
3711 2255 3902 2327 μέλλον

2322 2348 2717 2418 ἁνδριζομένην
2749 2350 2808 2400 ἐν
2857 2350 3130 2419 ἀσφαλείᾳ
3163 2352 3494 2419 καταστήσει
3530 2349 3760 2404 πλείονιο
3806 2350 3900 2401 καὶ

2321 2443 2464 2510 ἐρεῖς
2504 2443 2597 2493 καὶ
2630 2442 2766 2511 αὐτή
2792 2458 2805 2471 ⁸
2832 2441 3024 2505 Βέλος
3061 2444 3296 2508 νηπίων
3343 2440 3495 2513 [6M]
3522 2441 3904 2512 ἐγενήθησαν

2321 2535 2378 2584 αὶ
2410 2532 2631 2600 πληγαὶ
2659 2531 2877 2595 αὐτῶν,
2909 2533 3005 2585 καὶ
3031 2532 3458 2599 ἑξησθένησαν
3488 2534 3582 2586 ἐπ’
3602 2533 3821 2597 αὐτοὺς
3840 2536 3901 2584 a.’

2323 2624 2594 2692 γλῶσσαι
2617 2624 2838 2678 αὐτῶν.
2859 2626 3038 2695 Ὅπερ
3069 2626 3166 2680 καὶ
3183 2625 3400 2694 γέγονε,
3429 2627 3518 2680 καὶ
3546 2625 3695 2679 ἔσται
3715 2645 3728 2658 ·
3759 2625 3904 2678 ὥστε

2324 2718 2418 2771 καί
2451 2735 2508 2770 σε
2545 2718 2767 2788 μείζονα
2815 2718 3210 2788 καρπώσασθαι
3241 2724 3333 2770 τὸν
3375 2719 3587 2789 μισθὸν,
3638 2719 3728 2771 καὶ
3771 2717 3904 2787 λαμν-

2324 2811 2620 2881 προτέρους
2651 2811 2946 2879 στεφάνους
2970 2809 3173 2874 λαϐεῖν,
3203 2810 3446 2872 ἐκείνους
3463 2826 3522 2862 τε
3555 2809 3900 2879 άμετανόητα

2323 2902 2611 2966 νοσοῦντας
2647 2903 2855 2970 μείζονι
2898 2900 3267 2971 παραδοθῆναι
3307 2901 3546 2956 κολάσει.
3577 2899 3641 2954 Τί
3681 2900 3788 2970 γάρ
3818 2900 3905 2952 ἐν·

2325 2992 2505 3044 έλιπον
2527 2991 2838 3061 ἐπιϐουλῆςς
2864 2994 3016 3044 ποῖον
3037 2992 3234 3062 τρόπον
3259 2991 3669 3061 μηχανημάτων
3683 2990 3780 3042 οὐκ
3797 2987 3907 3042 ἐκί-

2325 3100 2515 3152 νησαν,
2541 3082 2943 3152 ἐπιχειροῦντες
2970 3081 3340 3135 ἐπιϐουλεύειν
3366 3083 3430 3151 τῇ
3463 3082 3665 3151 στερρᾷ
3695 3095 3786 3132 σου
3812 3080 3906 3132 καὶ

2325 3173 2523 3242 γνησία
2551 3171 2671 3241 Θεῷ
2695 3213 2707 3232 ,
2730 3171 2928 3242 μᾶλλον
2957 3172 3013 3223 δὲ
3043 3172 3136 3224 καί
3162 3169 3383 3240 γενναίᾳ
3409 3170 3503 3223 καὶ
3556 3167 3909 3242 ἀνδρειοτάτη

2323 3263 2548 3332 ψυχῇδ;
2581 3264 2907 3333 Κατὴγαγον
2946 3265 3026 3324 είς
3069 3262 3296 3331 ἀγοράν.
3336 3261 3434 3332 τὴν
3484 3260 3779 3332 ἐκκλησίας
3813 3261 3910 3313 καὶ

2326 3353 2573 3423 θαλάμου
2605 3353 2767 3406 πλέον
2808 3354 3011 3407 είδυῖαν
3040 3354 3192 3406 οὐδὲν
3215 3395 3229 3416 ,
3272 3355 3367 3406 ἀπ’
3406 3353 3609 3423 ἀγορᾶς
3638 3353 3717 3414 είς
3752 3351 3877 3402 δικα

2329 3450 2577 3519 στήριον,
2623 3447 2728 3500 ἀπὸ
2781 3445 3132 3517 δικαστηρίου
3178 3448 3256 3510 είς
3313 3443 3711 3514 δεσμωτήριον.
3767 3442 3910 3494 Ψευ-

2327 3538 2680 3610 δομαρτύρων
2726 3538 2998 3607 ἠκόνησαν
3048 3537 3320 3606 γλώσσας,
3356 3537 3718 3605 συκοφαντίαν
3749 3535 3913 3607 ειδρα-

2327 3629 2436 3697 ψαν
2470 3626 3058 3698 ἀναίσχυντον,φόνους
3088 3627 3542 3698 είργάσαντο,κα“ι
3573 3626 3912 3696 χειμάρρους

2328 3721 2576 3789 αἱμάτων
2612 3719 2802 3789 ῥεῦσαι
2831 3717 3113 3789 ἐποίησαν,
3147 3719 3240 3771 καὶ
3277 3719 3412 3787 πυρὶ
3434 3719 3527 3771 καὶ
3557 3717 3762 3789 σιδήρῳ
3799 3717 3911 3770 σώ-

2331 3828 2478 3881 ματα
2506 3811 2640 3863 νέων
2663 3809 2967 3873 ἀνάλωσαν,
2991 3809 3190 3880 ἀνδρας
3212 3809 3502 3873 τοσούτους
3519 3809 3614 3862 καὶ
3635 3807 3907 3870 τοιούτους

2329 3904 2585 3974 πληγαῖς,
2634 3903 2934 3972 αἰκισμοῖς,
2971 3901 3192 3972 μυρίαις
3225 3902 3525 3971 τιμωρίαις
3559 3900 3910 3971 περιέϐαλον,

2332 3996 2506 4049 πάντα
2554 3994 2831 4063 ἐκίνησαν,
2883 3994 2969 4044 ῖνα
3015 3992 3316 4062 δυνηθῶσιν
3359 3993 3670 4061 ἀναγκάσαι
3711 4009 3771 4046 σε
3815 3992 3913 4046 καὶ

2335 4085 2627 4155 βιάσασθαι
2669 4084 2746 4154 τῷ
2800 4082 2950 4152 φόϐῳ
2998 4084 3172 4135 εἰπεῖν
3208 4084 3468 4136 τάναντία
3499 4076 3574 4136 ὧν
3597 4083 3765 4154 ᾕδεις.
3800 4082 3914 4136 Καὶ

2333 4176 2582 4248 καθάπερ
2612 4178 2768 4238 ἀετὸς
2800 4174 2981 4246 ὑψηλά
3032 4173 3324 4242 πετόμενος
3343 4213 3357 4234 ,
3387 4174 3531 4228 οὕτω
3576 4173 3915 4245 διαῤῥήξασα

2333 4268 2515 4323 αὐτῶν
2540 4268 2607 4322 τά
2641 4267 2852 4334 δίκτυα,
2879 4265 3014 4338 πρὸς
3036 4268 3094 4319 τὸ
3121 4267 3203 4318 σοὶ
3234 4266 3445 4334 πρέπον
3471 4266 3568 4336 τῆς
3602 4263 3915 4338 ἐλευθερίας

2331 4360 2530 4430 ἀνέϐης
2567 4359 2719 4429 ὕψος,
2749 4360 2809 4412 οὐ
2857 4354 3323 4426 παραλογισθεῖσα
3358 4356 3486 4426 παρ’
3526 4354 3740 4418 αὐτῶν,
3777 4354 3914 4409 ἀλλά

2333 4454 2427 4506 καὶ
2452 4452 2790 4519 συκοφάντας
2816 4449 3012 4513 αὐτοὺς
3041 4448 3367 4517 ἀποφήνασα
3387 4446 3478 4499 ἐπὶ
3499 4445 3577 4514 τῷ
3606 4445 3914 4515 ἐγκλήματι

2333 4546 2506 4615 τούτῳ
2539 4543 2633 4598 τοῦ
2663 4541 3020 4614 ἐμπρησμοῦ,
3053 4543 3134 4610 ἐφ’
3163 4533 3207 4608 ᾧ
3239 4539 3473 4610 μάλιστα
3511 4538 3730 4591 ἐδόκουν
3771 4539 3914 4607 μέγα

2336 4639 2554 4710 φρονεῖν
2573 4637 2621 4690 οί
2646 4635 2817 4690 ἄθλιοι
2837 4637 2928 4686 καὶ
2952 4633 3307 4703 ταλαίπωροι.
3342 4630 3630 4685 Ἐννοοῦσα
3647 4630 3825 4683 τοίνυν
3847 4631 3916 4684 τά

2339 4729 2680 4802 παρελθόντα
2712 4727 2951 4791 ἅπαντα,
2990 4726 3131 4778 πόσα
3173 4724 3418 4794 κύματα,
3447 4723 3541 4776 καὶ
3563 4722 3812 4792 χειμῶνά
3834 4739 3915 4776 σοι

2337 4823 2435 4876 οὐκ
2459 4821 2801 4891 εἰργάσαντο,
2821 4818 2956 4887 πόση
2980 4816 3139 4886 ζάλη,
3162 4816 3255 4868 καὶ
3281 4813 3574 4866 κλυδώνιον
3604 4814 3706 4865 οὐκ
3729 4814 3916 4884 ἐποίηο

2343 4927 2433 4963 σεν
2457 4927 2470 4940 ·
2510 4908 2622 4962 ἀλλ’
2647 4910 2702 4960 ἐν
2738 4906 2876 4977 μέσῃ
2907 4905 3204 4976 μαινομένη
3227 4904 3467 4974 θαλάττῃ
3501 4901 3642 4973 μετά
3674 4902 3917 4972 γαλήνης

2338 5011 2638 5067 ἔπλευσας·
2675 5007 2946 5077 προσδόκα
2988 5006 3196 5075 ταχέως
3247 5004 3341 5057 καὶ
3390 5003 3481 5056 τὸν
3527 5002 3723 5073 λιμένα
3780 5004 3916 5068 μετά

2345 5112 2555 5166 πολλῶν
2601 5111 2709 5162 τῶν
2743 5108 3041 5178 στεφάνων.
3095 5105 3314 5176 Ἐπειδὴ
3355 5105 3412 5158 δὲ
3451 5106 3546 5158 καὶ
3593 5105 3723 5171 περὶ
3759 5104 3917 5174 ἡμῶν

2344 5214 2521 5286 βούλει
2560 5210 2868 5280 μανθάνειν,
2902 5208 3104 5278 ζῶμεν,
3144 5205 3457 5275 ὑγιαίνομεν
3479 5246 3493 5268 ,
3536 5210 3717 5275 πάσης
3747 5205 3920 5274 ἀπηλ-

2341 5317 2594 5388 λάγμεθα
2625 5312 2953 5384 ἀρρωστίας.
2994 5310 3056 5362 Εί
3086 5309 3142 5362 δὲ
3165 5309 3259 5361 καὶ
3288 5306 3700 5378 ὴῤῥωστοῦμεν,
3735 5307 3920 5362 ἱκανὸν

2347 5423 2478 5492 ἡμῖν
2512 5418 2801 5488 φάρμακον
2828 5415 2905 5477 είς
2946 5411 3134 5480 ὑγείαν
3166 5409 3264 5479 τῆς
3295 5408 3392 5476 σῆς
3424 5407 3708 5471 εὐλαϐείας
3736 5409 3922 5478 ήάγά-

2346 5540 2442 5593 πη,
2476 5524 2510 5591 ἡ
2540 5518 2755 5590 γνησία,
2781 5517 2872 5568 καὶ
2903 5513 3098 5584 θερμὴ,
3131 5511 3223 5565 καὶ
3255 5509 3478 5579 στερρά,
3510 5509 3602 5562 καὶ
3629 5509 3921 5578 ἀπερίτρε-

2347 5640 2497 5685 πτος.
2539 5619 2688 5672 Ἐπεὶ
2739 5612 2830 5669 οὖν
2862 5615 2921 5667 οὐ
2964 5613 3062 5683 τὴν
3104 5607 3364 5680 τυχοῦσαν
3410 5609 3540 5678 ἡμῖν
3582 5606 3923 5678 εὐφροσύνην

2411 5777 2438 5815 b
2466 5775 2546 5823 Sic
2572 5787 2685 5822 mss.
2712 5785 2898 5821 omnes.
2927 5770 3054 5821 Edili
3092 5780 3208 5819 vero
3231 5770 3287 5828 τῇ
3309 5763 3481 5830 στερῥῆ
3503 5781 3592 5814 σου
3614 5766 3692 5817 καὶ
3711 5779 3922 5830 γενναιορ

2352 5839 2471 5901 τάτῃ
2497 5840 2621 5901 ψυχῇ
2649 5841 2850 5884 tantum.
