4172 6486
171 428 298 486 657

174 544 479 616 quirimus.
507 544 768 613 Quoniam
791 551 968 598 autem
996 540 1048 597 id
1077 555 1218 597 nunc
1247 542 1467 598 minime
1494 541 1778 612 licet(nam

175 647 246 693 et
273 638 375 692 via:
425 636 719 707 longitudo,
763 644 818 691 et
871 645 1098 704 tempus,
1153 643 1208 689 et
1253 634 1564 704 praedonum
1609 643 1784 689 metus

177 728 584 800 impedimento
636 737 799 796 sunt,
836 743 901 784 ac
942 735 1200 798 praeterea
1248 743 1318 783 ne
1369 727 1523 783 nobis
1569 727 1784 798 quidem

176 818 364 875 domo
409 818 690 887 excedere,
731 833 795 875 ac
825 819 1009 890 longas
1059 818 1517 888 peregrinationes
1548 818 1684 873 inire
1710 817 1788 871 fa-

178 913 305 967 cile
334 913 459 980 est),
505 911 650 982 quod
675 911 970 967 secundum
998 919 1082 966 est
1103 952 1116 972 ,
1149 909 1383 964 debitam
1414 909 1565 966 vobis
1591 910 1790 964 saluta-

182 1002 400 1058 tionem
445 1003 805 1073 persolvimus
837 1023 850 1059 :
881 1010 1040 1071 atque
1094 1008 1218 1054 ante
1265 1000 1434 1069 ipsam
1473 1000 1635 1054 etiam
1683 1012 1782 1051 vos

183 1112 450 1166 rogamus
493 1105 550 1155 et
587 1098 952 1163 obsecramus,
1001 1105 1158 1165 atque
1199 1109 1228 1148 a
1273 1093 1422 1149 vobis
1477 1092 1788 1161 amplissimi

181 1186 444 1243 beneﬁcii
465 1188 586 1243 loco
607 1189 858 1259 petimus,
886 1196 946 1241 ut
972 1185 1024 1240 in
1053 1189 1248 1241 vestris
1262 1183 1508 1255 precibus
1533 1192 1792 1253 perpetuo

185 1279 371 1333 nostri
400 1294 672 1335 memores
719 1279 858 1345 sitis,
888 1277 1212 1347 obnixeque,
1260 1285 1316 1331 et
1360 1291 1481 1331 eum
1514 1275 1787 1346 laerymis,

183 1368 266 1426 ιὰ
293 1369 509 1440 benigni
548 1369 644 1426 Dei
680 1370 846 1440 pedes
876 1370 1090 1424 vilitatis
1121 1378 1322 1422 nostra:
1347 1381 1508 1422 causa
1549 1369 1792 1436 vosipsos

186 1461 556 1530 provolvatis.
579 1461 712 1516 Nam
733 1476 855 1516 cum
879 1460 1213 1530 negotiorum
1236 1457 1393 1528 hujus
1408 1456 1530 1513 vitae
1549 1459 1790 1526 euripum

186 1551 518 1622 cﬂlgeritis,
545 1553 796 1622 fumoque
823 1568 887 1608 ac
938 1560 1252 1622 tempestate
1282 1550 1542 1604 malorum
1573 1563 1790 1614 eorum,

190 1658 324 1714 qua
346 1644 400 1698 in
424 1643 602 1699 medio
631 1651 932 1709 versantur,
955 1641 1166 1698 liberati
1194 1641 1332 1704 sitis,
1359 1642 1674 1709 animasque
1706 1653 1794 1692 ve-

192 1747 343 1795 stras
371 1739 422 1792 in
461 1737 922 1807 praeclarissimum
970 1734 1192 1804 hujusce
1242 1731 1590 1802 pliiloSOphite
1629 1731 1790 1797 litus,

190 1842 311 1886 non
330 1841 487 1884 secus
513 1838 674 1898 atque
702 1828 753 1881 in
769 1827 1110 1897 tranquillum
1133 1823 1418 1896 quemdam
1445 1822 1796 1892 fluctibusque

194 1934 430 1974 vacuum
454 1928 661 1987 portum
693 1918 1024 1987 appuleritis,
1048 1928 1338 1986 noctesque
1364 1930 1460 1985 per
1486 1929 1670 1968 sacras
1702 1928 1796 1968 ex-

195 2008 392 2075 cubias
436 2008 488 2061 in
543 2008 659 2063 dies
713 2009 1062 2071 mutaveritis,
1123 2007 1173 2060 in
1223 2007 1392 2076 iisque
1437 2003 1792 2073 splendidius,

193 2114 365 2170 quam
387 2099 476 2154 alii
505 2099 759 2165 interdiu,
782 2099 1012 2154 cernatis
1041 2120 1054 2156 :
1087 2114 1298 2168 :equum
1325 2113 1456 2154 sane
1497 2097 1655 2152 fuerit
1701 2111 1796 2150 vos

199 2204 424 2258 precum
472 2199 766 2244 vestrarum
813 2191 1066 2244 auxilium
1093 2189 1246 2243 nobis
1295 2188 1584 2257 impertire.
1625 2185 1793 2241 Nobis

197 2282 350 2342 enim
385 2283 544 2338 etiam
576 2299 605 2337 e
632 2283 1072 2337 tantointervallo
1101 2281 1185 2336 his
1207 2281 1304 2335 frui
1336 2281 1458 2335 licet
1489 2298 1501 2333 :
1531 2279 1796 2335 neclocus

197 2373 347 2428 nllus
373 2383 476 2439 est,
503 2383 596 2428 aut
639 2383 848 2444 tempus
879 2374 1068 2439 ullum,
1117 2373 1257 2442 quod
1297 2372 1598 2439 hujusmodi
1639 2386 1794 2440 opem

198 2465 598 2534 interrumpere
659 2474 838 2535 queat.
885 2464 1244 2533 Quamobrem
1314 2463 1588 2532 suppetias
1644 2463 1797 2516 nobis

197 2552 363 2622 ferte,
396 2568 460 2608 ac
510 2569 606 2624 per
638 2564 845 2608 vestras
881 2569 1068 2624 preces
1117 2569 1330 2615 manum
1361 2554 1636 2624 porrigite.
1663 2552 1795 2608 Nam

200 2643 309 2699 hoc
339 2645 632 2700 maximum
663 2645 907 2702 caritatis
928 2661 1099 2716 genus
1127 2654 1228 2700 est.
1270 2647 1348 2700 Ac
1373 2655 1572 2716 praater
1606 2647 1801 2700 oratio-

201 2751 326 2800 nes,
348 2736 416 2790 de
437 2746 614 2790 vestra
636 2751 848 2806 quoque
880 2736 1182 2791 valetudine
1201 2734 1459 2791 certiores
1497 2751 1594 2790 nos
1620 2736 1797 2790 facere

202 2843 276 2882 ne
301 2829 622 2898 gravemini,
653 2843 758 2898 quo
776 2828 899 2883 hinc
923 2843 1137 2898 quoque
1165 2827 1395 2882 maxima
1426 2827 1797 2882 consolatione

201 2918 525 2980 afficiamur,
558 2919 843 2988 quamdam
883 2934 951 2973 ex
994 2929 1170 2975 vestra
1199 2919 1428 2974 caritate
1468 2920 1797 2989 voluptatem

201 3010 503 3079 capientes,
533 3010 892 3080 absentesque
922 3026 1037 3076 vos,
1069 3025 1174 3064 non
1198 3025 1355 3065 secus
1380 3025 1444 3066 ac
1471 3019 1793 3080 praesentes,

201 3102 278 3155 ob
304 3102 492 3157 oculos
520 3109 1127 3172 nostros‘proponentes
1157 3120 1169 3156 :
1203 3101 1466 3172 siquidem
1509 3117 1572 3157 ea
1602 3101 1797 3155 sinceri

203 3193 406 3247 amoris
434 3193 515 3247 vis
539 3201 642 3256 est,
677 3203 732 3246 ut
753 3192 914 3248 etiam
947 3191 1251 3262 hujusmodi
1273 3192 1559 3247 simulacra
1591 3193 1794 3262 pingat.

205 3284 284 3339 Ita
304 3285 414 3350 flet,
443 3294 502 3339 ut
525 3287 736 3341 etiamsi
768 3286 818 3339 in
865 3285 1152 3341 solitudine
1185 3286 1344 3355 longe
1393 3285 1493 3340 hac
1521 3285 1799 3340 acerbiore

204 3376 364 3430 nobis
392 3378 598 3431 versari
649 3380 945 3448 contingat,
989 3392 1232 3449 magnam
1265 3387 1442 3434 tamen
1469 3377 1796 3433 consolatio-

205 3485 333 3525 nem
363 3472 658 3540 capiamus.

279 3603 406 3659 XCI
422 3603 484 3658 γ.
529 3602 796 3661 Pentadio:
822 3607 1135 3662 diaconiua.
1161 3605 1340 3679 (Anno
1368 3606 1471 3663 £04
1497 3608 1582 3662 vel
1600 3607 1755 3676 405.)

277 3738 615 3808 Quamquam
643 3739 769 3792 mihi
809 3749 896 3792 tua
927 3753 1052 3809 erga
1082 3754 1168 3794 me
1195 3739 1392 3798 caritas
1419 3739 1648 3795 antehac
1683 3741 1795 3810 jam

201 3831 484 3899 explorata
514 3839 649 3896 erat,
676 3831 871 3900 quippe
910 3831 999 3901 qui
1042 3846 1102 3885 re
1130 3831 1242 3900 ipsa
1269 3833 1385 3900 ejus
1414 3831 1795 3887 documentum

200 3921 474 3991 cepissem
505 3941 518 3977 :
551 3931 731 3977 tamen
771 3937 889 3976 eam
921 3923 1156 3992 apertius
1193 3937 1258 3976 ex
1292 3922 1394 3976 tuis
1418 3923 1484 3977 ad
1514 3938 1600 3978 me
1629 3923 1796 3978 literis

201 4012 454 4082 cognovi.
503 4013 583 4068 Ac
623 4022 904 4084 propterea
950 4029 1294 4083 summopere
1339 4022 1391 4069 te
1441 4013 1600 4068 laudo
1637 4023 1796 4085 atque

203 4104 464 4170 admiror,
518 4120 622 4158 non
680 4121 746 4159 eo
794 4105 1069 4160 dumtaxat
1119 4106 1353 4170 nomine,
1412 4106 1553 4176 quod
1600 4106 1668 4160 ad
1709 4121 1795 4162 me

203 4195 510 4264 scripseris,
544 4195 636 4250 scd
667 4196 826 4250 etiam
855 4197 995 4266 quod
1025 4212 1086 4250 ea
1115 4196 1291 4249 omnia
1312 4211 1430 4266 qua:
1460 4197 1796 4267 contigerunt

201 4289 544 4358 exposueris.
575 4289 687 4344 lloc
723 4290 866 4343 enim
892 4289 1108 4343 feminae
1134 4298 1218 4344 est
1252 4297 1320 4342 et-
1345 4288 1413 4344 de
1439 4304 1561 4345 meo
1585 4305 1710 4360 erga
1736 4304 1796 4346 se

202 4380 387 4434 animo
408 4379 626 4435 minime
654 4380 963 4442 dubitantis.
994 4390 1048 4435 et
1077 4381 1144 4435 de
1171 4396 1350 4435 rerum
1383 4396 1622 4436 mearum
1651 4391 1792 4436 statu

200 4470 519 4525 laborantis.
543 4471 776 4526 Proinde
801 4472 1004 4541 gaudeo
1029 4482 1083 4526 et
1111 4474 1340 4540 exsulto,
1374 4475 1788 4544 maximamque,

201 4563 366 4616 etiam
416 4564 468 4616 in
520 4571 626 4616 tam
681 4563 895 4619 deserto
946 4564 1065 4619 loco
1108 4565 1329 4635 degens,
1370 4567 1789 4623 consolationem

200 4652 335 4706 mihi
359 4653 585 4722 positam
617 4669 736 4709 esse
770 4655 907 4710 duco
949 4656 998 4709 in
1021 4672 1105 4720 ea,
1151 4673 1311 4728 quam
1353 4659 1407 4712 in
1434 4661 1684 4715 omnibus
1708 4677 1794 4715 re-

199 4743 302 4797 bus
322 4743 568 4810 adhibes,
593 4743 922 4812 fortitudine,
950 4749 1214 4803 constanti
1260 4751 1523 4805 sententia
1593 4751 1792 4822 ingenti

199 4835 504 4904 prudentia,
553 4836 747 4908 lingua:
777 4839 1040 4906 libertate,
1090 4856 1153 4895 ac
1190 4842 1403 4896 sublimi
1450 4842 1664 4908 fiducia,
1697 4860 1793 4914 per

199 4942 362 4997 quam
391 4936 445 4982 et
473 4929 814 4987 adversarios
842 4933 1132 5002 ignominia
1163 4934 1440 5004 perfodisti
1468 4945 1521 4991 et
1553 4937 1790 4992 mortife-

203 5033 320 5072 ram
350 5019 563 5076 diabolo
590 5023 798 5094 plagam
832 5024 1092 5091 inflixisti,
1122 5035 1176 5080 et
1201 5041 1295 5081 eos
1323 5028 1412 5098 qui
1445 5043 1542 5099 pro
1565 5031 1790 5086 veritate

200 5115 556 5172 decertabant
608 5118 672 5171 ad
732 5118 1091 5174 dimicandum
1130 5121 1338 5188 acuisti,
1391 5138 1456 5179 ac
1513 5123 1789 5180 fortissimi

201 5207 385 5261 militis
415 5208 914 5278 instarprieclarum
961 5211 1013 5264 in
1058 5210 1200 5266 bello
1247 5223 1506 5282 tropzeum
1550 5216 1786 5282 erexisti,

205 5295 643 5370 luculentamque
691 5301 966 5354 victoriam
1012 5301 1201 5368 adepta
1242 5318 1340 5367 es,
1393 5320 1585 5375 meque
1628 5309 1787 5361 etiam

201 5397 347 5441 tanta
373 5391 644 5458 voluptate
663 5390 1018 5460 complevisti,
1047 5403 1193 5446 utne
1223 5394 1274 5447 in
1302 5393 1472 5448 aliena
1495 5395 1708 5464 quidem
1739 5407 1792 5452 et

201 5483 482 5550 peregrina
516 5484 750 5551 regione,
784 5499 883 5537 nec
910 5483 960 5536 in
992 5484 1300 5548 solitudine,
1341 5501 1524 5540 verum
1549 5488 1668 5543 istic
1697 5505 1788 5542 vo-

196 5573 405 5629 biscum
433 5589 520 5628 me
540 5589 658 5630 esse
687 5577 1005 5643 existimem,
1035 5593 1402 5649 summamque
1423 5595 1486 5636 ex
1523 5572 1687 5637 animi
1715 5583 1789 5637 tui

195 5665 394 5721 virtute
425 5666 748 5734 voluptatem
774 5667 1000 5735 capiam.

279 5755 367 5811 γε.
396 5756 639 5810 veritatis.
673 5787 740 5796 —
762 5757 1115 5823 Quamobrem
1138 5759 1308 5828 gaude
1337 5771 1387 5815 et
1409 5761 1614 5827 lzrtare,
1647 5762 1788 5832 quod

199 5847 508 5922 huiusmodi
539 5847 811 5905 victoriam
854 5859 1136 5920 assequuta
1181 5852 1273 5920 sis,
1299 5862 1456 5923 atque
1484 5852 1783 5924 huiusmodi

1692 424 2062 492 Εριδτοωε.

3383 417 3487 477 σδε

1893 541 2195 596 belluarum
2222 553 2315 594 ora
2345 537 2486 594 facili
2516 536 2728 607 negotio
2755 533 3141 606 compresseris
3159 576 3178 605 ,
3207 534 3487 606 impuden-

1892 639 2082 701 tesque
2109 646 2294 686 eorum
2322 629 2528 701 linguas
2554 637 2609 686 et
2630 627 2813 684 rabida
2835 643 2930 684 ora
2955 627 3309 686 obstruxeris.
3334 625 3490 682 Veri-

1891 729 1974 777 tas
1995 722 2161 786 enim,
2183 736 2305 777 cum
2333 737 2436 791 qua
2466 722 2708 792 pugnasti
2735 763 2748 785 ,
2784 730 2837 776 et
2861 734 2960 790 pro
3003 736 3105 792 qua
3135 719 3372 790 jugulata
3403 733 3484 784 es,

1893 811 2031 866 hanc
2055 811 2162 867 vim
2191 812 2373 878 habet,
2402 821 2462 868 ut
2490 813 2671 882 paucis
2702 826 2846 882 saepe
2873 811 3057 867 verbis
3082 812 3149 865 de
3179 810 3484 881 sycophan-

1893 906 1962 958 tis
2007 904 2300 975 triumphet
2329 922 2342 959 :
2368 913 2426 959 ut
2473 919 2508 960 e
2534 905 2806 960 contrario
2854 903 3229 969 mendacium,
3281 901 3492 958 etiamsi

1896 996 2117 1052 infinitis
2139 1010 2447 1052 sermonum
2481 994 2721 1052 artificiis
2749 994 3087 1062 obvolvatur,
3125 992 3283 1048 facile
3315 1003 3492 1046 tamen

1896 1088 2088 1144 diffluit
2112 1097 2166 1144 et
2192 1089 2513 1151 collabitur,
2551 1103 2869 1156 aranezeque
2923 1087 3083 1141 telam
3133 1085 3496 1140 imbecillitate

1896 1191 2132 1251 superat.
2182 1179 2367 1235 Gaude
2420 1180 2580 1250 igitur
2624 1187 2679 1234 et
2735 1178 2921 1232 Iretare
2957 1175 3155 1248 (neque
3191 1175 3338 1231 enim
3380 1173 3496 1228 hare

1898 1271 2060 1324 verba
2110 1268 2336 1324 subinde
2381 1279 2629 1338 repetere
2668 1266 2980 1336 desinam),
3026 1266 3256 1322 viriliter
3302 1279 3401 1336 age
3440 1276 3492 1318 et

1897 1360 2224 1428 confortare,
2255 1374 2552 1429 omnesque
2597 1359 2666 1413 ab
2709 1359 2838 1429 ipsis
2887 1357 2959 1412 ibi
2984 1368 3328 1428 comparatas
3363 1355 3487 1411 insi-

1897 1452 2016 1508 dias
2042 1452 2223 1506 irride.
2247 1451 2378 1506 Nam
2405 1465 2512 1521 quo
2539 1450 2776 1505 atrocius
2799 1449 3048 1514 smviunt,
3089 1463 3153 1505 eo
3185 1445 3471 1517 profundio

1897 1545 2197 1613 resplagas
2220 1544 2322 1597 sibi
2351 1544 2482 1611 ipsis
2511 1543 2748 1597 inferunt
2777 1542 2829 1596 in
2858 1556 3030 1613 eaque
3054 1555 3215 1597 causa
3238 1550 3382 1605 sunt,
3415 1551 3494 1604 ut,

1897 1650 2020 1689 cum
2049 1644 2100 1689 te
2129 1650 2197 1687 ne
2221 1633 2485 1687 tantulum
2516 1633 2730 1702 quidem
2777 1633 2997 1695 laedant,
3038 1630 3493 1701 quemadmodum

1901 1741 1998 1779 nec
2016 1724 2206 1779 fluctus
2228 1739 2438 1792 rupem,
2456 1723 2665 1794 scipsos
2680 1721 2990 1793 infringant,
3010 1721 3497 1790 imbecillioresque

1901 1814 2143 1877 reddant,
2167 1823 2325 1884 atque
2353 1813 2627 1868 horribilia
2674 1815 2912 1884 sibiipsis
2962 1813 3221 1883 supplicia
3273 1826 3498 1867 coacer-

1901 1915 2047 1959 vent.
2077 1906 2207 1973 Quae
2233 1919 2355 1959 cum
2389 1905 2461 1959 ita
2485 1905 2615 1970 sint,
2663 1920 2794 1960 cave
2822 1904 3115 1974 quidquam
3145 1918 3352 1966 eorum,
3379 1918 3499 1970 quze

1902 1995 2194 2061 minantur,
2229 1997 2601 2065 pertimescas,
2626 1997 2919 2066 quamlibet
2935 1996 3188 2053 dentibus
3209 1995 3497 2063 strideant,

1901 2087 2193 2157 quamlibet
2219 2088 2509 2143 iracundiis
2558 2089 2868 2144 temulentis
2901 2097 3165 2156 aestuent,
3206 2088 3503 2160 quamlibet

1906 2181 2267 2234 truculentum
2295 2180 2582 2250 quemdam
2607 2181 2812 2235 vultum
2836 2196 2947 2251 prae
2970 2195 3031 2235 se
3062 2179 3269 2245 ferant,
3303 2195 3365 2235 ac
3392 2195 3502 2249 pra:

1903 2271 2243 2340 improbitate
2267 2272 2321 2325 in
2343 2271 2577 2326 ferarum
2607 2272 2994 2328 immanitatem
3015 2272 3345 2344 proruerint.
3366 2269 3499 2326 Nam

1901 2365 1990 2432 qui
2034 2373 2085 2418 te
2120 2379 2185 2418 ex
2226 2365 2408 2419 multis
2453 2373 2507 2420 et
2549 2365 2709 2419 variis
2760 2380 2948 2420 eorum
2999 2365 3205 2420 insidiis
3244 2365 3309 2418 ad
3363 2365 3504 2419 hunc

1904 2471 2072 2525 usque
2092 2456 2236 2511 diem
2281 2457 2498 2527 eripuit,
2533 2457 2670 2512 idem
2725 2468 2775 2512 te
2815 2457 3058 2526 puelhac,
3089 2459 3132 2514 si
3165 2456 3355 2512 fortem
3385 2458 3505 2512 ani-

1903 2561 2046 2599 mum
2100 2548 2441 2617 praestiteris,
2475 2548 2527 2601 in
2576 2548 2778 2616 majore
2832 2547 3120 2603 securitate
3161 2548 3501 2603 constituet:

1903 2636 2123 2707 ipsaque
2151 2638 2316 2693 etiam
2358 2638 2564 2693 dictura
2600 2655 2660 2694 es
2691 2659 2704 2693 ε
2739 2641 2952 2708 Sagittae
2996 2644 3325 2710 parvulorum
3353 2642 3501 2707 facta

1902 2739 2017 2783 sunt
2048 2731 2216 2800 plaga:
2240 2747 2435 2797 eorum,
2483 2739 2529 2784 et
2555 2731 2830 2799 inﬁrmata
2854 2742 2970 2784 sunt
3004 2742 3181 2785 contra
3211 2749 3294 2787 eos
3317 2731 3506 2802 lingua:

1902 2838 2077 2876 eorum
2102 2823 2276 2893 (Paul.
2301 2823 2390 2879 63.
2415 2825 2469 2878 8.
2503 2823 2582 2893 9).
2610 2822 2765 2890 Quod
2794 2823 3007 2892 quidem
3040 2833 3093 2877 et
3120 2823 3226 2894 jam
3258 2824 3501 2892 contigit,

1902 2924 1956 2969 et
1981 2930 2192 2970 rursum
2219 2916 2490 2985 continget
2515 2932 2528 2969 :
2555 2913 2691 2970 adeo
2714 2923 2769 2968 ut
2799 2924 2857 2968 et
2891 2923 2947 2968 tu
2994 2914 3250 2985 majorem
3293 2930 3504 2970 merce-

1903 3003 2025 3059 dem
2078 3004 2304 3070 referas,
2354 3005 2780 3074 illustrioresque
2809 3018 3038 3059 coronas
3065 3004 3316 3076 accipias,
3348 3014 3405 3060 et
3427 3005 3505 3060 illi

1904 3095 2094 3150 morbo
2131 3096 2464 3165 paenitentia:
2503 3104 2725 3164 experte
2775 3095 3086 3151 laborantes
3140 3096 3330 3166 majori
3372 3111 3504 3167 sup-

1905 3186 2065 3256 plicio
2113 3187 2448 3243 addicantur.
2496 3186 2716 3258 Ecquod
2764 3187 2907 3241 enim
2964 3187 3278 3243 insidiarum
3336 3203 3506 3257 genus

1905 3279 2415 3347 praetermiserunt?
2463 3278 2674 3350 ecquod
2728 3279 3100 3334 machinarum
3161 3295 3331 3350 genus
3396 3296 3506 3334 tum

1904 3379 2206 3436 moverunt,
2230 3369 2356 3425 dum
2373 3369 2558 3426 solida:
2577 3379 2700 3435 tuas,
2720 3384 2785 3426 ac
2804 3370 2915 3426 Deo
2939 3369 3102 3435 fideli,
3118 3385 3505 3442 generosaque

1902 3473 1956 3516 et
1984 3460 2288 3516 fortissimae
2318 3461 2515 3516 anima:
2559 3461 2788 3517 insidias
2839 3471 3050 3518 struere
3096 3463 3401 3518 conantur?
3445 3465 3503 3518 In

1902 3551 2074 3607 forum
2104 3563 2177 3618 te,
2208 3569 2330 3623 quae
2353 3562 2548 3624 praeter
2572 3554 2861 3609 ecclesiam
2913 3560 2970 3608 et
3012 3555 3318 3609 cubiculum
3367 3554 3503 3609 nihil

1903 3659 2084 3712 noras,
2113 3653 2512 3714 pertraxerunt,
2541 3660 2571 3699 a
2594 3643 2714 3700 foro
2745 3644 2811 3700 ad
2841 3645 3149 3714 tribunalia,
3195 3662 3226 3700 a
3259 3646 3504 3702 tribuna-

1903 3735 2044 3790 libus
2063 3736 2128 3789 ad
2147 3750 2442 3792 carcerem.
2461 3735 2740 3792 Falsorum
2755 3739 2969 3793 testium
2988 3737 3195 3810 linguas
3218 3747 3499 3804 acuerunt,

1903 3826 2266 3896 impudentem
2293 3827 2614 3882 calumniam
2655 3829 3066 3895 concinnarunt,
3099 3829 3277 3885 cmdes
3307 3845 3500 3900 perpe-

1903 3929 2134 3986 trarunt,
2167 3921 2376 3976 cruoris
2405 3930 2673 3977 torrentes
2701 3920 3074 3991 profuderunt,
3108 3923 3214 3991 igni
3257 3936 3320 3978 ac
3354 3921 3500 3978 ferro

1898 4011 2155 4080 juvenum
2183 4027 2412 4081 corpora
2439 4021 2913 4082 consumpserunt,
2936 4013 3116 4066 multis
3143 4027 3206 4067 ac
3228 4013 3501 4083 praeclaris

1902 4103 2033 4157 viris
2059 4103 2371 4158 innumeras
2400 4104 2582 4174 plagas
2608 4112 2664 4159 et
2688 4106 2955 4159 cruciatus
3003 4104 3334 4171 intulerunt,
3382 4106 3502 4158 nul-

1903 4194 2012 4248 lum
2058 4194 2291 4265 denique
2330 4194 2560 4264 lapidem
2611 4210 2718 4248 non
2770 4205 3072 4260 moverunt,
3104 4210 3212 4265 quo
3260 4203 3312 4250 te
3350 4206 3499 4250 metu

1903 4285 2240 4353 perterritam
2269 4284 2374 4338 huc
2399 4284 2696 4356 adigerent,
2731 4292 2788 4338 ut
2815 4285 2900 4348 iis,
2931 4299 3053 4354 qua:
3098 4283 3331 4349 videras,
3363 4299 3498 4340 con-

1901 4378 2066 4430 traria
2101 4377 2333 4431 diceres.
2362 4378 2430 4431 At
2461 4387 2537 4443 tu,
2571 4377 2740 4432 instar
2763 4376 2957 4445 aquilae
2985 4375 3213 4431 sublime
3244 4376 3494 4442 volantis,

1902 4481 2087 4522 eorum
2113 4466 2319 4522 retibus
2365 4467 2549 4523 fractis
2604 4467 2669 4522 ad
2719 4466 2981 4523 libertatis
3015 4465 3283 4537 fastigium
3313 4464 3496 4522 virtuti

1901 4567 2006 4613 tua:
2027 4568 2452 4616 consentaneum
2482 4559 2768 4614 ascendisti
2802 4557 2921 4614 :sie
2965 4566 3018 4612 te
3057 4572 3397 4627 comparans,
3442 4569 3498 4611 ut

1900 4649 1971 4703 ab
1998 4650 2126 4718 ipsis
2152 4651 2370 4705 minime
2391 4649 2941 4730 circumscribereris;
2977 4648 3084 4703 imo
3108 4649 3294 4716 etiam,
3322 4663 3494 4718 quan-

1901 4751 2012 4798 tum
2042 4744 2109 4798 ad
2141 4743 2297 4813 hujus
2323 4743 2553 4799 incendii
2572 4742 2773 4796 crimen
2803 4742 3079 4804 attinebat,
3108 4740 3260 4810 cujus
3278 4746 3498 4798 nomine

1901 4837 2083 4892 miseri
2109 4849 2269 4907 atque
2295 4836 2534 4890 infelices
2557 4836 2801 4889 homines
2827 4834 3126 4903 praesertim
3151 4831 3372 4904 gloriari
3415 4834 3494 4885 vi-

1900 4923 2351 4994 debantur,'eos
2394 4927 2674 4983 calumniae
2737 4925 3110 4980 convinceres.
3163 4925 3294 4991 Qum
3336 4924 3496 4994 igitur

1905 5023 2275 5092 praeterierunt
2329 5028 2501 5074 tecum
2556 5027 2843 5088 reputans;
2899 5032 3093 5085 nempe
3133 5027 3261 5083 quot
3302 5015 3500 5073 ﬂuetus

1900 5113 2005 5168 orti
2036 5114 2162 5177 sint,
2192 5114 2280 5182 qui
2306 5123 2481 5166 tamen
2502 5118 2872 5178 tempestatem
2891 5109 2982 5163 tibi
3011 5123 3114 5162 non
3135 5108 3492 5174 iuvexerunt;

1901 5215 2032 5276 quot
2059 5204 2335 5274 procellae,
2368 5219 2489 5272 quae
2537 5212 2714 5255 tamen
2769 5199 3102 5270 naufragium
3150 5199 3369 5252 minime
3399 5215 3482 5268 pe-

1902 5304 2178 5365 pererunt,
2209 5296 2278 5349 ita
2312 5303 2366 5349 ut
2406 5294 2615 5348 furente
2639 5292 2772 5346 mari
2802 5290 3086 5361 tranquilla
3118 5291 3449 5360 navigaveris
3488 5304 3503 5352 ;

1900 5405 2111 5462 portum
2140 5394 2299 5446 etiam
2331 5405 2432 5444 una
2475 5404 2595 5445 cum
2644 5388 2888 5458 plurimis
2914 5385 3133 5441 coronis
3183 5384 3498 5455 propediem

1899 5495 2172 5554 exspecta.
2218 5483 2480 5550 Quoniam
2509 5489 2687 5535 autem
2732 5479 2800 5533 de
2849 5479 3003 5534 nobis
3042 5493 3255 5548 quoque
3291 5477 3495 5545 aliquid

1898 5577 2083 5631 audire
2115 5577 2285 5645 cupis,
2319 5575 2571 5638 vivimus,
2603 5572 2863 5638 valemus,
2893 5572 3082 5626 morbo
3110 5570 3254 5625 omni
3282 5571 3490 5628 liberati

1900 5684 2103 5724 sumus.
2134 5669 2286 5736 Quod
2316 5669 2359 5722 si
2388 5669 2547 5723 etiam
2580 5675 2921 5735 argrotamus,
2951 5663 3202 5720 idoneum
3231 5663 3386 5717 nobis
3421 5663 3496 5719 ad

1900 5761 2320 5831 recuperandam
2364 5760 2644 5815 sanitatem
2700 5756 2996 5811 remedium
3050 5765 3134 5810 est
3175 5754 3383 5810 sincera
3435 5769 3488 5810 et

1899 5854 2131 5925 fervens,
2163 5869 2222 5912 ac
2270 5853 2423 5912 firma
2467 5860 2520 5910 et
2563 5859 2812 5908 constans
2854 5859 2942 5907 tua
2983 5863 3108 5913 erga
3141 5862 3228 5905 nte
3265 5841 3493 5903 caritas.
