4172 6484
702 393 806 450 ϋὸξ)

697 514 962 581 Quoniam
985 511 1145 581 igitur
1170 528 1274 568 non
1297 514 1495 584 vulgari
1534 512 1800 584 voluptate
1826 509 2109 577 afficimur,
2138 525 2258 566 cum

697 604 766 658 de
792 610 884 659 tua
909 600 1206 660 valetudine
1224 618 1286 660 ac
1311 603 1464 674 plena
1490 605 1776 660 securitate
1801 619 1956 674 quam
1975 603 2265 674 sepissime

699 692 896 762 aliquid
922 692 1184 757 audimus,
1209 703 1282 757 te,
1315 694 1364 747 id
1385 694 1526 764 quod
1557 695 1718 750 etiam
1745 709 1850 748 non
1879 705 2060 764 rogata
2083 694 2264 748 facere

702 785 864 849 soles,
895 801 1162 856 rogamus,
1188 797 1245 841 ut
1269 785 1336 842 de
1359 796 1466 852 tua,
1491 787 2010 856 domesticorumque
2052 795 2260 840 tuorum

700 877 936 931 omnium
981 893 1044 932 ac
1070 879 1488 934 necessariorum
1516 878 1822 933 valetudine
1866 878 2059 946 amplus
2078 877 2144 930 ad
2168 891 2266 930 nos

697 967 902 1024 scribas
933 989 946 1024 :
979 984 1082 1023 non
1109 969 1249 1024 enim
1283 969 1512 1038 ignoras,
1543 976 1739 1038 quanta
1772 967 1842 1022 tui
1871 967 2135 1036 tutiusque
2159 972 2266 1020 tute

701 1062 990 1121 benedictm
1007 1063 1195 1119 domus
1217 1078 1344 1118 cura
1373 1073 1672 1118 teneamur.

1259 1195 1354 1251 XC
1365 1195 1423 1249 ν.
1466 1193 1696 1250 Pteam'o.

768 1329 960 1385 Gravia
985 1340 1108 1385 sunt
1135 1346 1196 1385 ea
1221 1345 1339 1400 qum
1363 1329 1699 1398 contigerunt
1729 1350 1743 1383 :
1765 1336 1820 1383 at
1841 1344 1944 1383 non
1974 1326 2044 1382 ob
2065 1325 2268 1396 cosqui

698 1420 838 1488 passi
864 1428 1005 1485 sunt,
1052 1419 1360 1489 fortiterque
1412 1420 1463 1473 in
1507 1420 1618 1473 acie
1674 1426 1954 1480 steterunt,
1990 1433 2170 1472 verum
2196 1415 2267 1470 ob

697 1523 791 1562 eos
811 1510 898 1579 qui
949 1524 1008 1564 ea
1049 1515 1442 1579 perpetrarunt,
1469 1509 1752 1578 lugendum
1781 1519 1878 1564 est.
1907 1506 2263 1574 Quemadmo-

696 1597 823 1653 dum
851 1599 990 1654 enim
1019 1615 1138 1669 quae
1163 1599 1424 1653 difficilius
1445 1609 1733 1654 enecentur
1761 1597 1908 1661 ferm,
1931 1611 2120 1667 magno
2145 1610 2264 1650 cum

697 1687 877 1744 furore
922 1689 975 1743 in
1029 1689 1294 1744 hastarum
1341 1688 1586 1758 cuspides
1628 1689 1927 1751 irruentes,
1988 1691 2038 1741 in
2085 1688 2266 1741 intima

696 1778 901 1833 viscera
921 1779 1124 1848 gladios
1153 1779 1469 1848 protrudunt
1497 1797 1510 1834 :
1535 1779 1721 1833 eodem
1772 1778 1930 1833 modo
1974 1778 2009 1830 ii
2037 1791 2263 1847 quoque,

698 1868 788 1936 qui
817 1866 931 1923 haec
973 1871 1173 1924 scelera
1197 1870 1475 1939 designare
1519 1885 1622 1923 non
1663 1869 1943 1934 dubitant,
1971 1883 2184 1939 gravem
2213 1877 2268 1922 et

699 1958 948 2015 awrbum
1001 1960 1257 2030 gehennaa
1297 1962 1469 2030 ignem
1509 1962 1762 2015 adversus
1793 1961 1962 2030 capita
2003 1976 2094 2016 sua
2122 1959 2269 2014 colli-

697 2058 846 2117 gunt.
871 2049 1022 2116 Quod
1069 2051 1115 2104 si
1160 2053 1320 2106 etiam
1351 2053 1419 2106 ob
1444 2068 1503 2106 ea
1551 2069 1669 2122 quae
1711 2053 1909 2106 faciunt
1955 2053 2262 2122 gloriantur,

705 2138 808 2194 hoc
828 2141 942 2209 ipso
967 2127 1179 2197 nomine
1209 2143 1538 2210 potissimum
1567 2144 1742 2197 miseri
1763 2154 1906 2208 sui,
1928 2144 2267 2212 pluribusque

705 2231 955 2304 lacrymis
994 2233 1154 2303 digni,
1186 2235 1325 2304 qmd
1378 2234 1475 2289 hac
1517 2251 1728 2305 quoque
1758 2235 1961 2290 ratione
1997 2237 2268 2305 graviores

699 2322 931 2393 sibiipsis
962 2340 1142 2393 pinnas
1163 2337 1454 2380 accersant.
1498 2327 1853 2395 Quamobrem
1884 2328 1982 2381 hos
2012 2336 2266 2396 perpetuo

703 2413 830 2470 Ictu
861 2417 1105 2486 prosequi
1137 2433 1232 2485 par
1255 2427 1334 2471 est
1367 2439 1378 2472 :
1412 2419 1472 2471 iis
1498 2427 1703 2483 contra,
1741 2419 1829 2488 qni
1873 2419 1939 2471 ab
1971 2418 2096 2485 ipsis
2131 2418 2266 2472 adeo

701 2505 987 2561 crudeliter
1015 2515 1332 2574 mactantur,
1362 2508 1430 2562 ob
1456 2510 1667 2577 praemia
1695 2523 2022 2577 coronasque
2047 2509 2098 2561 in
2126 2509 2269 2562 czelis

702 2596 1005 2651 reconditas
1029 2599 1277 2668 gratulari
1304 2599 1572 2664 convenit,
1603 2609 1760 2669 atque
1790 2598 1891 2653 hoc
1909 2599 2192 2652 maximum
2217 2607 2270 2650 et

700 2685 1175 2742 luculentissimum
1212 2689 1382 2743 letalis
1413 2690 1576 2758 plagae
1620 2689 1830 2744 diabolo
1861 2688 2073 2743 inﬂicta:
2107 2703 2264 2757 argu-

702 2786 936 2830 mentum
964 2778 1267 2833 existimare
1314 2777 1445 2832 Nam
1474 2779 1570 2832 nisi
1596 2779 1683 2833 ille
1719 2778 1876 2834 letale
1904 2779 2091 2832 vulnus
2115 2792 2267 2831 acce-

703 2869 888 2938 pisset,
915 2867 1320 2938 haudquaquam
1352 2887 1444 2937 per
1468 2885 1579 2935 eos,
1609 2871 1695 2940 qui
1743 2871 1836 2939 ipsi
1879 2870 2265 2939 obtemperant,

703 2967 880 3013 tantos
899 2957 1051 3013 flatus
1076 2959 1328 3014 edidisset
1378 2959 1500 3014 lla-c
1531 2961 1688 3030 igitur
1707 2960 1883 3014 omnia
1911 2969 2083 3014 tecum
2109 2975 2267 3029 repu-

703 3057 844 3116 tans,
870 3048 1082 3104 domine
1110 3050 1180 3103 mi
1220 3065 1554 3120 summopere
1592 3050 1899 3106 admirande
1922 3092 1937 3116 ,
1985 3051 2267 3104 maximam

704 3139 829 3195 liinc
851 3141 1266 3196 consolationem
1297 3156 1447 3210 cape,
1471 3140 1652 3210 deque
1675 3152 1760 3195 tua
1790 3141 2090 3195 valetudine
2112 3155 2269 3210 quam

702 3231 994 3302 sepissime
1023 3231 1088 3286 ad
1109 3247 1205 3286 nos
1233 3233 1426 3286 scribe.
1450 3232 1657 3286 Etenim
1663 3242 1742 3296 Je
1767 3231 1979 3301 quidem
2011 3247 2232 3286 cernere
2252 3272 2266 3298 ,

703 3331 860 3392 atque
887 3322 1026 3377 istud
1070 3322 1224 3377 nobis
1259 3337 1439 3376 carum
1479 3333 1636 3391 caput
1675 3323 1956 3392 complecti
1987 3324 2266 3390 cupimus:

702 3412 950 3481 quoniam
978 3423 1153 3467 autem
1182 3413 1232 3468 id
1253 3414 1468 3468 minime
1491 3414 1632 3476 licet,
1657 3424 1707 3468 te
1732 3429 1826 3468 oro
1851 3423 2008 3484 atque
2026 3415 2269 3480 obsecro,

709 3514 764 3558 ut
785 3517 838 3561 et
860 3506 972 3576 ipse
997 3507 1065 3562 de
1097 3516 1180 3561 tua
1215 3506 1517 3561 valetudine
1557 3522 1654 3561 nos
1681 3507 1869 3562 crebro
1901 3508 2157 3562 certiores
2195 3507 2273 3560 fa-

706 3598 835 3661 cias,
864 3608 916 3652 et
937 3599 1000 3652 iis
1026 3599 1112 3666 qui
1140 3599 1288 3652 valde
1307 3615 1404 3654 nos
1429 3609 1604 3654 ainant
1625 3641 1639 3666 ,
1669 3615 1910 3670 magnam
1941 3599 2007 3654 ad
2031 3601 2272 3655 eamdem

707 3703 818 3742 rem
840 3687 1138 3744 facultatem
1166 3689 1355 3744 afferas
1379 3691 1416 3741 ί.

703 3840 798 3900 XC
809 3841 900 3896 γι.
942 3845 1226 3914 Ampruclw
1252 3847 1547 3899 diaconissw
1571 3855 1718 3914 atque
1759 3846 1862 3898 illis
1887 3860 2000 3914 qua
2027 3861 2137 3897 cum
2168 3845 2279 3912 ipsa

1125 3948 1261 3992 aunt.
1284 3935 1302 4009 (
1318 3938 1522 3992 Cucuso
1544 3952 1683 3991 anno
1697 3937 1824 3994 404.
1837 3934 1868 4008 ).

780 4065 992 4120 Fluctus
1016 4107 1030 4129 ,
1073 4067 1286 4134 rupibus
1326 4067 1483 4134 illisi,
1512 4083 1602 4122 eas
1629 4068 1838 4136 quidem
1878 4082 1976 4122 nec
2020 4066 2278 4121 tantillum

703 4171 1045 4224 commovere
1077 4166 1293 4225 possum
1314 4199 1329 4222 ,
1362 4158 1461 4227 ipsi
1486 4168 1662 4212 autem
1684 4173 1799 4212 sese
1826 4157 1998 4226 potius
2021 4157 2090 4212 ob
2115 4155 2279 4211 vehe-

707 4256 936 4301 mentem
965 4249 1214 4316 impetum
1250 4249 1496 4318 frangunt
1516 4264 1577 4303 ac
1605 4249 1672 4304 de
1694 4250 1866 4303 medio
1893 4249 2100 4302 tollunt.
2129 4247 2278 4315 Quod

707 4340 863 4393 etiam
898 4353 1033 4392 nunc
1065 4339 1116 4392 in
1144 4339 1310 4402 vobis,
1339 4349 1391 4394 et
1415 4341 1463 4393 in
1490 4342 1551 4394 iis
1571 4344 1656 4410 qui
1680 4342 1829 4395 vobis
1851 4341 2066 4394 insidias
2091 4340 2279 4395 frustra

707 4430 1014 4494 moliuntur,
1040 4430 1260 4498 perspici
1284 4438 1470 4499 potest.
1495 4431 1698 4486 Etenim
1722 4432 1844 4486 hinc
1870 4431 2018 4487 vobis
2041 4441 2096 4488 et
2117 4431 2284 4501 major

714 4517 851 4588 apud
878 4519 1039 4573 Deum
1069 4517 1256 4573 fiducia
1280 4529 1334 4574 et
1351 4521 1517 4591 major
1535 4523 1672 4590 apud
1695 4523 1936 4578 homines
1952 4523 2116 4592 gloria
2139 4537 2284 4577 com-

718 4618 932 4675 paratur
957 4649 973 4672 ,
1029 4610 1129 4663 illis
1167 4622 1349 4664 contra
1391 4613 1757 4668 condemnatio
1796 4623 1851 4667 ct
1895 4615 2180 4682 ignominia
2231 4622 2285 4668 et

715 4699 985 4767 probrum.
1009 4700 1439 4770 Quandoquidem
1461 4718 1520 4757 ea
1552 4719 1760 4773 quoque
1783 4706 1991 4759 virtutis
2015 4715 2068 4760 et
2091 4707 2287 4775 impro—

715 4789 896 4844 bitatis
925 4801 1107 4844 natura
1134 4801 1231 4855 est,
1257 4802 1313 4846 ut
1334 4793 1418 4846 illa
1449 4801 1558 4847 tum
1590 4797 1755 4865 magis
1779 4795 1982 4860 floreat,
2005 4811 2121 4850 cum
2149 4798 2286 4852 bello

715 4891 937 4936 vexatur
965 4901 976 4935 :
1009 4884 1122 4938 haec
1143 4894 1345 4949 contra,
1373 4887 1529 4940 etiam
1552 4902 1672 4940 cum
1701 4888 1891 4941 bellum
1915 4889 2091 4953 infert,
2122 4891 2283 4944 imbe-

713 4974 885 5028 t-illior
896 4975 1164 5041 reddatur,
1179 4987 1336 5046 atque
1356 4977 1453 5031 bac
1474 4978 1698 5033 maxime
1717 4980 1918 5035 ratione
1937 4982 2284 5050 opprimatur.

717 5062 847 5117 Cum
889 5064 1044 5134 igitur
1081 5083 1145 5120 ex
1188 5067 1252 5121 iis
1277 5083 1394 5137 qua:
1440 5065 1570 5121 ﬁunt
1607 5069 1869 5138 ingentem
1911 5071 2287 5126 consolationis

717 5169 899 5209 ansam
949 5157 1185 5211 habeatis
1211 5198 1228 5224 ,
1273 5158 1494 5228 gaudete
1537 5173 1600 5213 ac
1641 5160 1888 5215 laetamini
1919 5203 1935 5228 ,
1983 5162 2320 5232 fortiterque.

721 5247 876 5315 agite.
921 5246 1102 5317 Neque
1149 5249 1287 5301 enim
1314 5264 1409 5302 vos
1432 5248 1600 5318 fugit,
1649 5251 1960 5320 quibusnam
2008 5253 2287 5321 propositis

726 5338 952 5404 praemiis
981 5339 1045 5393 ad
1077 5347 1181 5393 tam
1225 5354 1381 5408 grave
1410 5350 1674 5395 certamen
1728 5359 1821 5396 vos
1860 5344 2160 5397 accinxistis
2190 5386 2203 5403 .
2236 5354 2290 5398 ct

726 5443 965 5497 quamam
995 5445 1109 5496 vos,
1140 5431 1184 5483 si
1211 5446 1270 5484 ea
1299 5446 1415 5500 quae
1441 5431 1681 5486 accidunt
1712 5433 1920 5488 fortiter
1943 5443 1995 5488 et
2020 5448 2138 5487 cum
2165 5450 2286 5504 gra-

790 5559 804 5630 ξ
838 5566 1039 5630 _neg.....
1063 5560 1256 5630 obsecro
1277 5568 1328 5630 ut
1348 5570 1391 5630 et
1409 5575 1508 5630 ipse
1531 5563 1696 5630 crebro
1717 5565 1782 5615 ad
1804 5577 1886 5613 nos
1916 5564 2099 5630 scribas
2119 5564 2181 5630 de
2209 5571 2291 5630 tua

728 5617 1283 5694 ualetudine.het‘quulent_
1304 5617 1573 5694 istic'ritt‘tm
1597 5625 1822 5694 degrashet
1843 5640 1934 5694 qua
1951 5625 2001 5674 in
2023 5624 2292 5675 (εδιὶηιηιὶο-

726 5691 784 5751 ne
806 5690 849 5728 et
872 5682 1117 5732 alacritate
1139 5683 1241 5751 sis:
1265 5685 1313 5733 in
1336 5686 1420 5751 tali
1439 5684 1565 5751 enim
1586 5682 1838 5751 solitudine
1855 5682 2060 5751 viventes
2083 5699 2172 5735 non
2191 5699 2290 5751 me-

727 5750 939 5812 diocrem
957 5747 1314 5812 commotionem
1339 5747 1646 5809 tucrabimur,
1678 5747 1719 5798 si
1743 5748 1825 5799 has
1852 5749 1909 5799 de
1929 5756 2008 5798 tua
2032 5747 2290 5800 reverentia

724 5805 892 5852 literas
915 5805 1248 5863 acceperimus.

1401 389 1456 451 S.
1498 389 1773 451 JOANNIS
1809 387 2278 448 CIIRYSOSTOII
2314 386 2628 445 ABClllEP.
2670 390 3197 448 CONSTANTINOP.

3843 395 3945 452 860

2377 510 2567 565 tiarum
2597 511 2806 567 actione
2831 512 3052 570 tuleritis
3075 555 3090 579 ,
3131 513 3266 568 bona
3295 523 3578 580 maneant,
3613 528 3676 568 ca
3705 513 3902 568 scilicet
3927 547 3944 571 ο

2371 619 2488 673 qua:
2515 618 2613 659 nec
2651 603 2838 660 oculus
2859 605 2988 660 vidit
3009 645 3025 670 ,
3071 620 3168 658 nec
3203 606 3348 661 auris
3382 605 3622 671 audivit,
3648 618 3749 660 nec
3779 604 3829 659 in
3852 619 3949 660 cor

2371 691 2600 749 hominis
2623 695 2975 750 ascenderunt
3005 695 3096 765 (l.
3126 695 3244 750 Cor.
3268 696 3319 749 2.
3349 696 3441 766 9).
3473 699 3646 767 Atque
3688 695 3950 750 molestia

2369 785 2582 854 quidem
2606 786 2709 842 illa
2729 787 2918 853 fluunt,
2946 802 3008 842 ac
3032 788 3185 842 simul
3207 803 3327 844 cum
3346 792 3592 859 presenti
3615 791 3717 845 vita
3743 791 3949 846 exstin-

2369 884 2598 943 guuntur
2625 893 2639 930 :
2669 877 2881 945 przemia
2909 892 3036 932 vero
3061 891 3124 933 ea
3146 920 3161 943 ,
3190 894 3307 948 qua:
3335 878 3456 935 hinc
3477 890 3856 950 comparantur
3874 921 3890 944 ,
3919 895 3946 932 a

2372 978 2544 1023 morte
2580 967 2750 1024 aliena
2793 979 2932 1024 sunt.
2965 969 3103 1040 Quin
3130 971 3290 1026 etiam
3319 980 3443 1027 ante
3484 987 3548 1028 ea
3593 973 3809 1041 premia
3836 987 3947 1026 non

2374 1074 2588 1129 parvam
2619 1059 2743 1115 hinc
2785 1075 2994 1129 quoque
3025 1063 3347 1132 voluptatem
3393 1065 3660 1134 percipitis
3685 1104 3703 1129 ,
3747 1065 3950 1135 quippe

2369 1167 2502 1220 Quas
2530 1153 2679 1206 boum
2720 1154 3056 1209 conscientia:
3081 1169 3201 1224 spes
3226 1197 3240 1219 ,
3291 1171 3355 1210 ac
3383 1171 3700 1211 coronarum
3732 1157 3941 1211 illarum

2369 1243 2694 1312 exspectatio
2715 1252 2911 1309 pascat.
2945 1243 3066 1299 Hac
3087 1259 3244 1314 porro
3265 1245 3357 1300 tibi
3379 1256 3502 1300 ante
3523 1246 3708 1300 literas
3738 1255 3952 1300 nostras

2370 1337 2495 1386 nota
2520 1345 2660 1397 esse,
2689 1348 2792 1387 non
2821 1349 2905 1388 me
2929 1333 3095 1404 fugit:
3122 1350 3327 1399 verum,
3349 1344 3407 1389 ut
3435 1337 3726 1405 longiorem
3751 1336 3952 1404 episto-

2373 1421 2476 1477 lam
2519 1423 2786 1480 efficerem
2818 1466 2834 1492 ,
2881 1425 3301 1480 cobortationem
3344 1427 3585 1496 produxi.
3635 1425 3775 1481 Illud
3803 1425 3949 1480 enirn

2374 1514 2528 1582 plane
2560 1515 2672 1569 scio
2700 1556 2714 1579 ,
2749 1525 2799 1569 te
2826 1516 3024 1585 ingenti
3052 1516 3280 1586 quodam
3311 1517 3581 1572 literarum
3635 1525 3945 1571 nostrarum

2372 1604 2636 1660 desiderio
2676 1605 2842 1660 teneri
2869 1622 2884 1671 ;
2917 1605 3074 1675 idque
3099 1621 3272 1662 causa:
3300 1622 3418 1662 esse
3459 1616 3585 1676 puto
3609 1649 3624 1672 ,
3671 1622 3770 1660 cur
3798 1606 3953 1661 nobis

2372 1711 2438 1751 eo
2462 1698 2674 1751 nomine
2709 1696 2898 1752 crebro
2927 1711 3242 1753 succenseas
3271 1740 3286 1764 ,
3329 1697 3468 1766 quod
3501 1698 3674 1752 minus
3704 1712 3848 1766 saepe
3885 1697 3954 1751 ad

2373 1796 2425 1842 te
2443 1788 2834 1856 scripserimus.
2853 1787 3034 1858 Neque
3049 1790 3190 1843 enim
3211 1790 3550 1859 cupiditatem
3574 1801 3717 1844 tuam
3739 1791 3955 1859 explere

2373 1893 2690 1949 possumus,
2730 1880 2972 1948 quamvis
3014 1881 3170 1934 etiam
3218 1880 3452 1950 quotidie
3493 1880 3677 1935 literas
3721 1880 3952 1935 demus:

2372 1971 2492 2036 quia
2516 1984 2579 2024 ex
2597 1970 2835 2037 epistolis
2857 1971 3050 2024 nostris
3072 1970 3304 2040 pendere
3325 1971 3536 2025 videris.
3560 1971 3702 2026 Deus
3725 1970 3816 2026 tibi
3843 1982 3956 2025 tum

2375 2060 2426 2114 in
2459 2061 2557 2116 liac
2583 2062 2687 2115 vita
2710 2105 2725 2128 ,
2753 2071 2862 2116 tum
2902 2063 2953 2117 in
2984 2063 3159 2118 futuro
3182 2078 3296 2118 aevo
3323 2063 3545 2133 hujusce
3573 2079 3699 2134 erga
3732 2079 3830 2118 nos
3857 2080 3956 2118 ca-

2373 2153 2544 2206 ritatis
2564 2151 2863 2208 mercedem
2889 2152 3162 2223 rependat.
3190 2153 3297 2208 Nos
3316 2153 3530 2222 quidem
3551 2165 3722 2220 certe,
3748 2157 3959 2224 quoties

2372 2243 2561 2311 quibus
2585 2242 2773 2298 demus
2786 2254 3090 2308 occurrunt,
3122 2243 3186 2298 ad
3216 2253 3267 2298 te
3286 2243 3517 2299 scribere
3543 2244 3763 2300 minime
3785 2246 3957 2299 inter-

2373 2336 2629 2390 mittimus
2654 2353 2668 2388 :
2696 2349 2758 2389 ac
2799 2349 2930 2388 sane
2964 2349 3063 2389 nos
3099 2334 3243 2402 ipsos
3265 2349 3471 2388 summo
3497 2334 3758 2389 beneficio
3786 2333 3956 2388 affici-

2378 2441 2494 2480 mus
2517 2467 2532 2492 ,
2561 2441 2683 2481 cum
2727 2426 2780 2481 id
2821 2425 3044 2481 facimus
3065 2466 3081 2490 ,
3114 2435 3268 2496 teque
3311 2442 3468 2497 quam
3497 2425 3820 2482 creberrime
3861 2441 3959 2496 per

2375 2517 2554 2571 literas
2578 2517 2888 2571 salutantes.
2914 2516 3180 2587 Siquidem
3201 2518 3474 2572 caritatem
3500 2532 3640 2582 eam,
3670 2532 3828 2586 quam
3853 2532 3954 2571 no-

2377 2607 2458 2660 bis
2486 2609 2707 2676 primum
2735 2607 2960 2676 iniecisti
2986 2648 3000 2671 ,
3045 2617 3300 2676 perpetuo
3327 2608 3588 2677 vigentem
3618 2608 3958 2670 retinemus;

2377 2705 2435 2751 ut
2458 2698 2662 2752 etiamsi
2696 2699 2847 2752 nobis
2875 2698 3070 2752 diutius
3099 2698 3271 2752 adhuc
3295 2714 3323 2750 a
3355 2697 3506 2752 vobis
3533 2698 3723 2753 abesse
3743 2700 3960 2754 contin-

2375 2800 2483 2858 gat,
2515 2807 2582 2845 ne
2608 2791 2685 2845 sic
2704 2790 2914 2859 quidem
2938 2799 3110 2844 tamen
3139 2791 3250 2858 ipsa
3277 2789 3588 2844 imbecillior
3608 2790 3746 2844 effici
3776 2799 3962 2859 queat.

2377 2881 2582 2935 Etenim
2612 2882 2804 2951 ubique
2834 2895 2926 2933 vos
2955 2881 3129 2933 animo
3156 2878 3607 2945 circumferimns,
3635 2882 3832 2934 mentis
3858 2896 3956 2936 ve-

2376 2982 2500 3025 strm
2527 2971 2879 3025 constantiam
2923 2970 3292 3037 ingentemque
3322 2968 3686 3022 fortitudinem
3734 2969 3800 3021 ad
3843 2979 3962 3022 stu-

2377 3076 2556 3131 porem
2582 3075 2746 3129 usque
2768 3060 3042 3113 mirantes.
3059 3057 3411 3124 Quamobrem
3435 3058 3542 3126 ipsa
3566 3059 3756 3112 crebro
3775 3061 3841 3113 ad
3864 3073 3963 3112 nos

2383 3151 2450 3206 de
2476 3163 2559 3206 tua
2585 3152 3100 3219 domesticorumque
3137 3159 3342 3204 tuorum
3386 3149 3620 3202 omnium
3659 3149 3965 3204 valetudine

2378 3243 2551 3298 scribe
2571 3285 2584 3306 ,
2617 3258 2720 3311 quo
2753 3241 2873 3296 hinc
2913 3255 3120 3310 quoque
3149 3254 3390 3307 magnam
3420 3239 3839 3293 consolationem
3868 3253 3958 3293 ca-

2381 3349 2602 3405 ptumus.

2452 3468 2545 3523 XC
2559 3468 2683 3522 l'll.
2719 3467 2943 3539 Hypatio
2969 3468 3272 3538 presbytero.
3301 3467 3547 3537 (Cucuso
3571 3481 3713 3520 anno
3739 3464 3899 3536 405.)

2452 3605 2636 3670 Nosti,
2683 3604 2893 3659 domine
2923 3604 2992 3658 mi
3023 3601 3463 3658 reverendissime
3485 3641 3500 3667 ,
3532 3608 3786 3670 quantam
3816 3600 3966 3654 vobis

2382 3698 2705 3752 calamitates
2725 3711 2824 3764 επ,
2850 3711 2967 3765 qua:
2997 3695 3088 3748 Dei
3108 3708 3266 3749 causa
3291 3694 3608 3756 subeuntur,
3634 3689 3964 3755 mercedem,

2384 3797 2680 3857 quantaque
2708 3786 2921 3854 prmmia
2947 3793 2997 3839 et
3024 3791 3247 3853 quantas
3275 3795 3498 3835 coronas
3527 3781 3698 3834 ferant
3727 3799 3739 3833 :
3771 3794 3966 3848 quam-

2386 3879 2567 3932 obrem
2609 3876 2736 3928 nihil
2761 3889 2945 3929 eorum
2983 3888 3101 3942 qum
3125 3874 3256 3926 fiunt
3287 3881 3337 3925 te
3363 3869 3676 3933 conturbet,
3705 3869 3966 3938 siquidem

2386 3979 2478 4018 eos
2506 3963 2740 4025 demum,
2773 3960 2857 4029 qui
2885 3958 3138 4013 scelerate
3162 3955 3357 4025 aliquid
3385 3954 3598 4016 faciunt,
3629 3953 3815 4022 lugere
3839 3967 3967 4006 con-

2389 4055 2550 4108 venit.
2584 4053 2710 4106 Nam
2735 4054 2766 4106 ii
2792 4060 2935 4105 certe
2964 4058 3087 4104 sunt
3109 4049 3197 4118 qui
3223 4058 3500 4101 sescentas
3526 4046 3783 4099 adversus
3807 4051 3962 4112 caput

2383 4163 2538 4203 suum
2570 4161 2754 4216 pugnas
2781 4152 3091 4214 congerunt.
3119 4143 3198 4195 Tu
3230 4141 3385 4210 igitur
3409 4181 3425 4206 ,
3453 4148 3508 4192 ut
3535 4148 3586 4193 te
3609 4137 3829 4205 dignum
3857 4145 3962 4201 est,

2386 4257 2502 4295 eam
2533 4254 2686 4308 qualn
2714 4238 2982 4302 convenit,
3013 4233 3368 4288 fortitudinem
3396 4241 3584 4299 praesta
3614 4246 3627 4280 :
3657 4239 3818 4298 atque
3847 4227 3966 4280 illo-

2390 4348 2503 4385 rum
2534 4329 2748 4384 technas
2777 4337 2829 4381 et
2854 4325 3074 4380 insidias
3111 4323 3315 4377 facilius
3334 4362 3349 4387 ,
3380 4337 3538 4391 quam
3566 4334 3778 4374 aranea:
3809 4318 3964 4372 telam

2390 4423 2633 4489 discerpe
2665 4437 2678 4472 :
2706 4418 2878 4486 deque
2922 4423 3006 4469 tua
3036 4413 3337 4468 valetudine
3368 4426 3525 4482 quam
3564 4410 3857 4480 saepissime
3898 4408 3965 4463 ad

2391 4528 2488 4569 nos
2531 4511 2721 4568 scribe.
2753 4510 2934 4579 Magna
2966 4507 3107 4562 enim
3133 4547 3147 4570 ,
3178 4506 3231 4558 in
3257 4503 3425 4558 aliena
3470 4503 3597 4556 licet
3626 4502 3840 4571 regione
3867 4499 3964 4553 de-

2390 4615 2572 4676 gentes
2602 4619 2664 4659 ac
2684 4606 3075 4658 commorantes
3098 4639 3114 4664 ,
3145 4594 3558 4651 consolationem
3585 4593 3855 4661 capiemus
3874 4630 3892 4654 ,
3925 4589 3966 4643 si

2395 4694 2693 4768 huiusmodi
2721 4695 2816 4748 abs
2847 4702 2897 4748 te
2923 4691 3105 4746 literas
3128 4687 3469 4758 accipiamus.

2564 4828 2825 4886 XCVIII.
2857 4826 3148 4884 Chalcidia'.
3191 4821 3437 4894 (Cucuso
3465 4834 3605 4874 anno
3630 4817 3802 4887 404.)

2463 4969 2574 5024 Non
2606 4966 2806 5036 vulgari
2827 4964 3011 5018 dolore
3039 4961 3212 5016 affecti
3238 4975 3440 5022 sumus,
3467 4972 3588 5012 cum
3616 4965 3668 5012 te
3691 4966 3797 5010 tam
3821 4957 3973 5024 graVI

2395 5059 2580 5114 morbo
2607 5055 2772 5112 teneri
2803 5053 3123 5122 accepimus.
3149 5051 3266 5105 Seis
3287 5049 3458 5113 enim,
3486 5045 3821 5101 ornatissima
3850 5057 3966 5098 mea

2393 5168 2453 5206 ac
2471 5145 2861 5220 religiosissima
2876 5144 3108 5208 domina,
3130 5149 3326 5211 quanto
3337 5135 3648 5193 valetudinis
3669 5144 3773 5189 tua:
3791 5131 3970 5187 studio

2395 5257 2686 5301 teneamur.
2717 5237 3066 5308 Quamobrem
3090 5251 3156 5289 ne
3177 5247 3301 5287 cura
3322 5240 3373 5285 et
3393 5227 3744 5284 sollicitudine
3768 5225 3968 5280 cmcie-

2396 5354 2532 5400 mur,
2559 5352 2650 5406 per
2679 5331 2980 5402 quemdam,
3003 5328 3090 5397 qui
3117 5324 3318 5395 primus
3343 5322 3498 5375 istinc
3524 5318 3628 5372 huc
3649 5316 3850 5377 veniat,
3867 5315 3964 5369 hoc

2397 5430 2564 5497 ipsum
2595 5435 2648 5479 ut
2687 5424 2914 5476 sciamus
2939 5419 3093 5472 velim
3129 5428 3285 5469 cures
3308 5453 3323 5478 ,
3356 5411 3455 5465 ltoc
3483 5417 3567 5464 est
3592 5423 3715 5460 num
3748 5420 3964 5474 prorsus

2397 5520 2613 5577 morbus
2629 5515 2864 5570 sublatus
2884 5512 2973 5577 sit,
2991 5523 3051 5563 ac
3074 5519 3125 5563 tu
3146 5508 3363 5576 integra:
3382 5501 3587 5556 sanitati
3611 5497 3852 5552 restituta
3872 5497 3968 5552 sis.

2397 5614 2504 5669 Nec
2532 5610 2672 5667 enim
2699 5607 2936 5676 exiguam
2961 5645 2974 5667 ,
3005 5601 3164 5657 etiam
3192 5599 3245 5653 in
3268 5605 3376 5652 tam
3400 5593 3612 5650 deserto
3640 5591 3761 5645 loco
3782 5587 3967 5659 positi,

2400 5706 2718 5774 voluptatem
2763 5697 2997 5766 capimus
3019 5734 3032 5756 ,
3080 5706 3199 5746 cum
3230 5688 3298 5743 de
3345 5697 3428 5741 tua
3449 5727 3464 5752 ,
3512 5683 3615 5738 hoc
3650 5689 3733 5736 est

2407 5812 2504 5855 nos
2525 5770 2773 5852 amantis
2798 5832 2810 5858 ,
2856 5784 3153 5843 valetudine
3177 5780 3444 5850 animique
3480 5774 3747 5832 hilaritate
3773 5770 3973 5844 aliquid
