4216 6490
714 431 812 494 εει

717 536 1090 614 μανθάνωμεν.
1112 535 1296 588 Εἰδυῖα
1316 530 1490 584 τοίνυν
1519 528 1681 597 ήλίκα
1709 529 1840 597 ἡμῖν
1871 525 2070 597 χαρίζῃ
2091 519 2270 614 τοιαύ-

713 611 814 701 ⁴νην
837 628 1123 697 πέμπουσα
1142 620 1444 690 ἐπιστολὴν,
1462 619 1534 688 μὴ
1566 618 1856 687 μελλήσῃς,
1882 616 2013 685 μηδέ
2041 611 2268 682 ὑπερθῇο

714 719 828 774 ἀλλ’
870 717 1070 778 εὐθέως
1109 713 1264 767 τοῦτο
1302 713 1523 780 ποιῆσαι
1559 708 1956 780 παρακλήθητι,
1991 707 2056 758 ἵν’
2087 703 2272 770 ὥσπερ

715 809 810 863 νῦν
840 808 942 862 ὑπὸ
970 806 1068 877 τῆς
1112 805 1342 874 ἀθυμίας
1374 802 1627 871 συνέχεας
1656 801 1801 870 ήμᾶς
1834 799 1929 870 τήν
1966 795 2264 871 ἀρρωστίαν

715 898 963 958 είποῦσα,
1016 897 1185 958 οὕτως
1227 895 1322 964 τὴν
1366 895 1553 961 ὑγείαν
1593 891 1966 959 άπαγγείλεσα
2014 888 2111 956 τὴν
2150 886 2267 954 σὴν,

717 989 915 1059 πολλῆς
947 987 1090 1057 ἡμᾶς
1131 984 1504 1068 ἐμπλησθῆναι
1544 984 1770 1053 ποιήσῃς
1803 981 1899 1050 τῆς
1929 978 2137 1048 ἡδονῆς.

1109 1090 1258 1170 [647]
1298 1097 1409 1161 ίιθ.
1467 1094 1858 1161 Ἀσυγκριτίᾳ.

797 1191 949 1261 Ἐμοὶ
985 1192 1084 1259 μὲν
1131 1186 1591 1257 περισπούδαστον
1625 1185 1685 1236 τὸ
1719 1183 1953 1253 συνεχῶς
1985 1182 2111 1252 ὑμῖν
2149 1183 2270 1233 ἐπι-

718 1280 954 1334 στέλλειν
977 1295 993 1310 θ
1028 1278 1126 1346 τῆς
1160 1277 1268 1346 γάρ
1299 1275 1591 1336 διαθέσεως
1619 1273 1793 1342 ὑμῶν,
1825 1275 1918 1324 καὶ
1943 1273 2040 1340 τῆς
2067 1271 2270 1333 αἰδοῦς,

718 1372 808 1425 καὶ
833 1370 931 1438 τῆς
957 1369 1142 1438 τιμῆς,
1174 1369 1238 1436 ήν
1266 1367 1352 1421 ἀεὶ⁸
1387 1367 1511 1435 περὶ
1537 1366 1682 1434 ἡμᾶς
1707 1363 2070 1427 ἐπεδείξασθε,
2106 1365 2271 1415 ὄπου-

715 1477 820 1531 περ
853 1460 916 1512 ἂν
953 1455 1298 1526 ἀφικώμεθα,
1339 1455 1690 1509 ἐπιλαθέσθαι
1730 1455 1790 1506 οὺ
1833 1453 2123 1522 δυνάμεθα,
2156 1453 2272 1504 ἀλλ’

715 1549 907 1619 ιχομεν
936 1546 1085 1618 ὑμῶν
1118 1545 1376 1616 διηνεκῶς
1397 1546 1494 1612 τὴν
1523 1546 1741 1616 μνήμην
1767 1541 2112 1612 ἀκμάζουσαν
2140 1561 2274 1595 παν-

714 1639 876 1709 ταχοῦ
929 1638 1325 1711 περιφέροντες.
1383 1637 1444 1689 El
1491 1637 1548 1690 δὲ
1599 1637 1671 1706 μή
1720 1636 1905 1698 ὁσάκις
1947 1635 2274 1704 ἐϐουλόμεθα

714 1729 1149 1798 ἐπεστάλκαμεν,
1176 1727 1309 1780 ἀλλά
1356 1727 1666 1788 σπανιάκις,
1701 1726 1858 1778 τοῦτο
1886 1726 1946 1777 οὑ
1979 1727 2074 1794 τῆς
2106 1724 2270 1794 ῥᾳθυ-

717 1821 845 1890 μίας
863 1819 960 1888 τῆς
984 1819 1275 1889 ἡμετέρας,
1311 1818 1444 1872 ἀλλά
1469 1817 1570 1885 τῆς
1591 1817 1698 1869 τῶν
1727 1817 2066 1887 πραγμάτων
2098 1816 2271 1883 ἀνάγ-

714 1926 837 1976 κης.
872 1907 1082 1960 καὶτοῦ
1111 1907 1210 1975 τὴν
1238 1907 1352 1960 ὁδὸν
1377 1906 1574 1961 ἄϐατον
1621 1907 1918 1976 ὁδοιπόροις
1973 1901 2110 1960 εἶναι
2156 1907 2268 1962 νῦν.

712 1996 876 2050 Ταῦτ’
900 1994 992 2052 οὖν
1019 1999 1209 2060 είδυῖα,
1242 1998 1408 2067 κυρία
1441 2013 1539 2066 μου
1574 1997 1922 2066 κοσμιωτάτη
1945 1997 2039 2050 καὶ
2062 1997 2272 2063 εὐγενε-

713 2089 900 2158 στάτη,
935 2089 1027 2142 καὶ
1057 2088 1374 2158 γραφόντων
1407 2086 1583 2156 ήμῶν,
1605 2087 1700 2138 καὶ
1735 2088 2034 2154 σιγώντων,
2071 2089 2271 2158 ὁμοίιος

708 2175 945 2230 διάκεισο
993 2178 1118 2249 περὶ
1159 2177 1257 2247 τῆς
1301 2176 1609 2240 διαθέσεως,
1635 2178 1703 2247 ἢν
1720 2178 1806 2230 ἀεὶ
1843 2181 1971 2250 περὶ
2002 2183 2142 2250 ὑμᾶς
2182 2184 2274 2239 ἐπε

709 2263 1046 2336 εδειξάμεθα.

953 2391 1036 2450 ιν.
1077 2397 1393 2464 Μαρκιανιῦ
1425 2401 1520 2453 καί
1559 2403 2007 2468 Μαρκελλίνῳι.

779 2482 949 2536 Τοῦτο
977 2484 1068 2537 καὶ
1099 2487 1230 2556 ἡμῖν
1259 2488 1358 2557 τῆς
1387 2492 1602 2558 μακρᾶς
1633 2493 1789 2562 σιγῆς
1825 2493 1994 2546 αἴτιον
2035 2493 2264 2561 γίνεται,

706 2570 738 2625 δ
767 2574 860 2625 καὶ
892 2575 956 2644 τῇ
1008 2573 1252 2646 εὐγενείᾳ
1302 2581 1366 2646 τῇ
1431 2580 1692 2651 ὑμετέρᾳ·
1726 2581 1859 2635 ἀλλά
1896 2583 2050 2653 σιγῆς
2082 2584 2140 2636 οὑ
2171 2585 2268 2654 τῆς

707 2662 847 2718 κατά
885 2662 983 2728 τὴν
1014 2663 1256 2736 γνώμην,
1282 2666 1415 2720 ἀλ)ἀ
1442 2670 1539 2738 τῆς
1574 2672 1709 2724 κατά
1736 2673 1831 2742 τὴν
1865 2673 2128 2741 γλῶτταν.
2182 2675 2268 2739 Ὠς

704 2755 772 2823 τῇ
806 2751 1010 2824 διανοίᾳ
1053 2755 1143 2808 καὶ
1181 2756 1582 2828 ἐπιστέλλομεν,
1628 2763 1720 2813 καὶ
1779 2763 2268 2834 προσφθεγγόμεθα

707 2841 966 2911 συνεχῶς,
997 2842 1196 2913 μᾶλλον
1224 2845 1280 2898 δέ
1312 2845 1591 2916 διηνεκῶς,
1621 2849 1718 2920 τὴν
1755 2852 2145 2925 εὑγενεστάτην
2177 2856 2268 2908 καὶ

705 2929 1117 3003 δμμελεστάτην
1165 2934 1315 3002 ὑμῶν
1343 2933 1543 3006 ψυχὴν,
1577 2939 1668 2990 καὶ
1700 2941 2097 3012 ἐγκολάψαντες
2127 2946 2268 3017 ὑμᾶς

706 3025 784 3095 τῷ
816 3025 1098 3090 συνειδότι,
1129 3023 1398 3095 πανταχοῦ
1434 3029 1798 3099 περιφέρομεν
1819 3047 1831 3059 ·
1871 3031 2109 3086 τοιοῦτον
2161 3036 2268 3104 γάρ

705 3117 768 3168 τδ
801 3115 970 3183 φιλεῖν
999 3115 1253 3183 γνησίως.
1277 3115 1440 3168 Ταῦτ’
1473 3110 1564 3170 οῦν
1593 3116 1808 3185 ειδότες,
1841 3120 2017 3192 κύριοί
2043 3140 2144 3193 μου
2172 3141 2265 3177 πο-

705 3209 992 3283 θεινότατοι
1037 3209 1128 3260 καὶ
1178 3210 1514 3278 τιμιώτατοι,
1553 3212 1894 3266 ἐπιστέλλετε
1949 3215 2070 3285 μὲν,
2104 3217 2266 3286 ήνίκα

704 3295 771 3353 ἂν
810 3296 928 3366 ἐξῇ,
945 3295 1015 3348 τά
1042 3296 1285 3365 περὶτῆς
1314 3297 1522 3364 ὑγιείας
1558 3299 1654 3369 τῆς
1677 3302 1943 3377 ὑμετέρας
1961 3303 2264 3373 δηλοῦντες.

705 3387 971 3458 Θαρῤεῖτε
998 3386 1072 3450 δὲ,
1105 3386 1186 3439 δτι
1212 3388 1303 3439 καὶ
1332 3388 1602 3456 σιγώντων
1635 3392 1784 3460 ὑμῶν
1814 3395 1910 3464 τήν
1943 3395 2111 3466 αὑτὴν
2141 3398 2268 3468 περὶ

704 3475 805 3546 τῆς
828 3476 1044 3548 ἀγάπης
1064 3475 1214 3553 ὑμῶν
1243 3476 1418 3548 ψῆφον
1447 3480 1681 3551 οῐσομεν,
1707 3485 1773 3557 ήν
1799 3485 1890 3536 καὶ
1927 3487 2264 3554 γραφόντων,

704 3564 813 3622 ἀπὸ
839 3566 937 3636 τῆς
967 3563 1187 3636 γνώμης
1211 3564 1380 3620 ταῦτα
1405 3568 1760 3641 ψηφιζόμενοι
1782 3573 1882 3643 τῆς
1908 3576 2194 3648 ὑμετέρας.

1075 3706 1208 3757 PA'.
1240 3704 1477 3771 Σευήρῳ
1501 3707 1896 3776 πρεσϐυτέρῳ.

785 3815 973 3886 Ἡμεῖς
1018 3813 1117 3884 μιν
1149 3815 1324 3870 καίτοι
1372 3816 1565 3888 χωρίον
1610 3819 1942 3890 ἐρημότατον
1968 3821 2264 3892 οίκοῦντες,

705 3914 798 3971 καὶ
823 3913 1230 3983 ἐπεστάλκαμεν
1257 3913 1512 3978 πολλάκις
1546 3917 1681 3985 πρὸς
1710 3924 1808 3987 τήν
1832 3919 1928 3987 σὴν
1952 3921 2265 3989 ἐμμέλειαν,

705 4013 941 4074 καὶτοὺς
960 4012 1164 4064 ἐκεῖθεν
1189 4011 1612 4082 ἀφικνουμένους
1634 4017 1694 4066 οὑ
1715 4016 2000 4086 παυόμεθα
2033 4020 2268 4089 συνεχῶς

704 4111 1016 4181 ἐρωτῶντες
1050 4112 1176 4181 περὶ⁸
1226 4111 1322 4180 τῆς
1375 4112 1559 4177 ὑγείας
1588 4114 1686 4182 τῆς
1726 4116 1847 4182 σῆς.
1892 4117 2062 4182 Δὺτὸς
2090 4120 2145 4172 δὲ
2169 4121 2267 4174 οὑκ

701 4204 847 4273 οῐδα,
871 4209 987 4264 ἀνθ’
1007 4210 1128 4263 ὅτου
1161 4210 1385 4280 μανικὸς
1415 4212 1570 4281 ήμῶν
1598 4213 1766 4276 οὕτως
1794 4217 2024 4288 ἐραστὴς
2051 4219 2146 4282 ὢν,
2175 4222 2268 4273 καὶ

703 4313 902 4385 πολλὴν
953 4313 1202 4367 εὐκολίαν
1238 4312 1377 4383 ἔχων
1412 4315 1517 4368 τῶν
1569 4315 1802 4373 ἐνταῦθα
1845 4319 2265 4392 διακομιζόντων

701 4413 772 4467 τὰ
798 4414 1112 4483 γράμματα.
1142 4414 1297 4482 σιγᾷς
1317 4412 1459 4466 οὕτω
1488 4414 1702 4486 μακρὰν
1721 4420 1897 4488 σιγήν.
1946 4421 2084 4474 Ἀλλ’
2106 4425 2265 4494 ἡμεῖς

701 4512 764 4565 τὸ
793 4512 988 4582 θερμόν
1012 4531 1105 4566 σου
1141 4515 1233 4566 καὶ
1262 4515 1502 4583 γνήσιον,
1529 4513 1588 4567 τὸ
1617 4517 1903 4586 είλικρινές
1942 4520 2041 4589 τῆς
2084 4521 2263 4575 διαθέ-

703 4629 860 4677 σεως,
894 4613 923 4665 δ
958 4613 1084 4686 περὶ
1115 4615 1260 4684 ἡμᾶς
1294 4614 1383 4666 ἀεὶ
1425 4590 2054 4683 ἐπεδείξωξέννοοῦντες,
2085 4624 2174 4674 καὶ
2206 4624 2264 4674 ἐν

699 4717 766 4784 τῇ
799 4716 923 4784 σιγῇ
941 4716 1006 4784 τῇ
1031 4716 1218 4784 μακρᾷ
1242 4713 1499 4784 μεγίστην
1518 4715 1874 4786 καρπούμεθα
1899 4720 2260 4792 παράκλησιν.

701 4813 847 4882 Πλὴν
871 4812 1006 4866 ἀλλά
1032 4812 1332 4883 βουλόμεθα
1365 4815 1454 4866 καὶ
1494 4817 1832 4886 γραμμάτων
1870 4820 2104 4889 συνεχῶς
2131 4823 2265 4874 ἀπο-

699 4909 882 4964 λαύειν
923 4911 1030 4965 τῶν
1080 4912 1211 4976 σῶν,
1238 4912 1304 4966 τά
1333 4913 1582 4984 περὶτῆς
1611 4915 1820 4983 ὑγιείας
1858 4917 1954 4988 τῆς
2000 4919 2099 4986 σῆς
2134 4921 2262 4989 ἡμῖν

701 5011 1166 5087 ἀπαγγελλόντων,
1225 5015 1317 5066 καὶ
1374 5014 1409 5068 ἀ
1463 5017 1589 5085 παρ’
1645 5017 1842 5088 ἐτέρων
1899 5019 2258 5090 μανθάνομεν,

699 5109 873 5162 ταῦτα
905 5109 1054 5180 παρά
1097 5111 1194 5181 τῆς
1246 5112 1492 5182 γλώττης
1529 5113 1628 5183 τῆς
1664 5115 1783 5184 σῆς,
1809 5118 1900 5168 καὶ
1932 5117 2031 5186 τῆς
2081 5120 2260 5188 χειρὸς

699 5209 1030 5280 ἐϐουλόμεθα
1059 5211 1365 5280 μανθάνειν.
1405 5214 1552 5267 Ποίει
1588 5214 1652 5286 δή
1681 5214 1840 5267 τοῦτο
1870 5215 1962 5269 νῦν
2001 5218 2147 5285 γοῦν,
2174 5218 2261 5272 δέ·

700 5308 873 5361 αποτά
917 5326 1020 5376 μου
1057 5310 1381 5380 τιμιώτατε·
1417 5310 1569 5367 οἶσθα
1594 5315 1702 5386 γάρ
1730 5313 1895 5385 ήλίκα
1921 5318 2052 5385 ήμῖν
2074 5323 2256 5391 χαριῇ.

710 5405 797 5469 Ὦς
843 5410 1000 5478 ήμεῖς
1045 5411 1138 5464 καὶ
1177 5412 1498 5480 γράφοντες,
1548 5416 1640 5467 καὶ
1693 5414 1767 5486 μή
1820 5417 2138 5486 γράφοντες,
2196 5421 2257 5472 οὑ

701 5507 982 5577 παυόμεθα
1016 5511 1367 5581 μεμνημένοι,
1403 5514 1496 5565 καὶ
1525 5513 1621 5585 τὴν
1653 5515 1890 5587 ἀγάπην,
1919 5517 1984 5586 ἢν
2014 5517 2101 5571 ἀεὶ
2134 5519 2258 5587 περὶ

767 5660 1359 5744 ξχαιέοᾎέίαρκελλιανῷ.
1405 5663 1559 5742 Ραιξιο
1599 5674 1707 5744 pos}
1741 5668 1949 5744 poisjln.
1980 5676 2048 5744 "ri
2077 5669 2256 5743 διανοίᾳ

744 5723 878 5792 ἄλλον
898 5723 1118 5792 διηνεκῶς
1142 5726 1225 5792 τῂν
1264 5723 1695 5792 εὐγενεστάτῃν’καί
1718 5723 2082 5792 -ἒμμελεστάτῆν
2127 5723 2257 5792 ὑμῶν

801 5783 872 5844 ὴν,
892 5785 970 5832 καὶ
993 5783 1334 5848 ἐγκολάψαντες
1348 5787 1478 5848 ὑμῶν
1496 5788 1562 5850 τῷ
1585 5783 1827 5840 συνειδότι.

1345 423 1404 479 S.
1445 417 1726 476 JOANNIS
1761 407 2252 472 CHRYSOSTOUI
2289 407 2604 466 ARCUIEP.
2644 400 3186 464 CONSTANTINOP.

2376 517 2475 588 τήν
2493 519 2590 590 σήν
2609 516 2996 586 ἐπεδειξάμεθα
3024 510 3326 573 εὐλάϐειαν,
3354 505 3755 578 διατηροῦντες.
3777 503 3935 559 ὅπου·

2376 625 2481 679 περ
2525 609 2592 662 ἂν
2622 602 2790 678 ὦμεν.
2831 605 2991 675 Ἡμῖν
3008 604 3117 675 γὰρ
3148 602 3328 665 αὑτοῖς
3354 600 3421 654 τά
3468 599 3697 670 μέγιστα
3721 591 3944 669 χαριού-

2386 697 2524 768 μεθα
2551 695 2708 750 τοῦτο
2739 694 3034 757 ποιοῦντες.

2645 849 2796 921 [648]
2833 853 2963 904 PB'.
3005 847 3263 912 Θεοδότῳ
3289 845 3664 913 ἀναγνώστῃ.

2446 1009 2510 1060 Τί
2541 1009 2681 1077 φής;
2716 1006 2942 1060 Πλείονά
2991 1023 3072 1059 σοι
3103 1005 3208 1057 τῶν
3235 1002 3709 1074 προσδοκηθέντων
3744 1000 3814 1053 τά
3847 1000 3918 1052 κύ

2382 1119 2525 1170 ματα
2557 1099 2827 1169 ἐναπέστη
2856 1098 2969 1162 νῦν,
2995 1099 3087 1150 καὶ
3110 1097 3196 1150 διά
3230 1096 3386 1148 τοῦτο
3418 1096 3631 1162 άλγεῖς;
3661 1092 3758 1146 Διά
3784 1090 3947 1144 τοῦτο

2381 1193 2481 1261 μέν
2519 1186 2608 1243 οὖν
2650 1189 2781 1241 αὑτὸ
2811 1187 3020 1258 χαίρειν
3049 1187 3152 1258 χρὴ
3188 1187 3284 1240 καὶ
3317 1188 3562 1258 σκιρτᾷν.
3617 1185 3768 1236 Ἐπεὶ
3793 1183 3890 1235 καὶ
3918 1187 3948 1236 ὸ

2384 1284 2644 1355 μακάριος
2672 1280 2881 1344 Παῦλος
2909 1281 3080 1343 οὕτως
3124 1281 3312 1342 ἐποίει,
3348 1279 3442 1332 νῦν
3497 1278 3595 1350 μὶν
3621 1277 3794 1345 λέγων
3815 1292 3826 1304 ·
3861 1276 3946 1328 Οὐ

2375 1378 2566 1444 μόνον
2595 1371 2683 1435 δὲ,
2715 1372 2876 1427 ἀλλὰ
2898 1372 2994 1424 καί
3029 1370 3376 1438 καυχώμεθα
3402 1372 3472 1423 ἐν
3503 1368 3633 1433 ταῖς
3664 1369 3943 1434 θλίψεσι-

2378 1463 2472 1516 νῦν
2497 1462 2574 1528 δέ,
2613 1463 2693 1515 ὅτι
2727 1463 2916 1531 Χαίρω
2941 1461 3009 1514 ἐν
3029 1461 3150 1526 τοῖς
3182 1460 3493 1529 παθήμασί
3520 1458 3821 1528 μου.’οσῳ
3835 1457 3948 1526 γάρ

2377 1555 2443 1609 ἀν
2480 1556 2680 1625 μείζων
2715 1556 2808 1607 καὶ
2833 1555 3161 1625 τραχύτερος
3189 1556 3218 1605 ό
3247 1551 3451 1622 χειμὼν
3495 1550 3736 1618 γένηται,
3765 1546 3948 1601 τοσού-

2376 1661 2455 1712 τῳ
2485 1643 2683 1698 πλείων
2708 1644 2740 1712 ή
2781 1642 3040 1713 ἐμπορία,
3066 1641 3432 1712 λαμπρότεροι
3455 1641 3553 1709 τῆς
3584 1638 3864 1708 ὑπομονῆς
3895 1638 3946 1689 oi

2380 1735 2652 1804 στέφανοι,
2671 1734 2842 1788 πολλά
2863 1735 2934 1791 τά
2950 1734 3193 1805 βραδεῖα.
3242 1733 3392 1786 Ἐπεὶ
3421 1732 3514 1784 καὶ
3535 1730 3694 1792 αὐτὸς
3724 1728 3816 1782 σοῦ
3844 1729 3946 1798 μὲν

2377 1827 2560 1879 ἐνεκεν
2587 1825 2801 1896 θαρρῶ·
2837 1822 2951 1878 οῖδα
2982 1825 3087 1896 γάρ
3125 1840 3216 1876 σου
3245 1823 3307 1876 τὸ
3352 1823 3747 1892 ἀπερίτρεπτον
3764 1821 3814 1884 δ,
3850 1819 3946 1878 καὶ

2376 1915 2610 1980 ἀκλινὲς,
2633 1916 2726 1968 καὶ
2766 1915 3020 1985 στερρόν·
3049 1913 3158 1966 τῶν
3195 1913 3250 1966 δέ
3274 1910 3727 1965 ἐπιϐουλευόντων
3757 1910 3946 1964 ἕνεκεν

2375 2005 2525 2072 ἀλγῶ
2569 2006 2662 2059 καὶΙ
2708 2005 2944 2074 δακρύω,
2979 2004 3058 2055 ὅτι
3109 2001 3202 2064 οὓς
3248 2001 3351 2072 χρὴ
3397 2002 3454 2053 ἐν
3493 1999 3641 2064 τάξει
3673 1995 3810 2052 εἶναι
3836 1999 3946 2050 τῶν

2377 2095 2805 2167 θεραπευόντων,
2854 2095 2926 2146 τά
2970 2094 3078 2146 τῶν
3143 2091 3353 2162 ἐχθρῶν
3399 2091 3814 2143 ἐπιδείκνυνται.
3845 2088 3944 2142 Ἐν

2380 2203 2445 2254 με
2474 2185 2635 2238 λυπεῖ
2670 2185 2922 2255 μόνον,τδ
2947 2187 3042 2255 τῆς
3069 2183 3176 2238 τῶν
3203 2183 3493 2253 ὀφθαλμῶν
3524 2199 3617 2236 σου
3635 2181 3940 2243 ἀσθενείας.

2377 2267 2453 2330 ὧν
2485 2275 2580 2326 καὶ
2607 2274 2812 2344 σφόδρα
2845 2272 2979 2336 ἀξιῶ
3011 2272 3176 2325 πολύν
3233 2289 3290 2324 σε
3327 2271 3592 2329 ποιεῖσθαι
3637 2269 3812 2337 λόγον,
3859 2270 3946 2321 ία-

2372 2368 2521 2434 τροῖς
2548 2382 2606 2417 τε
2633 2363 3025 2434 διαλεγόμενον,
3057 2363 3150 2415 καὶ
3197 2363 3263 2414 τά
3295 2362 3442 2433 παρά
3481 2360 3674 2415 σαυτοῦ
3732 2376 3943 2414 ωνεια-

2375 2459 2628 2527 φέροντα.
2671 2457 2756 2519 Ὦς
2802 2456 2908 2508 τῶν
2957 2473 3017 2524 γε
3071 2455 3297 2524 θλίψεων
3331 2455 3438 2506 τῶν
3483 2453 3836 2523 ἐπαγομένων
3861 2466 3945 2504 σοι

2374 2551 2542 2619 (ὅπερ
2570 2547 2664 2600 καὶ
2695 2545 3004 2619 ἔμπροσθεν
3032 2542 3228 2613 εἶπον),
3265 2545 3424 2597 αὑτόν
3451 2562 3508 2597 τε
3537 2544 3749 2614 χαίρειν
3781 2542 3940 2609 diu},

2373 2642 2466 2692 καὶ
2510 2639 2618 2706 ἐγὼ
2649 2639 2706 2692 δέ
2742 2655 2822 2691 σοι
2858 2638 3173 2707 συνήδομαι.
3193 2632 3322 2690 Οἶδα
3354 2637 3461 2708 γάρ
3498 2637 3620 2698 ὅσος
3650 2637 3714 2688 ἐκ
3741 2633 3935 2687 τούτου

2371 2732 2610 2783 τίκτεται
2647 2747 2729 2782 σοι
2773 2729 2872 2798 τῆς
2918 2727 3192 2797 ὑπομονῆς
3221 2731 3249 2780 ό
3274 2727 3502 2798 καρπός.
3541 2726 3724 2796 Μηδὲν
3761 2721 3857 2778 οὖν
3883 2741 3943 2778 σε

2377 2822 2691 2891 θορυϐείτω,
2726 2819 2859 2890 μηδὲ
2907 2819 3220 2888 ταραττέτω
3269 2818 3377 2871 τῶν
3428 2816 3941 2887 παρεμπιπτόντων.

2379 2915 2472 2966 Ἐν
2510 2913 2618 2983 γάρ
2646 2913 2760 2964 ἐστι
2789 2909 3020 2980 χαλεπὸν
3049 2910 3285 2981 ἁμαρτία
3319 2910 3495 2980 μόνον.
3529 2909 3615 2972 ‘0;
3638 2909 3706 2962 τά
3721 2926 3781 2976 γε
3809 2909 3947 2964 ἄλλα

2375 3005 2548 3057 πάντα
2583 3003 2948 3073 άγρυπνοῦντί
2978 3019 3060 3055 σοι
3088 3003 3181 3054 καὶ
3201 3003 3418 3070 νήφοντι
3453 3001 3544 3054 καὶ
3577 2999 3782 3072 κερδῶν
3808 2999 3944 3052 ὑπό·

2373 3094 2518 3157 θεσις
2546 3095 2697 3147 ἔσται
2727 3095 2981 3164 μεγίστη,
3012 3092 3191 3144 καὶτὰ
3210 3092 3494 3162 ἀπόρρητα
3523 3089 3705 3145 ἐκεῖνα
3737 3090 3941 3157 ἀγαθά,

2371 3187 2438 3240 τά
2465 3187 2522 3238 ἐν
2556 3187 2669 3248 τοῖς
2695 3186 2959 3256 οὐρανοῖς,
2987 3184 3123 3254 μετά
3153 3182 3351 3251 πολλῆς
3375 3184 3510 3234 οῐσει
3543 3199 3622 3234 σοι
3655 3181 3756 3250 τῆς
3782 3180 3942 3251 δαψι-

2371 3277 2539 3340 λείας.
2568 3276 2833 3347 Τοιαύτην
2882 3275 3061 3328 τοίνυν
3107 3273 3228 3334 καθ’
3253 3274 3489 3342 ἑκάστην
3542 3275 3752 3344 ἡμέραν
3799 3290 3944 3344 πρα-

2371 3367 2774 3437 γματευόμενος
2811 3366 3212 3438 πραγματείαν,
3235 3369 3389 3434 χαῖρε
3407 3366 3499 3418 καὶ
3515 3366 3829 3435 εὐφραίνου,
3849 3363 3945 3418 καὶ

2376 3459 2612 3528 συνεχῶς
2653 3460 2784 3529 ἡμῖν
2811 3456 3142 3509 ἐπιστέλλειν
3179 3458 3253 3526 μὴ
3291 3457 3562 3509 κατόκνει.
3603 3455 3794 3524 Ἡμεῖς
3845 3455 3944 3527 μὶν

2374 3550 2481 3619 γάρ
2512 3567 2569 3602 σε
2618 3548 2914 3619 βουλόμεθα
2948 3549 3042 3602 καὶ
3063 3591 3068 3598 .
3090 3546 3208 3617 μεθ’
3237 3547 3394 3617 ἡμῶν
3413 3541 3581 3599 εἶναι’
3607 3545 3720 3598 ἀλλ’
3755 3546 3943 3612 ἐπειδὴ

2372 3641 2468 3710 οὺχ
2503 3633 2654 3709 ήτοῦ
2689 3639 2954 3709 χειμῶνος
2986 3638 3102 3709 ὥρα
3134 3638 3317 3708 μόνον,
3355 3636 3488 3693 ἀλλά
3536 3637 3626 3689 καὶ
3655 3638 3688 3706 ή
3726 3635 3819 3688 τοῦ
3855 3635 3941 3689 0&-

2377 3749 2500 3799 ρους
2525 3732 2723 3801 ὁμοίως
2750 3731 2896 3783 ἐστὶν
2937 3729 3199 3802 ἐπαχθὴς,
3243 3729 3526 3800 ἐδείσαμεν
3555 3732 3633 3792 εἰς
3671 3730 3847 3798 ἀέρων
3882 3745 3941 3780 σε

2371 3822 2702 3893 δυσκρασίαν
2731 3822 3009 3892 ἐμϐαλεῖν,
3047 3821 3280 3891 μάλιστα
3307 3821 3393 3874 διὰ
3420 3821 3478 3874 τὸ
3511 3823 3618 3874 τῶν
3643 3821 3940 3891 ὀφθαλμῶν

2375 3914 2564 3976 πάθος.
2602 3915 2798 3984 Ἔργον
2827 3914 3002 3966 τοίνυν
3029 3914 3391 3983 ποιησάμενος
3421 3913 3480 3966 τὸ
3506 3913 3704 3985 πολλὴν
3729 3912 3943 3976 τούτοις

2377 4007 2670 4076 προσάγειν
2700 4007 2797 4074 τὴν
2839 4007 3174 4075 ἐπιμέλειαν,
3209 4008 3301 4060 καὶ
3347 4008 3474 4076 περὶ
3521 4007 3744 4069 τούτων,
3778 4007 3942 4077 ήνίκα

2375 4096 2440 4149 ἂν
2472 4094 2709 4163 συνεχῶς
2745 4098 2874 4166 ήμῖν
2903 4095 3236 4168 ἐπιστέλλῃς,
3270 4091 3450 4168 δήλου,
3474 4098 3587 4165 εἴγε
3615 4097 3715 4151 κᾶν
3745 4098 3942 4168 μικρὸν

2373 4186 2592 4254 ἄμεινόν
2614 4202 2692 4237 σοι
2714 4184 3044 4245 διατεθεῖειν.
3070 4187 3154 4238 ἶνα
3175 4188 3265 4239 καὶ
3287 4188 3350 4239 ἐκ
3369 4189 3621 4242 τοσούτου
3642 4188 3942 4259 καθήμενοι

2371 4273 2753 4344 διαστήματος,
2790 4273 2987 4342 πολλὴν
3011 4274 3104 4326 καί⁸
3135 4273 3379 4328 ἐντεῦθεν
3405 4276 3824 4347 καρπωαώμεθα
3842 4277 3940 4350 τὴν

2371 4365 2729 4437 εὐφροσύνην.

2423 4527 2555 4580 Pl”.
2601 4528 2966 4599 Ἀμπρούκλῃ
2998 4529 3253 4599 διακόνῳ
3281 4532 3532 4598 καί-ταῖς
3562 4534 3681 4587 σὺ»⁸
3705 4534 3882 4604 αὐτῇ.

2443 4683 2656 4754 Μακρῷ
2691 4685 2786 4754 μὲν
2815 4683 3112 4754 διῲκισμαι
3136 4684 3214 4753 τῷ
3244 4687 3408 4754 μήκει
3429 4687 3526 4758 τῆς
3541 4686 3658 4740 ὁδοῦ
3675 4688 3772 4757 τῆς
3801 4687 3941 4759 ὑμε-

2371 4774 2536 4842 τέρας
2564 4774 2892 4842 τιμιότητος,
2922 4773 3019 4836 τάς
3038 4775 3095 4828 δὲ
3131 4774 3495 4844 ἀνδραγαθίας
3525 4777 3676 4847 ὑμῶν
3701 4779 3796 4832 καὶ
3838 4778 3939 4843 τάς

2371 4862 2648 4932 ἀριστείας
2694 4864 2802 4916 τῶν
2837 4865 3115 4934 παρόντων
3168 4867 3269 4920 οὑκ
3306 4867 3524 4921 ἔλαττον
3583 4869 3803 4939 ἔμαθον,
3842 4871 3938 4926 καὶ

2372 4955 2573 5025 σφόδρα
2598 4956 2867 5025 συνήσθην
2906 4958 3034 5026 ὑμῖν
3065 4959 3162 5027 τῆς
3196 4959 3465 5029 ἀνδρείας,
3500 4960 3600 5030 τῆς
3635 4961 3933 5033 ὑπομονῆς,

2366 5047 2464 5115 τῆς
2485 5047 2884 5118 ἀπεριτρέπτου
2905 5047 3150 5119 γνώμης,
3185 5050 3278 5103 καὶ
3306 5054 3538 5123 στερρᾶς
3565 5053 3658 5106 καὶ
3692 5053 3934 5124 ἀδαμαν-

2367 5138 2515 5207 τίνης
2546 5138 2800 5201 διανοίας,
2817 5139 2914 5208 τῆς
2951 5139 3452 5212 ἐλευθεροστομίας,
3480 5145 3576 5214 τῆς
3597 5146 3928 5215 παρρησίας.

2367 5229 2466 5282 Διὰ
2497 5227 2670 5282 ταῦτα
2707 5229 3022 5300 μακαρίζων
3049 5231 3191 5301 ὑμᾶς
3211 5233 3269 5284 οὑ
3303 5233 3542 5303 παύομαι
3572 5235 3711 5304 ὑπέρ
3735 5251 3793 5288 τε
3820 5235 3932 5289 τῶν

2367 5322 2668 5392 παρόντων,
2713 5322 2850 5391 ὑπέρ
2889 5339 2950 5375 τε
2999 5324 3108 5377 τῶν
3167 5325 3460 5392 μελλόντων
3495 5327 3639 5396 ὑμᾶς
3679 5326 3933 5392 ὑποδέξα-

2367 5411 2488 5464 σθαι
2539 5411 2758 5480 ἀγαθῶν
2783 5413 2841 5465 ἐν
2874 5414 2950 5484 τῷ
2983 5414 3226 5485 μέλλοντι
3252 5417 3428 5474 αἰῶνι.
3457 5416 3568 5470 τῶν
3601 5418 3930 5489 ἀπορρήτων

2364 5505 2606 5570 ἐκείνων,
2653 5506 2746 5559 καὶ
2795 5509 2971 5561 πάντα
3001 5509 3125 5562 νοῦν
3153 5509 3245 5562 καὶ
3281 5508 3434 5578 λόγον
3471 5510 3925 5582 ὑπερϐαινόντων.

2363 5596 2574 5666 Σφόδρα
2613 5597 2669 5650 δὲ
2714 5600 2858 5667 ἡμᾶς
2900 5599 3176 5670 ἐλύπησας
3213 5603 3276 5656 ἐκ
3303 5603 3555 5658 τοσούτου
3587 5604 3926 5677 καθημένους

2425 5789 2453 5831 Ιι
2475 5791 2670 5845 Coisliu.
2693 5793 2746 5843 τὸ
2767 5794 3012 5860 ἄτρεπτον.
