4172 6490
298 581 577 641 audimus.
606 579 742 636 Cum
784 575 978 646 igitur,
1021 576 1273 642 quantam
1315 559 1576 623 a‘nobis,
1614 550 1897 627 epistulam

306 671 613 746 bujusmodi
636 670 873 732 mittens,
886 662 1107 737 gratiam
1136 660 1304 723 ineas,
1324 649 1416 710 tibi
1443 652 1510 705 sit
1538 645 1895 746 esploratum,

311 731 517 837 abiecta
566 759 711 817 omni
754 731 915 813 mora.
949 762 1005 811 et
1047 746 1384 808 cunctatione
1419 740 1577 797 velim
1623 731 1901 793 confestim

312 828 533 926 operam
572 851 670 908 des
692 890 708 915 ,
750 858 809 905 ut
847 838 1297 919 quemadmodum
1336 847 1480 892 nunc
1527 828 1770 886 nuntiato
1815 831 1907 879 tuo

312 922 528 1011 morbo,
550 942 747 1014 ingenti
782 937 1036 997 maestitia
1061 949 1159 991 nos
1196 925 1518 1005 perturbasti
1542 965 1561 993 ,
1589 922 1669 978 sic
1691 930 1904 975 rursum

314 1039 559 1097 nuntiata
585 1012 835 1100 sanitate,
861 1026 1060 1101 ingenti
1084 1038 1184 1082 nos
1211 1022 1482 1093 voluptate
1501 1012 1793 1085 compleas.

316 1168 520 1233 XCIX.
560 1171 875 1245 Asyncritic.
922 1164 1173 1240 (Cucuso
1195 1171 1363 1228 anno,
1388 1162 1450 1215 ut
1472 1158 1708 1229 putatur,
1738 1144 1907 1215 405.)

389 1307 535 1365 Nihil
556 1303 771 1378 quidem
794 1309 879 1358 est
904 1296 1049 1371 quod
1076 1292 1282 1361 malim,
1310 1303 1471 1363 quam
1498 1280 1785 1378 crebroad
1814 1290 1911 1378 vos

312 1399 559 1455 scribere
573 1369 601 1451 ἐ
629 1407 803 1465 neque
826 1369 968 1448 enim
995 1382 1381 1444 benevolentia
1404 1386 1598 1436 vestrae
1617 1384 1672 1431 et
1692 1369 1912 1429 honoris

313 1504 389 1547 ac
415 1486 749 1551 reverentia,
770 1496 929 1554 quam
950 1492 1163 1547 semper
1177 1473 1333 1531 nobis
1357 1465 1703 1541 pnstitistis,
1726 1474 1915 1534 quem-

317 1596 556 1652 cumque
576 1580 627 1635 in
660 1578 841 1633 locum
871 1572 1291 1645 proficiscamur,
1322 1562 1563 1621 oblivisci
1592 1567 1909 1632 possumus,

318 1690 510 1731 verum
540 1671 851 1729 memoriam
880 1666 1043 1722 vestri
1071 1670 1381 1734 perpetuam
1399 1666 1663 1718 tenemus,
1689 1660 1916 1718 eamque

319 1773 598 1837 recente.
627 1775 840 1833 semper
861 1775 925 1816 ac
946 1758 1232 1814 florentem
1255 1752 1452 1822 ubique
1471 1742 1913 1804 circumferimus.

320 1858 481 1929 Quod
507 1832 682 1913 sinon
708 1832 918 1925 quoties
944 1848 1224 1916 voluimus,
1251 1844 1345 1901 sed
1374 1854 1498 1899 raro
1524 1837 1591 1893 ad
1610 1849 1711 1891 vos
1738 1832 1919 1888 literas

328 1952 599 2014 dedimus,
619 1946 721 2003 hoc
735 1957 840 2001 non
862 1941 1179 2015 negligentia
1198 1945 1401 2004 nostra,
1424 1933 1517 1991 sed
1530 1944 1709 1987 rerum
1730 1937 1922 1982 neces-

324 2044 489 2100 sitate
514 2041 714 2096 factum
742 2046 846 2102 est,
865 2045 925 2093 et
951 2038 1073 2106 quia
1092 2030 1382 2088 viatoribus
1399 2028 1638 2084 clausum
1664 2022 1767 2077 iter
1782 2030 1923 2074 nunc

324 2133 418 2189 sit.
450 2130 576 2186 Haec
600 2130 758 2200 igitur
785 2143 906 2183 cum
933 2126 1025 2181 tibi
1051 2166 1067 2191 ,
1097 2118 1439 2177 ornatissima
1478 2130 1596 2171 mea
1622 2121 1678 2168 et
1705 2106 1925 2165 nobilis-

323 2226 466 2282 sima
494 2222 733 2290 domina,
761 2227 1039 2292 perspecta
1066 2216 1190 2283 sint,
1221 2214 1337 2268 sive
1358 2208 1681 2272 scribamus,
1711 2202 1823 2258 sive
1850 2200 1926 2256 si-

332 2317 561 2384 leamus,
588 2313 657 2369 de
680 2327 743 2369 ea
774 2308 1167 2373 benevolentia,
1192 2318 1352 2377 quam
1382 2314 1598 2371 semper
1617 2296 1770 2352 vobis
1799 2306 1925 2363 prte-

329 2406 583 2470 stitimus,
616 2402 809 2475 eodem
845 2400 1007 2457 modo
1030 2398 1308 2456 existimes
1333 2394 1513 2449 velim.

442 2522 500 2595 C.
532 2537 797 2592 Marciano
823 2543 869 2590 et
895 2532 1196 2589 Marcellino
1224 2531 1266 2583 ¹.
1295 2527 1548 2600 (Cucuso
1572 2536 1734 2588 anno,
1763 2528 1820 2575 ut

930 2633 1167 2697 putatur,
1194 2618 1366 2693 404.)

408 2769 610 2827 Eadem
637 2766 790 2822 nobis
815 2761 1145 2837 perdiuturni
1174 2758 1371 2816 silentii
1400 2755 1570 2812 nostri
1600 2765 1761 2809 causa
1805 2757 1887 2806 est
1909 2789 1925 2813 ,

334 2878 458 2934 quin
480 2862 640 2916 etiam
664 2860 815 2915 vobis
836 2877 850 2912 :
869 2871 1055 2913 verum
1078 2851 1381 2925 hujusmodi
1409 2847 1629 2915 silentii,
1652 2843 1792 2917 quod
1824 2858 1931 2898 non

337 2954 391 3007 in
424 2953 604 3006 animo
627 2994 641 3017 ,
673 2950 766 3005 sed
794 2950 847 3003 in
875 2948 1051 3018 lingua
1085 2942 1316 3015 positum
1360 2941 1449 2995 sit.
1499 2936 1632 2993 Nam
1662 2936 1844 2991 animo
1871 2948 1935 2988 ac

335 3045 613 3101 voluntate
639 3040 992 3098 nobilissimas
1023 3052 1087 3093 ac
1129 3033 1471 3093 suavissimas
1497 3031 1702 3087 animas
1732 3038 1936 3084 vestras

342 3141 561 3201 crebro,
595 3138 699 3190 imo
727 3140 981 3204 perpetuo
1014 3128 1306 3186 salutamus
1334 3168 1350 3193 ,
1381 3138 1587 3196 vosque
1616 3122 1671 3177 in
1713 3131 1933 3191 pectore

338 3238 531 3287 nostro
557 3226 852 3296 insculptos
876 3221 1074 3294 passim
1098 3215 1526 3275 circumferimus
1550 3231 1563 3267 :
1588 3227 1711 3268 nam
1739 3224 1803 3268 ea
1824 3208 1937 3263 veri

339 3340 407 3380 ac
452 3320 653 3378 sinceri
692 3318 891 3375 amoris
919 3323 1105 3372 natura
1134 3320 1237 3369 est.
1269 3310 1400 3366 Haec
1430 3309 1589 3380 igitur
1625 3318 1749 3361 cum
1784 3301 1939 3358 vobis

343 3416 630 3487 explorata
660 3412 799 3478 sint,
826 3409 1030 3466 domini
1060 3406 1164 3462 mei
1206 3402 1470 3462 carissimi
1504 3415 1572 3455 ac
1598 3393 1940 3455 reverendis-

348 3485 499 3573 simi,
530 3504 747 3561 scribite
775 3500 1013 3577 quidem,
1040 3497 1249 3569 quoties
1277 3493 1497 3550 facultas
1521 3490 1755 3556 dabitur,
1786 3501 1849 3542 ac
1874 3485 1943 3542 de

343 3611 522 3657 vestra
576 3595 877 3653 valetudine
921 3592 1182 3649 certiores
1208 3601 1307 3643 nos
1352 3586 1532 3642 facite.
1584 3581 1716 3637 lllud
1763 3586 1944 3633 autem

346 3693 502 3747 vobis
539 3687 855 3761 persuadete
876 3728 890 3752 ,
921 3699 1041 3749 nos,
1072 3680 1280 3739 etiamsi
1310 3677 1529 3734 tacentis
1550 3717 1563 3741 ,
1595 3674 1734 3730 idem
1764 3679 1945 3724 tamen

346 3784 416 3841 de
442 3794 617 3838 vestra
646 3782 867 3835 caritate
892 3777 1148 3847 judicium
1179 3773 1453 3829 habituros
1475 3783 1596 3826 esse
1616 3808 1630 3835 ,
1669 3764 1813 3838 quod
1845 3763 1942 3821 ha-

348 3876 600 3930 bebimus
628 3916 644 3939 ,
674 3874 718 3928 si
749 3870 997 3927 scribatis
1022 3887 1035 3923 :
1066 3869 1135 3924 ab
1160 3867 1340 3923 animo
1386 3863 1594 3921 scilicet
1620 3870 1801 3916 vestro
1829 3856 1947 3913 hac

349 3964 769 4037 perpendentes.

452 4098 549 4154 Cl.
588 4096 773 4152 Severo
808 4094 1109 4165 presbytero.
1146 4092 1162 4161 (
1193 4091 1273 4147 Ab
1300 4102 1440 4144 anno
1464 4087 1569 4143 404
1598 4086 1661 4141 ad
1692 4085 1795 4141 407
1821 4083 1861 4154 ).

426 4227 554 4295 Nos,
586 4230 686 4286 etsi
730 4227 1154 4283 desertissimum
1205 4224 1381 4279 locum
1433 4221 1748 4281 incolentes,
1806 4231 1949 4285 saepe

362 4334 543 4379 tamen
571 4326 637 4376 ad
665 4330 716 4376 te
745 4319 1077 4390 scripsimus,
1109 4329 1306 4386 eosque
1332 4315 1421 4385 qni
1455 4312 1609 4368 istinc
1640 4311 1861 4366 veniunt
1882 4309 1949 4364 de

355 4425 445 4470 tua
478 4413 783 4469 valetudine
805 4411 1062 4467 sciscitari
1093 4410 1311 4463 minime
1337 4408 1650 4465 desinimus.
1680 4404 1800 4460 Tibi
1824 4418 1950 4459 vero

354 4506 483 4579 quid
514 4518 688 4561 causze
718 4506 788 4560 sit
814 4504 996 4560 nescio
1021 4546 1034 4569 ,
1064 4502 1409 4573 quamobrem
1440 4542 1453 4565 ,
1484 4514 1603 4553 cum
1632 4509 1737 4551 tam
1760 4497 1951 4550 insano

358 4601 528 4657 nostri
556 4614 737 4654 amore
765 4599 955 4669 ﬂagres
980 4639 993 4661 ,
1025 4606 1184 4666 atque
1215 4593 1462 4664 perfacile
1500 4589 1730 4646 nancisci
1781 4588 1952 4658 possis

358 4693 551 4764 quibus
579 4691 762 4747 literas
790 4689 905 4755 des,
929 4688 1274 4757 perdiuturno
1300 4696 1475 4740 tamen
1500 4694 1739 4754 tempore
1768 4682 1949 4735 sileas.

364 4787 435 4841 At
462 4798 584 4840 cum
613 4797 711 4837 nos
734 4779 1120 4835 benevolentia:
1148 4777 1310 4843 illius,
1333 4791 1490 4846 quam
1517 4790 1643 4844 erga
1672 4788 1771 4829 nos
1805 4788 1952 4827 sem-

361 4893 461 4950 per
492 4890 602 4946 prae
630 4883 685 4929 te
725 4872 890 4927 tulisti
916 4912 929 4937 ,
972 4869 1238 4925 fervorem
1277 4882 1343 4923 ac
1368 4866 1728 4922 sinceritatem
1776 4866 1956 4919 animo

361 4966 807 5038 complectimur,
854 4960 1095 5017 etiamin
1147 4960 1304 5029 longo
1352 4958 1564 5013 silentio
1613 4970 1955 5027 permagnam

361 5058 786 5116 consolationem
846 5054 1107 5124 capimus.
1170 5051 1436 5109 Caeterum
1498 5049 1669 5104 literis
1738 5062 1955 5118 quoque

364 5152 471 5207 tuis
498 5162 738 5219 persaepe
768 5144 867 5200 frui
899 5143 1142 5214 cupimus
1166 5184 1180 5207 ,
1210 5142 1401 5212 quibus
1430 5140 1497 5195 de
1540 5147 1628 5193 tua
1656 5138 1958 5193 valetudine

363 5242 623 5298 certiores
650 5240 839 5291 fiamus
871 5253 884 5287 :
917 5250 1110 5305 eaque,
1144 5249 1263 5304 quae
1292 5234 1516 5287 aliorum
1543 5245 1792 5286 sermone
1818 5231 1958 5286 acci-

367 5335 544 5404 pimus
563 5374 579 5400 ,
609 5347 674 5387 ex
704 5340 792 5385 tua
817 5327 1018 5398 lingua,
1045 5335 1244 5397 tuaque
1270 5340 1427 5380 manu
1451 5323 1635 5379 audire
1660 5323 1955 5378 studemus.

365 5424 745 5496 Quamobrem,
776 5420 994 5477 domine
1019 5420 1092 5475 mi
1118 5418 1580 5481 reverendissime,
1606 5432 1744 5471 nunc
1770 5417 1958 5471 saltem

369 5519 474 5573 hoc
514 5515 675 5571 facias
718 5528 900 5583 quaeso
935 5532 947 5567 :
977 5512 1083 5567 scis
1111 5512 1253 5567 enim
1284 5525 1443 5580 quam
1475 5508 1631 5563 nobis
1677 5509 1775 5562 hac
1805 5508 1857 5561 in
1903 5523 1961 5562 re

368 5618 576 5682 gratum
606 5606 836 5661 facturus
862 5605 958 5659 sis.
1002 5602 1131 5658 Nam
1162 5603 1304 5672 quod
1343 5601 1410 5656 ad
1443 5614 1537 5655 nos
1576 5600 1801 5659 attinet,
1842 5598 1960 5652 sive

367 5700 669 5757 scribamus
695 5738 712 5766 ,
742 5697 855 5751 sive
895 5705 1163 5749 taceamus
1188 5734 1203 5759 ,
1232 5707 1519 5763 numquam
1552 5692 1626 5746 tui
1657 5690 1963 5745 meminisse

368 5791 663 5847 desinimus
687 5830 702 5856 ,
748 5801 973 5857 eamque
1000 5787 1276 5843 caritatem
1302 5827 1318 5855 ,
1364 5784 1516 5855 cujus
1556 5784 1649 5841 tibi
1688 5783 1962 5854 specimen

437 5907 456 5940 ι
492 5905 661 5965 vatim,
680 5902 1003 5954 Marcelliano.

2010 548 2335 620 prmbuimus
2356 588 2371 614 ,
2420 553 2758 616 quocumque
2784 537 2836 591 in
2878 530 3001 591 loco
3025 532 3195 587 simus
3218 571 3235 597 ,
3262 512 3611 583 conservare.

2004 644 2065 701 id
2092 644 2236 701 enim
2260 653 2383 697 cum
2412 637 2638 693 facimus
2664 674 2680 701 ,
2711 631 2781 687 de
2814 628 2971 685 nobis
3013 624 3176 683 etiam
3208 621 3424 693 ipsimet
3450 628 3614 690 quam

2008 739 2211 808 optime
2238 745 2525 790 meremur.

2174 870 2303 929 011.
2342 868 2607 931 Theodoto
2636 865 2833 921 lectori.
2862 862 2881 933 (
2907 862 3062 917 Anno
3092 857 3229 914 ferte
3257 852 3433 921 406.)

2084 1009 2220 1080 Quid
2238 1006 2351 1064 ais?
2369 1006 2556 1063 Plures
2575 1004 2625 1058 in
2646 1012 2697 1058 te
2715 1015 2858 1056 nunc
2872 1012 3030 1069 quam
3053 991 3404 1065 exspectabas
3423 988 3619 1045 ﬂuetus

2013 1102 2229 1161 excitati
2254 1108 2416 1164 sunt,
2451 1099 2521 1153 ob
2565 1096 2723 1166 idque
2766 1088 3152 1148 dlscruciaris'l
3193 1084 3305 1142 [mo
3332 1098 3463 1139 vero
3492 1081 3615 1137 ideo

2013 1195 2248 1267 gaudere
2300 1200 2355 1247 et
2402 1188 2672 1245 exsultare
2717 1182 2988 1240 convenit.
3040 1179 3174 1235 Nam
3220 1177 3382 1233 etiam
3427 1174 3618 1230 beatus

2016 1264 2212 1346 l’aulus
2241 1283 2308 1340 ad
2352 1281 2495 1337 hunc
2523 1277 2740 1335 modum
2788 1273 3058 1339 faciebat,
3096 1284 3240 1327 nunc
3285 1266 3501 1339 quidem
3535 1264 3621 1319 his

2016 1379 2195 1438 verbis
2224 1387 2379 1432 utens
2413 1392 2426 1427 :
2459 1371 2579 1427 Non
2608 1369 2777 1425 solum
2800 1375 2967 1421 autent
2987 1405 3003 1429 ,
3030 1362 3121 1419 sed
3145 1361 3297 1417 etiam
3338 1356 3621 1431 gloriamur

2016 1478 2069 1533 in
2098 1469 2498 1529 tribulationibus
2518 1467 2537 1538 (
2561 1465 2714 1521 Rom.
2744 1463 2796 1519 5.
2828 1462 2863 1518 3
2882 1460 2937 1532 );
2962 1473 3104 1514 nunc
3127 1465 3306 1512 autem
3336 1452 3441 1518 bis,
3474 1447 3621 1506 Gou-

2019 1570 2113 1626 deo
2130 1568 2188 1625 in
2209 1562 2528 1637 pensionibus
2548 1560 2670 1614 meis
2691 1555 2916 1629 (Coloss.
2942 1554 2993 1608 i.
3019 1550 3090 1606 24
3105 1548 3149 1623 ).
3172 1547 3303 1603 Nam
3325 1560 3431 1616 quo
3455 1542 3628 1613 major

2021 1660 2320 1719 etatrocior
2352 1661 2640 1725 tempestas
2668 1649 2851 1714 fuerit,
2882 1660 2948 1702 eo
2966 1657 3176 1716 quoque
3192 1640 3366 1710 major
3392 1646 3629 1709 quaestus

2022 1754 2126 1810 erit
2150 1793 2165 1817 ,
2218 1759 2274 1807 et
2316 1746 2635 1805 illustriores
2685 1738 2955 1813 patientia:
2999 1750 3249 1797 coronae,
3302 1728 3632 1801 praemiaque

2023 1846 2307 1919 ampliora.
2348 1839 2622 1913 Siquidem
2668 1836 2783 1907 ipse
2825 1845 3041 1903 quoque
3083 1828 3151 1884 de
3181 1836 3233 1882 te
3260 1827 3403 1881 bono
3447 1822 3633 1878 animo

2026 1914 2142 1996 sum
2171 1978 2186 2005 ,
2217 1945 2275 1991 ut
2315 1933 2406 2005 qui
2435 1930 2603 1988 animi
2628 1928 2703 1984 tui
2735 1925 3043 1982 firmitatem
3074 1927 3236 1991 atque
3262 1914 3625 1974 constantiam

2026 2003 2355 2101 exploratam
2382 2024 2607 2080 habeam
2635 2039 2648 2075 :
2672 2034 2729 2074 at
2753 2031 2942 2074 eorum
2962 2027 3144 2079 causa,
3177 2010 3265 2081 qui
3288 2008 3385 2064 tibi
3411 2003 3636 2063 insidias

2029 2099 2262 2194 struunt,
2300 2121 2459 2178 doleo
2488 2129 2541 2175 et
2568 2116 2916 2186 collacrymo,
2947 2108 3201 2165 nimirum
3233 2102 3377 2175 quod
3406 2101 3443 2157 ii
3469 2099 3637 2155 hosti-

2031 2222 2137 2277 lem
2169 2219 2221 2273 in
2249 2192 2301 2272 te
2324 2215 2558 2270 animum
2586 2216 2796 2281 gerant,
2824 2221 2855 2260 a
2881 2200 3077 2275 quibus
3107 2208 3159 2256 te
3186 2195 3290 2254 coli
3330 2192 3633 2266 oportebat.

2036 2313 2207 2370 Unum
2234 2317 2318 2365 est
2341 2304 2485 2378 quod
2514 2316 2748 2359 maerore
2792 2314 2879 2355 me
2904 2296 3071 2353 afficit
3092 2336 3111 2364 ,
3138 2306 3333 2364 nempe
3356 2287 3638 2346 oculorum

2033 2415 2244 2463 tuorum
2267 2398 2590 2460 invaletudo,
2618 2407 2846 2467 quorum
2878 2391 3038 2448 velim
3080 2400 3342 2444 summam
3373 2382 3637 2439 rationem

2036 2498 2254 2562 habeas,
2281 2493 2628 2563 medicosque
2658 2487 2908 2543 consulas
2928 2525 2943 2551 ,
2970 2492 3132 2555 atque
3159 2496 3224 2537 ea
3251 2492 3371 2550 quze
3399 2473 3641 2533 muneris

2038 2589 2114 2646 tui
2140 2596 2266 2644 sunt
2289 2584 2448 2642 simul
2479 2591 2721 2655 praestes.
2749 2579 2881 2636 Nam
2906 2576 2977 2634 de
2997 2575 3063 2632 iis
3076 2568 3493 2633 calamitatibus,
3521 2580 3642 2637 qua:

2039 2682 2133 2738 tibi
2176 2678 2479 2735 inferuntur
2501 2716 2517 2742 ,
2546 2682 2657 2730 tum
2695 2680 2748 2727 te
2772 2714 2787 2739 ,
2819 2678 2878 2725 ut
2907 2666 3055 2739 prius
3078 2665 3190 2737 jam
3218 2660 3329 2718 dlxi
3353 2701 3369 2727 ,
3407 2656 3645 2731 gaudere

2037 2774 2216 2845 cupio,
2246 2780 2357 2825 tum
2381 2766 2478 2823 tibi
2506 2765 2623 2837 ipse
2646 2762 2903 2835 gratulor.
2933 2757 3059 2816 Scio
3085 2756 3230 2812 enim
3260 2758 3493 2823 quantus
3513 2747 3644 2803 hinc

2041 2868 2133 2925 tibi
2163 2864 2433 2938 patientia
2453 2859 2657 2917 fructus
2677 2856 2903 2912 oriatur.
2924 2849 3287 2921 Quamobrem
3308 2844 3377 2901 da
3397 2855 3641 2914 operam,

2040 2978 2110 3020 ne
2137 2959 2263 3033 quid
2289 2974 2356 3015 ex
2384 2957 2450 3012 iis
2473 2969 2594 3026 quae
2621 2950 2871 3006 accidunt
2897 2954 2951 3001 te
2979 2947 3316 3001 commoveat
3339 2952 3405 2994 ac
3431 2944 3647 3007 perturo

2042 3027 2173 3123 bet:
2199 3051 2317 3107 Una
2361 3048 2504 3104 enim
2551 3046 2832 3100 dumtaxat
2862 3053 2949 3094 res
2986 3035 3212 3092 molesta
3241 3038 3326 3089 est
3346 3071 3363 3098 ,
3391 3027 3645 3084 nimirum

2042 3119 2341 3217 peccatum.
2388 3138 2522 3195 Nam
2567 3144 2762 3192 caetera
2801 3128 2978 3188 omnia
3002 3170 3019 3198 ,
3048 3128 3093 3183 si
3139 3122 3302 3181 modo
3329 3119 3643 3191 vigilantem

2042 3210 2108 3293 ac
2133 3234 2373 3291 sobrium
2418 3232 2655 3287 animum
2682 3228 2925 3300 praebeas
2947 3266 2963 3291 ,
2995 3220 3131 3278 lucri
3172 3230 3389 3291 quoque
3420 3210 3647 3282 amplis-

2045 3329 2235 3386 simam
2284 3324 2563 3380 materiam
2610 3317 3069 3391 suppeditabunt,
3119 3321 3279 3383 atque
3321 3320 3515 3363 arcana
3559 3301 3649 3358 illa

2051 3423 2185 3475 bona
2215 3461 2232 3487 ,
2252 3432 2376 3489 quae
2406 3417 2461 3471 in
2486 3414 2635 3472 caelis
2662 3396 2935 3468 recondita
2963 3417 3107 3470 sunt,
3139 3399 3511 3474 copiosissime
3553 3395 3651 3451 tibi

2046 3518 2345 3569 accersent.
2372 3506 2498 3564 Ideo
2518 3521 2640 3562 cum
2662 3506 2717 3560 in
2743 3499 3006 3574 ejusmodi
3033 3506 3242 3570 qumstu
3267 3489 3506 3566 quotidie
3526 3500 3651 3544 ver-

2048 3604 2183 3662 seris
2207 3646 2222 3669 ,
2252 3601 2426 3675 gaude
2451 3614 2514 3655 ac
2538 3600 2721 3654 laetare
2753 3613 2769 3651 :
2799 3604 2959 3665 atque
2989 3591 3056 3645 ad
3094 3603 3193 3645 nos
3222 3600 3367 3656 saepe
3411 3580 3653 3639 scribere

2050 3716 2119 3754 ne
2146 3696 2403 3769 graveris.
2435 3693 2596 3750 Certe
2637 3689 2915 3745 nobiscum
2950 3700 3073 3740 esse
3119 3693 3172 3739 te
3204 3679 3451 3750 cupimus
3480 3693 3495 3739 ς
3524 3674 3651 3745 quia

2051 3800 2230 3846 tamen
2261 3804 2364 3843 non
2399 3786 2570 3841 hiems
2597 3784 2915 3845 dumtaxat,
2966 3776 3059 3832 sed
3091 3775 3252 3831 etiam
3297 3781 3459 3829 testas
3501 3783 3654 3840 aeque

2053 3881 2145 3937 tibi
2173 3880 2349 3951 gravis
2375 3892 2439 3932 ac
2460 3875 2686 3931 molesta
2716 3882 2799 3928 est
2819 3912 2833 3936 ,
2868 3869 2997 3924 illud
3021 3866 3176 3923 veriti
3202 3878 3392 3921 sumus
3416 3903 3432 3928 ,
3463 3876 3533 3917 ne
3559 3869 3611 3915 te
3633 3897 3653 3927 ,

2052 3976 2123 4031 ob
2151 3974 2428 4029 oculorum
2470 3968 2769 4041 praesertim
2802 3965 3049 4020 morbum
3076 4004 3091 4031 ,
3120 3963 3173 4017 in
3198 3960 3341 4017 aeris
3379 3958 3653 4027 intempe-

2054 4069 2187 4124 riem
2216 4065 2627 4135 conjiceremns.
2658 4060 2787 4129 Quce
2832 4073 2955 4113 cum
2986 4058 3055 4111 ita
3080 4056 3187 4110 sint
3211 4094 3228 4120 ,
3250 4052 3319 4109 ad
3342 4065 3531 4107 eorum
3558 4064 3654 4104 cu-

2054 4176 2167 4217 ram
2193 4158 2351 4213 velim
2378 4170 2594 4225 operam
2622 4167 2834 4207 omnem
2866 4149 3123 4205 adhibeas
3156 4164 3168 4201 :
3200 4145 3270 4203 de
3292 4159 3467 4216 eoque
3485 4186 3500 4210 ,
3529 4159 3653 4199 cum

2056 4250 2277 4305 facultas
2303 4248 2428 4313 erit,
2459 4246 2651 4301 crebro
2678 4243 2742 4297 ad
2775 4257 2871 4297 nos
2897 4239 3135 4304 scribas,
3176 4247 3338 4308 atque
3372 4249 3502 4290 num
3544 4250 3658 4291 me-

2054 4342 2277 4399 liuscule
2296 4354 2414 4395 sese
2433 4338 2682 4401 habeant,
2703 4334 2993 4405 significes,
3018 4347 3144 4403 quo,
3162 4327 3494 4399 licetalioqui
3508 4336 3658 4383 tanto

2054 4436 2150 4491 abs
2178 4444 2229 4488 te
2257 4434 2493 4488 locorum
2517 4427 2796 4484 intervallo
2826 4425 3019 4490 dissiti,
3055 4437 3299 4494 magnam
3322 4429 3501 4477 tamen
3532 4418 3659 4475 hinc

2056 4527 2377 4597 voluptatem
2408 4522 2700 4591 capiamus.

2058 4642 2158 4697 CII
2171 4641 2216 4693 1.
2260 4638 2548 4708 Amputch
2585 4633 2881 4687 diaconissa:
2911 4630 3166 4701 ipsiusque
3208 4626 3492 4682 comitibus.
3516 4623 3657 4698 (Cu-

2608 4742 2737 4782 cuso
2766 4739 2906 4779 anno
2930 4724 3054 4778 404.
3080 4724 3098 4793 )

2134 4870 2248 4925 Etsi
2290 4868 2450 4935 longo
2504 4863 2708 4917 itineris
2752 4857 3034 4914 intervallo
3088 4872 3118 4910 a
3163 4855 3313 4911 vobis
3362 4854 3663 4924 disjunctus

2061 4977 2180 5017 sum
2207 5003 2220 5025 ,
2267 4968 2444 5012 tamen
2477 4955 2729 5025 prwclara
2758 4960 2811 5007 ct
2843 4950 2996 5004 fortia
3026 4958 3200 5003 vestra
3232 4947 3466 5001 facinora
3491 4988 3506 5011 ,
3554 4959 3660 4999 non

2062 5054 2239 5108 minus
2267 5064 2425 5119 quant
2458 5046 2545 5116 qui
2575 5046 2790 5108 adsunt,
2822 5041 3033 5111 cognita
3060 5049 3114 5094 et
3138 5038 3410 5110 explorata
3440 5035 3615 5090 habeo
3646 5052 3660 5089 :

2063 5146 2513 5211 vehementerque
2543 5138 2695 5192 vobis
2732 5136 2799 5190 de
2830 5135 2927 5187 hac
2972 5131 3284 5188 fortitudine
3306 5170 3324 5197 ,
3366 5128 3621 5199 patientia
3645 5164 3663 5193 ,

2063 5234 2387 5298 constantia,
2412 5240 2572 5299 atque
2594 5226 2928 5281 adamantina
2948 5222 3174 5293 quadam
3198 5221 3360 5274 animi
3384 5218 3666 5284 firmitate,

2064 5324 2422 5398 loquendique
2452 5322 2699 5376 libertate
2729 5334 2791 5371 ac
2834 5315 3025 5370 fiducia
3055 5313 3311 5383 gratulor.
3342 5312 3529 5380 quue
3564 5325 3665 5365 no-

2064 5421 2209 5475 mine
2237 5418 2426 5473 beatas
2455 5429 2551 5468 vos
2574 5411 2867 5482 praedicare
2896 5422 3001 5462 non
3026 5404 3216 5462 desino
3236 5446 3251 5468 ,
3289 5414 3400 5458 tum
3423 5403 3495 5459 ob
3525 5418 3662 5473 prte-

2065 5511 2236 5567 sentia
2257 5550 2272 5577 ,
2303 5518 2412 5563 tum
2438 5506 2507 5561 ob
2537 5521 2598 5560 ea
2630 5502 2766 5556 bona
2789 5516 2908 5570 qua:
2954 5514 3048 5553 vos
3079 5498 3131 5552 in
3177 5496 3357 5553 futuso
3400 5510 3518 5550 aevo
3566 5510 3661 5549 ex-

2067 5615 2285 5677 ceptura
2316 5610 2473 5665 sunt,
2508 5612 2703 5653 arcana
2734 5595 2821 5650 illa
2842 5634 2855 5657 ,
2904 5603 2959 5648 ct
2976 5606 3194 5647 omnem
3224 5590 3421 5645 mentis
3448 5594 3663 5657 captum

2069 5712 2132 5752 ac
2154 5693 2417 5752 sermonis
2438 5688 2742 5745 facultatem
2767 5682 3097 5740 excedentia.
3126 5680 3314 5752 Magno
3335 5687 3513 5732 autem
3541 5693 3660 5747 nos,

2073 5788 2162 5859 qui
2186 5797 2292 5841 tam
2319 5785 2477 5853 longe
2511 5798 2539 5836 a
2573 5790 2624 5837 te
2649 5778 2877 5849 sejuncti
2903 5788 3109 5841 sumus,
3138 5786 3371 5827 maerore
3395 5767 3617 5823 afl‘ecisti
3642 5807 3659 5831 ,

2074 5882 2217 5957 quod
2246 5895 2314 5938 ne
2339 5880 2574 5939 scribere
2601 5876 2817 5953 quidem
2842 5872 2909 5932 ad
2935 5883 3033 5929 nos
3071 5867 3285 5943 dignata
3318 5865 3413 5921 sis.
3459 5861 3663 5931 Quam-

3564 6080 3754 6092 -νη-α-σ
