4172 6482
673 419 776 481 668

669 549 826 606 quam
854 535 983 592 illud
1005 537 1116 592 scio
1136 577 1153 605 ,
1195 537 1330 591 istud
1357 521 1671 608 negligentia
1703 546 1791 592 tua
1821 537 2038 592 minime
2067 536 2237 590 conti-

671 628 814 694 gisse
849 641 865 692 ;
894 641 1014 681 nam
1053 627 1166 681 sive
1206 627 1407 682 scribas
1431 667 1446 693 ,
1494 629 1607 683 sive
1636 637 1838 691 taceas,
1889 627 2161 682 ardentem
2187 635 2242 682 et

676 717 939 770 sinceram
987 713 1194 786 fucique
1223 726 1494 785 expertem
1519 756 1535 780 ,
1585 731 1648 770 ac
1686 717 1890 771 firmam
1937 725 1992 771 et
2019 715 2238 770 solidam

672 816 813 860 tuam
842 820 964 875 erga
988 819 1073 861 mc
1089 807 1362 862 caritatem
1387 808 1543 873 novi;
1575 823 1754 862 verum
1781 808 1941 878 quod,
1968 807 2053 862 cui
2070 806 2242 861 dicta-

672 910 759 951 res
777 937 794 961 ,
823 911 980 951 nemo
1009 897 1098 952 tibi
1137 906 1330 966 praesto
1357 907 1517 952 esset.
1567 897 1890 967 Quamquam
1930 897 2006 952 sic
2035 910 2242 966 quoque

674 987 841 1057 patria
854 987 1030 1058 lingua
1049 988 1384 1044 scribendum
1403 989 1519 1057 fuit,
1542 1005 1603 1045 ac
1623 999 1705 1044 tua
1725 1005 1903 1044 manu.
1928 990 2242 1060 Magnopere

671 1081 812 1134 enim
835 1124 848 1142 ,
882 1091 938 1136 ut
959 1083 1067 1149 ipsa
1094 1097 1304 1154 quoque
1335 1085 1493 1149 nosti,
1524 1085 1739 1138 cnebras
1759 1099 1785 1137 a
1811 1093 1863 1138 te
1892 1084 2071 1138 literas
2095 1083 2235 1138 acci-

674 1185 802 1239 pere
829 1172 1102 1227 studemus
1125 1215 1141 1238 ,
1182 1188 1288 1244 quo
1317 1175 1386 1229 de
1414 1184 1498 1228 tua
1529 1174 1830 1228 valetudine
1858 1173 2094 1242 quotidie
2121 1188 2240 1228 cer-

677 1261 842 1317 tiores
873 1262 1057 1319 namus
1087 1282 1101 1317 :
1135 1253 1362 1334 hincque
1391 1274 1497 1319 tam
1539 1276 1700 1319 vasue
1737 1265 1955 1334 hujusce
2001 1265 2242 1320 solitudi-

673 1353 775 1415 nis,
804 1368 866 1408 ac
895 1369 1067 1409 rerum
1095 1355 1453 1419 adversarum,
1480 1369 1599 1410 cum
1631 1357 1820 1425 quibus
1852 1356 1936 1409 hic
1959 1355 2238 1418 luctamur,

673 1440 812 1496 haud
857 1444 1094 1514 exiguam
1123 1445 1540 1500 consolationem
1581 1447 1840 1515 capimus.
1890 1447 2018 1500 Cum
2065 1447 2240 1515 igitur,

675 1535 1117 1590 reverendissima
1147 1546 1203 1591 et
1238 1532 1634 1608 religiosissima
1669 1538 1879 1592 domina
1900 1579 1914 1601 .
1952 1547 2146 1608 quanta
2168 1539 2245 1593 rei

674 1624 897 1695 hujusce
925 1628 1211 1696 cupiditate
1255 1637 1454 1696 tenear,
1502 1630 1720 1684 minime
1755 1639 1808 1684 te
1852 1628 2017 1700 fugiat
2043 1669 2058 1692 ,
2110 1629 2246 1685 hanc

679 1716 833 1771 nobis
859 1718 1080 1786 gratiam
1112 1719 1383 1785 impertire
1407 1760 1423 1785 ,
1451 1735 1634 1790 quzeso
1652 1759 1668 1782 ,
1699 1735 1764 1774 ne
1784 1719 2122 1774 intermittas.
2163 1719 2248 1776 Si-

677 1805 887 1876 quidem
933 1808 1078 1862 muiti
1112 1809 1266 1864 istinc
1308 1811 1468 1864 variis
1511 1826 1544 1866 e
1587 1811 1717 1866 locis
1743 1811 1808 1864 ad
1837 1824 1937 1866 nos
1964 1821 2244 1866 venerunt.

681 1893 875 1950 Verum
903 1912 963 1952 ea
989 1898 1055 1952 de
1085 1913 1240 1954 causa
1287 1899 1503 1956 minime
1541 1909 1714 1955 tecum
1757 1902 2068 1971 expostulo,
2104 1901 2246 1972 quod

682 1987 863 2043 literas
887 1990 982 2044 abs
1003 2000 1053 2045 te
1080 1990 1232 2046 nobis
1274 2006 1380 2047 non
1418 1991 1748 2048 attulerunt:
1777 1992 2065 2048 verisimile
2102 1993 2244 2048 enim

677 2087 760 2132 est
777 2094 871 2134 eos
900 2080 991 2134 tibi
1023 2081 1227 2150 ignotos
1265 2097 1404 2138 esse.
1450 2083 1600 2139 Nunc
1621 2079 1833 2149 autem‘,
1879 2099 1998 2139 cum
2040 2098 2246 2139 summa

678 2169 900 2226 facultas
925 2171 1099 2236 datur,
1133 2174 1336 2230 scribas
1355 2175 1512 2232 velim
1545 2195 1559 2233 :
1589 2191 1651 2231 ac
1679 2179 1974 2246 praesertim
2003 2192 2123 2232 cum
2157 2192 2246 2234 res

682 2257 983 2329 hujusmodi
1009 2263 1125 2318 istic
1151 2264 1526 2335 contigissent,
1564 2265 1744 2320 literas
1780 2267 1875 2322 abs
1919 2277 1968 2321 te
2006 2267 2247 2336 accipere

681 2348 734 2402 in
761 2351 940 2418 primis
970 2354 1300 2423 espetcbam.
1350 2356 1488 2411 Cura
1537 2357 1693 2427 igitur
1732 2365 1788 2410 ut
1837 2357 1976 2426 quod
2024 2356 2248 2413 antehac

681 2439 776 2496 abs
807 2451 856 2495 te
880 2457 977 2512 per
1001 2444 1254 2500 incuriam
1283 2448 1694 2515 praetermissum
1722 2456 1803 2502 est
1821 2449 2038 2511 sarcias,
2073 2447 2248 2516 pristi-

681 2529 840 2598 nique
884 2531 1079 2588 silentii
1122 2531 1518 2592 diuturnitatem
1546 2537 1817 2592 literarum
1864 2537 2158 2608 frequentia
2195 2549 2250 2595 et

681 2621 987 2678 assiduitate
1013 2639 1344 2696 compenses.

647 2822 650 2824 γ
749 2752 899 2812 CIV.
927 2754 1189 2814 Pertulit:
1223 2761 1533 2818 diacouissa'.
1563 2764 1738 2832 (Anno
1758 2764 1860 2819 ιοι
1887 2765 1970 2820 vel
2000 2764 2153 2836 ‘05.)

753 2886 1081 2944 Coronarum
1110 2893 1323 2947 nomine
1342 2934 1358 2959 ,
1388 2908 1520 2964 quas
1548 2894 1641 2950 tibi
1683 2896 1975 2951 conciliasti
1997 2938 2010 2959 ,
2041 2898 2248 2953 beatam

687 2984 738 3030 te
768 2977 931 3042 duco,
974 2995 1034 3035 ac
1064 2995 1200 3035 nunc
1218 2998 1445 3053 quoque,
1475 2999 1593 3039 cum
1622 3001 1716 3055 per
1743 2987 1903 3040 animi
1933 2989 2250 3058 magnitudi-

689 3083 810 3122 nem
840 3070 1044 3139 quidvis
1070 3088 1167 3143 pro
1197 3075 1415 3130 veritate
1439 3077 1672 3145 perferre
1699 3079 1750 3132 in
1776 3081 2009 3133 animum
2033 3081 2252 3137 induxe-

684 3157 775 3212 ris.
826 3157 1010 3215 Ilerito
1057 3164 1276 3232 proinde
1313 3166 1479 3220 Deum
1531 3167 1722 3234 habes,
1775 3170 1862 3238 qui
1909 3179 2027 3225 tuas
2076 3182 2252 3241 partes

680 3248 939 3306 acerrime
983 3260 1211 3309 tueatur.
1265 3255 1432 3326 Usque
1482 3259 1549 3310 ad
1594 3271 1800 3313 mortem
1846 3262 1987 3316 enim
2013 3302 2027 3326 ,
2081 3259 2253 3332 inquit

685 3339 956 3410 Scriptura
980 3384 994 3405 ,
1042 3361 1133 3412 pro
1177 3347 1380 3400 veritate
1423 3359 1556 3402 certa
1585 3368 1603 3402 :
1630 3359 1678 3403 et
1719 3348 1968 3406 Dominus
2011 3355 2251 3424 pugnabit

684 3447 775 3501 pro
801 3444 848 3486 te
874 3433 1054 3504 (Eccll.
1087 3438 1137 3491 ι.
1169 3439 1278 3508 33).
1305 3439 1456 3508 Quod
1477 3443 1632 3496 etiam
1659 3444 1857 3498 evenit.
1883 3444 2013 3499 Nam
2041 3461 2159 3501 cum
2184 3462 2251 3502 eo

684 3535 849 3590 usque
877 3527 1185 3592 praeclarum
1216 3529 1316 3584 hoc
1343 3542 1608 3588 certamen
1637 3533 1833 3589 obieris
1852 3576 1868 3600 ,
1914 3535 2076 3591 multa
2118 3536 2252 3592 divi-

685 3612 829 3668 nitus
852 3618 1064 3684 praemia
1091 3620 1314 3676 rctulisti
1342 3640 1354 3674 :
1384 3623 1504 3679 ideo
1524 3640 1710 3695 magna
1733 3626 2004 3695 voluptate
2025 3627 2247 3684 aflicior.

686 3701 818 3769 Quia
848 3715 1021 3761 autem
1053 3709 1286 3766 intellexi
1319 3725 1368 3767 te
1402 3713 1469 3767 de
1508 3715 1740 3770 discessu
1779 3718 2010 3786 cogitare
2032 3760 2045 3782 ,
2095 3730 2253 3789 atque

684 3795 841 3850 istinc
869 3796 1094 3866 migrare
1125 3801 1258 3856 velle
1286 3807 1488 3874 accepi,
1512 3815 1634 3874 peto
1652 3806 1746 3861 abs
1774 3815 1846 3876 te,
1877 3822 1942 3861 ne
1967 3809 2252 3877 quidquam

687 3887 984 3956 ltujusmodi
1016 3893 1234 3961 cogites,
1265 3905 1356 3948 aut
1386 3897 1436 3950 in
1463 3898 1640 3952 animo
1668 3897 1885 3954 habeas.
1918 3899 2153 3955 Primum
2185 3903 2254 3957 ob

687 3978 787 4036 hoc
815 3982 982 4049 ipsum
1009 4023 1023 4048 ,
1054 3985 1193 4054 quod
1218 3987 1418 4041 civibus
1455 3990 1556 4043 tuis
1585 3990 1874 4045 subsidium
1902 4007 1960 4046 es
1986 4034 2001 4056 ,
2031 3995 2248 4062 amplis-

688 4072 960 4142 simusque
991 4087 1191 4144 portus,
1220 4088 1274 4132 et
1299 4079 1697 4144 adminiculum,
1728 4096 1791 4136 ac
1813 4092 1954 4137 tutus
1981 4099 2162 4139 murus
2191 4086 2254 4140 iis

689 4165 776 4232 qui
824 4164 1092 4222 laboribus
1129 4179 1182 4223 et
1211 4173 1460 4226 aerumnis
1502 4173 1871 4229 conficiuntur.
1916 4175 2094 4242 Quare
2142 4178 2251 4232 noli

689 4258 1044 4322 committere,
1077 4269 1134 4313 ut
1163 4269 1364 4314 tantum
1383 4274 1638 4332 questum
1664 4265 1731 4320 de
1761 4266 2002 4321 manibus
2027 4269 2207 4337 ejicias
2233 4285 2249 4335 ;

687 4343 818 4407 noli,
847 4346 1082 4416 inquam,
1104 4352 1456 4416 committere,
1482 4365 1537 4406 ut
1566 4362 1765 4408 tantum
1788 4355 1990 4410 lucrum
2011 4356 2249 4426 ahjicias,

685 4450 805 4491 eum
839 4447 1010 4492 tantos
1032 4440 1262 4509 quotidie
1293 4443 1565 4497 thesauros
1591 4459 1656 4499 ex
1680 4456 1764 4500 tua
1790 4448 2067 4516 praisentia
2095 4449 2251 4503 colli-

689 4541 802 4593 gas.
827 4527 956 4582 Nam
990 4530 1078 4598 qui
1104 4531 1353 4599 praeclara
1383 4544 1466 4586 tua
1499 4533 1728 4590 facinora
1754 4545 2014 4602 cernunt,
2046 4539 2127 4593 vel
2153 4553 2254 4592 au-

692 4615 860 4679 diunt,
889 4634 993 4671 non
1015 4634 1197 4688 parum
1226 4621 1348 4676 hinc
1369 4626 1498 4677 lucri
1518 4636 1930 4694 consequuntur.
1959 4628 2076 4683 Scis
2098 4643 2256 4698 porro

687 4715 936 4774 quantam
966 4707 1102 4762 istud
1130 4711 1424 4766 mercedem
1455 4713 1546 4767 tibi
1573 4716 1842 4771 conciliet.
1885 4716 2116 4772 Primum
2160 4720 2257 4773 ita-

688 4811 812 4864 que,
844 4806 900 4850 ut
927 4797 1053 4862 dixi,
1087 4799 1184 4855 hac
1210 4800 1274 4856 de
1299 4816 1453 4857 causa
1485 4813 1534 4857 te
1559 4820 1685 4875 rogo
1711 4806 1829 4860 istic
1858 4821 2071 4862 maneas
2093 4824 2130 4874 ;'
2158 4827 2254 4864 ne-

689 4898 794 4953 que
822 4887 963 4939 enim
989 4888 1231 4957 exiguttm
1264 4891 1498 4946 utilitatis
1542 4893 1681 4949 illius
1706 4935 1722 4958 ,
1767 4910 1924 4966 quam
1978 4898 2093 4952 istic
2136 4915 2257 4968 pcr-

692 4976 954 5031 mattendo
994 4979 1209 5034 attulisti
1234 5019 1250 5044 ,
1297 4982 1666 5038 documentum
1715 4985 1808 5040 abs
1838 4995 1890 5040 te
1927 4985 2106 5043 datum
2151 5000 2250 5044 est.

694 5066 912 5130 Deinde,
939 5083 1006 5122 ne
1025 5071 1146 5123 anni
1171 5071 1384 5140 quidem
1408 5083 1613 5143 tempus
1635 5075 1734 5130 hoc
1762 5088 1813 5131 te
1841 5075 2015 5133 facere
2041 5079 2253 5148 patitur.

693 5154 875 5225 Neque
899 5158 1037 5212 enim
1055 5199 1070 5224 ,
1097 5173 1198 5228 qua
1239 5163 1476 5230 corporis
1503 5162 1862 5220 imbecillitate
1891 5165 1992 5230 sis,
2023 5167 2250 5236 ignoras,

693 5261 866 5316 neque
895 5246 986 5301 tibi
1009 5245 1161 5303 facile
1184 5265 1304 5305 esse
1331 5251 1384 5306 in
1412 5260 1552 5307 tanta
1577 5255 1627 5307 vi
1657 5253 1866 5324 frigoris
1891 5265 2047 5327 atque
2068 5258 2253 5317 hiemis

694 5337 881 5408 pedem
925 5353 1156 5395 movere.
1203 5341 1314 5398 lluc
1353 5346 1552 5400 accedit
1593 5347 1732 5416 quod
1759 5387 1774 5413 ,
1827 5359 1884 5403 ut
1933 5365 2112 5406 rumor
2139 5365 2254 5420 est,

694 5425 992 5484 lsaurorum
1019 5445 1105 5486 res
1134 5447 1271 5488 nunc
1300 5434 1474 5503 vigent
1497 5437 1536 5488 ¹.
1566 5435 1690 5491 Haec
1733 5437 1910 5507 itaque
1951 5443 2154 5510 omnia,
2201 5456 2256 5499 ut

699 5520 928 5585 prudens
978 5522 1169 5578 mulier
1202 5533 1371 5579 tecum
1416 5534 1665 5594 reputans
1691 5568 1706 5592 ,
1749 5543 1844 5593 ne,
1895 5546 2108 5600 qureso,
2158 5535 2255 5590 hoc

695 5619 933 5678 tempore
973 5615 1078 5668 ullo
1111 5626 1262 5684 pacto
1291 5617 1472 5686 pedem
1510 5619 1663 5675 istinc
1703 5636 1916 5677 movere
1955 5625 2253 5683 sustineas:

697 5706 866 5774 deque
912 5707 1010 5760 hac
1060 5723 1118 5762 re
1153 5708 1308 5763 velim
1353 5725 1450 5764 nos
1479 5713 1863 5782 quamprimum
1893 5717 2144 5774 certiores
2176 5718 2251 5774 fa-

755 5817 769 5848 '
804 5815 1015 5879 L‘otslin.,
1041 5826 1229 5870 orovtrr
1252 5829 1439 5872 Isauros
1462 5820 1549 5872 iter
1569 5824 1629 5876 sit
1651 5823 1941 5890 stupendum.

1403 423 1462 482 3.
1501 424 1776 482 JOANNIS
1813 417 2287 478 CHRYSOSTOMI
2324 417 2640 473 ARCHIEP.
2678 418 3211 478 CONSTANTINOP.

3820 423 3928 480 ϐω

2347 532 2479 600 cias,
2511 547 2574 590 ac
2603 533 2671 590 de
2697 544 2782 590 tua
2809 536 3108 592 valetudine
3145 551 3287 608 saepe
3332 537 3554 592 scribas.
3599 536 3735 592 Nam
3783 552 3930 592 nunc

2349 635 2559 691 quoque
2583 637 2681 679 nos
2722 625 2892 680 nullas
2929 625 3025 680 abs
3072 636 3122 681 te
3165 627 3346 682 literas
3390 629 3663 698 accepisse
3699 628 3935 684 moleste

2350 714 2567 770 tulimus
2598 732 2614 768 :
2645 730 2729 780 ac,
2762 732 2828 771 ne
2858 715 2992 772 forte
3017 717 3234 772 morbus
3269 717 3370 772 hoc
3395 719 3749 788 impediverit,
3773 719 3931 774 labo-

2349 819 2548 858 ramus.
2577 803 2647 861 Ut
2689 805 2826 862 hanc
2869 807 3026 878 igitur
3065 806 3470 863 sollicitudinem
3500 810 3655 864 nobis
3683 808 3890 863 eximat
3919 847 3930 877 ι

2347 896 2455 951 cito
2473 898 2540 952 ad
2571 913 2666 952 nos
2699 898 2905 963 literas,
2937 914 3054 970 qua!
3077 900 3191 954 hac
3219 897 3480 966 iudicent,
3512 903 3682 956 mitte.

2418 985 2531 1041 CV.
2561 986 2854 1042 Cltalcidiar.
2886 988 3127 1060 (Scripta
3157 1005 3315 1055 anno,
3343 999 3400 1045 ut
3425 1001 3660 1061 putatur,
3687 991 3808 1045 ‘06.
3835 991 3858 1061 )

2421 1078 2562 1133 Deus
2593 1078 2685 1133 tibi
2725 1094 2822 1149 pro
2851 1091 2936 1134 tua
2965 1096 3088 1151 erga
3119 1095 3217 1135 nos
3239 1083 3532 1138 reverentia
3557 1124 3573 1149 ,
3603 1082 3836 1150 honore,
3865 1098 3929 1140 ac

2349 1168 2554 1222 sincera
2581 1171 2801 1224 caritate
2828 1177 2936 1225 tum
2960 1172 3081 1238 hic,
3127 1178 3237 1226 tum
3269 1172 3321 1226 in
3344 1171 3522 1228 futuro
3555 1187 3671 1228 avo
3713 1187 3926 1230 merce-

2347 1259 2470 1315 dem
2498 1259 2711 1330 pendat.
2751 1260 2858 1316 Nec
2883 1264 3024 1317 enim
3053 1277 3189 1316 nunc
3217 1262 3521 1328 dumtaxat,
3564 1262 3659 1318 sed
3694 1265 3929 1332 primum

2349 1354 2505 1407 etiam
2533 1361 2691 1423 atque
2727 1354 2794 1407 ab
2839 1354 3017 1416 initio.
3056 1368 3162 1422 quo
3185 1369 3310 1424 erga
3332 1369 3430 1409 nos
3454 1355 3633 1409 animo
3660 1368 3725 1408 ac
3748 1353 3932 1409 studio

2352 1443 2556 1508 fueris,
2608 1453 2943 1514 perspectum
2988 1443 3179 1499 habeo.
3234 1447 3311 1499 Ac
3360 1453 3637 1513 propterea
3686 1445 3932 1512 quamvis

2351 1535 2506 1605 longo
2533 1535 2742 1590 itineris
2773 1536 2946 1605 spatio
2964 1536 3058 1590 abs
3089 1545 3139 1590 te
3163 1534 3382 1590 dissitus
3417 1537 3516 1589 sim
3541 1577 3556 1599 ,
3604 1546 3764 1604 atque
3799 1533 3890 1588 hic
3912 1577 3928 1596 ,

2353 1635 2461 1679 tum
2491 1625 2560 1680 ob
2588 1626 2742 1694 hujus
2768 1626 2868 1681 loci
2893 1625 3252 1690 solitudinem,
3278 1635 3390 1680 tum
3417 1627 3487 1681 ob
3514 1635 3765 1697 perpetua
3790 1627 3930 1695 peri-

2349 1715 2466 1770 cuin
2488 1756 2502 1778 ,
2530 1715 2855 1784 crebrosque
2883 1714 3192 1787 prmdonum
3221 1716 3452 1784 impetus
3473 1757 3488 1781 ,
3520 1727 3628 1770 tum
3658 1715 3728 1773 ob
3756 1715 3930 1771 medi-

2349 1819 2531 1859 corum
2585 1807 2856 1874 penuriam
2880 1844 2896 1871 ,
2946 1807 2998 1860 in
3043 1806 3222 1860 multis
3267 1807 3652 1862 calamitatibus
3697 1821 3884 1862 verser
3903 1825 3930 1862 ~:

2353 1895 2483 1948 nihil
2516 1907 2689 1950 tamen
2722 1895 2910 1951 horum
2941 1897 3179 1952 omnium
3209 1897 3468 1966 impedit,
3514 1899 3802 1968 quominus
3827 1908 3934 1954 tua

2349 1972 2626 2040 suavitatis
2649 1995 2910 2057 perpetuo
2930 1987 3182 2042 recorder
3210 2005 3223 2040 :
3255 1988 3380 2055 quin
3415 1988 3588 2056 potius
3632 2002 3752 2042 eam
3788 1990 3932 2043 eari-

2351 2082 2513 2130 tatem
2537 2114 2552 2141 ,
2579 2090 2736 2146 quam
2765 2090 2795 2129 a
2822 2075 3081 2146 principio
3102 2084 3211 2130 tum
3243 2089 3367 2145 erga
3391 2085 3462 2138 te,
3493 2083 3604 2129 tum
3633 2091 3762 2146 erga
3788 2086 3933 2131 tuam

2351 2163 2570 2218 domum
2597 2165 2791 2232 habui,
2823 2167 3086 2235 vigentem
3125 2166 3366 2229 retineo;
3409 2179 3580 2235 neque
3603 2180 3723 2220 eam
3749 2166 3835 2222 vel
3863 2167 3937 2222 ob

2352 2253 2608 2323 temporis
2637 2255 3071 2322 diuturnitatem,
3118 2255 3200 2310 vel
3221 2255 3290 2310 ob
3329 2255 3534 2311 itineris
3560 2255 3927 2327 longinquita-

2355 2352 2462 2398 tem
2486 2357 2873 2402 consenescere
2897 2346 3089 2416 patiar.
3118 2345 3248 2400 Nam
3269 2359 3333 2401 ea
3356 2345 3568 2402 demum
3592 2347 3820 2402 sincera:
3844 2361 3937 2401 ca-

2353 2432 2526 2486 ritatis
2565 2443 2752 2489 natura
2790 2445 2892 2491 est.
2925 2434 3001 2490 Te
3028 2450 3153 2490 vero
3182 2449 3281 2506 pro
3320 2446 3406 2489 tua
3437 2435 3712 2506 prudentia
3740 2445 3798 2492 et
3821 2438 3936 2507 pie-

2353 2531 2459 2577 tate
2502 2538 2600 2576 oro
2623 2532 2783 2592 atque
2807 2523 3035 2580 obsecro
3058 2564 3074 2590 ,
3105 2534 3164 2578 ut
3189 2540 3251 2580 ea
3281 2526 3480 2592 omnia,
3511 2541 3629 2594 qua
3654 2525 3934 2592 accidunt,

2351 2619 2572 2667 strenuo
2599 2615 2782 2668 animo
2809 2615 2966 2668 feras.
3017 2613 3134 2669 Scis
3161 2615 3303 2669 enim
3335 2626 3386 2670 te
3413 2615 3483 2670 ab
3520 2615 3736 2672 ineunte
3780 2627 3940 2675 atate

2354 2716 2522 2770 usque
2548 2702 2613 2755 ad
2642 2703 2742 2758 hoc
2769 2712 2979 2773 tempus
3007 2720 3101 2774 per
3130 2706 3300 2759 varias
3321 2714 3480 2774 atque
3507 2707 3684 2762 omnis
3710 2705 3823 2762 fere
3845 2722 3939 2778 ge-

2353 2793 2496 2846 neris
2535 2794 2848 2848 tentationes
2896 2795 3213 2860 incessisse;
3261 2805 3420 2864 atque
3460 2796 3729 2865 patientia:
3757 2806 3936 2852 certa-

2352 2898 2475 2938 men
2503 2883 2639 2938 facili
2667 2887 2878 2956 negotio
2905 2886 3054 2941 obire
3079 2895 3229 2956 potes
3253 2929 3267 2953 ,
3295 2887 3744 2956 quemadmodum
3767 2890 3932 2945 etiam

2351 2990 2494 3047 stupe
2523 2977 2695 3032 obiisti
2721 3019 2734 3043 ,
2767 2987 2822 3033 et
2869 2976 3104 3033 illustres
3139 2978 3259 3034 inde
3287 2993 3512 3034 coronas
3541 2979 3742 3050 tibiipsi
3771 2980 3826 3035 in
3857 2982 3937 3036 fu-

2363 3077 2536 3122 turum
2567 3067 2870 3122 condidisti.
2919 3067 3070 3135 Quod
3115 3069 3159 3123 si
3207 3069 3322 3124 hac
3365 3069 3585 3125 tentatio
3628 3071 3938 3141 superiores

2356 3158 2598 3223 excedit,
2627 3166 2684 3212 at
2701 3159 2860 3212 etiam
2888 3173 3083 3214 corona
3114 3159 3450 3229 prazstantior
3478 3157 3649 3214 futura
3675 3173 3779 3215 est.
3802 3158 3937 3228 Qui

2354 3266 2476 3306 cum
2504 3252 2573 3307 ita
2601 3253 2728 3319 sint,
2759 3252 2890 3306 nihil
2914 3267 2980 3307 ex
3011 3253 3076 3306 iis
3103 3251 3502 3314 acerbitatibus,
3529 3265 3648 3322 qua
3672 3253 3766 3307 tibi
3796 3255 3933 3308 infe-

2356 3354 2546 3398 runtur
2567 3381 2582 3407 ,
2627 3353 2677 3396 te
2719 3342 2991 3412 perturbet
3017 3360 3031 3396 :
3059 3357 3243 3396 verum
3271 3356 3377 3412 quo
3405 3343 3574 3411 magis
3601 3340 3793 3398 fluctus
3819 3357 3938 3398 cre~

2353 3444 2526 3500 scunt,
2563 3444 2956 3504 tempestasque
2981 3435 3150 3504 magis
3179 3433 3515 3504 ingravescit,
3537 3449 3604 3490 eo
3631 3437 3794 3490 etiam
3826 3450 3937 3490 ma-

2349 3529 2522 3598 jorem
2545 3539 2826 3598 questum,
2841 3543 2906 3582 ac
2925 3528 3140 3597 praemia
3159 3528 3441 3582 sudoribus
3463 3528 3614 3598 longe
3634 3529 3938 3600 capiosiora

2355 3629 2410 3674 et
2460 3619 2717 3688 ampliora
2762 3627 2816 3674 et
2855 3619 3200 3673 luculentiora
3243 3628 3513 3687 exspecta.
3561 3618 3745 3686 Neque
3791 3621 3935 3673 enim

2355 3709 2631 3780 Condigm
2671 3719 2785 3763 sunt
2821 3709 3076 3778 passiones
3120 3709 3270 3780 hujus
3310 3709 3549 3776 temporis
3593 3710 3659 3762 ad
3709 3712 3938 3779 futuram

2357 3802 2572 3872 gloriam
2597 3842 2612 3866 ,
2648 3816 2761 3870 quc
2785 3801 3083 3854 revelabitur
3110 3802 3164 3854 iu
3192 3801 3330 3854 nobis
3367 3799 3553 3871 (Rom.
3582 3801 3635 3856 8.
3665 3799 3792 3869 l8).
3828 3801 3939 3856 Via:

2357 3890 2497 3945 enim
2529 3891 2693 3945 instar
2718 3899 2841 3944 sunt
2877 3900 3164 3958 prasentes
3207 3889 3362 3959 hujus
3380 3892 3504 3946 vitae
3538 3889 3934 3960 jucunditates,

2356 3990 2412 4034 et
2453 3980 2749 4044 molestiae,
2797 3980 3070 4050 ambaeque
3107 3979 3295 4035 eodem
3343 3979 3502 4034 nodo
3531 3979 3792 4047 effluunt,
3836 3996 3936 4036 nec

2357 4072 2642 4142 quidquam
2673 4073 2727 4125 in
2755 4072 2818 4126 iis
2845 4081 3050 4126 certum
3088 4086 3152 4126 ac
3194 4071 3382 4127 stabile
3419 4080 3503 4126 est
3526 4111 3542 4134 ,
3585 4087 3769 4126 verum
3812 4088 3934 4127 utn-

2358 4163 2467 4217 bra:
2494 4164 2572 4233 (a)
2604 4174 2844 4218 naturam
2874 4163 3177 4231 imitantur,
3223 4173 3280 4218 ut
3304 4178 3421 4234 qua:
3450 4163 3607 4218 simul
3633 4174 3791 4235 atque
3817 4181 3936 4222 sese

2356 4257 2702 4322 ostenderint,
2729 4255 2904 4310 statim
2927 4266 3264 4326 praetereant.
3288 4255 3746 4324 Quemadmodum
3776 4257 3937 4326 igitur

2357 4347 2609 4414 viatores,
2634 4348 2747 4403 sive
2768 4363 2860 4417 pcr
2883 4357 3054 4417 prata,
3085 4349 3196 4403 sive
3222 4363 3316 4418 per
3340 4348 3612 4404 salebrosa
3637 4358 3692 4404 et
3711 4349 3934 4419 abrupta

2359 4437 2475 4490 loca
2497 4439 2598 4491 iter
2627 4435 2858 4502 faciant,
2908 4451 3005 4491 nec
3035 4437 3194 4491 ullam
3226 4437 3371 4493 illinc
3399 4438 3720 4507 voluptatem
3767 4438 3939 4508 perci-

2359 4527 2532 4598 piunt,
2566 4542 2663 4580 nec
2694 4527 2854 4582 ullam
2878 4527 3000 4582 hinc
3029 4529 3332 4583 maestitiam
3379 4529 3653 4595 sentiunt;
3700 4529 3939 4586 viatores
3999 4579 4006 4588 .

2359 4618 2498 4670 enim
2527 4629 2669 4681 sunt,
2717 4633 2821 4673 non
2849 4619 3023 4682 cives,
3071 4626 3291 4689 utraque
3322 4627 3739 4688 praetereuntes,
3775 4627 3938 4689 atque

2360 4708 2426 4763 ad
2456 4710 2676 4777 patriam
2701 4723 2852 4763 suam
2876 4709 3256 4764 contendentes
3287 4726 3301 4762 :
3329 4707 3516 4764 eodem
3544 4707 3704 4764 modo
3732 4718 3782 4763 te
3809 4723 3940 4778 rogo

2359 4807 2515 4867 atque
2543 4798 2765 4854 obsecro
2788 4841 2804 4864 ,
2834 4809 2889 4853 ut
2913 4813 3011 4854 nec
3051 4799 3330 4868 persentis
3357 4798 3479 4852 vita
3511 4797 3941 4867 jucunditatibna

2359 4889 2529 4943 inhies
2551 4930 2566 4953 ,
2613 4904 2712 4944 nec
2756 4905 2968 4944 rursum
2995 4891 3337 4944 molestarum
3363 4901 3542 4944 rerum
3569 4890 3805 4959 pondere
3846 4890 3940 4946 de-

2360 4979 2626 5049 primaris,
2655 4995 2838 5034 verum
2863 4979 2964 5034 hoc
2989 4995 3150 5033 unum
3175 4988 3404 5048 spectes,
3431 4994 3662 5049 quonam
3692 4989 3847 5048 pacto
3872 4980 3938 5036 ad

2360 5084 2697 5124 communem
2729 5071 2949 5138 patriam
2976 5081 3211 5124 nostram
3240 5085 3362 5124 cum
3387 5069 3590 5138 ingenti
3611 5070 3802 5125 liducia
3827 5087 3939 5140 peb

2360 5163 2562 5215 venias.
2596 5161 3032 5231 Quandoquidem
3059 5160 3161 5216 hoc
3183 5160 3397 5218 demum
3425 5161 3586 5218 fixum
3612 5171 3667 5218 et
3684 5173 3941 5221 constans

2362 5263 2520 5322 atque
2558 5253 2854 5308 immortale
2908 5253 3104 5306 bonum
3135 5261 3219 5307 est
3249 5269 3262 5306 :
3291 5265 3484 5307 extera
3513 5262 3691 5308 autem
3720 5254 3938 5323 omnia,

2363 5340 2464 5396 nos
2495 5341 2621 5396 fleui
2657 5350 2711 5396 et
2740 5341 2914 5396 fumus
2933 5382 2949 5407 ,
2978 5353 3031 5397 et
3055 5342 3100 5395 si
3129 5340 3254 5411 quid
3290 5340 3376 5396 his
3402 5341 3558 5397 vilius
3588 5341 3710 5412 fingi
3743 5351 3937 5413 potest.

2361 5454 2506 5509 CVI.
2547 5455 2840 5526 Asyncritia
2879 5457 3130 5523 ipsiusque
3153 5453 3429 5508 sodalibus.
3458 5452 3706 5526 (Scripta
3742 5454 3939 5512 Cucusi

2981 5562 3122 5602 anno
3151 5546 3276 5602 404.
3295 5546 3313 5615 )

2430 5657 2543 5725 Qua
2576 5671 2699 5727 erga
2729 5672 2824 5714 nos
2852 5660 3071 5713 caritate
3099 5673 3160 5712 ac
3199 5658 3568 5714 benevolentia
3592 5659 3710 5717 sitis
3735 5701 3753 5729 ,
3799 5662 3932 5718 mihi

2423 5768 2502 5836 (a)_
2525 5769 2604 5836 _sl_e
2627 5767 2807 5836 Dillius,
2827 5770 2915 5836 qui
2954 5769 3171 5836 umbram
3195 5766 3390 5832 supplet
3413 5781 3477 5819 ex
3498 5782 3806 5836 conjectura;
3833 5788 3945 5828 nam

2361 5828 2538 5894 aliquid
2561 5829 2738 5882 deesse
2762 5828 2951 5881 videtur
2976 5832 3025 5880 in
3049 5836 3225 5879 Graeco.
