4216 6546
285 473 400 530 ωδ

280 585 440 659 (649]
469 585 852 656 διαστήματος,
902 584 1022 639 οὑδέ
1088 583 1386 637 ἐπιστεῖλαι
1433 581 1861 653 καταδεξαμένη.

280 677 400 731 Kal
421 673 542 730 οἶδα
590 677 688 747 μὲν
719 678 801 730 δτι
845 677 946 729 οὐκ
995 676 1062 729 ἐκ
1117 675 1388 747 ῥᾳθυμίας
1417 675 1573 727 τοῦτο
1611 674 1868 743 γέγονεν’

281 767 590 837 ἐπίσταμαι
615 764 722 837 γὰρ
748 765 843 818 zeal
863 765 1182 836 γραφούσης
1200 767 1352 836 ἡμῖν,
1372 764 1466 817 zeal
1487 762 1748 832 σιγώσης,
1770 763 1869 831 τὴν

281 856 501 928 θερμὴν
539 856 634 910 zeal
659 855 892 926 γνησίαν
918 856 1158 924 ἀγάπην,
1193 856 1292 926 τὴν
1320 854 1589 924 εἰλικρινῆ
1622 855 1718 908 zeal
1743 853 1867 907 άδοο

279 947 398 1011 λον,
428 948 529 1018 τήν
558 947 783 1019 ίσχυράν
823 949 918 1002 καὶ
965 948 1229 1022 στερρὰν·
1256 947 1390 1001 ἀλλά
1420 944 1509 1001 διὰ
1550 947 1611 999 τδ
1663 945 1867 1016 μηδένα
1893 981 1897 985 Α

281 1031 428 1089 εἶναι
461 1036 554 1089 τὸν
593 1036 1000 1105 ὑπογράφοντα.
1044 1036 1190 1105 Πλὴν
1211 1034 1346 1089 ἀλλά
1374 1035 1469 1088 zeal
1504 1032 1676 1096 οὑτως
1701 1034 1868 1104 ἐχρῆν

278 1130 350 1197 τῇ
369 1128 625 1198 ἐγχωρίῳ
649 1143 743 1180 σου
769 1127 982 1198 γλώττῃ
1002 1129 1135 1198 ἡμῖν
1158 1127 1481 1189 ἐπιστεῖλαι,
1502 1125 1597 1179 zeal
1625 1127 1694 1195 τῇ
1723 1125 1867 1196 χειρὶ

279 1223 350 1290 τῇ
389 1222 480 1290 σῇ.
520 1217 741 1289 ’Σφόδρα
783 1217 892 1289 γάρ
926 1218 1284 1290 ἀντεχόμεθα,
1316 1217 1566 1289 καθάπερ
1601 1216 1698 1269 zeal
1723 1214 1866 1285 αὑτὴ

278 1307 464 1378 οἶσθα,
505 1309 602 1364 τοῦ
648 1310 891 1381 συνεχῶς
943 1309 1232 1371 ἐπιστολάς
1277 1309 1527 1380 δέχεσθαι
1577 1307 1728 1376 παρά
1765 1307 1866 1377 τῆς

277 1404 572 1467 εὐλαϐείας
599 1403 697 1476 τῆς
731 1405 850 1476 σῆς,
890 1404 1031 1458 ὥστε
1064 1403 1186 1456 καθ’
1221 1404 1457 1473 ἑκάστην
1485 1402 1701 1472 ἡμέραν
1731 1417 1866 1469 μαν-

277 1493 465 1547 θάνειν
490 1490 642 1564 ἡμᾶς
675 1494 745 1547 τά
773 1495 901 1566 περὶ
924 1493 1026 1562 τῆς
1067 1492 1255 1561 ὑγείας
1285 1491 1385 1562 τῆς
1415 1493 1514 1562 σῆς
1533 1509 1546 1521 ο
1577 1491 1670 1544 zeal
1690 1490 1752 1542 οὑ
1776 1506 1865 1558 μι-

276 1586 421 1657 κράν
452 1586 551 1656 τῆς
591 1585 862 1657 τοσαύτης
909 1585 1146 1656 ἐρημίας
1175 1584 1269 1638 καὶ
1300 1583 1410 1636 τῶν
1438 1582 1671 1636 ἐνταῦθα
1711 1599 1866 1653 περι-

277 1679 528 1734 στάσεων
568 1676 918 1751 παράκλησιν
963 1675 1170 1747 ταύτην
1198 1677 1415 1748 ἔχομεν.
1450 1677 1638 1730 Εἰδυῖα
1660 1677 1859 1740 τοίνυν,

273 1771 539 1826 δέσποινά
567 1783 668 1842 μου
691 1771 995 1842 τιμιωτάτη
1031 1770 1126 1826 καὶ
1153 1771 1542 1842 εὐλαϐεστάτη.
1579 1772 1712 1840 ὅσην
1739 1773 1860 1824 ἐπιδ

277 1863 486 1935 θυμίαν
513 1863 710 1934 ἔχομεν
737 1863 952 1929 τούτου,
984 1864 1058 1936 μὴ
1086 1863 1338 1936 διαλίπῃς
1363 1864 1460 1935 τὴν
1510 1863 1603 1917 κα)
1614 1863 1678 1933 ὴν
1731 1862 1863 1916 ταύο

273 1973 382 2027 την
410 1954 543 2027 ήμῖν
576 1954 913 2030 χαριζομένη
947 1952 1132 2026 χάριν.
1168 1957 1280 2011 Καὶ
1315 1955 1425 2026 γάρ
1455 1954 1640 2009 πολλοὶ
1666 1954 1864 2008 πολλα-

275 2045 439 2118 χόθεν
485 2046 694 2100 ἐκεῖθεν
723 2036 908 2118 ἦλθον.
943 2045 1088 2099 Ἀλλ’
1118 2046 1220 2100 οὐκ
1249 2044 1466 2114 ἐγκαλῶ
1495 2045 1720 2100 ἐκείνων
1747 2045 1867 2100 ἐνε-

274 2154 396 2203 κεν,
446 2136 538 2191 διά
574 2137 627 2190 τί
663 2138 738 2210 μὴ
763 2137 1071 2210 γράμματα
1115 2139 1247 2209 ἡμῖν
1293 2139 1556 2209 ἐκόμισαν
1587 2140 1737 2211 παρὰ
1765 2142 1863 2212 τῆς

277 2229 381 2295 σῆς
408 2227 767 2299 κοσμιότητος
785 2245 800 2260 ο
832 2229 980 2292 είκὸς
1015 2227 1127 2299 γὰρ
1157 2230 1354 2293 αὐτοὺς
1376 2229 1687 2298 ἀγνοεῖσθαι
1710 2231 1862 2302 παρὰ

273 2318 377 2388 τῆς
396 2317 684 2382 εὐλαϐείας
715 2319 814 2390 τῆς
839 2319 958 2388 σῆς.
988 2317 1104 2372 Νῦν
1133 2319 1318 2390 μέντοι
1345 2321 1434 2374 ὅτε
1468 2320 1595 2392 ἐξῆν
1625 2322 1743 2390 μετ’
1769 2323 1862 2376 εὐ-

275 2410 472 2474 κολίας
510 2411 693 2482 πάσης
736 2411 1063 2474 ἐπιστεῖλαι,
1097 2411 1190 2464 zeal
1230 2394 1464 2482 μάλιστα
1486 2410 1742 2466 τοιούτων
1772 2429 1860 2480 γε·

271 2501 597 2573 γενημένων
621 2500 827 2563 αὐτόθι,
852 2501 1059 2571 σφόδρα
1075 2498 1382 2570 ἐπεθύμουν
1411 2498 1664 2566 δέξασθαι
1684 2501 1862 2571 γράμ-

275 2611 445 2666 ματα.
485 2592 813 2661 ’Λνάκτησαι
840 2591 1018 2646 τοίνυν
1050 2592 1112 2644 τὸ
1139 2593 1195 2646 ἐν
1222 2590 1300 2662 τῷ
1328 2591 1650 2661 παρελθόντι
1686 2592 1862 2663 χρόνῳ

275 2684 616 2758 ρᾳθυμηθέν,
663 2685 758 2738 zeal
787 2685 1109 2754 πυκνότητι,
1141 2684 1236 2737 zeal
1273 2683 1453 2752 νιφάδι
1481 2682 1782 2738 ἐπιστολῶν
1801 2685 1863 2738 τὸ

277 2779 452 2850 μῆκος
476 2777 576 2847 τῆς
597 2776 906 2848 ἔμπροσθεν
936 2777 1067 2847 ἡμῖν
1085 2775 1477 2848 παραμύθησαι
1502 2774 1681 2845 σιγῆς.

691 2870 815 2923 ΡΔ⁹.
855 2865 1151 2933 amabat
1183 2866 1461 2934 διακόνῳ.

343 2959 468 3014 Τῶν
499 2959 598 3028 μὲν
632 2959 914 3028 στεφάνων
935 2974 992 3010 σε
1033 2958 1343 3028 μακαρίζω,
1373 2957 1467 3023 οὓς
1498 2959 1745 3031 ἀνεδήσω
1766 2959 1864 3014 zeal

272 3049 391 3114 νῦν,
418 3048 508 3102 διά
527 3049 626 3118 τῆς
651 3048 905 3119 ἀνδρείας
929 3048 1108 3101 πάντα
1131 3047 1360 3119 ἑλομένη
1382 3048 1579 3104 παθεῖν
1597 3050 1740 3120 ὑπὲρ
1763 3051 1862 3120 τῆς

273 3139 554 3211 ἀληθείας.
583 3137 682 3191 Διά
703 3138 864 3192 τοῦτο
886 3139 981 3191 καὶ
1010 3138 1102 3191 τὸν
1134 3137 1265 3191 Θεὸν
1300 3139 1744 3211 ὑπερασπίζοντά
1767 3158 1860 3194 σου

273 3233 418 3304 εχεις
450 3233 589 3303 μετά
608 3231 806 3301 πολλῆς
825 3230 927 3300 τῆς
960 3230 1346 3303 σφοδρότητος.
1369 3232 1519 3299 Ἕως
1539 3233 1652 3304 τὰρ
1681 3236 1862 3290 θανά-

273 3343 404 3390 του,
440 3325 628 3396 φησιν,
653 3323 944 3394 ἀγώνισαι
977 3323 1132 3392 ὑπὲρ
1176 3322 1287 3393 τῆς
1339 3326 1646 3394 ἀληθείας,
1694 3330 1793 3382 καὶ
1829 3332 1862 3383 ὁ

275 3418 491 3494 Κύριος
522 3415 855 3485 πολεμήσει
905 3415 1061 3483 ὑπὲρ
1110 3415 1249 3470 σοῦ.
1296 3416 1479 3489 Ὅπερ
1523 3420 1617 3471 zeal
1650 3419 1863 3489 γέγονε.

275 3510 454 3580 Μέχρι
507 3508 616 3579 γάρ
652 3506 907 3562 τοσούτου
961 3507 1245 3579 δραμοῦσα
1303 3507 1396 3562 τὸν
1457 3510 1623 3565 καλὸν
1674 3512 1862 3568 τοῦτον

275 3599 489 3668 ἀγῶνα,
532 3597 707 3652 πολλά
734 3599 942 3653 ἄνωθεν
971 3599 1353 3656 ἐπεσπάσωτά
1391 3600 1650 3673 βραϐεῖαο
1670 3605 1861 3659 τούτου

280 3689 377 3761 μὲν
397 3685 492 3744 οὖν
519 3689 707 3743 ἐνεκεν
727 3689 927 3761 χαίρω.
977 3691 1196 3762 Ἐπειδὴ
1222 3693 1279 3746 δὲ
1297 3692 1490 3762 ἔγνων,
1518 3696 1600 3750 δτι
1633 3696 1862 3770 βουλεύῃ

275 3781 406 3854 περὶ
431 3780 761 3852 ἀποδημίας,
777 3782 871 3835 zeal
894 3783 1230 3854 μεταστῆναι
1244 3785 1455 3839 ἐκεῖθεν
1470 3785 1668 3856 βούλει,
1684 3807 1861 3860 παραυ

276 3873 430 3929 καλῶ
478 3891 573 3928 σου
615 3875 716 3944 τὴν
762 3876 1054 3944 τιμιότητα
1108 3876 1278 3946 μηδὲν
1318 3878 1562 3934 τοιοῦτον
1604 3880 1859 3952 ἐννοῆσαι

279 3963 412 4034 μηδὲ
461 3962 876 4034 βουλεύσασθαι.
915 3964 1139 4037 Πρῶτον
1179 3968 1276 4037 μὲν
1307 3969 1375 4022 δι’
1403 3969 1536 4023 αὐτὸ
1579 3970 1754 4034 τοῦτο,
1778 3973 1860 4025 ὅτι

275 4055 338 4125 δὴ
367 4057 649 4126 στήριγμα
676 4055 776 4126 τῆς
807 4055 1017 4120 πόλεως
1049 4051 1101 4108 εί
1140 4057 1242 4128 τῆς
1293 4060 1508 4124 αὐτόθι,
1556 4061 1651 4115 καὶ
1695 4061 1859 4134 λιμὴν

276 4149 458 4220 εὐρὺς.
513 4149 608 4202 zeal
656 4148 949 4220 βακτηρία,
982 4149 1074 4203 zeal
1127 4154 1303 4222 τεῖχος
1348 4152 1588 4223 ἀσφαλὲς
1616 4157 1728 4218 τοῖς
1760 4172 1860 4209 zea-

277 4239 722 4309 ταπονουμένοις.
785 4238 938 4309 Μηδέ
987 4239 1259 4310 τοσαύτην
1321 4241 1432 4295 ἀπὸ
1484 4243 1596 4296 τῶν
1658 4245 1858 4314 χειρῶν

277 4328 546 4399 ἐμπορίαν
591 4329 774 4399 ῥίψῃς,
804 4327 941 4400 μηδὲ
967 4329 1220 4384 τοσοῦτον
1247 4332 1391 4404 πρόῃ
1431 4333 1641 4405 κέρδος,
1666 4335 1851 4390 τοσού-

276 4432 402 4480 τους
449 4414 574 4470 καθ’
626 4416 864 4489 ἑκάστην
922 4418 1136 4488 ἡμέραν
1189 4420 1497 4488 συνάγουσα
1549 4422 1859 4497 θησαυροὺς

277 4507 385 4562 ἀπὸ
408 4507 510 4579 τῆς
532 4508 838 4579 παρουσίας
861 4509 962 4580 τῆς
990 4509 1196 4564 αὐτόθι.
1217 4511 1285 4564 Οἵ
1308 4529 1369 4566 τε
1382 4513 1491 4586 γάρ
1505 4515 1760 4586 δρῶντες,
1808 4519 1863 4572 οἵ

276 4618 331 4654 τε
357 4600 649 4664 ἀκούοντές
677 4617 771 4653 σου
803 4599 871 4653 τὰ
891 4601 1322 4672 κατορθώματα,
1347 4604 1410 4657 οὐ
1435 4606 1608 4676 μικρά
1639 4609 1860 4679 κερδαί-

276 4709 479 4746 νουσιν.
503 4689 675 4746 Οῐσθα
719 4692 776 4746 δέ
808 4691 994 4763 ήλίκον
1042 4692 1197 4747 τοῦτο
1228 4695 1384 4767 φέρει
1413 4712 1496 4749 σοι
1527 4697 1619 4751 τὸν
1643 4699 1855 4769 μισθόν.

279 4783 498 4854 Πρῶτον
524 4783 644 4853 μὲν,
670 4775 807 4853 ὅπερ
831 4783 987 4854 ἔφην,
1018 4783 1107 4837 διὰ
1127 4784 1287 4838 τοῦτο
1317 4785 1742 4858 παρακαλοῦμεν
1761 4791 1859 4842 αὑ-

278 4873 390 4926 τόθι
420 4871 602 4943 μένειν
620 4889 634 4903 ο
662 4873 756 4927 zeal
773 4873 882 4944 γάρ
911 4873 1110 4943 πεῖραν
1135 4873 1194 4928 οὐ
1239 4875 1444 4946 μικράν
1475 4875 1714 4940 δέδωκας
1756 4877 1859 4947 τῆς

278 4959 563 5029 ὠφελείας,
590 4960 659 5030 ἢν
691 4961 967 5033 παρέσχες
995 4961 1085 5015 διὰ
1127 4962 1229 5033 τῆς
1265 4963 1456 5017 αὐτόθι
1504 4965 1853 5036 παραμονῆς.

283 5048 512 5102 Ἔπειτα
540 5046 597 5101 δέ
622 5047 744 5100 οὑδέ
791 5049 825 5117 ἡ
858 5048 953 5102 τοῦ
999 5048 1156 5113 ἔτους
1199 5049 1319 5122 ῶρα
1360 5051 1648 5123 ἐπιτρέπει
1677 5053 1854 5107 τοῦτο.

278 5130 443 5190 οἶσθα
470 5136 579 5207 γάρ
616 5152 710 5188 σου
743 5134 839 5187 τοῦ
870 5133 1123 5206 σώματος
1144 5137 1243 5209 τὴν
1272 5137 1582 5204 ἀσθένειαν,
1605 5141 1700 5194 zeal
1739 5141 1858 5204 πῶς

276 5226 335 5279 οὐ
375 5226 556 5297 ῥᾴδιόν
585 5225 736 5298 [650]
769 5243 850 5279 σοι
884 5226 1155 5280 κινεῖσθαι
1174 5229 1233 5280 ἐν
1265 5228 1463 5299 κρυμῷ
1496 5229 1737 5301 τοσούτῳ
1760 5233 1857 5284 καὶ

278 5311 527 5383 χειμῶνι.
551 5313 696 5384 Πρὸς
725 5313 958 5377 τούτοις,
998 5313 1074 5377 ὡς
1107 5314 1400 5386 ἀκούομεν,
1435 5317 1530 5369 zeal
1563 5316 1632 5370 τά
1682 5317 1859 5370 Ἰσαυ-

282 5399 404 5472 ρικά
425 5399 597 5455 ἀνθεῖ.
615 5402 800 5456 Πάντα
820 5415 846 5443 ι
875 5402 1056 5455 τοίνυν
1075 5403 1248 5458 ταῦτα
1275 5403 1605 5475 λογισαμένη
1628 5405 1704 5469 ὡς
1736 5422 1862 5459 συν-

279 5488 390 5558 ετὴ,
423 5487 672 5558 μηδαμοῦ
713 5488 852 5553 τέως
906 5489 1174 5544 κινεῖσθαι
1208 5491 1530 5562 καταδέχου,
1584 5493 1679 5546 καὶ
1729 5494 1858 5563 περὶ

277 5575 462 5630 τούτου
509 5575 722 5648 γράψαι
763 5580 900 5648 ἡμῖν
942 5577 1032 5632 διὰ
1070 5579 1280 5647 ταχέων
1323 5578 1728 5652 παρακλήθητι,
1760 5581 1858 5634 zeal

277 5663 402 5735 περὶ
425 5663 526 5733 τῆς
555 5664 744 5732 ὑγείας
771 5666 1014 5736 συνεχῶς
1027 5665 1189 5738 δήλου
1205 5668 1304 5737 τῆς
1325 5666 1443 5738 σῆς.
1481 5667 1635 5721 Ἐπεὶ
1647 5667 1742 5722 zeal
1759 5669 1856 5726 νῦν

331 5801 356 5831 ⁸
376 5800 582 5863 Γλιίειίιι.
605 5803 684 5848 καὶ
725 5801 782 5850 τὰ
816 5799 1057 5863 Ἰσαυρικὰ
1089 5799 1193 5856 ἔθνη
1233 5797 1440 5854 eum:
1481 5798 1566 5855 τὰς
1599 5800 1736 5856 δδοὺς
1769 5816 1854 5850 πε-

276 5865 516 5921 auritum.
548 5862 724 5911 Πάντα.

1746 460 2127 520 El’lSTOLE.

3455 466 3564 526 664

1979 581 2318 654 ῆλγήσαμεν,
2351 583 2425 654 μὴ
2459 581 2744 654 δεξάμενοι
2779 582 3085 657 γράμματά
3121 599 3215 634 σου
3245 580 3346 652 τῆς
3387 584 3566 654 τιμιό-
3675 613 3678 616 ~
3754 617 3762 625 ο

1975 691 2160 743 τητος,
2193 677 2286 728 zeal
2306 678 2366 730 ἐν
2397 676 2636 746 φροντίδι
2660 674 3102 746 καθεστήκαμεν,
3146 674 3356 745 μήποτε
3385 673 3568 746 ἀρρω-

1979 766 2102 819 στία
2133 765 2291 820 τοῦτο
2335 766 2684 821 διεκώλυσεν.
2723 767 2821 820 Ἰν*
2869 762 2962 820 οὖν
3019 765 3111 818 zeal
3140 763 3344 836 ταύτην
3369 763 3568 838 ἀνέλῃς

1974 858 2136 930 ήμῶν
2186 859 2280 930 τὴν
2312 860 2588 930 φροντίδα,
2615 859 2828 929 ταχέως
2868 860 3004 929 ἡμῖν
3029 855 3246 928 πέμψον
3272 854 3565 928 ἐπιστολὴν

1973 948 2146 1004 ταῦτα
2165 948 2454 1021 δηλοῦσαν.

2527 1044 2660 1096 PE'.
2704 1039 3013 1106 Χαλκιδίᾳ.

2058 1134 2118 1188 '0
2147 1133 2279 1197 Θεός
2303 1151 2387 1187 σοι
2418 1133 2511 1187 τὸν
2541 1133 2731 1204 μισθὸν
2759 1132 2870 1204 δῴη
2896 1133 2924 1172 δ
2956 1132 3050 1185 zeal
3079 1128 3340 1191 ἐνταῦθα,
3373 1128 3471 1184 καὶ
3501 1130 3560 1181 ἐν

1970 1222 2052 1294 τῷ
2080 1222 2330 1294 μέλλοντι
2361 1222 2518 1276 αίῶνι
2547 1221 2650 1292 τῆς
2677 1221 2806 1287 περὶ
2834 1222 2986 1291 ἡμᾶς
3009 1219 3213 1288 αἰδοῦς,
3242 1220 3339 1274 καὶ
3369 1221 3557 1290 τιμῆς,

1972 1313 2067 1365 zeal
2094 1312 2321 1383 γνησίας
2350 1311 2592 1382 ἀγάπης.
2620 1311 2756 1364 Οὑδέ
2785 1312 2894 1380 γὰρ
2927 1310 3022 1364 νῦν
3068 1310 3249 1382 μόνον,
3279 1307 3419 1364 ἀλλὰ
3467 1307 3562 1360 zeal

1971 1405 2199 1469 ἄνωθεν,
2240 1404 2336 1458 zeal
2379 1403 2437 1468 ἐξ
2466 1405 2642 1476 ἀρχῆς
2669 1398 2788 1457 οἶδα
2827 1402 3033 1470 σαφῶς,
3063 1403 3213 1466 ὅπως
3246 1399 3374 1472 περὶ
3411 1399 3560 1471 ἡμᾶς

1968 1497 2278 1568 διατεθῆναι
2329 1495 2689 1559 ἐσπούδακας.
2731 1494 2829 1548 Διά
2871 1494 3029 1547 τοῦτο
3066 1493 3161 1547 zeal
3204 1494 3268 1546 ἐκ
3305 1490 3560 1546 τοσούτου

1969 1590 2280 1660 καθήμενος
2315 1589 2702 1660 διαστήματος,
2739 1586 2834 1639 zeal
2868 1584 3046 1656 πολλῷ
3077 1583 3179 1654 τῆς
3212 1583 3334 1637 ὁδοῦ
3375 1584 3559 1654 είργό-

1973 1699 2132 1752 μενος
2171 1679 2249 1752 τῷ
2285 1681 2454 1751 μέσῳ,
2479 1679 2575 1732 καὶ
2607 1681 2665 1732 ἐν
2699 1677 2922 1742 πολλαῖς
2951 1676 3028 1730 ῶν
3057 1675 3291 1730 ἐνταῦθα
3321 1675 3556 1746 θλίψεσι,

1968 1772 2058 1827 διά
2095 1789 2155 1826 τε
2189 1772 2288 1843 τὴν
2315 1773 2552 1844 ἐρημίαν
2590 1770 2682 1826 τοῦ
2723 1770 2923 1842 χωρίου
2957 1768 3170 1835 τούτου,
3208 1768 3297 1822 διά
3335 1785 3397 1823 τε
3430 1767 3558 1832 τούς

1972 1866 2218 1936 συνεχεῖς
2249 1863 2548 1930 κινδύνους,
2575 1865 2672 1918 zeal
2699 1863 2799 1926 τάς
2831 1861 3170 1933 ἐπαλλήλους
3200 1859 3310 1914 τῶν
3341 1858 3556 1932 λῃστῶν

1967 1959 2214 2029 ἐφόδους,
2256 1957 2345 2011 διά
2391 1974 2452 2011 τε
2501 1955 2601 2028 τὴν
2640 1955 2840 2028 ίατρῶν
2875 1953 3093 2019 σπάνιν,
3134 1951 3308 2007 οὐδενὶ
3349 1949 3555 2005 τούτων

1967 2052 2248 2122 κωλύομαι
2285 2047 2593 2120 μεμνῆσθαί
2633 2064 2728 2101 σου
2764 2045 3030 2118 διηνεκῶς
3067 2046 3167 2117 τῆς
3209 2044 3510 2117 ἐμμελείας
3536 2060 3551 2076 ·

1966 2140 2103 2194 ἀλλά
2135 2139 2232 2210 τὴν
2267 2140 2510 2209 ἀγάπην,
2549 2137 2616 2209 ἣν
2651 2135 2710 2202 ἐξ
2735 2134 2914 2207 ἀρχῆς
2942 2135 3037 2189 zeal
3061 2135 3191 2206 περὶ
3220 2134 3281 2188 σέ
3306 2134 3400 2189 zeal
3428 2127 3558 2208 περὶ

1965 2229 2057 2283 τὸν
2099 2225 2248 2284 οἶκόν
2293 2245 2388 2281 σου
2432 2225 2902 2298 ἐσχηκα,,ταύτην
2929 2223 3286 2295 ἀκμάζουσαν
3311 2223 3555 2297 διατηρῶ

1967 2323 2061 2376 zeal
2105 2320 2221 2384 νῦν,
2263 2319 2415 2374 οὑδέν
2458 2318 2580 2372 οὐδὲ
2619 2318 2730 2371 ἀπὸ
2757 2315 2851 2370 τοῦ
2891 2317 3108 2388 χρόνου,
3143 2315 3264 2370 οὐδὲ
3313 2316 3423 2371 ἀπὺ
3460 2314 3558 2371 τοῦ

1969 2414 2177 2484 μήκους
2206 2411 2308 2482 τῆς
2339 2409 2461 2464 ὁδοῦ
2497 2407 2857 2482 μαραίνεσθαι
2887 2407 3060 2478 αὐτὴν
3080 2407 3260 2477 ἀφείς.
3301 2405 3559 2460 Τοιοῦτον

1966 2505 2075 2576 γάρ
2098 2507 2214 2557 ἐστι
2241 2503 2302 2557 τὸ
2330 2504 2549 2574 ἀγαπᾷν
2579 2501 2838 2572 γνησίως.
2870 2499 2979 2554 Καί
2996 2516 3056 2552 σε
3083 2497 3386 2570 παρακαλῶ
3413 2499 3558 2554 κατά

1965 2596 2064 2668 τὴν
2103 2595 2317 2650 σύνεσίν
2358 2612 2450 2648 σου
2495 2595 2589 2649 zeal
2620 2595 2720 2666 τὴν
2749 2592 3061 2658 εὐλάϐειαν,
3101 2592 3288 2662 φέρειν
3317 2591 3388 2646 τὰ
3414 2609 3556 2664 συμδ

1965 2685 2233 2740 πίπτοντα
2260 2687 2476 2740 ἅπαντα
2501 2684 2785 2754 γενναίως.
2811 2679 2984 2737 Οἶσθα
3007 2683 3118 2755 γὰρ
3144 2685 3226 2738 ὅτι
3245 2683 3310 2737 ἐκ
3329 2682 3557 2756 πρώτης

1964 2778 2183 2851 ἡλικίας
2214 2778 2378 2850 μέχρι
2405 2775 2499 2832 τοῦ
2527 2777 2622 2830 νῦν
2650 2775 2740 2830 διά
2772 2775 3033 2832 ποικίλων
3062 2775 3160 2828 καὶ
3193 2775 3557 2830 παντοδαπῶν

1967 2869 2154 2940 σχεδὸν
2197 2868 2440 2930 ῶδευσας
2494 2867 2840 2937 πειρασμῶν,
2895 2867 2992 2920 zeal
3038 2866 3264 2920 δύνασαι
3315 2866 3435 2937 μετ’
3466 2867 3558 2919 εὐ·-

1965 2961 2150 3024 κολίας
2181 2961 2273 3013 τὸν
2308 2959 2408 3030 τῆς
2440 2957 2716 3029 ὑπομονῆς
2749 2954 2912 3011 ἆθλον
2941 2955 3330 3027 ἀγωνίζεσθαι,
3368 2957 3559 3030 ῶσπερ

1963 3046 2057 3105 οὖν
2085 3053 2180 3104 καὶ
2210 3049 2466 3120 ἠγωνίσω
2491 3047 2777 3114 πολλάκις,
2812 3048 2905 3102 zeal
2938 3048 3224 3119 λαμπροὺς
3263 3048 3402 3121 ὑπὲρ
3429 3049 3558 3102 τούο

1963 3163 2072 3198 των
2103 3147 2304 3215 σεαυτῇ
2336 3143 2650 3214 προαπέθου
2679 3143 2805 3205 τοὺς
2829 3143 3152 3211 στεφάνους.
3184 3142 3248 3196 El
3268 3142 3324 3196 δὲ
3352 3141 3560 3214 μείζων

1964 3229 2115 3299 οὗτος
2140 3235 2249 3288 τῶν
2273 3233 2671 3306 παρελθόντων,
2697 3231 2833 3285 ἀλλὰ
2867 3233 2959 3284 zeal
2985 3231 3013 3283 ὁ
3037 3231 3303 3300 στέφανος
3333 3232 3555 3289 πλείων.

1964 3327 2148 3398 Μηδὲν
2190 3321 2284 3379 οὑν
2333 3343 2392 3379 σε
2441 3322 2757 3395 ταραττέτω
2802 3323 2912 3376 τῶν
2961 3322 3319 3394 ἐπαγομένων
3347 3321 3555 3378 δεινῶν·

1963 3418 2080 3474 ἀλλ’
2118 3420 2338 3489 ὅσῳπερ
2369 3418 2435 3472 ἂν
2471 3416 2702 3487 αὔξηται
2742 3415 2812 3470 τὰ
2840 3415 3084 3486 κύματα,
3112 3417 3206 3470 zeal
3239 3417 3424 3488 μεῖζον
3453 3418 3554 3487 γέ-

1963 3527 2122 3581 νηται
2173 3510 2235 3563 τὸ
2269 3507 2582 3574 κλυδώνιον,
2622 3508 2865 3579 τοσούτῳ
2913 3507 3140 3579 μείζονα
3184 3508 3426 3580 ἀνάμενε
3459 3510 3560 3581 τὴν

1966 3601 2258 3674 ἐμπορίαν,
2285 3598 2380 3654 καὶ
2412 3599 2593 3670 πολλῷ
2626 3599 2850 3654 πλείονα
2887 3599 2955 3653 τὰ
2990 3598 3201 3653 ἔπαθλα
3241 3593 3350 3653 τῶν
3401 3599 3561 3673 ἱδρώ-

1964 3714 2094 3765 των,
2128 3694 2223 3749 zeal
2261 3690 2503 3766 μείζονα,
2534 3693 2630 3746 καὶ
2661 3691 3039 3763 λαμπρότερα.
3063 3691 3144 3744 Οὐ
3183 3690 3292 3762 γάρ
3320 3690 3463 3753 ἀξια
3487 3696 3561 3747 τὰ

1966 3783 2285 3854 ,παθήματα
2314 3783 2423 3838 τοῦ
2461 3781 2579 3837 νῦν
2605 3783 2818 3852 καιροῦ
2860 3781 3015 3850 πρὸς
3055 3781 3173 3850 τὴν
3200 3780 3561 3851 μέλλουσαν

1965 3876 2156 3941 δόξαν
2207 3877 2744 3931 ἀποκαλύπτεσθαι
2799 3876 2888 3939 είς
2934 3873 3114 3943 ἡμᾶς.
3147 3871 3300 3937 Ὀδδς
3336 3873 3447 3944 γάρ
3490 3875 3560 3928 τά

1965 3967 2230 4038 παρόντα.
2279 3968 2372 4020 zeal
2424 3966 2491 4020 τὰ
2540 3964 2776 4037 χρηστά,
2826 3966 2919 4018 zeal
2941 3965 3016 4018 ιτά
3053 3963 3278 4036 λυπηρά
3314 3965 3410 4019 τοῦ
3439 3965 3558 4035 βίου

1965 4055 2177 4124 τούτου,
2211 4057 2306 4109 zeal
2338 4055 2576 4125 ἑκάτερα
2608 4055 2810 4126 ὁμοίως
2857 4053 3235 4126 παροδεύεται,
3273 4056 3369 4109 καὶ
3405 4056 3559 4112 οὐδὲν

1966 4149 2146 4203 αὐτῶν
2199 4149 2418 4217 πάγιον,
2462 4146 2583 4201 οὐδὲ
2636 4147 2867 4219 βεϐηκὸς
2904 4158 2952 4211 ο,
2997 4143 3134 4200 ἀλλά
3165 4151 3416 4218 μιμεῖται
3458 4149 3560 4219 τὴν

1968 4240 2148 4309 φύσιν,
2170 4238 2306 4310 ὁμοῦ
2333 4255 2391 4292 τε
2422 4237 2747 4309 φαινόμενα,
2788 4238 2882 4292 zeal
2907 4236 3344 4310 παρατρέχοντα.
3376 4236 3560 4294 Καθά-

1967 4351 2074 4404 περ
2110 4329 2204 4386 οὗν
2247 4333 2418 4387 ὁδῖται
2467 4332 2562 4385 καὶ
2593 4330 2860 4403 ὁδοιπόροι
2908 4331 2975 4385 άν
3017 4348 3079 4384 τε
3127 4331 3219 4386 διά
3276 4331 3558 4403 λειμώνων

1964 4425 2240 4487 ὀδεύωσιν,
2270 4423 2335 4477 ἄν
2351 4440 2411 4476 τε
2427 4423 2515 4476 διὰ
2544 4423 2861 4494 φαράγγων,
2885 4424 3144 4495 οὐδεμίαν
3167 4421 3288 4477 οὐδὲ
3307 4423 3560 4479 ἐντεῦθεν

1966 4514 2307 4586 καρποῦνται
2337 4513 2436 4584 τὴν
2467 4514 2680 4585 ἡδονὴν,
2707 4514 2828 4568 οὐδὲ
2860 4514 3072 4568 ἐκεῖθεν
3096 4515 3431 4586 ὑπομένουσι
3459 4516 3552 4571 λύ-

1966 4623 2097 4677 πην·
2133 4607 2304 4660 ὁδῖται
2338 4606 2448 4678 γάρ
2484 4607 2644 4670 εἰσιν,
2677 4608 2799 4678 οὐχὶ
2839 4607 3077 4671 πολῖται,
3107 4609 3347 4681 ἑκάτερα
3376 4625 3558 4682 παρα-

1963 4697 2270 4768 τρέχοντες,
2303 4697 2400 4752 zeal
2438 4697 2575 4768 πρὸς
2603 4696 2702 4768 τὴν
2727 4698 2962 4770 πατρίδα
2991 4698 3091 4768 τὴν
3119 4699 3329 4753 ἑαυτῶν
3352 4698 3562 4769 ἐπειγόο

1967 4801 2135 4858 μενοι·
2162 4786 2306 4841 οὑτω
2327 4785 2630 4858 παρακαλῶ
2653 4787 2747 4840 zeal
2772 4787 2917 4858 ὑμᾶς
2943 4788 3082 4860 μήτε
3100 4787 3238 4860 πρὸς
3261 4787 3333 4841 τά
3354 4788 3562 4861 φαιδρά

1963 4877 2056 4931 τοῦ
2105 4878 2371 4949 παρόντος
2419 4877 2573 4951 [651]
2618 4879 2906 4950 κεχηνέναι
2953 4878 3092 4950 βίου,
3139 4881 3276 4952 μήτε
3312 4879 3417 4934 ὑπὸ
3449 4880 3559 4937 τῶν

1962 4971 2224 5042 λυπηρῶν
2278 4970 2806 5038 κατασατπίζεσθαι,
2851 4973 2967 5026 ἀλλ’
3006 4974 3065 5028 ἐν
3101 4975 3264 5045 μόνον
3308 4979 3556 5043 σκοπεῖν,

1963 5063 2110 5126 ὅπως
2161 5064 2243 5127 είς
2281 5063 2381 5136 τήν
2418 5064 2602 5136 κοινὴν
2655 5066 2909 5120 ἁπάντων
2939 5066 3098 5137 ήμῶν
3132 5069 3368 5139 πατρίδα
3418 5070 3556 5139 μετὰ

1963 5154 2163 5226 πολλῆς
2217 5156 2604 5227 παραγένησθε
2651 5158 2750 5228 τῆς
2813 5158 3152 5230 παρρησίας.
3227 5160 3557 5232 Ἐπειδήπερ

1962 5244 2122 5298 τοῦτό
2173 5247 2291 5299 ἐστι
2337 5245 2400 5299 τὸ
2453 5247 2615 5317 μένον
2670 5249 2765 5302 zeal
2822 5249 3072 5320 πεπηγὸς
3136 5250 3234 5304 zeal
3291 5250 3557 5306 ἀθάνατον

1963 5334 2188 5403 ἀγαθὸν,
2211 5335 2282 5389 τὰ
2312 5335 2369 5389 δὲ
2396 5334 2532 5389 ἀλλα
2566 5337 2771 5401 πάντα,
2804 5337 2964 5402 άνθος
2986 5339 3185 5410 χόρτου
3207 5339 3301 5392 zeal
3325 5339 3554 5404 καπνὸς.

1965 5426 2059 5478 καὶ
2084 5424 2138 5476 εἴ
2158 5442 2210 5477 τι
2232 5424 2438 5479 τούτων
2477 5426 2875 5500 εὐτελέστερον,

2175 5538 2318 5604 Ρεῖι.
2338 5537 2713 5608 Ἀσυγκριτίᾳ
2742 5541 2840 5596 καὶ
2866 5539 2997 5609 ταῖς
3023 5541 3147 5596 σὺν
3173 5540 3351 5611 αὐτῇ.

2033 5646 2165 5706 Οἶδα
2193 5650 2292 5723 τὴν
2325 5651 2549 5722 ἀγάπην
2592 5653 2748 5725 ὑμῶν
2781 5657 2874 5711 zeal
2911 5657 3013 5730 τὴν
3047 5656 3288 5713 διάθεσιν
3329 5657 3400 5730 ἢν
3434 5657 3566 5732 περὶ

2022 5802 2052 5870 ξ
2082 5800 2210 5870 Trag
2241 5813 2357 5849 mss.
2387 5803 2553 5870 μισθὸν
2580 5805 2668 5870 δῷ.

2031 5867 2052 5894 ⁸
2079 5862 2230 5913 Savll.
2256 5862 2482 5925 πεπηγός.
