4216 6534
1366 436 1423 494 S.
1463 431 1744 492 JOANMS
1777 424 2268 487 CIIRYSOSTOMI
2303 424 2626 481 ARCIIIEP.
2666 424 3210 484 CONSTANTINOP.

3809 416 3933 472 668

682 563 828 635 ἡμᾶς
877 558 1019 629 ἔχειν
1065 553 1456 610 ἐσπουδάκατε.
1506 552 1617 605 Καὶ
1659 549 1895 620 συνεχῶς
1942 544 2238 616 ἐϐουλόμην
2342 544 2739 615 αριθμούμενος
2758 544 2848 598 τὸν
2868 544 3106 617 όρμαθὲΝ
3124 544 3232 596 τῶν
3254 539 3520 616 βραϐείων
3538 536 3636 610 τῆς
3657 532 3927 635 θλίψεως,

683 648 1031 704 ἐπιστέλλειν·
1067 646 1179 699 ἀλλ’
1204 646 1232 699 ό
1258 642 1367 697 τῶν
1403 642 1659 713 Ἰσαύρων
1696 640 1878 710 φόϐος,
1909 641 2087 692 πᾶσαν
2108 637 2243 690 ἀποο

2346 638 2529 707 φησὶν,
2559 638 2640 691 ὅτι
2672 636 2988 707 ὑπομονὴν
3016 636 3168 704 αὕτη
3190 638 3391 699 τίκτει,
3428 632 3528 703 τὴν
3564 629 3779 702 μητέρα
3806 626 3931 680 τῶν

683 736 922 805 τειχίσας
957 733 1093 795 ὁδὸν,
1122 732 1221 785 οὑκ
1248 731 1470 801 ἀφίησιν
1512 732 1759 801 εὐπορεῖν
1790 729 1897 782 τῶν
1927 727 2061 800 πρὸς
2088 726 2245 779 τοῦτο
2345 728 2586 796 ἀγαθῶν,
2612 728 2703 783 τὸν
2726 728 3031 800 ἀκύμαντον
3057 728 3272 800 λιμένα,
3301 727 3400 798 τὴν
3425 726 3483 779 ἐν
3506 722 3718 795 γαλήνῃ
3749 720 3929 792 ζωὴν,

684 824 1144 895 διακονησομένων
1182 822 1331 892 ήμῖν.
1386 820 1578 875 Ἦνίκα
1616 819 1746 887 γοῦν
1788 819 1855 873 ἂν
1906 816 2245 887 ἐπιτύχωμεν

685 916 905 978 τούτων,
933 916 1032 985 τὴν
1059 912 1411 983 ὀφειλομένην
1448 910 1804 979 ἀποδιδόαμεν
1850 910 1977 980 ὑμῖν
2004 908 2245 978 πρόσρη-

691 1023 793 1070 σιν,
822 1004 889 1059 τά
923 1003 1122 1074 συνήθη
1157 1000 1591 1072 παρακαλοῦντες
1618 1001 1779 1071 ὑμᾶς,
1813 1000 1977 1069 μηδὲν
2003 997 2249 1069 θορυϐεῖ-

691 1098 813 1152 σθαι
844 1096 976 1167 μηδι
1004 1093 1365 1167 ταράττεσθαι
1394 1093 1498 1146 ὑπὸ
1530 1092 1636 1144 τῶν
1673 1091 1908 1162 συνεχῶν
1931 1089 2133 1144 τούτων
2156 1089 2249 1141 καὶ

691 1186 1002 1257 ἐπαλλήλων
1042 1185 1380 1257 πειρασμῶν.
1420 1184 1482 1236 Et
1522 1182 1628 1253 γάρ
1666 1182 1896 1252 ἔμποροι
1938 1182 2033 1234 καὶ
2060 1180 2249 1233 ναῦται

693 1278 925 1349 φορτίων
969 1277 1160 1344 ὀλίγων
1188 1276 1369 1329 ἕνεκεν
1406 1274 1546 1327 οὑτω
1579 1273 1762 1345 μακρά
1788 1272 2118 1326 διαϐαίνουσι
2151 1287 2249 1323 πε-

693 1368 855 1436 λάγη,
916 1366 1009 1420 καὶ
1056 1364 1320 1418 τοσούτων
1380 1363 1758 1433 κατατολμῶσι
1818 1361 2093 1433 κυμάτων
2159 1360 2252 1413 καὶ

695 1454 1019 1528 στρατιῶται
1072 1456 1128 1509 δὲ
1172 1455 1265 1509 καὶ
1305 1455 1473 1524 αὑτῆς
1514 1453 1910 1525 καταφρονοῦσι
1961 1454 2059 1523 τῆς
2108 1450 2252 1521 ζωῆς

694 1548 831 1617 ὑπὲρ
867 1547 1129 1617 ἐπικήρου
1157 1547 1252 1598 καὶ
1284 1545 1510 1616 βραχέος
1544 1543 1758 1615 μισθοῦ,
1796 1543 1887 1596 καὶ
1922 1542 2119 1607 ζῶντες
2156 1541 2253 1611 μὲν

692 1638 787 1691 καὶ
832 1635 973 1707 λιμῷ
1017 1635 1276 1705 μάχονται
1319 1634 1599 1698 πολλάκις,
1632 1634 1727 1689 καὶ
1768 1633 2095 1704 ὁδοιπορίαις
2146 1648 2253 1701 μα-

693 1729 851 1798 κραῖς
884 1726 1305 1792 κατατείνονται,
1333 1726 1425 1779 καὶ
1452 1724 1713 1796 διηνεκῶς
1741 1725 1833 1779 ἐπὶ
1851 1723 1949 1793 τῆς
1971 1721 2254 1793 ἀλλοτρίας

692 1818 988 1886 διάγουσιν,
1034 1815 1259 1889 ὕστερον
1302 1806 1357 1870 δέ
1390 1816 1482 1869 καὶ
1524 1815 1703 1887 ἄωρον
1741 1816 1835 1869 καὶ
1869 1814 2041 1885 βίαιον
2073 1812 2257 1866 πολλοὶ

692 1906 898 1960 τούτων
944 1905 1271 1977 ὑπομένουσι
1323 1904 1569 1967 θάνατον,
1610 1904 1762 1958 ούδὶν
1794 1902 2039 1957 ἐντεῦθεν
2072 1900 2133 1954 οὑ
2165 1919 2257 1972 μι-

695 2000 845 2068 κρὸν,
878 1998 938 2049 ού
975 1996 1117 2067 μέγα
1147 1996 1589 2066 καρπωσάμενοι·
1622 1996 1750 2050 ὅταν
1773 1994 2020 2067 οὐράνιος
2041 1995 2070 2047 ό
2098 1989 2257 2057 ἆθλος

695 2087 1017 2159 προκέηται,
1054 2087 1145 2139 καὶ
1194 2086 1331 2155 μετά
1378 2086 1477 2156 τὴν
1519 2085 1775 2155 τελευτὴν
1816 2084 2015 2155 μείζων
2046 2086 2079 2155 ή
2112 2083 2260 2137 ἀντί·

692 2179 838 2242 δοσις
869 2177 963 2231 καὶ
992 2176 1168 2247 πολλῷ
1192 2176 1414 2240 πλείων,
1444 2175 1604 2239 ποίας
1629 2176 1905 2241 τεύξονται
1930 2174 2259 2245 συγγνώμης

695 2273 743 2324 οί
782 2265 1369 2339 καταμαλακιζόμενοι,
1411 2267 1501 2319 καὶ
1533 2266 1607 2337 μὴ
1650 2264 1742 2319 καὶ
1777 2264 1947 2334 αὑτῆς
1982 2280 2259 2333 καταφρο-

696 2363 911 2426 νοῦντες
961 2360 1061 2431 τῆς
1099 2360 1282 2429 ζωῆς;
1325 2357 1487 2412 Ταῦτ’
1518 2351 1611 2410 οὖν
1656 2354 1871 2410 ἅπαντα
1914 2353 2258 2426 λογιζομένη,

696 2457 791 2509 καὶ
842 2455 923 2506 δτι
971 2452 1177 2514 καπνὸς
1223 2452 1292 2504 τά
1331 2448 1596 2522 παρόντα,
1651 2446 1746 2501 καὶ
1779 2447 1933 2517 δναρ,
1966 2447 2060 2499 καὶ
2115 2447 2263 2499 πᾶσα

698 2546 966 2618 εὑημερία
1008 2543 1321 2614 ἀνθρωπίνη
1369 2539 1581 2609 φύλλων
1625 2536 1829 2610 ἡρινῶν
1864 2537 2012 2591 ούδὲν
2046 2537 2264 2607 ἄμεινον

695 2636 1001 2698 διάκειται,
1050 2631 1349 2703 γινομένων
1402 2646 1461 2683 τε
1512 2627 1648 2701 όμοῦ
1708 2628 1802 2682 καὶ
1855 2626 2266 2698 μαραινομένων

700 2727 922 2789 εὑθέως,
950 2723 1255 2795 ὑψηλοτέρα
1274 2722 1487 2775 πάντων
1506 2719 1614 2774 τῶν
1634 2718 1889 2772 τοιούτων
1906 2719 2056 2787 γίνου
2076 2717 2264 2788 βελῶν.

702 2818 917 2882 Ἔξεστι
944 2816 1072 2887 γάρ,
1102 2815 1197 2869 ἐάν
1220 2813 1398 2885 θέλῃς,
1430 2813 1523 2867 καὶ
1549 2812 1647 2884 τήν
1673 2809 1929 2883 βιωτικὴν
1960 2810 2269 2879 καταπατῆ-

701 2925 788 2962 σαι
822 2904 1138 2976 φαντασίαν.
1173 2904 1268 2956 Ἐν
1309 2902 1500 2956 σκόπει
1536 2901 1713 2973 μόνον,
1740 2903 1885 2965 ὅπως
1912 2900 2047 2970 μετά
2069 2898 2268 2969 πολλῆς

698 2996 797 3067 τῆς
820 2994 1052 3065 σπουδῆς
1081 2994 1180 3063 τὴν
1208 2992 1574 3062 τεθλιμμένην
1601 2992 1717 3045 ὁδὸν
1738 2990 1984 3045 διανύσαι
2011 2989 2264 3060 δυνηθῇς,

699 3088 799 3156 τὴν
825 3085 961 3156 πρὸς
983 3084 1146 3138 αὑτὸν
1174 3082 1479 3149 ἀνάγουσαν
1509 3095 1556 3137 ι.

700 3194 834 3252 ΡΗ.
870 3194 1102 3259 Κάστφ,
1141 3192 1464 3260 Οὐαλερίῳ.
1505 3192 1825 3260 Διοφάντῳ,
1858 3192 1954 3245 καί
1977 3190 2264 3259 Ruptum},

1270 3261 1711 3331 πρεσϐυτέροις.

776 3380 843 3435 ⁸0
881 3378 1166 3449 συμϐαίνει
1212 3376 1290 3447 τῷ
1318 3375 1525 3447 χρυσίῳ
1566 3373 1970 3444 βασανιζομένῳ
2013 3373 2269 3437 πολλάκις

602 3483 609 3490 ’
703 3472 809 3528 ὑπὸ
864 3471 1053 3542 πυρὸς,
1108 3468 1265 3521 τοῦτο
1317 3467 1411 3521 καὶ
1463 3469 1585 3530 ταῖς
1637 3469 1862 3538 χρυσαῖς
1901 3464 2060 3518 εἴωθε
2104 3482 2272 3536 προσ⁶

703 3562 947 3633 γίνεσθαι
968 3563 1163 3632 ψυχαῖς
1188 3560 1292 3614 ὑπὸ
1311 3558 1418 3612 τῶν
1441 3558 1779 3629 πειρασμῶν.
1820 3557 2062 3628 Ἐκείνην
2082 3575 2141 3611 τε
2165 3558 2272 3629 γάρ

703 3658 803 3727 τήν
852 3654 982 3725 ὓλην
1023 3651 1409 3723 λαμπροτέραν
1457 3648 1637 3719 πολλῷ
1677 3649 1771 3704 καὶ
1811 3648 2197 3719 καθαρωτέραν
2239 3649 2271 3719 ἠ

703 3747 804 3817 τῆς
836 3746 1027 3814 φλογὸς
1060 3744 1349 3812 ἀποφαίνει
1392 3742 1573 3812 φύσις,
1611 3739 1871 3811 ὁμιλοῦσα
1906 3740 2041 3811 αὑτῇ
2086 3739 2273 3810 χρόνον

704 3833 976 3913 τοσοῦτον,
1008 3834 1132 3885 ὅσον
1157 3831 1223 3886 ἂν
1246 3834 1275 3885 ό
1299 3830 1399 3901 τῆς
1425 3831 1621 3902 τέχνης
1643 3828 1924 3899 ἐπιτρέπει
1947 3828 2126 3898 νόμοςο
2151 3827 2275 3892 τούς

703 3941 766 3980 τε
812 3925 889 3997 τῷ
939 3924 1146 3996 χρυσίῳ
1188 3921 1327 3976 κατά
1368 3922 1606 3976 διάνοιαν
1648 3920 1891 3982 ἐοικότας
1933 3918 2272 3990 ἀνθρώπους,

708 4016 931 4088 χρυσίου
980 4014 1177 4077 παντὸς
1219 4012 1603 4085 φαιδροτέρους
1659 4011 1753 4064 καλ⁸
1792 4010 2276 4080 πολυτελεστέρους

712 4107 853 4179 μετὰ
893 4105 1090 4174 πολλῆς
1115 4104 1212 4174 τῆς
1248 4102 1561 4171 περιουσίας
1603 4104 1635 4172 ή
1664 4102 1773 4154 τῶν
1800 4099 2115 4171 ἐπαλλήλων
2162 4118 2277 4155 πει-

712 4194 937 4267 ρασμῶν
965 4193 1255 4264 ἐργάζεται
1287 4192 1534 4259 κάμινος.
1562 4188 1712 4261 [652]
1740 4188 1837 4242 Διά
1870 4189 1932 4259 δὴ
1964 4189 2141 4253 τοῦτο,
2181 4191 2275 4243 καὶ

710 4290 774 4343 ἐκ
828 4284 1080 4339 τοσούτου
1130 4283 1424 4354 καθήμενοι
1480 4282 1865 4351 διαστήματος,
1901 4281 1961 4332 οὑ
1993 4281 2274 4351 παυόμεθα

710 4377 969 4447 διηνεκῶς
992 4374 1378 4446 μακαρίζοντες
1402 4373 1563 4443 ὑμᾶς.
1604 4374 1739 4424 Ἱστε
1770 4371 1896 4441 γάρ,
1930 4371 2037 4423 ἴστε
2066 4374 2269 4441 σαφῶς.

709 4473 832 4526 ισον
863 4470 969 4523 τῶν
998 4468 1250 4521 τοιούτων
1282 4467 1578 4521 ἐπιϐουλῶν
1606 4467 1668 4519 τὸ
1712 4467 1918 4537 κέρδος,
1959 4469 2052 4520 καὶ
2090 4467 2204 4531 πῶς
2240 4470 2272 4537 ή

710 4561 804 4615 τοῦ
838 4561 1096 4631 παρόντος
1132 4559 1397 4629 εύημερία
1421 4558 1535 4629 βίου
1563 4559 1733 4629 δνομα
1770 4560 1926 4627 μόνον
1956 4559 2068 4611 ἐστὶ
2098 4558 2271 4626 ψιλὸν,

713 4654 1031 4724 πράγματος
1052 4652 1275 4721 ἔρημον,
1297 4651 1363 4704 τὰ
1383 4651 1439 4704 δὲ
1462 4650 1717 4721 μέλλοντα
1744 4651 1943 4718 ἀγαθὰ,
1971 4650 2275 4719 πεπηγότα,

713 4745 938 4813 ἀκίνητα
971 4742 1189 4812 μόνιμα,
1226 4741 1483 4794 ἀθάνατα.
1525 4741 1634 4795 Καὶ
1662 4742 1722 4793 οὑ
1764 4740 1920 4793 τοῦτο
1950 4742 2127 4809 μόνον
2166 4742 2279 4794 ἐστὶ

714 4837 774 4889 τὸ
805 4832 987 4904 θαῦμα
1025 4834 1123 4901 τῆς
1153 4832 1368 4904 ἀρετῆς,
1415 4833 1495 4885 ὅτι
1543 4832 1765 4885 τοιαῦτα
1805 4834 1939 4901 ήμῖν
1967 4832 2033 4884 τὰ
2072 4831 2278 4885 ἔπαθλα

716 4926 1033 4999 παρέχεται,
1060 4925 1115 4978 ἀ)
1128 4925 1171 4976 λ’
1204 4926 1283 4976 ότι
1322 4924 1415 4977 καὶ
1452 4923 1554 4995 πρὸ
1584 4922 1690 4977 τῶν
1716 4923 1965 4977 ἐπάθλων
1994 4925 2041 4976 οί
2075 4925 2280 4991 ἀγῶνες

717 5024 885 5094 αὐτῆς
913 5022 1119 5077 ἔπαθλα
1148 5023 1403 5089 γίνονται,
1429 5021 1522 5074 καλ⁸
1542 5022 1602 5073 οὑ
1633 5021 1789 5090 μόνον
1823 5020 1913 5072 τοῦ
1944 5021 2171 5089 θεάτρου
2196 5022 2282 5074 λυ-

718 5115 901 5177 θέντος
931 5114 999 5167 τά
1024 5112 1243 5183 βραδεῖα
1278 5115 1386 5174 τοῖς
1417 5112 1751 5181 νενικηκόσιν
1772 5111 1988 5181 ἔρχεται
2020 5111 2279 5183 φέρουσα,

718 5206 852 5261 ἀλλά
890 5207 984 5259 καὶ
1021 5208 1075 5257 ἐν
1104 5205 1248 5273 αὑτῷ
1280 5204 1425 5274 μέσῳ
1448 5202 1523 5273 τῷ
1554 5203 1835 5272 σκάμματι
1866 5202 2145 5273 λαμπροὺς
2172 5206 2283 5266 τοῖς

697 5298 1135 5365 ,ἀγωνιζομένοις
1172 5295 1358 5347 πλέκει
1381 5296 1504 5355 τοὺς
1540 5296 1851 5360 στεφάνους.
1886 5294 1982 5347 Διά
2007 5293 2161 5345 τοῦτο
2191 5296 2284 5347 καὶ¹

723 5389 929 5451 Παῦλος
956 5390 1053 5440 οὐκ
1088 5389 1178 5439 ἐπὶ
1211 5390 1328 5449 ταῖς
1368 5386 1660 5439 ἀντιδόσεσι
1694 5386 1800 5437 τῶν
1841 5385 2069 5455 θλίψεων
2103 5386 2283 5456 χαίρει

722 5482 814 5533 καὶ
859 5481 1201 5549 εὐφραίνεται
1254 5480 1431 5547 μόνον,
1485 5478 1617 5530 ἀλλά
1659 5479 1751 5530 καὶ¹
1804 5478 1888 5529 ἐπ’
1933 5478 2122 5540 αύταῖς
2169 5480 2285 5540 ταῖς

724 5572 927 5641 θλίψεσι
973 5570 1388 5634 καλλωπίζεται,
1430 5569 1572 5622 οὓτω
1610 5569 1801 5637 λέγων·
1840 5571 1922 5623 Οὐ
1959 5569 2152 5634 μόνον
2194 5567 2280 5632 δὲ,

723 5664 881 5720 ἀλλὰ
914 5663 1008 5717 καί
1039 5662 1387 5731 καυχώμεθα
1427 5662 1494 5715 ἐν
1530 5660 1658 5728 ταῖς
1687 5662 1988 5729 θλίψεσιν.
2024 5657 2154 5713 Εἶτα
2177 5660 2285 5713 ἀπ-

785 5864 800 5884 ’
824 5862 1027 5927 Legisse
1063 5862 1257 5916 videtur
1276 5862 1528 5925 Inlerpres
1555 5862 1668 5924 πρὸς
1688 5863 1881 5925 οὐρανὸν
1904 5865 2185 5924 άνάγουσαν.

2346 819 2443 889 τὴν
2482 819 2689 889 πέτρας
2735 820 3108 889 ίσχυροτέραν,
3158 818 3250 872 καὶ
3289 818 3595 886 ἀδάμαντος
3634 811 3929 885 στερροτέ-

2351 926 2469 979 ραν,
2516 909 2616 979 τὴν
2666 908 2829 961 ὅπλου
2876 908 3076 971 παντὸς
3122 908 3517 979 δυνατωτέραν,
3574 906 3670 959 καὶ
3722 904 3931 974 τειχῶν

2349 1001 2775 1073 ἀσφαλεστέραν.
2803 999 2951 1071 Δῦτη
2980 1000 3036 1053 δὲ
3076 999 3487 1072 κατορθωθεῖσα
3528 997 3785 1068 δοκίμους
3831 996 3932 1048 καὶ

2350 1092 2626 1159 γενναίους
2687 1092 2833 1142 ποιεῖ
2887 1091 3012 1153 τοὺς
3064 1090 3234 1159 αὑτῆς
3279 1089 3602 1160 τροφίμους,
3650 1087 3746 1141 καὶ
3802 1085 3931 1157 μεθ’

2353 1181 2658 1251 ὑπερϐολῆς
2681 1180 3028 1253 ἀχειρώτους.
3066 1180 3253 1234 Οὑδενὶ
3277 1180 3385 1250 γάρ
3408 1179 3602 1249 ἀφίησι
3626 1177 3735 1231 τῶν
3760 1193 3938 1247 προσ-

2354 1273 2658 1326 πιπτόντων
2703 1272 2888 1336 αὑτοῖς
2926 1271 3268 1345 θορυϐεῖσθαι
3307 1270 3588 1342 λυπηρῶν,
3626 1269 3748 1323 οὐδὲ
3788 1268 3935 1322 ὑπο-

2355 1363 2714 1428 σκελίζεσθαι·
2752 1364 2868 1416 ἀλλ’
2909 1363 3097 1435 ῶσπερ
3144 1366 3177 1435 ή
3225 1364 3397 1435 πέτρα
3441 1364 3660 1435 ὅσῳπερ
3710 1354 3937 1415 ἃνλὺπὺ

2355 1456 2612 1509 πλειόνων
2646 1455 2873 1525 παίηται
2908 1456 3185 1526 κυμάτων,
3216 1455 3352 1525 αὕτη
3400 1453 3499 1525 μὲν
3538 1452 3938 1524 ἐκκαθαίρεται

2360 1547 2639 1618 μειζόνως,
2670 1548 2790 1601 οὑδέ
2815 1545 3008 1618 μικρὸν
3033 1547 3345 1618 κινουμένη,
3366 1544 3473 1599 τῶν
3501 1545 3558 1599 δὲ
3590 1559 3940 1617 προσρηγνυ·

2361 1639 2534 1710 μένων
2563 1640 2699 1709 αὑτῇ
2729 1639 2820 1692 τὸν
2852 1638 3013 1708 ὄγκον
3041 1639 3247 1693 ὑδάτων
3279 1636 3577 1709 διαφθείρει
3618 1636 3839 1708 ῥᾳδίως,
3866 1634 3937 1688 οὐ

2356 1729 2436 1800 τῷ
2465 1730 2667 1795 παίειν,
2704 1728 2841 1783 ἀλλά
2883 1729 2963 1801 τῷ
2990 1729 3246 1783 παίεσθαι
3292 1729 3651 1798 ἀφανίζουσα·
3682 1727 3826 1781 οὕτω
3865 1725 3940 1797 δὴ

2358 1822 2452 1876 καὶ
2481 1821 2510 1873 ό
2534 1821 2751 1892 δόκιμος
2776 1821 2837 1887 ἐξ
2866 1821 3144 1893 ὑπομονῆς
3172 1822 3479 1892 γενόμενος,
3518 1821 3698 1891 πάσης
3722 1817 3936 1873 ἀνώτε-

2363 1930 2453 1985 ρος
2481 1913 2710 1985 ἔστηκεν
2746 1913 3056 1984 ἐπιϐουλῆς.
3102 1914 3211 1967 Καὶ
3260 1914 3319 1968 τὸ
3360 1914 3425 1985 δὴ
3472 1912 3804 1983 θαυμαστὸν,
3850 1913 3941 1967 Im.

2365 2006 2704 2078 ἰσχυρότερος
2738 2005 2965 2073 γίνεται,
3015 2005 3077 2059 οὑ
3113 2005 3192 2077 τῷ
3228 2009 3401 2060 ποιεῖν
3437 2004 3643 2069 κακῶς,
3684 2006 3822 2060 ἀλλά
3855 2004 3943 2075 τῷ

2364 2100 2593 2168 πάσχειν
2613 2097 2797 2161 κακῶς
2810 2098 2935 2161 τοὺς
2952 2097 3237 2161 ποιοῦντας
3259 2096 3489 2151 διαλύων
3513 2098 3729 2169 ῥᾳδίως.
3749 2096 3942 2152 Ταῦτα

2360 2192 2462 2262 οὐχ
2498 2191 2574 2255 ὡς
2616 2191 2883 2261 δεομένοις
2921 2191 3048 2262 παρ’
3076 2191 3233 2262 ἡμῶν
3274 2190 3564 2261 μανθάνειν
3602 2189 3937 2245 ἐπέσταλκα·

2361 2277 2481 2335 οἶδα
2523 2282 2634 2354 γὰρ
2677 2283 2826 2352 ὑμῶν
2860 2283 2956 2355 τὴν
2992 2281 3224 2346 σύνεσιν,
3264 2283 3329 2353 ήν
3368 2282 3457 2337 καὶ
3497 2282 3584 2336 διὰ
3624 2282 3732 2337 τῶν
3757 2282 3945 2353 ἔργων

2363 2374 2541 2428 αὑτῶν
2562 2375 2922 2441 ἐπεδείξασθεο
2953 2376 2990 2431 ἀ
3012 2376 3119 2447 γάρ
3146 2378 3235 2431 διά
3264 2379 3521 2449 ῥημάτων
3548 2376 3947 2447 ἐφιλοσοφήσα-

2368 2482 2466 2534 μεν
2496 2464 2589 2519 νῦν
2615 2467 2795 2537 ήμεῖς,
2829 2466 2998 2521 ταῦτα
3024 2471 3180 2540 ὑμεῖς
3212 2470 3277 2522 δι’
3298 2465 3374 2523 ῶν
3402 2469 3631 2524 ἐπάθετε
3664 2469 3944 2541 ἀνεκηρύ-

2364 2554 2512 2621 εατε.
2555 2555 2629 2609 Ού
2662 2556 2839 2611 τοίνυν
2867 2558 2943 2622 ὡς
2979 2558 3254 2630 δεομένοις
3289 2561 3580 2631 μανθάνειν
3622 2562 3749 2632 παρ’
3782 2560 3947 2632 ήμῶν

2365 2647 2537 2702 ταῦτα
2598 2649 2925 2715 ἐπέσταλκα,
2982 2652 3097 2706 ἀλλ’
3135 2652 3322 2724 ἐπειδὴ
3375 2653 3586 2724 μακρὸν
3646 2654 3945 2726 ἐσιγήσατε

2369 2739 2577 2809 χρόνον,
2610 2739 2807 2810 μᾶλλον
2849 2741 2907 2796 δέ
2945 2746 3095 2814 κοινῇ
3130 2749 3348 2815 μακράν
3386 2744 3721 2815 ἐσιγήσαμεν
3759 2744 3943 2816 σιγὴν,

2369 2828 2666 2901 ἐϐουλήθην
2722 2832 2817 2884 καὶ
2880 2832 2977 2903 τὴν
3029 2834 3317 2905 ἐπιστολὴν
3387 2834 3640 2905 γενέσθαι
3700 2838 3947 2908 μακράν.

2382 2919 2663 2991 ’Δθληταῖς
2686 2922 2742 2974 δὲ
2774 2923 3049 2995 ὑπομονῆς
3072 2921 3215 2979 οὑτω
3242 2928 3507 2995 γενναίοις
3538 2928 3944 2995 ἐπιστέλλοντα.

2370 3015 2495 3084 περὶ
2520 3014 2662 3079 τίνος
2688 3015 2875 3087 ἑτέρου
2901 3017 3241 3087 διαλέγεσθαι
3270 3020 3458 3091 ἐχρῆν,
3489 3022 3521 3093 ἢ
3564 3022 3692 3094 περὶ
3714 3023 3946 3087 τούτων,

2366 3104 2432 3158 δι’
2469 3100 2543 3159 ὧν
2599 3107 2772 3173 οὑτως
2823 3110 3128 3183 ἀνεφάνητε
3179 3112 3422 3186 λαμπροὶ
3481 3117 3577 3170 καὶ
3631 3116 3947 3188 εὑδόκιμοι;

2384 3198 2520 3252 Ἀλλ’
2550 3199 2669 3253 οὑδέ
2706 3201 2937 3255 ἐνταῦθα
2972 3204 3186 3258 ῖσταται
3209 3207 3309 3277 τῆς
3340 3206 3619 3277 ἀθλήσεως
3644 3208 3674 3261 ό
3710 3210 3945 3281 καρπὸς,

2370 3290 2506 3343 ἀλλά
2545 3290 2758 3360 πρόεισι
2788 3291 3092 3364 περαιτέρω
3116 3293 3315 3365 βρύων.
3360 3297 3421 3351 Ἠ
3442 3296 3549 3370 γάρ
3576 3296 3813 3369 δοκιμὴ,
3844 3318 3951 3372 φη-

2373 3381 2478 3443 σὶν,
2495 3380 2715 3433 ἐλπίδα
2736 3381 2936 3436 τίκτει·
2974 3382 3162 3437 ἐλπίδα
3183 3385 3399 3452 πάντως
3424 3389 3516 3441 ἐπὶ
3552 3390 3660 3443 τῶν
3689 3394 3951 3463 πραγμά-

2372 3488 2478 3524 των
2517 3472 2913 3546 ἐκϐησομένην,
2949 3475 3010 3528 οὑ
3038 3476 3179 3531 κατά
3210 3478 3308 3550 τὴν
3344 3479 3689 3552 ἀνθρωπίνην
3721 3485 3946 3556 ταύτην,

2373 3565 2406 3634 ἢ
2466 3565 2828 3620 κατατείνασα
2893 3567 3152 3633 πολλάκις
3216 3574 3329 3635 τοῖς
3393 3573 3576 3638 πόνοις
3634 3577 3760 3642 τοὺς
3813 3580 3951 3649 πρὸς

2372 3659 2537 3730 αὑτὴν
2559 3660 2874 3731 κεχηνότας,
2898 3663 2997 3715 οὑκ
3022 3662 3208 3733 ἴσχυσε
3234 3667 3358 3729 τοὺς
3378 3669 3623 3738 καρποὺς
3653 3670 3949 3726 ἀποδοῦναι

2374 3751 2481 3806 τῶν
2539 3751 2715 3804 πόνων
2766 3754 2967 3818 αὐτοῖς,
3029 3754 3163 3808 άλλά
3230 3758 3367 3828 μετά
3422 3759 3522 3830 τῆς
3578 3760 3800 3832 ζημίας,
3862 3762 3957 3817 καὶ

2376 3855 2606 3926 αἰσχύνῃ
2637 3855 2733 3907 καὶ
2759 3856 3019 3920 κινδύνοις
3061 3858 3256 3922 αὑτοὺς
3290 3860 3631 3930 περιέϐαλεν.
3678 3864 3813 3917 Ἀλλ’
3851 3865 3950 3920 οὑκ

2378 3956 2514 4027 αὑτὴ
2568 3955 2812 4029 τοιαύτη,
2866 3956 3051 4028 ἐπειδὴ
3104 3959 3223 4013 οὐδὲ
3274 3959 3605 4034 ἀνθρωπίνη.
3660 3964 3835 4037 Ὅπερ
3872 3967 3951 4020 ἐνὶ

2380 4055 2530 4129 [653]
2562 4056 2767 4128 ῥήματι
2806 4056 2980 4128 δηλῶν
3033 4059 3062 4109 ό
3101 4058 3310 4125 Παῦλος
3345 4060 3547 4131 ἔλεγεν·
3590 4064 3659 4119 Ἦ
3679 4063 3749 4119 δὲ
3776 4066 3952 4135 ἐλπίς

2378 4158 2450 4210 οὐ
2479 4156 2887 4225 καταισχύνει.
2924 4156 2999 4210 Οὑ
3034 4156 3141 4229 γὰρ
3163 4158 3227 4228 δὴ
3267 4161 3425 4230 μόνον
3454 4162 3515 4215 οὑ
3547 4162 3736 4234 ζημιοῖ
3765 4164 3857 4219 τὸν
3886 4168 3951 4221 τά

2378 4255 2601 4310 τοιαῦτα
2624 4254 3041 4327 ἀγωνιζόμενον,
3065 4256 3185 4311 οὑδὲ
3211 4261 3272 4311 ού
3302 4261 3462 4329 μόνον
3493 4262 3553 4315 οὑ
3582 4266 3948 4336 καταισχύνει,

2382 4358 2515 4413 ἀλλά
2553 4359 2647 4412 καὶ
2672 4358 2851 4429 πολλῷ
2880 4352 3097 4411 πλείονα
3129 4359 3223 4412 καὶ
3256 4360 3483 4415 πλοῦτον
3505 4363 3597 4415 καὶ
3621 4364 3777 4429 δόξαν
3807 4368 3953 4441 αὑτῷ

2380 4460 2489 4512 τῶν
2514 4460 2689 4512 πόνων
2710 4459 2804 4511 καὶ
2827 4458 2934 4511 τῶν
2960 4459 3197 4528 ἱδρώτων
3224 4460 3441 4533 ἔρχεται
3468 4461 3727 4535 φέρουσα.
3755 4470 3951 4526 Τοιαύ-

2380 4577 2446 4628 τη
2485 4558 2594 4628 γάρ
2639 4560 2671 4627 ή
2710 4558 3037 4630 χαριζομένη
3086 4562 3205 4633 χεὶρ
3247 4563 3451 4618 τούτων
3499 4567 3608 4621 τῶν
3637 4569 3815 4625 πόνων
3856 4574 3951 4637 τάς

2381 4654 2632 4723 ἀμοιϐάς.
2661 4656 2810 4725 Τάχα
2841 4656 3185 4727 ὑπερέϐημεν
3211 4660 3272 4713 τὸ
3294 4662 3491 4734 μέτρον
3514 4667 3615 4736 τῆς
3642 4668 3948 4741 ἐπιστολῆς,

2382 4753 2496 4805 ἀλλ’
2519 4753 2579 4805 οὑ
2603 4756 2729 4823 παρ’
2754 4754 2879 4825 ὑμῖν
2907 4757 3017 4818 τοῖς
3041 4755 3182 4811 οὕτω
3214 4760 3461 4833 σφοδροῖς
3484 4764 3642 4835 ήμῶν
3670 4770 3948 4837 ἐρασταῖς.

2382 4856 2457 4907 Οὑ
2524 4856 2655 4925 γάρ”⁷
2690 4856 3111 4927 ἐπιστολιμαίων
3181 4864 3524 4933 γραμμάτων
3581 4866 3752 4939 νόμῳ,
3822 4870 3951 4927 ἀλλά

2382 4957 2565 5028 θεσμῷ
2618 4957 2798 5026 φιλίας
2844 4960 2913 5013 τά
2957 4959 3179 5013 τοιαῦτα
3218 4964 3510 5033 κρίνοντες,
3550 4964 3608 5022 εὖ
3628 4964 3830 5025 οἶδ’δτι
3862 4975 3952 5031 καὶ

2384 5056 2642 5128 βραχεῖαν
2672 5054 2808 5113 εἶναι
2829 5059 3033 5131 ταύτην
3055 5060 3322 5132 ἡγήσεσθε
3350 5064 3448 5136 τήν
3468 5066 3775 5142 ἐπιστολήν.
3818 5072 3950 5127 Ἀλλ’

2382 5159 2529 5229 ὅμως
2558 5161 2607 5212 εί
2641 5160 2735 5214 καὶ
2772 5159 2999 5231 βραχεῖα
3040 5160 3166 5231 ὑμῖν
3200 5158 3337 5218 εἶναι
3368 5166 3536 5231 δοκεῖ,
3575 5169 3637 5223 οὐ
3676 5170 3951 5243 παύσομαι

2385 5262 2477 5315 καὶ
2493 5262 2694 5331 ταύτης
2714 5262 2958 5317 ἀπαιτῶν
2978 5265 3118 5335 ὑμᾶς
3130 5267 3257 5331 τοὺς
3276 5268 3519 5339 μισθοὺς,
3532 5271 3591 5325 οὑ
3607 5272 3668 5327 τὸ
3683 5273 3953 5344 φιλεῖσθαι

2386 5362 2516 5434 παρ’
2534 5363 2561 5415 ὑ
2569 5362 2706 5433 μῶν·
2738 5363 2798 5415 ού
2821 5363 2930 5435 γὰρ
2954 5364 3128 5417 δεῖσθε
3149 5367 3229 5429 είς
3250 5365 3408 5421 τοῦτο
3423 5368 3517 5423 τοῦ
3538 5370 3946 5443 ἀπαιτήσοντος,

2385 5462 2593 5517 οἴκοθεν
2642 5462 2773 5516 αὑτὸ
2817 5464 2954 5534 μετά
3014 5464 3215 5537 πολλῆς
3257 5468 3342 5521 ἀεὶ
3392 5464 3495 5539 τῆς
3535 5469 3813 5540 δαψιλείας
3863 5476 3949 5529 καὶ

2388 5561 2766 5627 κατατιθέντες
2815 5565 2905 5617 καὶ
2962 5563 3287 5633 ὀφείλοντες·
3341 5568 3462 5622 οὑδὲ
3514 5568 3575 5623 τὸ
3627 5571 3948 5647 ἀντιγράψαι

2388 5663 2539 5731 ἡμῖν·
2568 5655 2684 5715 οῖδα
2715 5664 2823 5733 γάρ
2846 5664 2927 5716 ὅτι
2955 5663 3075 5718 οὑδέ
3105 5665 3185 5729 είς
3215 5665 3588 5740 τοῦτο-ἑτέρου
3634 5670 3780 5735 τινὸς
3829 5673 3947 5745 ὑμῖν

2386 5761 2467 5814 δεῖ
2502 5759 2597 5813 τοῦ
2630 5760 3029 5832 ἀναμνήσοντος
3071 5762 3234 5833 ὑμᾶς·
3270 5764 3408 5818 ἀλλά
3436 5766 3518 5831 τίς
3554 5769 3585 5822 ό
3626 5768 3845 5840 μισθόςς
3883 5773 3948 5826 Τὸ

2390 5857 2547 5928 δῆλον
2586 5861 2717 5930 ἡμῖν
2764 5861 3003 5934 ποιῆσαι,
3047 5863 3127 5917 ὅτι
3169 5864 3450 5933 σκιρτᾶτε,
3494 5865 3575 5919 ὅτι
3613 5868 3828 5941 χαίρετε
3863 5868 3949 5925 καὶ
