4172 6484
215 416 322 483 δας

211 540 550 612 exploratum
579 550 682 597 est.
708 542 783 598 Ac
804 541 990 599 literas
1009 541 1224 615 quidem
1245 545 1459 602 assidue
1473 546 1540 601 ad
1563 561 1656 601 vos
1678 546 1819 603 dare-

209 649 466 702 cuperem
497 653 512 690 :
543 651 724 692 verum
765 635 1068 692 Isaurorum
1109 645 1283 694 metus
1304 639 1407 694 viis
1425 640 1676 695 omnibus
1717 640 1803 695 in-

211 724 460 780 terclusis
487 741 593 780 non
624 741 710 781 me
738 728 973 782 nancisci
999 729 1161 794 sinit,
1211 730 1300 800 qui
1323 729 1389 785 ad
1421 746 1539 787 eam
1567 747 1682 787 rem
1709 747 1804 786 no-

207 814 289 871 bis
336 815 706 872 administram
750 833 968 889 operam
1017 820 1312 890 praebeant.
1358 821 1578 889 Quoties
1619 832 1800 878 autem

203 906 443 963 nancisci
473 922 756 976 possumus
774 950 789 977 ,
818 911 1053 965 debitam
1080 912 1232 966 vobis
1258 913 1634 969 salutationem
1667 929 1798 984 pen-

200 984 404 1063 dimus,
459 1013 554 1053 vos
584 1015 681 1069 pro
710 1011 894 1057 nostro
917 1017 1066 1059 more
1094 1003 1466 1074 admonentes,
1495 1023 1564 1063 ne
1589 1007 1660 1062 ob
1683 1022 1775 1063 cre

202 1086 327 1142 bras
348 1087 445 1142 has
467 1098 522 1144 et
537 1091 820 1148 continuas
842 1094 1164 1152 tentationes
1184 1097 1347 1152 animi
1369 1099 1531 1154 vestri
1553 1114 1795 1154 commo-

200 1189 429 1234 veantur
470 1197 534 1238 ac
576 1186 976 1253 perturbentur.
1023 1188 1156 1245 Nam
1199 1206 1322 1246 cum
1374 1203 1701 1248 mercatores
1743 1205 1798 1250 ct

198 1282 378 1327 nautae
417 1275 729 1346 exiguarum
778 1281 1040 1337 mercium
1077 1298 1238 1338 causa
1285 1295 1392 1340 tam
1435 1286 1591 1357 longa
1628 1289 1793 1342 maria

199 1361 498 1429 trajiciant,
531 1381 594 1420 ac
622 1376 696 1421 tot
726 1367 920 1426 fluctus
948 1373 1214 1442 intrepido
1239 1375 1422 1430 animo
1443 1372 1658 1442 adeant,
1688 1378 1790 1431 mi-

196 1451 427 1524 litesque
455 1459 628 1528 exigui
659 1461 909 1531 stipendii
937 1478 1096 1520 causa
1120 1467 1280 1522 vitam
1307 1468 1477 1538 ipsam
1499 1483 1599 1540 pro
1620 1471 1790 1525 nihilo

193 1541 427 1614 ducant,
457 1563 521 1602 ac
549 1549 675 1604 dum
701 1551 834 1607 lucis
864 1554 1020 1624 hujus
1050 1572 1209 1612 usura
1242 1557 1518 1624 fruuntur,
1538 1571 1790 1631 persaepe

194 1642 249 1687 et
275 1633 419 1692 fame
445 1640 834 1712 conflictentur,
867 1655 921 1700 et
947 1648 1151 1717 magnis
1191 1649 1470 1706 itineribus
1505 1662 1784 1718 vexentur,

193 1737 562 1801 perpetuoque
586 1731 638 1786 in
664 1736 866 1790 exteris
893 1738 1201 1806 regionibus
1231 1739 1446 1811 degant,
1478 1751 1598 1813 post
1622 1745 1784 1798 etiam

191 1820 398 1874 nullum
425 1821 549 1877 hinc
570 1825 651 1879 vel
680 1831 926 1896 exiguum
957 1832 1039 1886 vel
1068 1846 1317 1902 magnum
1350 1831 1582 1889 fructum
1605 1849 1787 1891 conse-

189 1911 379 1978 quuti,
436 1927 625 1984 magna
670 1931 736 1971 ex
779 1928 933 1988 parte
976 1931 1349 1990 [immaturam
1394 1940 1458 1979 ac
1494 1926 1781 1982 violentam

187 2013 421 2059 mortem
459 2015 716 2076 oppetant
749 2030 762 2064 ε
795 2026 915 2066 cum
963 2015 1176 2070 caeleste
1220 2018 1495 2086 prazmium
1525 2022 1780 2091 proponi-

188 2101 298 2159 tur,
326 2108 390 2148 ac
411 2106 532 2164 post
557 2108 782 2155 mortem
807 2103 978 2172 major
1001 2106 1275 2177 multoque
1297 2108 1578 2165 sublimior
1602 2127 1781 2166 remu-

186 2187 426 2252 neratio,
450 2204 608 2259 quam
636 2194 846 2250 tandem
875 2199 1080 2253 veniam
1103 2200 1451 2270 obtinebunt,
1481 2207 1570 2275 qui
1602 2209 1773 2263 molli.

185 2274 258 2330 tie
281 2285 444 2348 atque
472 2280 673 2350 ignavia
702 2296 935 2357 torpent,
965 2305 1027 2346 ac
1055 2307 1159 2347 non
1192 2293 1359 2363 ipsam
1382 2274 1592 2368 quoque
1614 2300 1774 2354 vitam

182 2375 536 2426 contemnunt
560 2387 623 2427 ac
650 2390 747 2444 pro
773 2377 940 2434 nihilo
979 2385 1208 2450 putant?
1237 2385 1362 2441 llaec
1406 2388 1565 2458 igitur
1599 2393 1776 2445 omnia

181 2463 360 2514 tecum
387 2464 767 2535 considerans,
798 2470 1034 2541 illudque
1062 2475 1222 2542 item,
1257 2493 1344 2534 res
1373 2491 1666 2550 prmsentes
1695 2486 1777 2539 ui-

183 2549 257 2604 hil
281 2566 312 2605 ο
343 2553 490 2610 fumo
515 2567 571 2612 et
596 2560 875 2617 insomniis
895 2565 1140 2634 differre,
1171 2569 1558 2645 florentemque
1601 2576 1777 2633 homi-

179 2654 309 2694 num
339 2652 534 2700 statum
562 2650 743 2706 vernis
773 2651 913 2710 foliis
936 2698 952 2721 ,
995 2673 1115 2728 qum
1144 2661 1303 2716 simul
1343 2673 1503 2735 atque
1531 2669 1774 2724 oriuntur

179 2731 362 2787 statim
409 2749 767 2807 exarescunt,
813 2745 978 2802 nihilo
1023 2731 1453 2820 przestantiorem
1497 2774 1652 2827 esse,
1702 2764 1767 2817 da

178 2834 396 2890 Operam
421 2867 438 2893 ,
482 2838 539 2881 ut
577 2833 825 2888 omnibus
851 2838 1150 2906 bujusmodi
1183 2846 1301 2900 telis
1343 2851 1675 2919 superiorem
1718 2863 1769 2908 te

177 2914 436 2982 praebeas.
470 2919 618 2977 Licet
643 2923 785 2979 enim
809 2966 822 2989 ,
873 2929 917 2982 si
957 2932 1117 2987 modo
1147 2937 1314 3003 velis,
1357 2914 1523 3008 ipsam
1557 2958 1768 3014 quoilue

174 3003 299 3059 vitae
338 3022 587 3079 pompam
634 3024 978 3075 contemnere
1011 3036 1074 3078 ac
1115 3030 1440 3094 proculcare.
1487 3032 1660 3088 Unum
1714 3038 1765 3091 id

174 3108 357 3196 specta
378 3139 392 3164 ,
431 3116 662 3170 quonam
702 3120 858 3176 pacto
882 3127 1074 3184 magno
1098 3132 1217 3172 cum
1245 3121 1424 3177 studio
1448 3138 1511 3180 ac
1535 3125 1764 3196 diligen-

173 3186 244 3239 tia
291 3187 432 3246 viam
473 3205 714 3260 arctam,
767 3215 886 3270 quae
933 3205 998 3259 ad
1039 3207 1228 3264 caelum
1273 3211 1450 3280 vehit,
1497 3218 1763 3275 conficere

168 3290 355 3348 queas.

166 3410 350 3468 CVII.
381 3415 552 3487 Casta,
595 3421 793 3479 Valerio
813 3468 829 3493 ,
857 3427 1168 3502 Diaplianto,
1201 3447 1246 3490 et
1273 3439 1486 3509 Cyriaco
1507 3487 1522 3510 ,
1553 3449 1760 3519 presby-

482 3532 484 3534 ν
559 3518 694 3572 (cria.
737 3520 977 3588 (Cucuso
1019 3541 1160 3582 anno
1196 3530 1367 3602 405.)

232 3643 391 3710 Quod
422 3660 553 3701 auro
573 3689 587 3714 ,
631 3665 751 3706 cum
785 3654 888 3725 igni
919 3672 1062 3729 saepe
1091 3664 1367 3736 probatur,
1403 3673 1618 3739 accidit,
1653 3675 1756 3734 hoc

158 3734 325 3789 etiam
351 3739 530 3792 aureis
557 3741 749 3798 animis
779 3760 808 3798 a
838 3751 1222 3810 tentationibus
1250 3734 1468 3818 evenire
1495 3765 1654 3822 solet.
1687 3769 1756 3825 Ut

155 3825 304 3878 enim
339 3825 568 3884 flammas
598 3843 784 3890 natura
815 3841 1092 3896 materiam
1126 3846 1269 3902 illam
1299 3889 1312 3914 ,
1347 3866 1468 3908 cum
1500 3858 1752 3925 quamdiu

154 3916 291 3972 artis
315 3917 399 3973 lex
428 3925 688 3989 permittit
712 3941 833 3982 cum
863 3947 925 3985 ea
956 3945 1202 3992 versatur
1221 3981 1238 4006 ,
1270 3942 1424 4014 longe
1453 3916 1748 4017 splendidi-

154 4023 306 4062 orem
337 4025 402 4066 ac
432 4015 700 4081 puriorem
733 4022 908 4077 reddit
941 4043 955 4079 :
987 4027 1176 4084 eodem
1204 4035 1364 4089 modo
1395 4015 1747 4109 frequentium

154 4102 510 4160 tentationum
540 4107 724 4164 fornax
759 4111 1003 4173 homines
1037 4135 1161 4188 eos,
1193 4125 1281 4193 qui
1324 4102 1507 4186 mente
1537 4133 1602 4188 ad
1633 4137 1748 4191 auri

149 4195 557 4254 similitudinem
594 4206 873 4272 accedunt,
897 4225 1028 4266 auro
1043 4218 1232 4284 quovis
1266 4221 1656 4290 splendidiores
1685 4243 1748 4285 ac

150 4287 310 4360 longe
335 4296 734 4360 prmstantiores
751 4299 932 4357 efﬁcit.
953 4303 1032 4360 Ob
1052 4322 1277 4379 eamque
1298 4287 1532 4382 causam,
1561 4335 1747 4388 quam-

144 4383 229 4437 vis
252 4393 360 4437 tam
386 4385 541 4457 longe
562 4406 589 4441 a
619 4391 768 4446 vobis
787 4395 1013 4463 sejuncti
1037 4401 1220 4468 simus,
1250 4421 1343 4460 vos
1362 4418 1535 4466 tamen
1557 4414 1742 4472 beatos

143 4473 448 4541 prmdicare
479 4494 762 4550 numquam
795 4484 1108 4545 desinimus.
1145 4493 1304 4551 Scitis
1334 4500 1478 4554 enim
1504 4545 1518 4565 ,
1552 4508 1698 4561 scitis
1721 4549 1736 4573 ,

143 4563 402 4633 inquam,
436 4571 716 4640 perSpicue
737 4616 752 4638 ,
787 4588 1040 4644 quantum
1083 4582 1386 4654 hujusmodi
1429 4593 1736 4652 insidiarum

143 4651 356 4710 lucrum
388 4658 490 4725 sit,
518 4669 676 4731 atque
720 4664 876 4736 hujus
917 4671 1037 4725 vitae
1083 4681 1490 4746 proslieritatem
1534 4690 1733 4746 nudum

137 4744 422 4803 dumtaxat
449 4761 503 4805 et
529 4753 684 4809 inane
716 4760 1028 4817 vocabulum
1057 4780 1118 4821 ac
1145 4783 1201 4823 re
1229 4787 1451 4828 vacuum
1481 4793 1617 4842 esse,
1647 4782 1727 4836 fu-

137 4849 258 4894 tura
286 4851 464 4896 autem
498 4844 661 4911 bona,
699 4849 874 4920 firma,
909 4856 1139 4922 stabilia,
1173 4873 1315 4918 certa
1339 4907 1352 4928 ,
1386 4869 1727 4930 immortalia.

133 4929 248 4985 Nec
276 4946 406 4986 vero
432 4933 531 4989 hoc
557 4938 832 4995 dumtaxat
860 4945 1160 5004 admirandi
1194 4954 1361 5010 virtus
1390 4957 1569 5026 habet,
1589 4967 1729 5033 quod

133 5024 254 5076 tunc
286 5024 442 5079 nobis
469 5031 685 5095 prmmia
717 5035 1000 5104 conciliat,
1030 5055 1212 5098 verum
1244 5048 1402 5103 etiam
1434 5024 1574 5122 quod
1605 5024 1730 5113 ante

132 5116 480 5182 praemiorum
514 5128 722 5190 tempus
753 5125 916 5196 ipsius
955 5136 1244 5192 certamina
1273 5143 1612 5209 praemiorum
1647 5165 1730 5204 ra-

128 5210 336 5261 tionem
368 5207 568 5265 habent
589 5254 604 5276 ,
636 5224 796 5284 atque
826 5217 938 5288 ipsa
968 5237 1073 5278 non
1106 5207 1475 5290 modo‘solutu
1519 5238 1726 5297 theatro

127 5298 434 5362 victoribus,
455 5301 681 5369 palmam
710 5307 899 5378 affert,
937 5315 1031 5369 sed
1071 5317 1229 5374 etiam
1265 5324 1319 5378 in
1359 5328 1532 5382 media
1563 5346 1721 5387 arena

127 5389 419 5456 praeclaras
443 5393 658 5450 athletis
684 5413 910 5458 coronas
941 5408 1125 5464 nectit.
1158 5411 1238 5468 Ac
1271 5418 1494 5484 proinde
1525 5421 1721 5481 Paulus

125 5498 344 5553 quoque
371 5501 477 5539 non
506 5489 575 5541 ob
601 5491 959 5551 calamitatum
990 5504 1208 5570 praemia
1229 5507 1504 5566 dumtaxat
1527 5517 1721 5585 gaudet

122 5589 184 5629 ac
215 5575 447 5644 lmtatur,
482 5595 669 5637 verum
697 5585 856 5642 etiam
885 5592 954 5646 ob
981 5593 1124 5664 ipsas
1151 5615 1361 5670 quoque
1386 5575 1718 5666 calamitates

121 5667 414 5735 gloriatur,
449 5669 535 5726 his
559 5676 737 5732 verbis
766 5689 921 5735 utens
968 5701 980 5736 :
1036 5667 1353 5746 Norimb—tm
1386 5707 1552 5750 autem
1582 5742 1595 5756 .
1628 5703 1717 5754 sed

121 5770 166 5812 et
195 5763 479 5833 gloriamur
494 5768 551 5820 in
569 5770 975 5832 (ﬁbulationibus
997 5779 1171 5850 (Rom.
1207 5787 1260 5841 5.
1283 5789 1315 5843 5
1339 5788 1384 5858 ).
1415 5791 1493 5846 Ac
1519 5792 1715 5851 deinde

123 5859 463 5923 pmmiorum
485 5876 693 5930 eorum,
717 5883 835 5936 qum
859 5886 924 5926 cx
948 5875 1248 5937 calamitate
1269 5893 1443 5939 ortum
1470 5885 1706 5957 trahunt,

441 5962 718 6024 ΡΑτιιοι.
766 5966 882 6028 Gn.
933 5971 1055 6036 Llf.

1677 430 2064 491 εριετοιιε.

3420 438 3526 495 ϐϐϐ

1918 547 2112 604 seriem
2142 559 2504 616 enumerans,
2535 547 2612 604 ait
2652 563 2668 601 :
2713 546 2997 603 Tribulatto
3022 549 3320 619 patientiam
3351 555 3524 622 pan‘t;

1919 640 2092 706 hanc,
2127 640 2343 711 inquam
2365 682 2381 706 ,
2414 640 2676 696 bonorum
2713 648 2942 696 matrem
2967 681 2983 708 ,
3010 650 3224 712 portum
3269 642 3520 702 ﬂuetibus

1913 745 2183 800 vacuum,
2235 731 2574 803 tranquillam
2627 732 2815 799 vitam,
2869 747 3004 802 rupe
3050 733 3362 804 fortiorem,
3419 738 3517 792 ad-

1909 832 2125 878 amante
2175 823 2493 889 firmiorem,
2525 823 2804 894 quibusvis
2849 825 3019 880 armis
3053 824 3424 891 valentiorem,
3454 843 3515 882 ac

1909 914 2179 968 mtenibus
2217 915 2510 969 sudorem.
2569 915 2698 971 llaec
2743 926 2923 972 autem
2971 918 3220 972 omnibus
3274 921 3515 975 numeris

1908 1006 2140 1072 perfecta
2161 1013 2216 1060 et
2241 1005 2485 1062 absoluta
2509 1007 2757 1062 alumnos
2787 1021 2917 1062 suos
2942 1008 3200 1079 probatos
3252 1020 3306 1064 et
3345 1026 3508 1081 gene-

1905 1111 2057 1151 rosos
2075 1108 2237 1168 atque
2264 1099 2633 1156 incredibilem
2660 1100 2946 1172 quemdam
2970 1103 3022 1157 in
3047 1103 3264 1158 modum
3284 1105 3509 1162 invictos

1911 1188 2106 1244 reddit.
2133 1189 2307 1245 Nullis
2345 1191 2494 1246 enim
2518 1191 2805 1258 molestiis,
2835 1209 2955 1263 qua:
2980 1194 3208 1251 subinde
3229 1195 3334 1250 illis
3361 1199 3507 1252 acci-

1902 1277 2054 1345 dunt,
2077 1280 2224 1351 ipsos
2244 1282 2549 1350 perturbari
2571 1296 2634 1338 ac
2659 1284 2816 1354 dejici
2838 1286 2967 1340 sinit
2991 1301 3006 1339 :
3031 1301 3217 1342 verum
3244 1291 3505 1358 quemad-

1901 1370 2120 1425 modum
2142 1387 2324 1441 rupes,
2357 1387 2464 1444 quo
2489 1373 2733 1444 pluribus
2755 1376 3006 1434 fluctibus
3033 1379 3363 1448 verberatur,
3390 1380 3504 1453 ipsa

1898 1460 2112 1529 quidem
2135 1463 2323 1532 purior
2350 1464 2601 1533 efﬁcitur,
2625 1481 2688 1522 ac
2716 1483 2784 1524 ne
2811 1469 3075 1526 tantillum
3103 1473 3319 1542 quidem
3348 1489 3501 1529 emo-

1898 1561 2069 1619 vetur,
2093 1568 2351 1624 aquarum
2379 1565 2579 1625 autem,
2613 1574 2733 1629 quae
2762 1559 2864 1630 ipsi
2889 1561 3202 1629 alliduntur,
3232 1573 3496 1620 tumorem

1894 1644 2042 1698 nullo
2064 1645 2279 1714 negotio
2306 1645 2533 1716 dissipat
2571 1663 2636 1704 ac
2661 1651 2829 1718 delet,
2881 1667 2987 1706 non
3027 1653 3140 1724 jam
3171 1660 3497 1725 percutiens,

1893 1734 1985 1788 sed
2009 1751 2307 1805 percussa:
2356 1739 2548 1794 eodem
2597 1741 2801 1798 scilicet
2847 1744 3008 1799 modo
3054 1747 3099 1800 is
3151 1763 3362 1819 quoque
3408 1754 3497 1820 qui

1894 1827 2146 1895 patientia
2191 1831 2502 1901 exploratus
2538 1841 2643 1900 est,
2690 1833 2912 1890 insidias
2975 1853 3166 1893 omnes
3215 1853 3433 1910 superat
3481 1859 3493 1896 :

1891 1920 2140 1993 quodque
2181 1925 2487 1981 mirandum
2527 1934 2632 1994 est,
2666 1927 2784 1998 plus
2828 1930 3040 1985 roboris
3097 1931 3220 1987 hinc
3273 1934 3493 2006 colligit,

1891 2029 1994 2069 non
2030 2015 2343 2085 inferendis,
2390 2020 2483 2076 sed
2517 2022 2880 2092 perpetiendis
2909 2025 3082 2088 malis,
3115 2041 3209 2081 eos
3232 2028 3322 2097 qui
3354 2029 3492 2084 infe-

1890 2118 2013 2162 runt
2052 2109 2185 2164 mira
2217 2111 2469 2168 facilitate
2505 2112 2760 2186 frangens
2790 2132 2852 2172 ac
2879 2118 3203 2175 dissolvens.
3238 2120 3363 2176 Hinc
3388 2137 3491 2177 non

1885 2213 1952 2252 co
1983 2200 2193 2270 scripsi,
2226 2203 2369 2272 quod
2399 2204 2498 2260 hac
2539 2207 2592 2260 in
2647 2222 2706 2262 re
2745 2223 2831 2263 me
2879 2210 3135 2280 magistro
3164 2226 3299 2283 opus
3327 2213 3490 2269 habe-

1886 2295 2049 2358 retis;
2087 2295 2217 2350 mihi
2279 2298 2423 2352 cnim
2479 2299 2757 2368 prudentia
2809 2311 2986 2357 vostra
3051 2304 3324 2374 explorata
3376 2316 3489 2372 est,

1882 2384 2081 2454 quippe
2109 2402 2268 2456 quam
2301 2389 2613 2458 rebusipsis
2644 2400 2892 2447 testatam
2919 2392 3157 2451 feceritis
3187 2411 3342 2449 :nam
3369 2415 3489 2466 quas

1884 2491 1983 2531 nos
2029 2492 2283 2535 sermone
2314 2496 2456 2536 nunc
2490 2481 2792 2549 docuimus,
2837 2483 2952 2540 haec
3002 2487 3102 2556 ipsi
3155 2487 3487 2557 perferendis

1881 2569 2273 2626 calamitatibus
2302 2573 2654 2642 praedicastis.
2681 2576 3041 2642 Quamobrem
3082 2595 3186 2634 non
3229 2583 3368 2651 quod
3400 2597 3487 2635 me

1879 2661 2137 2732 magistro
2153 2680 2288 2735 opus
2313 2666 2582 2723 haberetis
2601 2711 2617 2736 ,
2647 2668 2761 2724 hare
2781 2672 2993 2740 scripsi,
3023 2689 3208 2728 verum
3231 2677 3483 2746 quoniam

1876 2753 2128 2810 diuturno
2151 2766 2392 2828 tempore
2419 2760 2663 2826 siluistis,
2690 2763 2797 2828 vel,
2822 2773 2879 2818 ut
2906 2767 3104 2822 rectius
3127 2768 3320 2832 dicam,
3346 2771 3482 2825 utri-

1874 2860 1979 2915 que
2009 2846 2264 2903 diuturno
2289 2849 2508 2905 silentio
2540 2855 2620 2906 usi
2647 2868 2853 2920 sumus,
2886 2856 3083 2912 idcirco
3113 2859 3352 2930 longiore
3384 2861 3483 2917 hac

1873 2937 2099 3006 epistola
2126 2941 2198 2993 uti
2232 2940 2402 2996 libuit.
2429 2941 2597 2998 Porro
2618 2959 2738 2999 cum
2767 2948 2833 3001 ad
2875 2957 2980 3002 tam
3027 2949 3197 3006 fortes
3239 2967 3302 3008 ac
3345 2964 3482 3010 stre~

1874 3043 2008 3082 nuos
2030 3030 2298 3099 patientia:
2323 3036 2526 3104 pugiles
2553 3040 2869 3107 scriberem,
2901 3041 2968 3096 de
2996 3059 3100 3112 qua
3137 3046 3349 3101 tandem
3374 3048 3477 3102 alia

1871 3133 1928 3172 re
1956 3121 2114 3175 verba
2139 3121 2315 3179 facere
2341 3127 2643 3196 Oportebat,
2669 3145 2827 3199 quam
2854 3131 2922 3187 de
2953 3131 3057 3200 his,
3085 3135 3156 3189 ob
3184 3152 3316 3206 quas
3357 3146 3479 3193 tan-

1872 3219 2056 3279 topere
2080 3213 2212 3267 clari
2248 3229 2311 3269 ac
2332 3217 2577 3274 celebres
2602 3223 2926 3278 exstitistis?
2956 3227 3031 3279 Ac
3061 3241 3127 3281 ne
3154 3227 3238 3281 hic
3259 3231 3477 3299 quidem

1869 3302 2226 3360 dimicationis
2259 3306 2460 3363 fructus
2481 3311 2764 3378 subsistit;
2795 3330 2979 3370 verum
3023 3317 3230 3388 longius
3252 3335 3474 3392 progre-

1866 3395 2011 3451 ditur
2028 3412 2093 3453 ac
2121 3401 2364 3456 scaturit.
2396 3401 2641 3458 Probatio
2680 3408 2847 3475 enim,
2892 3410 3085 3479 inquit,
3141 3428 3282 3482 spem
3339 3414 3474 3483 parit

1863 3491 1883 3558 (
1908 3490 2052 3545 Rom.
2087 3493 2141 3547 5.
2171 3494 2240 3563 4)
2267 3511 2280 3547 :
2308 3505 2362 3549 et
2401 3497 2616 3565 quidem
2645 3513 2795 3570 spem
2824 3503 2998 3572 reipsa
3047 3505 3268 3561 omnino
3298 3521 3465 3562 even-

1864 3590 2056 3649 turam,
2090 3599 2195 3639 nou
2222 3595 2400 3641 autem
2427 3587 2550 3642 huic
2587 3590 2834 3646 humanas
2864 3594 3093 3649 similem
3112 3639 3124 3662 ,
3153 3612 3272 3668 quae
3293 3612 3466 3668 saepe-

1862 3692 2124 3744 numero,
2167 3689 2448 3760 postquam
2475 3681 2747 3740 laboribus
2787 3684 3053 3742 divexarit
3095 3702 3190 3743 eos
3232 3692 3322 3760 qui
3366 3692 3464 3760 ipsi

1861 3767 2100 3836 inhiant,
2129 3769 2371 3825 laborum
2405 3753 2610 3828 fructus
2642 3776 2719 3829 eis
2748 3776 2977 3834 reddere
3011 3780 3237 3850 nequit,
3271 3799 3458 3838 verum

1859 3869 2054 3928 prteter
2077 3860 2454 3917 detrimentum
2485 3879 2580 3920 eos
2595 3867 2756 3921 etiam
2785 3868 2837 3922 in
2862 3869 3208 3939 ignominiam
3241 3881 3292 3926 et
3314 3873 3458 3943 peri-

1857 3953 2034 4006 culum
2065 3954 2304 4024 conjicit.
2338 3957 2408 4009 At
2437 3955 2554 4012 haec
2595 3972 2701 4012 non
2732 3959 2998 4029 ejusmodi
3036 3973 3121 4017 est
3161 3979 3175 4014 :
3216 3965 3459 4034 quando-

1856 4045 2070 4114 quidem
2096 4061 2195 4101 nec
2213 4048 2324 4118 ipsa
2344 4050 2577 4104 humana
2599 4060 2700 4106 est.
2728 4051 2782 4106 ld
2804 4054 2944 4124 quod
2965 4070 3076 4109 uno
3099 4057 3265 4112 verbo
3285 4057 3461 4113 decla.

1855 4153 1980 4193 rans
1992 4138 2208 4206 Paulus,
2230 4141 2310 4196 his
2332 4142 2508 4199 verbis
2540 4144 2795 4199 utebatur
2818 4165 2831 4200 :
2853 4147 2983 4218 Spes
3010 4159 3180 4202 autem
3199 4167 3299 4203 non
3327 4167 3452 4205 con-

1854 4231 2023 4300 fundit
2047 4230 2253 4303 (Ibid.).
2285 4233 2469 4305 Neque
2504 4236 2650 4310 enim
2681 4237 2959 4293 dumtaxat
2987 4255 3108 4295 eum
3141 4242 3230 4310 qui
3272 4243 3458 4313 hujus-

1852 4322 1994 4376 modi
2013 4325 2394 4380 certaminibus
2419 4326 2674 4396 fungitur,
2690 4327 3015 4385 detrimento
3033 4346 3096 4385 ac
3123 4332 3328 4403 pudore
3344 4349 3452 4388 non

1849 4413 2034 4481 afficit,
2050 4432 2234 4471 verum
2250 4420 2410 4472 etiam
2432 4419 2705 4476 laboribus
2733 4436 2797 4476 ac
2835 4422 3124 4479 sudoribus
3155 4425 3311 4495 longe
3341 4441 3455 4479 am-

1850 4507 2044 4575 pliores
2061 4523 2190 4579 opes
2205 4521 2259 4564 et
2275 4511 2498 4580 gloriam
2520 4513 2617 4582 ipsi
2637 4512 2812 4569 affert.
2838 4514 2969 4569 Nam
2992 4532 3052 4571 ea
3083 4533 3268 4571 manus
3289 4519 3451 4583 illius,

1846 4614 1966 4668 quae
2007 4600 2196 4655 horum
2239 4602 2482 4656 laborum
2525 4606 2828 4661 mercedem
2861 4608 3096 4677 prmbct,
3131 4621 3316 4664 natura
3347 4622 3447 4666 est.

1847 4693 2102 4760 Epistolte
2140 4695 2358 4750 modum
2403 4696 2581 4751 forsan
2631 4701 3010 4755 excessimus:
3048 4711 3102 4755 at
3153 4716 3259 4757 non
3308 4705 3448 4774 apud

1844 4799 1937 4840 vos
1957 4826 1972 4852 ,
2000 4801 2027 4838 a
2055 4786 2248 4856 quibus
2276 4797 2382 4840 tam
2427 4789 2668 4858 impense
2708 4806 2973 4846 amamur.
3004 4793 3133 4847 Nam
3179 4810 3298 4849 cum
3340 4811 3446 4849 non

1840 4877 2206 4945 cpistolarum,
2237 4880 2332 4934 sed
2369 4880 2622 4934 amicitia:
2654 4883 2768 4951 lege
2796 4900 2883 4947 res
2911 4885 3214 4954 hujusmodi
3241 4887 3445 4956 ponde-

1839 4968 1988 5032 retis,
2031 4968 2250 5024 minime
2277 4985 2405 5025 sane
2442 4972 2572 5026 mihi
2611 4973 2829 5029 dubium
2872 4985 2988 5042 est,
3029 4979 3156 5047 quin
3195 4978 3440 5048 exiguam

1837 5074 2050 5129 quoque
2091 5060 2228 5114 hanc
2256 5063 2535 5130 epistolam
2567 5065 2925 5122 existimaturi
2955 5070 3090 5123 sitis.
3119 5070 3222 5125 Sed
3254 5087 3440 5142 quatu-

1835 5167 1995 5220 quam
2026 5151 2202 5206 brevis
2219 5154 2371 5208 vobis
2395 5169 2517 5210 esse
2535 5156 2806 5221 videatur,
2840 5159 2998 5229 hujus
3025 5178 3238 5233 quoque
3260 5174 3436 5223 tamen

1835 5246 2137 5300 mercedem
2168 5261 2197 5300 a
2226 5249 2376 5302 vobis
2403 5249 2696 5320 efflagitare
2727 5253 2948 5310 minime
2966 5253 3229 5315 desinam.
3262 5259 3432 5327 Quam

1832 5336 2089 5391 tandem?
2130 5337 2245 5393 Non
2279 5349 2394 5394 uta
2425 5342 2576 5396 vobis
2614 5359 2767 5399 amer
2791 5362 2803 5399 :
2829 5362 3002 5417 neque
3037 5350 3179 5404 enim
3231 5351 3406 5422 ﬂagita

1831 5439 1947 5486 tore
1984 5430 2050 5484 ad
2090 5446 2211 5486 eam
2258 5449 2374 5487 rem
2427 5436 2579 5490 vobis
2611 5453 2746 5507 opus
2779 5451 2898 5505 cst,
2947 5458 3068 5497 cum
3114 5443 3217 5500 hoc
3239 5461 3423 5516 εμυιιιε

1826 5523 2191 5591 copiosissime
2231 5541 2446 5595 semper
2484 5538 2538 5584 et
2582 5535 2895 5600 persolvatis
2931 5547 2985 5591 et
3027 5537 3268 5595 debeatis
3293 5518 3432 5598 :fnec

1826 5612 1952 5667 item
1979 5626 2034 5668 ut
2075 5618 2228 5670 nobis
2273 5621 2615 5678 rescribatis:
2649 5625 2777 5680 illud
2804 5629 2946 5682 enim
2975 5630 3102 5685 mihi
3131 5637 3427 5701 persuasis-

1822 5707 2015 5761 simum
2060 5720 2161 5774 est,
2202 5727 2297 5765 vos
2343 5730 2410 5769 ne
2455 5717 2521 5770 ad
2572 5717 2675 5774 hoc
2718 5720 2933 5790 quidem
2980 5726 3245 5782 monitore
3289 5743 3426 5798 opus

1825 5801 2042 5856 habere.
2067 5806 2323 5870 Qttzeuam
2364 5808 2521 5876 igitur
2552 5811 2666 5868 hmc
2697 5830 2902 5870 merces
2932 5831 3015 5872 est
3053 5815 3345 5876 ?.\'imirum
3367 5832 3420 5876 ut

1831 5893 1958 5950 illud
1985 5910 2048 5952 ex
2075 5897 2222 5953 vobis
2250 5899 2563 5974 intelligam,
2584 5921 2678 5962 vos
2715 5907 2836 5964 laeto
2863 5921 3021 5981 atque
3061 5913 3211 5969 hilari
3239 5917 3419 5970 animo

2983 6010 3057 6070 18
