4152 6490
779 395 880 453 661

780 529 921 583 esse,
952 526 1108 587 atque
1135 531 1200 572 ex
1230 514 1389 572 illatis
1418 517 1571 573 vobis
1617 517 1997 574 acerbitatibus
2043 534 2147 574 non
2197 519 2356 576 modo

781 604 923 659 nulla
971 607 1219 662 mmstitia
1268 606 1449 672 allici,
1501 621 1682 661 verum
1740 607 2000 669 insidias.
2047 624 2165 678 qua:
2206 610 2356 665 vobis

783 695 950 759 ﬁunt,
1006 697 1223 765 majoris
1274 696 1433 751 etiam
1483 696 1768 767 voluptatis
1824 698 2096 754 materiam
2143 698 2354 754 aﬂerre.

781 785 914 842 Nam
941 787 987 842 si
1014 788 1292 859 epistolam
1340 788 1640 858 huiusmodi
1694 787 1933 844 nuntium
1980 788 2232 846 {amntem
2273 804 2359 846 ac-

781 880 1122 949 ceperimus,
1171 895 1232 936 ea
1288 881 1442 936 nobis
1491 889 1547 937 et
1598 881 1931 946 solitudinis,
1972 891 2025 936 et
2074 880 2261 946 famis,
2307 892 2362 936 et

785 971 989 1041 pestis,
1053 980 1108 1026 et
1172 970 1524 1027 lsauricorum
1573 971 1872 1034 bellorum,
1934 981 1990 1026 et
2055 971 2358 1028 morborum

783 1062 1021 1117 omnium
1043 1104 1058 1128 ,
1089 1063 1284 1135 quibus
1308 1063 1555 1119 omnibus
1581 1063 1733 1122 malis
1760 1077 1900 1118 nunc
1921 1077 2194 1127 vexamur,
2225 1063 2356 1118 sola-

785 1151 918 1206 tium
948 1161 1002 1208 et
1026 1153 1320 1219 remedium
1367 1167 1430 1209 ac
1475 1153 1678 1207 sanatio
1717 1150 1888 1206 futura
1915 1161 2016 1208 est.
2061 1153 2363 1223 Cogitantes

787 1242 968 1312 igitur,
1003 1253 1253 1315 quautam
1279 1259 1307 1298 a
1337 1245 1488 1300 nobis
1512 1246 1732 1316 gratiam
1762 1244 1939 1299 inituri
1965 1245 2104 1310 sitis,
2131 1245 2196 1299 ad
2243 1259 2360 1304 nos.

787 1347 994 1404 qutuso,
1020 1333 1258 1401 scribite,
1290 1342 1344 1391 et
1388 1349 1474 1390 res
1500 1333 1760 1404 ejusmodi
1789 1333 2004 1390 seribite
2029 1376 2044 1400 ,
2072 1347 2176 1402 quo
2218 1342 2365 1388 tanto

787 1422 912 1478 licet
950 1424 1227 1481 intervallo
1247 1439 1278 1479 a
1304 1423 1454 1479 vobis
1483 1424 1752 1494 sejunctas
1780 1425 1979 1495 ingenti
2020 1424 2197 1480 ltetitia
2242 1439 2362 1493 pcr-

787 1511 1043 1571 fundatis.

915 1645 1126 1701 CVHI.
1161 1645 1363 1704 Urbicio
1389 1649 1640 1719 (piscem.
1678 1647 1902 1718 (Cucuso
1921 1662 2068 1709 anno
2097 1647 2248 1716 ιω.)

868 1775 982 1831 Etsi
1020 1776 1452 1834 consuetudinem
1495 1791 1664 1835 tecum
1699 1777 1897 1850 jamdiu
1933 1779 2151 1836 minime
2184 1777 2366 1848 habui,

799 1868 966 1922 nihilo
988 1879 1261 1938 propterea
1287 1871 1501 1940 segnior
1539 1873 1589 1925 in
1628 1886 1809 1926 amore
1849 1872 2014 1928 lactus
2042 1888 2180 1928 sum.
2213 1869 2368 1942 Ejus-

798 1957 940 2013 modi
961 1960 1101 2014 enim
1130 1975 1270 2015 verte
1295 1962 1528 2016 caritatis
1551 1969 1735 2016 natura
1763 1972 1880 2029 est,
1915 1973 1970 2017 ut
1997 1979 2094 2018 nec
2121 1963 2370 2034 temporis

795 2049 1138 2107 diuturnitate
1165 2052 1484 2123 languescat,
1525 2067 1624 2108 nec
1653 2069 1827 2108 rerum
1856 2053 2248 2110 difﬁcultatibus
2275 2054 2372 2110 ob-

798 2152 1061 2209 scuretur,
1099 2147 1192 2200 sed
1223 2156 1535 2216 perpetuum
1564 2146 1746 2202 ﬂorem
1776 2162 1839 2202 ac
1865 2149 2099 2220 vigorem
2129 2150 2369 2204 retineat.

800 2232 1152 2298 Quamobrem
1180 2252 1274 2289 nos
1305 2251 1533 2306 quoque,
1555 2237 1795 2306 quamvis
1821 2238 2001 2292 multis
2026 2238 2374 2294 incommodis

803 2341 1137 2394 premamur,
1178 2341 1240 2382 ac
1278 2343 1418 2382 nunc
1460 2327 1511 2382 iu
1555 2336 1846 2384 extremam
1871 2329 2015 2384 orbis
2037 2328 2372 2384 solitudinem

803 2418 972 2473 avecti
1003 2419 1198 2486 simus,
1231 2428 1386 2491 atque
1412 2421 1466 2475 in
1493 2429 1747 2492 perpetuo
1777 2421 2082 2491 przcdonum
2110 2431 2251 2477 metu
2283 2437 2378 2476 ne-

804 2525 979 2580 voque
1003 2511 1290 2566 obsidionis
1315 2528 1508 2582 genere
1529 2513 1763 2567 vivamus
1789 2514 2217 2582 (circumsidetur
2235 2515 2375 2570 enim

807 2602 1043 2672 quotidie
1069 2603 1326 2670 Cucusus,
1361 2605 1605 2660 omnibus
1632 2605 1879 2660 nimirum
1907 2605 2005 2660 viis
2031 2620 2060 2660 a
2089 2605 2379 2660 latronibus

807 2694 1184 2766 interclusis):
1217 2695 1346 2751 nihil
1390 2704 1564 2751 tamen
1607 2696 1794 2751 borum
1841 2695 2053 2753 efﬁcere
2091 2699 2277 2768 potuit,
2322 2708 2381 2753 ut

809 2799 924 2840 mea
953 2801 1073 2857 erga
1113 2795 1164 2842 te
1197 2786 1370 2842 omcia
1401 2787 1576 2842 minus
1601 2795 1928 2844 constarent.
1959 2788 2097 2857 Quin
2129 2789 2301 2859 putius
2329 2801 2381 2845 et

808 2876 1088 2930 scribimus
1109 2877 1227 2948 ipsi,
1247 2892 1307 2932 ac
1327 2877 1560 2932 debitum
1585 2877 1914 2932 salutationis
1934 2893 2126 2933 munus
2145 2877 2235 2933 tibi
2258 2894 2384 2950 per-

807 2966 1082 3032 solvimus,
1113 2980 1168 3023 et
1209 2978 1261 3024 te
1288 2967 1516 3022 vicissim
1559 2982 1841 3038 rogamus,
1881 2976 1938 3022 ut
1979 2969 2078 3023 nisi
2121 2983 2280 3038 grave
2322 2983 2385 3025 ac

809 3055 1088 3111 molestum
1121 3065 1233 3121 est,
1274 3057 1386 3127 ipse
1412 3072 1620 3128 quoque
1647 3057 1714 3112 ad
1741 3071 1836 3111 nos
1863 3057 2084 3112 scribas.
2121 3057 2213 3113 Sic
2236 3057 2377 3113 enim

812 3148 1008 3218 ingenti
1050 3163 1258 3220 quoque
1295 3149 1563 3218 voluptate
1605 3149 1924 3214 alliciemur,
1953 3163 2072 3204 cum
2096 3165 2127 3204 a
2151 3150 2320 3217 vobis,
2354 3165 2383 3204 a

811 3238 1000 3306 quibus
1025 3247 1127 3294 tam
1149 3239 1356 3296 sincere
1376 3253 1633 3305 amamur,
1658 3239 1837 3294 literas
1858 3239 2195 3309 accipiemus,
2211 3255 2273 3294 ac
2294 3256 2388 3310 per

813 3345 907 3387 eas
934 3331 1266 3403 prtcscntiam
1296 3339 1524 3386 vestram
1567 3330 1718 3386 nobis
1763 3330 1941 3384 animo
1979 3341 2032 3385 et
2071 3331 2387 3402 cogitatione

817 3423 1007 3492 lingem
1015 3436 1096 3477 us.

930 3554 1076 3610 CIX.
1110 3554 1301 3624 Ruﬁno
1327 3556 1557 3628 episwpo
1587 3555 1683 3628 (α).
1711 3556 1942 3625 (Cucuso
1958 3571 2110 3612 anno
2135 3555 2284 3626 804.)

884 3691 1008 3747 Scio
1026 3705 1182 3761 quam
1212 3690 1361 3747 llrma
1389 3689 1607 3746 caritate
1633 3689 1723 3744 sis.
1753 3686 2006 3756 Quamvis
2024 3689 2166 3743 enim
2191 3688 2383 3760 exigua

823 3781 952 3836 mibi
995 3790 1166 3838 tecum
1212 3780 1496 3849 aliquando
1523 3780 1816 3835 Antiochia:
1850 3778 2177 3834 consuetudo
2212 3779 2389 3844 fuerit,

819 3873 1260 3929 reverendissime
1301 3888 1363 3927 ac
1402 3870 1796 3944 religiosissime
1832 3871 1905 3926 mi
1947 3869 2181 3935 domine,
2214 3880 2391 3926 tamen

822 3966 1010 4035 ingens
1034 3964 1243 4034 pietatis
1287 3975 1388 4020 tute
1431 3979 1492 4020 ac
1535 3962 1826 4034 prudentia:
1855 3961 2226 4018 documentum
2255 3963 2393 4031 cepi.

820 4059 939 4125 Quo
977 4057 1186 4128 quidem
1230 4073 1295 4113 ex
1337 4066 1604 4126 tempore,
1651 4054 1858 4110 tametsi
1900 4054 2085 4123 longo,
2123 4053 2394 4108 ardentem

826 4165 1038 4220 semper
1061 4165 1184 4220 erga
1211 4159 1264 4206 te
1293 4149 1572 4205 caritatem
1600 4146 1816 4208 retinui.
1841 4159 1904 4201 ac
1922 4143 2145 4216 perinde
2169 4151 2326 4213 atque
2352 4145 2394 4199 si

828 4245 942 4299 heri
969 4244 1238 4297 llumtarat
1270 4253 1318 4298 et
1361 4241 1740 4297 nudiustertius
1770 4246 1820 4292 te
1860 4233 2134 4299 vidissem,
2158 4231 2233 4286 ita
2261 4246 2400 4304 prte-

903 4366 976 4430 (ι)
1001 4365 1054 4415 in
1078 4365 1206 4430 non.
1234 4364 1383 4430 savii.
1408 4361 1608 4430 legitur.
1636 4359 1861 4430 Ῥωρξνφ
1873 4357 2118 4430 ιπισμᾲαφ
2134 4353 2397 4430 FPM}.

843 4421 920 4478 sic
941 4421 1058 4476 voce
1086 4425 1272 4476 Ῥώσσυ
1295 4424 1426 4474 inter
1449 4421 1649 4472 uncinos
1675 4421 2073 4482 pos‘ttaiquasigin
2090 4424 2284 4482 textum
2307 4421 2400 4469 ali-

843 4489 1003 4559 ςειηάθ
1043 4485 1110 4537 sit
1154 4487 1364 4559 iuves":
1409 4491 1503 4555 ειη.
1536 4483 1600 4559 in.
1637 4478 1924 4559 qél‘tu'éi'B
1968 4480 2135 4559 E969;
2174 4478 2396 4559 2511':

845 4549 978 4610 idem
1020 4560 1136 4597 vero
1159 4547 1311 4597 Savil.
1332 4540 1398 4596 τίη
1425 4545 1633 4610 epistola
1655 4540 1783 4601 '135,
1810 4555 1924 4610 quia
1964 4546 2043 4590 est
2078 4541 2137 4590 ad
2182 4540 2403 4610 Porph!-

845 4609 976 4660 τὶωιι
1000 4610 1300 4671 episcopum.
1335 4601 1615 4671 ,ηροζξςιᾷίι
1640 4617 1808 4671 νοοξω
1828 4601 2042 4671 Ῥῶσορν
2065 4615 2176 4671 (tu!
2207 4601 2291 4671 οδε
2313 4601 2400 4671 ib!-

847 4672 902 4720 ln
944 4661 1390 4730 utraque'ﬂorelli
1438 4664 1667 4730 Editione
1708 4664 1944 4730 Toup;in
1985 4661 2231 4730 meum,
2276 4661 2405 4724 legi-

847 4739 947 4788 tur,
987 4721 1096 4779 sine
1149 4729 1312 4780 addito
1366 4728 1568 4782 Ῥώσου,
1609 4731 1759 4787 atque
1812 4721 1882 4773 sic
1915 4721 1981 4788 "in
2026 4721 2255 4788 omnibus
2298 4721 2406 4788 om.

847 4783 969 4840 n'no
998 4791 1106 4841 tias.
1133 4797 1234 4840 tum
1255 4787 1610 4844 Frontonianis.
1655 4783 1759 4835 tum
1797 4783 2004 4843 nostris;
2030 4783 2098 4844 ita
2137 4783 2403 4833 secundum

838 4849 1059 4900 savllium
1082 4849 1272 4899 ttullnus
1291 4885 1304 4906 ,
1328 4842 1997 4912 secundum'rrontonianam;
2012 4842 2411 4912 sditionem‘t’or-

1744 4917 1831 4966 pro
1865 4904 2177 4966 [rontoniana
2200 4900 2414 4966 lectione

842 4961 1134 5036 'sutitozune's
1146 4961 1378 5036 lss',,pro
1399 4969 1626 5036 saviliana
1645 4961 2268 5036 nullusaﬂ'ert‘urnvoxque
2283 4961 2415 5036 inter

840 5022 1207 5096 uncinos,—
1230 5022 1437 5086 tn'v'ecta,
1456 5032 1647 5092 ponitur
1666 5043 1678 5077 :
1697 5030 1761 5078 ita
1777 5033 1830 5076 ut
1843 5026 2170 5075 Frontonianz
2188 5022 2414 5072 standum

840 5095 1037 5143 munan
1079 5094 1314 5142 videatur.
1358 5091 1584 5141 Attamen
1615 5088 1947 5138 't‘illemoutius
1985 5084 2166 5135 mavult
2205 5083 2415 5134 credere

1707 5188 1721 5206 ,
1739 5151 1849 5206 quia
1871 5146 2055 5196 scilicet
2077 5159 2186 5196 cum
2209 5144 2416 5206 Porphy-

841 5217 968 5266 rium
991 5215 1247 5278 alloquitur
1264 5206 1910 5278 Citrysostomus,‘ait_lpsum
1933 5221 1963 5256 e
1987 5206 2416 5278 vicino-sedeslia-

845 5278 995 5338 bere;
1020 5285 1070 5328 at
1091 5272 1470 5338 tibusus,_inquit,
1481 5287 1578 5322 non
1595 5279 1695 5322 tam
1712 5272 1864 5338 vicina
1885 5274 2203 5338 mutauerat.
2214 5273 2415 5338 _Ver_um,

846 5346 900 5389 ut
918 5329 1150 5389 meum
1171 5338 1220 5385 in
1233 5329 1391 5397 cilicia
1415 5329 1598 5397 penum
1619 5346 1715 5385 non
1729 5331 1866 5397 pauci
1887 5329 2171 5397 geographi,
2187 5330 2256 5397 sic
2271 5329 2419 5397 etiam

850 5386 1115 5450 ibosnmlu
1123 5397 1281 5448 Cilicia
1295 5386 1704 5460 pleri'queomnes
1717 5386 2030 5460 constituunt
2186 5389 2226 5438 si
2242 5386 2419 5460 tabula:

847 5448 1200 5572 gmapbicc,
1222 5467 1279 5508 ut
1295 5448 1496 5530 annot'at
1516 5457 1697 5530 ibidem
1719 5448 2073 5510 Tillemontius,
2094 5451 2296 5524 Rhesum
2319 5448 2418 5497 An-

849 5530 884 5572 tt
993 5534 1036 5572 az
1050 5533 1202 5584 quam
1225 5526 1416 5584 ,cItcuso
1454 5520 1733 5584 viciniorem
1772 5521 1992 5584 statuunt
2015 5524 2220 5584 :“neseto
2242 5517 2420 5584 utrum

842 4912 1039 4975 pbyrius
1071 4912 1325 4975 epiacOpus
1360 4907 1705 4975 fuerit__nhosi;

843 5154 1059 5204 Ruﬁnum
1075 5153 1227 5202 fuisse
1251 5153 1528 5212 episcopum
1551 5151 1688 5199 abosi

851 5571 983 5644 hisce
993 5571 1173 5634 tab'ttlis
1188 5583 1259 5644 sit
1272 5591 1631 5644 usquequaque
1646 5576 1906 5633 lldeudum,
1923 5573 2208 5644 et_alloquin
2233 5582 2295 5644 e}
2319 5571 2422 5644 ipso

851 5631 1152 5694 i‘ib'eniondo
1171 5631 1418 5692 Antiochia
1441 5631 1535 5689 lion
1550 5631 1694 5689 'tanto
1724 5631 1961 5702 terrarum
1972 5631 2232 5702 intervallo
2243 5637 2423 5702 utcuso

851 5705 1082 5763 distabat,
1114 5704 1296 5754 abestis
1315 5712 1476 5752 autem
1499 5703 1627 5751 inter
1649 5700 1813 5764 ambas
1849 5699 1999 5764 quasi_
2015 5693 2261 5764 dimidium
2285 5693 2421 5764 spatii

853 5756 1131 5827 occupabat.
1153 5772 1212 5816 Ut
1241 5770 1298 5815 ut
1326 5775 1411 5816 res
1446 5770 1550 5824 est,
1587 5762 1799 5813 omnium
1837 5756 1942 5807 sits.
1983 5756 2247 5808 lectionem
2282 5756 2420 5816 sequi

853 5825 1104 5880 debemm.

1522 400 1579 458 8.
1617 391 1897 458 dOANNlS
1931 400 2404 460 CllRYSOSTOIl
2442 402 2756 461 ARClllEP.
2798 406 3326 466 CONSTANTINOP.

2466 523 2692 578 sentiam
2737 533 2880 580 tuam
2923 526 3198 596 imaginor.
3239 527 3570 598 Proindeth
3595 536 3651 582 et
3680 529 3891 593 scrinn,
3926 541 3978 581 et
4011 539 4052 580 te

2464 615 2588 670 item
2625 630 2777 686 rogo,
2806 625 2860 672 ut
2895 619 3058 671 nostri
3101 618 3407 673 memoriam
3445 619 3664 674 minime
3702 619 4051 674 intermittas.

2466 705 2520 761 In
2545 704 2832 772 Cueusum,
2859 706 2963 762 hoc
2987 707 3146 761 estin
3169 706 3346 761 locum
3385 708 3543 762 totius
3576 708 3744 764 nostri
3770 707 3935 764 orbis
3962 711 4049 761 (le-

2465 798 2835 866 sertissimum,
2861 797 3070 857 abducti
3109 812 3313 861 sumus,
3337 813 3403 854 ae
3428 799 3650 868 singulis
3686 814 3824 870 pene
3856 797 4052 853 diebus

2467 890 2764 946 Isaurorum
2804 890 3192 946 incursionibus
3236 889 3558 946 obsidemur.
3601 890 3670 945 Et
3707 899 3935 956 tanien,
3988 903 4059 950 tot

2468 980 2590 1036 licet
2615 980 2962 1036 incommodis
2985 979 3305 1044 laborantes,
3335 979 3379 1034 si
3403 978 3471 1034 de
3493 981 3712 1035 caritate
3741 987 3939 1035 vestra
3965 983 4058 1037 mi-

2469 1072 2612 1126 nime
2646 1070 2807 1126 dubio
2843 1070 3022 1126 animo
3057 1070 3244 1136 simus,
3278 1084 3479 1140 nosque
3515 1070 3774 1126 sinceram
3806 1076 4049 1124 vestram

2472 1161 2888 1218 benevolentiam
2923 1160 3165 1216 obtinere
3202 1161 3480 1230 perspicue
3506 1161 3757 1225 sciamus,
3791 1173 3916 1214 non
3943 1159 4040 1211 vui

2469 1265 2648 1320 garem
2680 1250 2730 1304 in
2763 1248 2846 1305 bis
2871 1264 3078 1320 quoque
3103 1249 3488 1305 calamitatibus
3511 1249 3941 1305 consolationem
3971 1260 4051 1301 ea-

2471 1355 2692 1412 ptemus.

2668 1472 2784 1531 CX.
2810 1473 2968 1530 Basso
2992 1474 3244 1545 episcopo.
3277 1471 3504 1547 (Cucuso
3532 1487 3672 1529 anno
3693 1471 3844 1540 401.)

2544 1610 2679 1678 Quid
2706 1623 2879 1665 causa:
2902 1618 3004 1675 est,
3025 1609 3394 1679 quamobrem,
3411 1620 3528 1662 cum
3553 1614 3748 1660 tantam
3775 1616 3906 1673 erga
3936 1616 4045 1664 nas,

2475 1713 2526 1758 et
2548 1702 2803 1772 superiori
2835 1710 3107 1770 tempore,
3136 1711 3188 1755 et
3230 1714 3398 1769 nuper
3423 1696 3882 1766 Ctmstantiuiqioli
3912 1695 4044 1753 cati-

2478 1803 2646 1853 tatcm
2666 1808 2773 1867 prin
2804 1801 2853 1851 te
2883 1793 3084 1857 tuleris.
3103 1801 3287 1848 tamen
3317 1797 3655 1862 posteaquam
3686 1800 3783 1842 nos
3810 1784 4048 1842 tiliivici-

2479 1903 2574 1944 nos
2615 1901 2732 1944 esse
2767 1886 3018 1953 audiisti,
3050 1885 3323 1940 ne-literas
3351 1881 3562 1952 quidem
3579 1877 3940 1934 adnosdarc
3972 1875 4048 1930 dio

2483 1993 2675 2051 gnatus
2700 1979 2795 2035 es?
2824 1981 2903 2034 An
2932 1978 3108 2033 nescis
3129 1992 3234 2046 quo
3262 1989 3383 2046 erga
3416 1973 3668 2046 pietatem
3685 1981 3845 2024 tuam
3876 1967 4051 2021 animo

2479 2074 2674 2137 simus,
2721 2082 2772 2127 et
2811 2070 2999 2140 quibus
3044 2067 3288 2121 amicitia:
3326 2062 3548 2120 vinculis
3578 2072 3754 2116 tecum
3784 2054 4050 2115 devimti?

2483 2163 2739 2233 Equidem
2766 2161 2877 2232 ipse
2906 2175 3052 2231 spem
3086 2159 3340 2214 habebam
3371 2157 3481 2212 lore
3499 2194 3515 2221 ,
3544 2163 3599 2208 ut
3624 2162 3678 2207 ct
3706 2152 3822 2221 ipse
3844 2149 3946 2202 huc
3967 2162 4051 2200 ve-

2483 2257 2644 2316 nires,
2665 2262 2720 2308 et
2748 2253 2900 2307 nobis
2930 2252 2981 2305 in
3006 2260 3148 2303 tanta
3177 2246 3457 2304 solitudine
3483 2242 3670 2314 positis
3687 2239 3940 2295 solatium
3966 2235 4047 2289 ad.

2483 2345 2711 2400 biberes.
2741 2329 2875 2412 Quid
2907 2343 3046 2396 enim
3071 2339 3276 2395 Cucuso
3304 2335 3566 2392 desertius
3591 2346 3713 2388 esse
3740 2339 3921 2398 queat,
3943 2341 4050 2396 que

2486 2446 2677 2507 prmtcr
2723 2432 3057 2490 solitudinem
3111 2431 3406 2484 lsaurorum
3458 2426 3614 2481 etiam
3662 2418 4049 2476 incursionibus

2485 2525 2790 2582 obsidetur?
2819 2521 2969 2591 Quod
2997 2521 3040 2575 si
3070 2519 3167 2574 hoc
3191 2527 3295 2572 tum
3320 2526 3530 2586 propter
3545 2514 3812 2568 latronum
3840 2520 4050 2566 metum,

2489 2630 2596 2672 tum
2625 2624 2840 2688 propter
2865 2614 2964 2668 vite
2989 2604 3714 2672 dil'licultatem,.laboriosum
3744 2601 3838 2674 tibi
3863 2615 3925 2653 ac.
3951 2614 4051 2652 mo-

2487 2712 2676 2767 lestum
2698 2723 2816 2764 esse
2844 2705 3069 2770 videtur,
3091 2703 3275 2758 saltem
3305 2699 3367 2754 ad
3388 2713 3485 2753 nos
3505 2695 3763 2758 scribere,
3793 2707 3858 2746 ac
3884 2691 3948 2745 de
3974 2700 4051 2741 tua

2491 2800 2788 2858 valetudine
2812 2797 3068 2853 certiores
3089 2807 3185 2848 nos
3206 2793 3376 2846 lacere
3403 2805 3471 2844 ne
3495 2786 3732 2858 graveris
3766 2802 3780 2840 :
3810 2799 3916 2854 quo
3944 2781 4055 2834 licet

2490 2897 2542 2950 in
2567 2904 2796 2950 externa!
2813 2901 2954 2947 terra
2984 2887 3234 2958 degentes
3252 2925 3268 2952 ,
3301 2883 3564 2953 ingentem
3590 2879 3714 2932 hinc
3743 2874 3928 2932 consul
3964 2873 4054 2925 tio-

2491 2999 2613 3040 nem
2639 2983 2927 3054 capiamus.

2526 3117 2672 3176 σπι.
2703 3116 2945 3172 Anatolio
2965 3113 3194 3184 episcopo
3228 3109 3410 3165 Manu:
3457 3104 3686 3178 (Cticnso
3703 3115 3855 3156 anno
3879 3097 4020 3168 ιω.)

2563 3251 2694 3308 Cum
2732 3247 3004 3303 ardentem
3049 3251 3194 3298 tuum
3240 3252 3364 3310 erga
3405 3252 3488 3291 me
3513 3247 3787 3293 amorem,
3817 3229 3966 3298 idque
3994 3225 4053 3279 de

2493 3342 2627 3398 facie
2653 3342 2868 3395 minime
2896 3344 3098 3400 notum,
3137 3347 3203 3388 ex
3241 3329 3525 3386 multorum
3559 3337 3808 3380 sermone
3831 3322 4051 3386 accepis-

2493 3449 2631 3499 sem,
2655 3429 2897 3501 equidem
2922 3435 3093 3482 tecum
3117 3434 3327 3494 quoque
3348 3415 3595 3488 congredi
3621 3427 3895 3483 cuperem.
3923 3408 4052 3474 Quo-

2496 3513 2635 3583 niam
2657 3533 2830 3579 autem
2852 3518 2991 3575 nulla
3011 3531 3132 3586 spes
3151 3513 3366 3582 aﬂ'ulget
3390 3510 3520 3572 lore,
3545 3513 3602 3561 ut
3631 3505 3784 3560 nobis
3808 3503 3859 3557 id
3888 3502 4048 3560 liceat.

2497 3628 2740 3689 negatum
2768 3623 3104 3681 congressum
3142 3606 3416 3661 literarum
3453 3599 3718 3668 colloquio
3755 3607 4049 3664 compenso.

2497 3686 2624 3766 mihi
2662 3702 3043 3776 amplissimum
3079 3695 3394 3753 beneﬁcium
3434 3691 3694 3763 pra-hens.
3738 3686 4054 3759 Quamquam

2498 3802 2639 3858 enim
2661 3797 2922 3859 Cucusus,
2943 3803 3206 3862 quoaunc
3229 3784 3434 3841 abducti
3451 3776 4062 3845 sumus,desertissimus

2502 3894 2649 3948 locus
2673 3896 2776 3954 est,
2805 3899 2866 3940 ac
2887 3881 3170 3939 multorum
3188 3876 3542 3944 periculorum
3564 3871 3769 3941 plenus,
3797 3873 4054 3935 perpetua-

2500 3998 2603 4051 quc
2643 3981 2902 4034 latronum
2955 3974 3266 4036 incursione
3281 3972 3663 4024 circumsessus
3691 3975 3704 4010 :
3733 3957 3864 4012 nihil
3896 3968 4054 4009 tamen

2504 4047 2688 4128 horum
2716 4075 2801 4125 est
2855 4067 2996 4140 quod
3039 4064 3190 4120 nobis
3229 4057 3506 4115 tumultum
3533 4068 3595 4108 ac
3609 4047 4054 4122 perturbationem

2499 4170 2706 4233 afferat,
2767 4165 2890 4219 dum
2940 4167 3167 4214 vestram
3213 4148 3630 4211 benevolentiam
3681 4143 4055 4233 obtineamus.

2503 4226 2704 4317 verum.
2731 4253 2936 4312 etiamsi
2979 4245 3199 4318 c'orpore
3236 4239 3482 4314 disjuneti
3524 4238 3690 4293 simus
3714 4275 3728 4298 ,
3769 4226 4058 4287 arctissimis

2506 4365 2680 4410 tamen
2708 4346 2869 4404 animi
2890 4341 3115 4404 vinculis
3141 4336 3407 4393 vobiscum
3437 4327 3707 4392 adstricti,
3739 4320 4059 4393 tranquillam

2505 4463 2568 4504 ac
2591 4445 2744 4502 bellis
2767 4454 2984 4497 vacuam
3007 4434 3280 4504 regionem
3309 4433 3537 4508 vestram
3567 4420 3763 4493 potius.
3790 4429 3947 4487 quam
3967 4410 4057 4508 tiu~

2507 4555 2715 4604 cusum,
2748 4533 2978 4590 incolere
3005 4525 3155 4582 nobis
3185 4521 3444 4582 videmur.
3475 4506 3532 4570 ut
3567 4514 3657 4585 qui
3694 4510 3877 4566 animo
3901 4506 4056 4560 vobis-

2508 4645 2626 4688 cum
2649 4601 2862 4696 semper
2880 4631 3171 4679 versemur,
3188 4622 3344 4683 atque
3363 4607 3680 4674 ubicumque
3699 4601 3887 4665 simus,
3907 4606 4062 4654 mente

2509 4731 2566 4778 et
2590 4715 2909 4789 cogitatione
2931 4725 3026 4764 vos
3050 4703 3504 4763 circumferamus.

2572 4830 2663 4889 CX
2671 4829 2694 4884 1
2703 4827 2729 4883 1
2739 4867 2752 4882 .
2779 4823 3044 4882 Theodoro
3068 4820 3300 4890 episcopo
3328 4814 3429 4886 (α).
3455 4811 3690 4883 (Cucuso
3715 4819 3859 4860 anno
3885 4798 4022 4872 ωι.)

2583 4942 2638 4997 Si
2668 4938 2778 4994 ﬁeri
2809 4933 3095 5006 potuisset,
3126 4936 3186 4984 ut
3211 4926 3278 4982 ad
3308 4935 3360 4980 te
3387 4920 3773 4994 proﬁciscerer,
3803 4926 4066 5006 coramque

2515 5034 2742 5092 maxima
2763 5004 2881 5084 cum
2903 5025 3172 5093 voluptate
3184 5019 3400 5077 caritate
3421 5025 3507 5071 tua
3529 5013 3750 5075 l'merer.
3771 5009 4004 5065 fecissem
4025 5004 4064 5056 id

2515 5123 2727 5196 quidem
2751 5119 3048 5188 diligenter,
3071 5123 3362 5182 magnaque
3381 5100 3824 5162 eumeeleritate:
3843 5096 4066 5196 quoniam

2518 5186 2692 5270 autem
2724 5212 2776 5266 id
2806 5186 2945 5265 nunc
2969 5203 3170 5261 arbitrii
3199 5197 3366 5257 nostri
3391 5195 3610 5251 minime
3636 5198 3756 5256 est,
3791 5203 3888 5257 per
3913 5186 4066 5240 literas

2519 5306 2621 5361 hoc
2647 5305 2820 5373 ipsum
2846 5306 3178 5371 pra-stamus.
3203 5287 3454 5358 Quamvis
3470 5283 3612 5341 enim
3627 5280 3694 5336 ad
3721 5280 3868 5351 ipsos
3889 5288 4068 5348 quoque

2583 5438 2657 5499 ta)
2690 5436 2774 5499 “te.
2795 5440 2987 5495 ριιυιιιιι·
3013 5441 3127 5480 θεία
3147 5411 3906 5499 Τδεαὶίῖτεὲἔὲιῖἱίέἢβὲἓέ
3925 5405 4067 5499 ἔέἓῖῖ

2521 5537 3063 5619 ἵειῖιζὲῖῄξῶἴᾱέὒιῖόὲ
3085 5537 3131 5600 iii
3152 5537 3386 5611 ιιῆηοίριο
3405 5543 3535 5592 Tomi
3565 5537 3706 5602 primi
3725 5537 3937 5599 operum
3955 5537 4070 5590 Cll?!-

2523 5620 2738 5674 sostoml.
2766 5623 2814 5665 tn
2835 5614 3039 5682 concilio
3061 5615 3308 5682 umenti,
3322 5599 3762 5682 ‘Tomg‘tablﬂ,
3776 5593 4070 5682 νηλψί

2525 5655 2825 5747 ἒέἷῖιῗῖιὶἕι
2837 5655 3365 5747 Ἕίίῖῖιᾶᾖίὲῖξίὲιὲς-
3383 5661 3597 5747 suae.
3784 5655 4073 5747 'mﬁ

2524 5719 2946 5804 ﬁBbReEideifé
2968 5719 3063 5786 scd
3073 5719 3204 5784 nulla
3227 5729 3369 5779 allata
3392 5719 3597 5788 negandi
3623 5731 3786 5772 mum.
3810 5719 3924 5771 Vide
3941 5721 4074 5766 notam

2526 5809 2835 5868 sequentem.
