4216 6508
292 447 396 504 667

1742 447 2134 506 EPISTOLE.

3475 446 3578 504 668

291 538 671 612 εὐφραίνεσθε,
725 540 820 594 καὶ
870 541 954 595 ὅτι
991 539 1142 594 οὐδὲν
1189 541 1295 595 ὑπὸ
1335 542 1443 596 τῶν
1482 542 1885 614 ἐπενεχθέντων
1987 542 2087 614 τῆς
2136 541 2360 612 ἀγάπης
2400 543 2500 612 τῆς
2544 539 2838 612 ὑμετέρας,
2875 538 2970 592 καὶ
3009 537 3208 610 ῖόωμεν
3257 539 3467 609 σαφῶς,
3497 541 3583 594 δτι

291 655 423 724 ὑμῖν
450 654 755 708 πεπόνθατε
796 653 1006 721 δεινῶν,
1053 653 1190 709 ἀλλά
1222 655 1467 718 πλείονος
1511 655 1710 728 ἡδονῆς
1754 657 1884 728 ὑμῖν
1987 655 2213 726 γνησίας
2239 654 2588 725 ἀπολαύομεν
2619 653 2940 722 διαθέσεως,
2970 654 3031 708 οὐ
3057 653 3157 726 τὴν
3183 653 3456 725 τυχοῦσαν
3486 656 3581 709 καὶ

290 767 551 831 ὑπόθεσις
592 768 649 821 αί
683 765 969 821 ἐπιϐουλαὶ
1008 767 1272 836 γίνονται.
1319 769 1416 823 ’Άν
1457 769 1566 840 γὰρ
1598 769 1880 841 δεξώμεθα

287 880 580 951 ἐπιστολὴν
629 877 804 933 ταῦτα
854 880 1125 952 φέρουσαν
1160 881 1293 950 ἡμῖν
1329 880 1398 934 τά
1433 880 1750 950 εὐαγγέλια,
1783 881 1878 935 καὶ

286 991 545 1063 ἐρημίας,
576 991 669 1045 καὶ
692 992 876 1063 λιμοῦ,
911 993 1005 1048 καὶ
1033 992 1246 1064 λοιμοῦ,
1282 992 1376 1046 καὶ
1414 991 1669 1064 πολέμων
1709 993 1881 1046 Ἰσαυ-

289 1102 482 1174 ρικῶν,
502 1104 598 1157 καὶ
613 1105 926 1176 ἀρρωστίας
951 1104 1190 1174 ἀπάσης,
1212 1097 1296 1168 οἷς
1317 1103 1524 1159 ἅπασιν
1548 1103 1878 1174 ἐκδεδόμεθα

283 1215 399 1282 νῦν,
445 1217 596 1270 ισται
633 1219 763 1289 ἡμῖν
799 1217 1142 1289 παράκλησις
1185 1217 1254 1272 τὰ
1286 1217 1512 1272 τοιαῦτα
1541 1218 1863 1290 γράμματα,

282 1331 377 1383 καὶ
397 1331 688 1402 φάρμακα,
721 1332 818 1386 καὶ
851 1333 1081 1404 ἰατρεῖα.
1134 1329 1472 1394 Ἐννοοῦντες
1498 1331 1677 1385 τοίνυν
1708 1332 1871 1400 ἡλίκα

280 1445 415 1516 ἡμῖν
463 1447 765 1518 χαριεῖσθε,
808 1447 903 1500 καὶ
958 1447 1282 1510 ἐπιστεῖλαι,
1355 1447 1450 1500 καὶ
1503 1447 1677 1501 ταῦτα
1741 1449 1873 1520 ἡμῖν

278 1555 582 1609 ἐπιστεῖλαι
619 1557 1029 1630 παρακληθητε,
1061 1559 1150 1612 ῖνα
1181 1561 1352 1630 ἡμᾶς,
1389 1559 1482 1612 καὶ
1522 1561 1588 1613 ἐκ
1613 1561 1870 1615 τοσούτου

279 1669 625 1740 καθημένους
654 1670 1040 1742 διαστήματος,
1069 1671 1273 1742 πολλῆς
1304 1673 1621 1746 ἐμπλήσητε
1650 1675 1750 1744 τῆς
1781 1676 1870 1729 εὐ-

275 1779 572 1850 φροσύνηςο

652 1915 784 1968 PH'.
824 1914 1112 1982 Οὺρσικίῳ
1158 1914 1492 1984 ἐπισκόπῳ.

343 2071 410 2124 Εἰ
432 2071 526 2125 καὶ
552 2069 720 2124 πολὺν
751 2069 859 2141 ἔχω
895 2069 1087 2142 χρόνον
1126 2071 1201 2144 μὴ
1241 2073 1639 2145 συγγενόμενός
1677 2091 1771 2128 σου
1798 2077 1863 2148 τῇ

270 2173 552 2247 εὐλαϐείᾳ,
591 2176 706 2229 ἀλλ’
740 2176 892 2231 οὐδὲν
937 2176 1187 2232 ἐντεῦθεν
1225 2181 1598 2254 ρᾳθυμότερος
1640 2185 1769 2256 περὶ
1803 2185 1867 2239 τὸ

267 2287 446 2358 φιλεῖν
488 2289 709 2359 γέγονα.
748 2290 987 2362 Τοιαύτη
1026 2291 1136 2364 γάρ
1179 2294 1277 2366 τῆς
1318 2296 1544 2366 γνησίας
1577 2297 1797 2370 ἀγάπης
1829 2299 1862 2370 ὴ

267 2401 454 2469 φύσιςο
502 2401 563 2456 οὐ
623 2403 801 2475 χρόνῳ
847 2405 1046 2477 μακρῷ
1093 2407 1440 2475 μαραίνεται,
1493 2409 1556 2462 οὐ
1606 2409 1863 2484 δυσκολίᾳ

270 2515 618 2585 πραγμάτων
648 2516 1015 2588 ἀμαυροῦται,
1049 2518 1185 2573 ἀλλά
1209 2520 1360 2590 μένει
1385 2520 1649 2592 διηνεκῶς
1673 2527 1859 2596 ἀκμά-

263 2625 456 2690 ζουσα.
486 2630 576 2682 Διὸ
601 2629 664 2700 δὴ
691 2631 785 2683 καὶ
815 2631 996 2702 ἡμεῖς,
1031 2633 1125 2685 καὶ
1162 2634 1220 2686 ἐν
1254 2634 1476 2699 πολλαῖς
1504 2639 1860 2709 περιστάσεσι

261 2738 570 2809 γενόμενοι,
609 2739 702 2792 καὶ
729 2739 823 2794 νῦν
863 2745 942 2805 εἰς
977 2742 1077 2815 τὴν
1119 2746 1355 2817 ἐσχάτην
1390 2746 1489 2818 τῆς
1529 2749 1856 2824 οἰκουμένης

265 2853 505 2924 ἐρημίαν
529 2856 941 2926 ἀπενεχθέντες,
974 2857 1068 2912 καὶ
1115 2859 1265 2934 φόϐῳ
1303 2863 1576 2930 συζῶντες
1618 2866 1858 2938 διηνεκεῖ

257 2965 340 3037 τῷ
379 2967 490 3021 τῶν
524 2968 758 3040 λῃστῶν,
793 2970 887 3025 καὶ
914 2970 1202 3046 πολιορκίᾳ
1239 2977 1400 3048 καινῇ
1436 2977 1581 3046 (καθ’
1614 2979 1853 3052 ἑκάστην

259 3080 373 3152 γὰρ
395 3081 606 3155 ἡμέραν
629 3084 663 3154 ἡ
691 3085 1004 3150 Κουκουσδς
1027 3086 1415 3160 πολιορκεῖται,
1442 3089 1544 3155 τὰς
1562 3091 1714 3156 ὁδοὺς
1743 3092 1852 3148 τῶν

255 3192 471 3267 λῃστῶν
514 3195 1020 3269 ἀποτειχισάντων),
1067 3199 1243 3255 οὐδενὶ
1289 3202 1496 3258 τούτων
1543 3207 1882 3279 γεγόναμεν’

255 3307 623 3381 ῥᾳθυμότεροι
652 3312 779 3383 περὶ
813 3311 911 3384 τὴν
941 3311 1039 3385 σὴν
1075 3314 1386 3382 εὐλάϐειαν,
1414 3317 1551 3372 ἀλλά
1585 3319 1677 3374 καὶ
1709 3322 1850 3394 γρά-

252 3439 450 3494 φομεν,
478 3424 572 3477 καὶ
602 3423 702 3495 τὴν
729 3425 1086 3498 ὀφειλομένην
1124 3429 1489 3502 ἀποδιδόαμεν
1518 3433 1846 3509 πρόσρησιν,

251 3537 346 3592 καί
387 3553 448 3591 σε
501 3536 950 3610 παρακαλοῦμεν,
981 3540 1032 3594 εί
1079 3541 1155 3612 μὴ
1209 3541 1373 3614 βαρὺ,
1409 3545 1546 3618 μηδέ
1591 3549 1843 3621 ἐπαχθὲς,

246 3649 345 3703 καὶ
402 3647 568 3703 αὐτὸν
614 3652 747 3720 ημῖν
791 3650 1148 3708 ἐπιστέλλειν.
1193 3653 1350 3710 Οῦτω
1381 3657 1492 3731 γὰρ
1519 3659 1614 3714 καὶ
1649 3662 1846 3737 ἡδονὴν

245 3761 452 3834 πολλὴν
505 3765 938 3836 καρπωσόμεθα,
969 3768 1099 3840 παρ’
1147 3770 1304 3842 ὐμῶν
1356 3771 1468 3827 τῶν
1513 3774 1658 3830 οὕτω
1708 3794 1844 3850 γνη-

247 3873 381 3938 σίως
436 3875 774 3944 ἀγαπώντων
827 3880 976 3951 ἡμᾶς
1023 3882 1304 3955 δεχόμενοι
1359 3886 1688 3959 γράμματα,
1749 3893 1843 3946 καὶ

241 3985 333 4041 διὰ
378 3989 588 4045 τούτων
623 3991 732 4064 τὴν
772 3995 1079 4066 παρουσίαν
1120 3996 1519 4072 φανταζόμενοι
1561 4003 1660 4076 τὴν
1705 4005 1841 4078 ὑμε-

242 4101 436 4175 τέραν.

634 4242 762 4296 Ρθν.
801 4244 1088 4314 Ῥουφίῶ
1113 4247 1444 4317 ἐπισκόπῳ.

313 4365 447 4425 Οἶδά
486 4389 580 4427 σου
624 4375 724 4446 τῆς
762 4379 984 4450 ἀγάπης
1010 4383 1071 4436 τὸ
1107 4385 1353 4457 στερρόν.
1374 4385 1559 4456 Ὀλίγα
1596 4389 1698 4460 μέν
1753 4391 1836 4446 σοί

245 4501 378 4540 ποτε
402 4487 554 4562 [654]
577 4494 974 4566 συνεγενόμεθα
999 4499 1056 4552 ἐν
1095 4500 1417 4574 Ἀντιοχείᾳ,
1454 4502 1691 4560 δέσποτά
1732 4524 1833 4577 μου

243 4597 542 4668 τιμιώτατε
571 4602 667 4655 καὶ
687 4604 1074 4674 εὐλαϐέστατε,
1100 4608 1301 4681 πολλὴν
1321 4612 1378 4666 δέ
1401 4630 1494 4668 σου
1522 4619 1716 4688 πεῖραν
1732 4618 1833 4691 τῆς

234 4711 525 4778 εὐλαϐείας
571 4717 664 4769 καὶ
723 4719 823 4789 τῆς
872 4721 1145 4786 συνέσεως
1203 4724 1507 4798 εἰληφότες,
1570 4730 1666 4783 καὶ
1729 4733 1832 4804 τῆς

233 4827 367 4896 περὶ
423 4830 576 4898 ἡμᾶς
638 4832 880 4904 ἀγάπης.
949 4836 1040 4903 Ἐξ
1094 4837 1329 4903 ἐκείνου,
1391 4841 1568 4896 καίτοι
1632 4844 1828 4899 πολλοῦ

235 4937 443 5008 μεταξὺ
491 4942 789 5012 γενομένου
826 4946 921 5000 τοῦ
953 4948 1169 5019 χρόνου,
1201 4949 1300 5021 τὴν
1342 4953 1471 5024 περὶ
1506 4955 1566 5008 σέ
1601 4955 1828 5029 ἀγάπην

231 5053 594 5126 ἀκμάζουσαν
624 5057 1012 5131 διατηροῦμεν,
1036 5063 1128 5115 καὶ
1147 5063 1226 5127 ὡς
1252 5064 1380 5134 χθὲς
1406 5067 1500 5121 καὶ
1539 5068 1732 5142 πρώην
1765 5089 1824 5125 σε

228 5163 560 5239 ἑωρακότες,
602 5170 775 5236 οὕτως
819 5190 913 5228 σου
947 5174 1333 5248 φαπαζόμεθα
1360 5181 1460 5252 τὴν
1494 5185 1819 5254 παρουσίαν.

227 5282 320 5335 Διὸ
347 5284 440 5337 καὶ
468 5284 882 5359 ἐπιστέλλομεν,
917 5291 1013 5344 καὶ
1039 5293 1471 5366 παρακαλοῦμεν
1511 5298 1822 5370 μεμνῆσθαι

229 5396 389 5466 ἡμῶν
445 5397 730 5471 διηνεκῶς.
776 5403 1131 5476 Ἀπήχθημεν
1185 5407 1266 5471 εἰς
1311 5409 1509 5480 χωρίον
1547 5411 1646 5481 τῆς
1695 5412 1820 5466 καθ’

223 5503 377 5572 ημᾶς
417 5506 742 5579 οἰκουμένης
789 5513 1150 5583 ἐρημότατον,
1198 5517 1297 5589 τὴν
1349 5517 1680 5587 Κουκουσδν,
1729 5524 1821 5577 καὶ

223 5613 351 5669 καθ’
406 5615 645 5689 ἐκάστην
703 5623 887 5692 σχεδὸν
952 5625 1050 5696 τὴν
1113 5628 1329 5701 ἡμέραν
1393 5632 1498 5686 ὐπὸ
1559 5633 1659 5705 τῆς
1709 5635 1819 5689 τῶν

237 5730 502 5802 ’Ῑσαύρων
555 5705 994 5810 πολιορκούμεθα
1041 5742 1255 5812 ἐφόδου.
1311 5745 1451 5798 Ἀλλ’
1503 5746 1674 5817 ὅμως,
1722 5748 1818 5802 καὶ

220 5845 284 5899 ἐν
316 5846 606 5913 τοσαύταις
641 5848 792 5915 δντες
827 5855 1234 5926 περιστάσεσιν,
1270 5857 1337 5930 ἢν
1363 5857 1659 5933 θαρρῶμεν
1686 5863 1815 5937 περὶ

1983 769 2043 821 ἐν
2093 771 2214 832 ταῖς
2257 767 2469 838 θλίψεσι
2519 768 2744 831 ταύταις
2798 767 3209 840 καρπωσόμεθα
3256 767 3354 839 τὴν
3400 768 3580 840 παρά-

1982 883 2194 952 κλησιν.

2403 1021 2516 1074 ιη’.
2558 1016 2782 1080 Βάσσῳ
2811 1015 3146 1082 ἐπισκόπῳ.

2049 1172 2114 1225 Τί
2139 1171 2335 1237 τοῦτο;
2385 1173 2443 1225 '0
2475 1172 2749 1242 τοσαύτην
2773 1173 2904 1244 περὶ
2932 1174 3081 1245 ἡμᾶς
3108 1171 3333 1245 ἀγάπην
3367 1171 3576 1226 ἐπιδει-

1976 1289 2228 1359 ξάμενος,
2261 1287 2356 1342 καὶ
2405 1287 2464 1340 ἐν
2500 1285 2580 1356 τῷ
2612 1285 2922 1358 ἔμπροσθεν
2953 1287 3154 1358 χρόνῳ,
3203 1286 3298 1341 καὶ⁸
3343 1286 3576 1357 ἔναγχος

1975 1404 2031 1455 ἐν
2075 1401 2670 1470 Κωνσταντινουπόλει,
2720 1401 2962 1466 ἀκούσας
3007 1402 3161 1473 ἡμᾶς
3210 1403 3275 1456 ἐκ
3314 1401 3574 1471 γειτόνων

1973 1513 2112 1569 εἶναι
2174 1515 2275 1586 τῆς
2335 1515 2438 1586 σῆς
2479 1516 2818 1589 τιμιότητος,
2861 1515 2983 1570 οὐδὲ
3022 1513 3370 1594 γραμμάτων
3423 1514 3574 1587 ἡμᾶς

1969 1630 2234 1698 ἠξίωσας.
2280 1630 2395 1683 Οὐκ
2447 1625 2583 1684 οἷσθ’
2621 1630 2772 1692 ὅπως
2817 1627 3147 1700 διακείμεθά
3173 1645 3269 1682 σου
3317 1628 3448 1699 περὶ
3469 1627 3571 1700 τὴν

1969 1739 2277 1801 εὐλάϐειαν,
2317 1741 2413 1794 καὶ
2449 1740 2599 1802 ὅπως
2629 1737 2994 1808 συνᾰδέμεθά
3024 1754 3107 1791 σοι
3141 1735 3221 1807 τῷ
3243 1739 3346 1808 τῆς
3386 1735 3570 1805 φιλίας

1967 1850 2188 1922 δεσμῷς
2246 1848 2390 1920 Ἐγὼ
2444 1849 2544 1920 μὲν
2591 1848 2704 1922 γὰρ
2760 1847 3105 1918 προσεδόκων
3151 1863 3211 1899 σε
3270 1844 3364 1899 καὶ
3415 1842 3570 1915 ἡξειν

1967 1964 2224 2029 ἐνταῦθα,
2259 1965 2354 2019 καὶ
2387 1963 2792 2036 παρακαλέσειν
2826 1962 2975 2033 ἡμᾶς
3006 1962 3064 2013 ἐν
3091 1959 3298 2032 ἐρημίᾳ
3327 1956 3568 2029 τοσαύτῃ

1966 2078 2337 2142 καθεστῶτας.
2372 2077 2438 2131 Τί
2461 2076 2572 2151 γάρ
2593 2078 2660 2132 ἂν
2690 2079 2902 2148 γένοιτο
2935 2076 3274 2149 ἐρημότερον
3314 2077 3565 2130 Κουκουο

1967 2192 2085 2261 σοῦ,
2123 2192 2263 2264 μετά
2302 2193 2402 2264 τῆς
2443 2191 2701 2264 ἐρημίας,
2733 2192 2827 2246 καὶ
2869 2192 2974 2246 ὐπὸ
3020 2192 3120 2264 τῆς
3157 2191 3267 2245 τῶν
3306 2191 3566 2262 Ἰσαύρων

1964 2282 2435 2379 πολιορκουμένης
2455 2307 2646 2378 ἐφόδου
2668 2325 2682 2373 ;
2716 2307 2856 2361 Ἀλλ’
2879 2308 3050 2379 ὅμως,
3069 2309 3118 2361 εἰ
3138 2305 3299 2361 τοῦτο
3326 2307 3566 2379 ἐργῶδες

1961 2420 2051 2474 διά
2080 2438 2140 2472 τε
2172 2420 2353 2473 αὐτῶν
2378 2419 2488 2473 τῶν
2519 2419 2732 2492 λῃστῶν
2755 2419 2852 2518 τὸν
2885 2419 3074 2490 φόϐον,
3102 2419 3190 2473 διά
3217 2438 3277 2474 τε
3307 2423 3408 2491 τῆς
3438 2419 3562 2473 ὀδοῦ

1958 2534 2058 2606 τὴν
2089 2535 2396 2602 δυσκολίαν,
2454 2535 2688 2607 γράφειν
2735 2536 2867 2606 ἡμῖν
2924 2535 3000 2607 μὴ
3047 2536 3324 2604 κατόκνει,
3367 2540 3460 2592 καὶ
3493 2539 3560 2594 τὰ

1959 2646 2088 2718 περὶ
2121 2647 2218 2718 τῆς
2255 2647 2445 2715 ὑγείας
2468 2647 2571 2717 τῆς
2602 2647 2700 2719 σῆς
2725 2647 3201 2718 εὐαγγελίζεσθαι,
3233 2651 3341 2716 ἵνα,
3373 2653 3472 2706 καὶ
3502 2654 3560 2705 ἐν

1957 2756 2217 2830 ἀλλοτρία
2236 2757 2625 2830 διατρίϐοντες,
2650 2759 2850 2832 πολλὴν
2867 2760 3115 2816 ἐντεῦθεν
3132 2780 3201 2817 κα
3211 2765 3559 2838 ρπωσὼμεθα

1953 2871 2052 2943 τὴν
2085 2871 2456 2944 παράκλησιν.

2156 3033 2321 3087 PIA'.
2366 3033 2681 3102 Ἀνατολίῳ
2715 3035 3031 3107 ἐπισκόπει)
3068 3035 3335 3108 Ἀδάνης.

2033 3188 2175 3259 Ἐγὼ
2230 3191 2332 3263 μὲν
2389 3193 2485 3246 καὶ
2535 3193 2895 3263 συγγενέσθαι
2955 3196 3267 3269 ἐπεθύμουν
3334 3215 3429 3253 σου
3483 3201 3552 3272 τῇ

1946 3302 2244 3376 τιμιότητι,
2282 3306 2437 3377 παρά
2470 3307 2685 3363 πολλῶν
2723 3308 2940 3364 ἀκούων
2980 3309 3074 3363 τὸν
3105 3309 3306 3383 θερμὸν
3346 3311 3551 3384 ἔρωτα,

1945 3413 2005 3468 δν
2068 3417 2198 3488 περὶ
2248 3419 2401 3488 ἡμᾶς
2460 3419 2627 3491 ἔχεις,
2675 3424 2771 3476 καὶ
2814 3421 2989 3478 ταῦτα
3039 3425 3114 3498 μὴ
3150 3428 3550 3500 συγγενόμενος

1946 3529 2100 3600 ἡμῖν.
2142 3531 2363 3604 Ἐπειδὴ
2419 3533 2476 3587 δὲ
2531 3534 2692 3590 τοῦτο
2729 3538 2868 3603 τέως
2917 3539 3020 3593 οὐκ
3049 3539 3151 3606 ενι,
3194 3542 3257 3594 τὸ
3282 3543 3384 3614 τῆς
3421 3561 3549 3599 συν.

1942 3644 2134 3710 ουσίας
2157 3645 2316 3711 ἐλπὶς
2339 3659 2364 3688 ι
2390 3648 2667 3717 γενέσθαι,
2691 3652 3016 3726 διορθοῦμαι
3048 3657 3114 3727 τῇ
3144 3655 3253 3711 τῶν
3276 3659 3546 3731 γραμμά-

1941 3771 2052 3809 των
2075 3756 2284 3829 δμιὶίᾳ,
2324 3759 2486 3832 χάριν
2516 3761 2699 3834 ἐαυτῷ
2730 3766 2988 3838 παρέχων
3025 3769 3308 3843 μεγίστην.
3336 3773 3399 3826 Εἰ
3435 3753 3546 3846 γὰρ

1943 3870 2039 3923 καί⁸
2077 3870 2418 3943 ἐρημότατον
2462 3877 2686 3948 χωρίον,
2725 3879 2807 3944 εἰς
2856 3879 2886 3934 δ
2927 3880 3025 3935 νῦν
3060 3885 3474 3958 ἀπηνέχθημεν,
3506 3891 3540 3960 ἡ

1941 3981 2276 4058 Κουκουσὺς,
2325 3985 2419 4040 καὶ
2462 3987 2726 4042 κινδύνων
2772 3989 2944 4063 γέμον
2991 3994 3224 4060 πολλῶν,
3263 3997 3357 4051 κα)⁸
3389 3997 3541 4070 φόϐῳ

1937 4099 2178 4172 διηνεκεῖ
2203 4103 2314 4160 τῶν
2344 4103 2558 4177 λῃστῶν
2587 4108 3070 4183 πολιορκούμενον,
3101 4113 3218 4168 ἀλλ’
3240 4115 3393 4170 οὐδὲν
3418 4115 3541 4170 τού-

1937 4229 2050 4267 των
2076 4216 2228 4288 ἡμᾶς
2261 4215 2503 4289 θορυϐεῖ,
2532 4221 2656 4276 οὐδὲ
2705 4223 3077 4298 διαταράττει,
3123 4228 3225 4299 τῆς
3264 4229 3538 4300 ὑμετέρας

1937 4323 2313 4394 ἀπολαύοντας
2352 4331 2595 4405 ἀγάπης⁹
2631 4333 2747 4389 ἀλλ’
2777 4337 2827 4390 εἰ
2857 4337 2954 4392 καὶ
2981 4337 3060 4411 τῷ
3082 4339 3295 4411 σώματι
3320 4339 3538 4414 διεστή-

1935 4456 2133 4512 καμεν,
2175 4446 2242 4517 τῇ
2281 4445 2426 4519 ψυχῇ
2467 4449 2839 4524 συνδεδεμένοι
2872 4454 3011 4526 μετά
3038 4456 3242 4530 πολλῆς
3273 4459 3373 4531 τῆς
3405 4476 3538 4530 σφο-

1933 4554 2195 4629 δρότητος
2235 4561 2387 4633 ὐμῖν,
2433 4562 2533 4636 τὴν
2566 4565 2840 4640 ὑμετέραν
2872 4569 3076 4640 μᾶλλον
3117 4571 3217 4644 τὴν
3259 4573 3538 4644 ἀτάραχον

1933 4673 2028 4727 καὶ
2063 4675 2357 4748 ἀπόλεμον,
2391 4678 2424 4750 ἢ
2451 4679 2551 4751 τὴν
2581 4683 2895 4740 Κουκουσδν
2921 4688 3091 4742 οἰκεῖν
3119 4689 3405 4763 δοκοῦμεν,
3442 4695 3532 4748 ἀεὶ

1935 4785 2053 4854 μεθ’
2083 4788 2238 4859 ὑμῶν
2276 4790 2429 4858 ὄντες
2471 4797 2539 4866 τῇ
2571 4793 2834 4864 διαθέσει,
2860 4800 2957 4854 καὶ
2987 4801 3236 4876 ὅπουπερ
3263 4804 3331 4860 ἂν
3357 4804 3531 4878 ὦμεν,

1926 4897 2025 4951 ἐπὶ
2057 4899 2294 4966 διανοίας
2319 4921 2378 4958 σε
2402 4906 2809 4982 περιφέροντες.

2140 5053 2294 5136 [655]
2333 5065 2498 5125 PIB'.
2534 5066 2809 5138 Θεοδώρῳ
2831 5069 3164 5140 ἐπισκόπῳ.

1999 5218 2061 5272 Εἰ
2089 5219 2188 5290 μὲν
2225 5214 2339 5275 οἶόν
2387 5239 2448 5276 τε
2479 5219 2550 5297 ἦν
2575 5225 2672 5280 καὶ
2711 5226 2909 5295 ἐλθεῖν,
2941 5230 3036 5284 καὶ
3087 5232 3529 5305 περιπτύξασθαί

1928 5349 2023 5387 σου
2076 5334 2176 5408 τὴν
2218 5337 2526 5405 εὐλάϐειαν,
2579 5343 2674 5395 καὶ
2725 5342 3067 5415 ἐντρυφῆσαι
3099 5363 3194 5400 σου
3237 5351 3304 5419 τῇ
3335 5351 3525 5424 ἀγάπῃ

1923 5445 2011 5500 διὰ
2055 5451 2156 5520 τῆς
2198 5451 2505 5524 παρουσίας
2565 5453 2755 5524 αὐτῆς,
2821 5457 2959 5527 μετά
3013 5458 3215 5531 πολλῆς
3249 5460 3318 5516 ἂν
3364 5463 3527 5518 τοῦτο

1923 5557 2264 5630 ἐποιήσαμεν
2298 5563 2397 5632 τῆς
2427 5564 2684 5636 σπουδῆς,
2726 5567 2821 5621 καὶ
2848 5569 2945 5623 τοῦ
2977 5571 3213 5643 τάχους·
3244 5576 3436 5650 ἐπειδὴ
3465 5578 3524 5632 δέ

1921 5673 2081 5728 τοῦτο
2119 5676 2218 5730 οὐκ
2258 5677 2344 5747 ἐφ’
2378 5680 2513 5750 ἡμῖν
2540 5683 2715 5735 κεῖται
2748 5683 2880 5753 νῦν,
2910 5685 3142 5743 διάέτῶν
3172 5692 3522 5764 γραμμάτων

1923 5871 1925 5874 ⁴
1984 5879 2008 5908 ⁸
2038 5876 2185 5929 Forte
2208 5877 2394 5931 ἐλπίδα.
2418 5878 2474 5933 ιιι
2493 5880 2646 5934 Savﬂ.
2671 5882 2777 5936 hac
2796 5885 2973 5940 mutila
2991 5893 3127 5938 sunt.
