4218 6522
729 441 837 497 669

1388 438 1444 495 S.
1485 436 1766 494 JOANNIS
1802 434 2287 494 οιιῐιγεοετοιιι
2324 431 2643 490 ΑΙὶΩΙΙΙΕΡ.
2680 433 3226 491 CONSTANTINOP.

724 553 789 610 τὸ
818 552 948 606 αὐτὸ
975 548 1132 606 τοῦτο
1174 550 1503 622 πληροῦμεν.
1544 551 1664 606 Κάν
1690 552 1798 623 γάρ
1831 551 1965 623 πρὸς
1997 550 2166 615 αὑτὰς
2200 551 2299 621 τῆς

3870 434 3983 492 670

2404 551 2685 623 τρέχοντα,
2714 552 2838 615 τούς
2871 554 3056 620 ἐγγὺς,
3086 551 3212 613 τοὺς
3246 551 3527 622 πόρρωθεν
3553 549 3983 621 συγκροτοῦντα,

722 665 1047 735 οἰκουμένης
1086 664 1182 728 τάς
1218 665 1475 735 ἐσχατιὰς
1506 664 1914 737 ἀπενεχθῶμεν,
1950 664 2297 719 ἐπιλαθέσθαι
2400 663 2751 736 διεγείροντα,
2794 663 3190 735 παρεγγυῶντα
3220 663 3424 734 μηδένα
3456 662 3535 733 τῷ
3560 663 3837 734 κλυδωνίῳ
3870 680 3981 717 πα-

724 797 821 835 σου
856 780 958 851 τῆς
978 780 1198 851 ἀγάπης
1219 781 1280 834 οὐ
1318 779 1611 852 δυνάμεθα,
1644 780 1745 851 τῆς
1776 780 2021 852 γνησίας,
2052 780 2144 833 καὶ
2173 779 2297 849 Osp-

722 890 855 961 μῆς,
908 890 999 944 καὶ
1053 889 1411 962 εἰλικρινοῦς,
1447 891 1540 945 καὶ
1574 891 1785 955 ἀδόλου,
1817 892 1915 961 τῆς
1969 907 2027 943 τε
2067 888 2292 953 ἀνωθεν,

720 1002 814 1057 καὶ
833 1001 893 1066 ιξ
924 1002 1129 1073 ἀρχῆς,
1177 1002 1245 1072 ἦν
1274 1019 1335 1055 τε
1366 1001 1625 1066 ἐπεδείξω
1658 1002 1774 1056 νῦν.
1808 1000 1942 1055 Οὐδὲ
1971 1000 2077 1073 γάρ
2107 1000 2294 1055 ἔλαθεν

720 1118 864 1188 ἡμᾶς
887 1117 988 1171 ὃσα
1024 1117 1113 1171 καὶ
1145 1119 1321 1171 εἰπεῖν
1367 1118 1461 1171 καὶ⁸
1492 1117 1712 1187 ποιῆσαι
1746 1116 1883 1187 ὑπὲρ
1904 1115 2064 1187 ἡμῶν
2098 1114 2294 1168 ὲσπούο

717 1230 904 1294 δασας,
927 1230 1160 1284 δέσποτά
1189 1247 1292 1300 μου
1326 1226 1621 1299 τιμιώτατε
1661 1228 1755 1281 καὶ
1787 1227 2189 1297 θεοφιλέστατε.
2228 1227 2288 1280 El

715 1344 773 1398 δὲ
803 1343 969 1416 μηδὲν
1012 1344 1199 1413 γέγονε
1252 1342 1432 1405 πλέον,
1490 1341 1624 1396 ἀλλά
1676 1341 1766 1395 τὸν
1816 1341 1950 1395 Θεὸν
2004 1340 2287 1411 ὀφειλέτην

716 1453 856 1525 ἔχεις
892 1454 991 1524 τῆς
1021 1453 1278 1524 σπουδῆς,
1322 1453 1415 1507 καὶ
1447 1453 1547 1523 τῆς
1575 1451 1902 1524 προθυμίας,
1951 1451 2158 1506 καὶτὸν
2195 1469 2287 1522 μι-

717 1562 841 1616 σθὸν
891 1564 1317 1635 ἀπηρτισμένον.
1361 1564 1470 1617 Καὶ
1509 1565 1671 1636 ἡμεῖς
1700 1563 1761 1617 οὐ
1815 1562 2096 1632 παυόμεθα
2130 1562 2287 1632 χάριν

714 1677 914 1741 εἰδότες
947 1693 1041 1730 σου
1074 1678 1140 1747 τῇ
1181 1676 1437 1747 ὁσιότητι,
1483 1675 1579 1728 καὶ
1611 1676 1748 1746 πρὸς
1794 1675 2042 1739 ἅπαντας
2085 1676 2289 1745 ἀνακη-

717 1787 999 1859 ρύττοντές
1057 1805 1149 1841 σου
1200 1786 1297 1858 τήν
1355 1786 1658 1852 εὐλάϐειαν,
1719 1787 1812 1841 καὶ
1849 1784 2288 1858 παρακαλοῦντες

712 1904 812 1974 τὴν
838 1903 1007 1974 αὐτην
1036 1902 1254 1973 ἀγάπην
1282 1901 1369 1955 διά
1395 1901 1593 1966 παντὸς
1615 1900 1969 1973 ἀκμάζουσαν
1988 1902 2284 1973 διατηρεῖν.

713 2013 788 2063 Οὐ
839 2011 947 2083 γὰρ
1002 2013 1099 2083 τὴν
1129 2010 1418 2081 τυχοῦσαν,
1466 2012 1561 2067 καὶ
1602 2014 1660 2066 έν
1702 2008 1909 2085 ἐρημίᾳ
1965 2013 2284 2085 καθήμενοι,

713 2125 1073 2198 καρπούμεθα
1097 2127 1197 2196 τὴν
1238 2125 1601 2198 παράκλησιν,
1634 2127 1763 2180 ὅταν
1790 2125 2040 2181 τοσοῦτον
2069 2128 2125 2179 ὲν
2160 2145 2288 2199 καρ⁴

710 2239 799 2309 δία
830 2238 1100 2309 θησαυρὸν
1147 2238 1239 2291 καῖ
1269 2236 1496 2291 πλοῦτον
1530 2237 1889 2308 ἀποκείμενον
1927 2238 2159 2308 ἔχωμεν,
2186 2237 2287 2308 τῆς

712 2349 1076 2420 ἐγρηγορυίας
1122 2350 1216 2402 καὶ
1255 2348 1507 2412 γενναίας
1563 2365 1657 2402 σου
1697 2347 1877 2420 ψυχῆς
1908 2348 2014 2419 τὴν
2040 2348 2282 2420 ἀγάπην.

1059 2486 1221 2539 PII".
1258 2483 1573 2549 Παλλαδίῳ
1604 2484 1933 2552 ὲπισκόπῳ.

792 2618 963 2690 Ὑπὲρ
1011 2617 1111 2687 μὲν
1152 2618 1260 2670 τῶν
1315 2617 1435 2669 καθ’
1460 2619 1606 2687 ἡμᾶς
1658 2617 1851 2680 αὐτοὺς
1872 2615 2023 2669 οὐδὲν
2054 2616 2284 2686 δεόμεθα

710 2732 1135 2804 παρακλήσεωςο
1173 2730 1337 2801 ἀρκεῖ
1374 2730 1481 2801 γὰρ
1511 2732 1638 2800 ἡμῖν
1666 2730 1746 2793 εἱς
1793 2727 2138 2799 παράκλησιν
2176 2726 2283 2782 τῶν

711 2841 1016 2911 γενομένων
1052 2842 1086 2904 ἡ
1120 2841 1394 2905 ὐπὸοεσις.
1426 2840 1633 2913 Θρηνοῦ
1645 2858 1741 2912 μεν
1762 2841 1818 2894 δὲ
1844 2841 1933 2894 τὸν
1974 2840 2150 2895 κοινὸν
2175 2839 2284 2894 τῶν

724 2952 1059 3025 Ἐκκλησιῶν
1114 2952 1379 3023 χειμῶνα,
1410 2952 1504 3006 καὶ
1542 2953 1600 3005 τὸ
1628 2953 1724 3022 τὴν
1754 2952 2077 3024 οἰκουμένην
2119 2971 2285 3008 κατα-

713 3064 875 3119 λτϐὸν
903 3067 1177 3133 ναυάγιον,
1206 3065 1298 3117 καὶ
1328 3063 1535 3127 πάντας
1569 3064 1712 3133 ὐμᾶς
1744 3063 2169 3135 παρακαλοῦμεν
2195 3065 2284 3117 εὐο

714 3179 836 3247 χαῖς
864 3177 1095 3249 βοηθεῖν,
1122 3176 1262 3230 ὥστε
1284 3176 1385 3247 τὴν
1420 3174 1789 3245 πανωλεθρίαν
1817 3175 2020 3246 ταύτην
2059 3176 2281 3248 λυθῆναι

714 3308 866 3356 ποτε,
901 3292 995 3345 καὶ
1035 3293 1114 3354 εἰς
1153 3291 1351 3361 λευκὴν
1383 3291 1596 3345 ἅπαντα
1650 3291 1971 3359 μεταϐαλεῖν
2018 3290 2279 3363 γαλήνην.

711 3403 884 3456 Τοῦτο
910 3403 973 3473 δὴ
1004 3402 1280 3466 ποιοῦντες
1313 3402 1387 3472 μὴ
1433 3401 1734 3473 διαλίπητε.
1776 3402 2141 3467 Λανθάνοντες
2174 3402 2282 3474 γάρ

716 3514 808 3567 καὶ
847 3511 1230 3583 κρυπτόμενοι,
1279 3510 1499 3565 πλείονα
1552 3510 1747 3582 σχολὴν
1777 3510 1928 3582 ἔχετε
1983 3511 2077 3566 νῦν
2117 3529 2283 3585 προσ-

714 3624 1003 3694 καρτερεῖν
1024 3624 1141 3685 ταῖς
1170 3622 1375 3691 εὐχαῖς,
1402 3621 1496 3675 καὶ
1525 3619 1662 3693 μετά
1684 3620 2006 3693 θλιϐομένης
2025 3623 2281 3687 διανοίας.

714 3736 790 3789 Οὐ
826 3735 1019 3806 μικρὸν
1062 3734 1119 3787 δὲ
1162 3731 1354 3798 τοῦτο,
1406 3732 1484 3803 τῷ
1517 3732 1879 3805 φιλανθρώπῳ
1921 3734 2283 3803 προσπίπτειν

714 3846 853 3919 θεῷ.
880 3846 971 3918 Μὴ
1002 3845 1281 3915 διαλίπητε
1326 3838 1417 3899 οῦν
1446 3844 1602 3899 τοῦτο
1634 3845 1913 3908 ποιοῦντες
1932 3887 1947 3910 ,
1990 3847 2087 3900 καὶ
2123 3846 2284 3919 ἡνίκα

716 3966 783 4018 ἂν
808 3963 924 4033 ἐξῇ,
949 3964 1042 4016 καὶ
1067 3962 1305 4033 γράφετε
1334 3964 1464 4034 ἡμῖν
1492 3962 1748 4033 συνεχῶς.
1774 3964 1835 4018 Εἰ
1859 3964 1965 4035 γάρ
1988 3964 2083 4017 καὶ
2108 3964 2286 4035 πολλῷ

715 4078 795 4148 τῷ
832 4078 994 4148 μήκει
1017 4075 1116 4145 τῆς
1146 4074 1439 4146 ἐμμελείας
1472 4075 1625 4146 ὐμῶν
1651 4076 2065 4149 ἀπῳκίσθημεν,
2090 4078 2203 4133 ἀλλ’
2222 4080 2284 4133 οὐ

718 4184 1006 4257 παυόμεθα
1028 4185 1152 4241 καθ’
1167 4184 1402 4256 ἑκάστην
1422 4185 1639 4256 ἡμέραν
1661 4186 2033 4257 μεριμνῶντες
2057 4188 2126 4241 τά
2151 4188 2287 4260 ὐμέ-

717 4316 871 4371 τερα,
895 4299 988 4353 καὶ
1009 4299 1133 4363 τούς
1163 4298 1371 4352 ἐκεῖθεν
1401 4298 1827 4369 ἀφικνουμένους
1857 4300 1929 4367 (εί
1958 4301 2051 4355 καί
2080 4301 2285 4355 τούτων

719 4411 1011 4474 σπανιάκις
1049 4408 1501 4480 ὲπιτυγχάνομεν)
1530 4409 1836 4480 ἐρωτῶντες
1866 4410 1961 4465 καὶ
1995 4426 2285 4482 περιεργα-

720 4524 953 4595 ζόμενοι.
989 4521 1141 4595 [656]
1191 4521 1283 4575 Ίν’
1320 4517 1414 4576 οῦν
1467 4521 1796 4593 σαφέστερον
1854 4521 2030 4577 πάντα
2085 4522 2286 4586 εἰδότες

720 4635 889 4711 ὦμεν,
940 4640 1067 4692 ὃταν
1092 4637 1331 4709 ἐγχωρῇ,
1371 4636 1633 4707 παρέχετε
1660 4636 1863 4707 ταύτην
1890 4638 2027 4708 ἡμῖν
2054 4637 2155 4707 τὴν
2186 4636 2288 4706 χά-

723 4769 832 4823 ριν,
872 4750 999 4820 περὶ
1023 4748 1124 4819 τῆς
1149 4747 1355 4817 ὑγιείας
1380 4747 1479 4817 τῆς
1519 4746 1788 4817 ὑμετέρας
1815 4746 2288 4818 εὐαγγελιζόμενοι

722 4866 903 4935 ἡμᾶς,
927 4863 1011 4917 ἵνα
1054 4862 1147 4916 καὶ
1175 4862 1233 4915 ὲν
1270 4862 1473 4934 ἐρημίᾳ
1516 4860 1883 4932 διατρίϐοντες
1922 4861 2126 4933 πολλὴν
2155 4880 2289 4935 καρ-

723 4971 1033 5043 πωσώμεθα
1060 4974 1156 5040 τὴν
1191 4970 1554 5043 παράκλησιν.

1091 5109 1245 5161 ΡΙΔ’.
1282 5106 1911 5171 ἘλπιδίῳκὲπισκόπΨ

794 5240 905 5294 Καὶ
945 5238 1099 5292 τοῦτο
1134 5238 1241 5304 σὺν,
1288 5238 1445 5293 τοῦτο
1491 5239 1753 5309 νήφοντος
1784 5240 1877 5292 καὶ
1924 5241 2288 5315 ὲγρηγορότος

727 5350 1075 5423 κυϐερνήτου,
1098 5349 1161 5403 τὸ
1189 5349 1321 5421 μηδὲ
1357 5351 1436 5414 είς
1467 5348 1716 5404 τοσοῦτον
1749 5350 2004 5421 ἀρθέντος
2047 5352 2142 5406 τοῦ
2177 5372 2289 5425 χει-

731 5464 903 5537 μῶνος
932 5464 1239 5528 ἀναπεσεῖν,
1269 5462 1382 5518 ἀλλ’
1410 5453 1697 5534 ἐπιμένειν
1723 5465 1802 5519 ἔτι
1831 5466 2174 5538 μεριμνῶντα
2198 5471 2290 5523 καὶ

727 5578 1095 5648 φροντίζοντα,
1126 5578 1219 5631 κα⁶ι
1244 5578 1386 5631 κατά
1418 5578 1479 5631 τδ
1504 5579 1778 5652 ἐγχωροῦν
1806 5582 1873 5635 τά
1893 5582 2082 5636 ἑαυτοῦ
2114 5583 2291 5639 πάντα

730 5691 1065 5762 εἰσφέροντα,
1118 5690 1390 5763 πανταχοῦ
1427 5691 1513 5745 διὰ
1553 5692 1659 5747 τῶν
1698 5693 2039 5767 γραμμάτων
2071 5708 2097 5738 ι
2139 5714 2292 5769 περι-

794 5868 820 5896 ⁸
845 5864 952 5914 Duo
975 5877 1089 5914 mss.
1114 5867 1191 5915 διὰ
1212 5868 1307 5914 τῶν
1326 5868 1626 5932 πραγμάτων.

2405 774 2727 845 ρασυρῆναι,
2758 774 2869 827 ἀλλ’
2899 774 3139 837 ἑστάναι,
3176 774 3269 827 καὶ⁸
3296 776 3507 845 νήφειν,
3537 774 3640 828 κᾶν
3661 775 3831 846 μυρία
3851 774 3979 827 τούο

2397 903 2505 939 των
2540 887 2671 960 ἐπίῃ
2708 886 3060 958 χαλεπώτερα
3086 887 3321 959 κύματα,
3350 886 3443 941 καὶ
3476 888 3535 941 ὲν
3562 887 3643 941 ἑνὶ
3674 887 3980 959 ἱδρυμένων

2397 999 2569 1070 τόπῳ,
2597 999 2872 1071 πανταχοῦ
2900 1000 2987 1055 διά
3015 1002 3115 1072 τῆς
3147 1002 3527 1072 παραινέσεως
3555 1000 3837 1058 ἵπτασθαι.
3871 1002 3982 1056 Οὐ-

2394 1110 2481 1163 δὲν
2510 1112 2620 1183 γάρ
2642 1113 2790 1183 ἡμᾶς
2814 1112 2971 1166 ἔλαθε
2992 1112 3101 1165 τῶν
3128 1112 3257 1178 σῶν,
3277 1113 3454 1167 καίτοι
3472 1115 3538 1167 ὲκ
3560 1112 3811 1167 τοσούτου
3835 1113 3979 1167 καθ-

2392 1224 2628 1295 ημένους
2694 1226 3089 1298 διαστήματος.
3136 1226 3229 1281 Διὸ
3296 1226 3393 1281 καὶ
3451 1227 3829 1300 μακαρίζομεν
3881 1230 3979 1282 καὶ

2393 1339 2747 1411 θαυμάζομέν
2778 1357 2870 1395 σου
2902 1342 3001 1412 τὴν
3032 1340 3340 1407 εὐλάϐειαν,
3374 1342 3469 1395 καὶ
3498 1341 3598 1413 τὴν
3620 1341 3979 1415 διεγηγερμέ·

2393 1464 2487 1517 νην
2512 1448 2711 1521 ψυχὴν,
2752 1450 2847 1504 καὶ⁵
2876 1450 2975 1521 τὴν
3009 1451 3414 1522 ἀπερίτρεπτον
3464 1449 3711 1523 γνώμην,
3745 1452 3841 1505 καὶ
3871 1453 3977 1524 τὴν

2390 1562 2448 1613 ὲν
2490 1562 2731 1633 τοσούτῳ
2765 1564 2915 1636 γήρᾳ
2959 1565 3257 1629 νεάζουσαν
3300 1564 3639 1638 προθυμίαν*
3674 1566 3769 1620 καὶ
3815 1565 3975 1619 οὐδὲν

2392 1675 2634 1739 ἀπεικός.
2690 1676 2859 1731 Ὅταν
2910 1679 3011 1748 μὲν
3062 1679 3171 1751 γάρ
3216 1678 3287 1732 τά
3334 1679 3673 1750 προκείμενα
3722 1678 3825 1748 τῆς
3873 1678 3972 1731 τοῦ

2394 1790 2640 1862 σώματος
2691 1789 2879 1861 δέηται
2921 1791 3133 1863 ῥώμης,
3166 1791 3395 1863 κώλυμα
3424 1790 3660 1851 ἐνταῦθα
3699 1792 3761 1845 τὸ
3788 1791 3972 1861 γῆρας

2391 1900 2632 1971 γίνεται·
2685 1900 2811 1956 ὅταν
2863 1901 2922 1956 δὲ
2973 1901 3153 1974 ψυχῆς
3185 1903 3390 1974 ἀπαιτῇ
3430 1900 3769 1973 φιλοσοφίαν,
3812 1902 3971 1955 οὐδὲν

2387 2018 2421 2087 ἡ
2479 2016 2641 2071 πολιά
2682 2018 2794 2081 τοῖς
2824 2016 3253 2089 »κατορθώμασιν
3290 2019 3597 2072 ἐπισκοτεῖν
3638 2017 3862 2072 είωθεν·
3905 2019 3970 2071 οὐ

2388 2128 2562 2182 τοίνυν
2612 2128 2733 2181 οὐδὲ
2790 2128 3183 2199 ἐπεσκότησεν,
3232 2128 3349 2182 ἀλλ’
3403 2130 3622 2183 ἅπαντα
3664 2130 3819 2202 παρὰ
3866 2130 3969 2199 τῆς

2390 2240 2488 2309 σῆς
2534 2239 2823 2304 εὐλαϐείας
2876 2242 3264 2314 είσενήνεκται.
3314 2244 3437 2297 Ὀτι
3488 2243 3546 2298 δὲ
3597 2244 3691 2297 καὶ
3752 2244 3969 2317 καρπὸν

2385 2350 2544 2405 δώσει
2575 2352 2667 2406 τὸν
2698 2353 3043 2425 προσήκοντα
3088 2356 3117 2407 ό
3163 2354 3320 2417 πόνος
3341 2347 3496 2420 οὗτος
3525 2355 3619 2409 καὶ
3654 2357 3686 2426 ἡ
3724 2355 3968 2425 τοσαύτη

2384 2466 2691 2539 ἀγρυπνία,
2755 2467 2908 2521 οὐδὲν
2957 2464 3108 2538 οἶμαι
3149 2466 3258 2520 δεῖν
3298 2468 3678 2539 ἀμφιϐάλλειν.
3746 2469 3968 2539 Ἐπειδὴ

2383 2581 2439 2636 δὲ
2496 2580 2636 2653 μετά
2688 2582 2787 2653 τῆς
2855 2582 3183 2652 οἰκουμένης
3246 2583 3470 2654 ἀπάσης
3539 2584 3633 2637 καὶ
3696 2584 3968 2656 ἡμετέραν

2388 2697 2660 2768 μέριμναν
2688 2694 2979 2761 κατεδέξω,
3026 2696 3113 2749 διά
3140 2695 3239 2767 τὴν
3273 2696 3471 2769 πολλήν
3504 2715 3599 2753 σου
3632 2700 3727 2753 καὶ
3754 2700 3968 2772 θερμὴν

2384 2810 2638 2881 ἀγάπην,
2699 2810 2797 2864 καὶ
2878 2808 3068 2881 μαθεῖν
3122 2811 3408 2881 ἐπιθυμεῖς
3468 2810 3525 2865 οἶ
3587 2813 3967 2886 διατρίεομεν,

2386 2927 2479 2981 καὶ
2506 2928 2562 2979 ἐν
2602 2925 2743 2978 τίσιν
2774 2926 2920 2997 ὁρμᾷ
2944 2925 2971 2964 b
3022 2924 3090 2979 τά
3124 2925 3401 2999 ἡμέτερα,
3453 2926 3546 2981 καὶ
3578 2927 3720 2991 τινες
3762 2928 3812 2980 οί
3842 2944 3970 2982 συν-

2383 3042 2534 3104 όντες
2589 3041 2754 3111 ἡμῖν,
2812 3056 2905 3093 και
2972 3040 3162 3110 μαθεῖν
3216 3040 3313 3111 οὐχ
3366 3040 3586 3105 ἁπλῶς,
3647 3041 3774 3094 ἀλλ’
3819 3040 3965 3095 ῶστε

2384 3159 2475 3212 καὶ
2499 3158 2659 3230 χάριν
2685 3159 2867 3222 αὐτοῖς
2891 3158 3089 3212 είδέναι
3110 3172 3124 3185 ⁸
3156 3159 3319 3228 ἡμεῖς
3352 3156 3449 3228 μὲν
3472 3156 3615 3229 ὑπὲρ
3642 3159 3741 3230 τῆς
3769 3161 3968 3213 τοσαύ-

2382 3294 2482 3348 της
2518 3276 2739 3348 ἀγάπης
2771 3276 2831 3329 οὐ
2876 3274 3199 3359 παυσόμεθά
3225 3292 3284 3328 σε
3325 3276 3809 3348 ἀνακηρύττοντες,
3844 3295 3966 3334 στε-

2385 3394 2699 3465 φανοῦντες,
2731 3396 2883 3467 παρά
2920 3397 3087 3453 πᾶσιν
3111 3395 3556 3467 ἀναγορεύοντες,
3592 3396 3817 3469 χάριτας
3841 3399 3969 3469 ὁμο⁴

2376 3514 2666 3586 λογοῦντες
2695 3514 2850 3586 παρά
2890 3518 3002 3579 τοῖς
3055 3514 3439 3585 ἐντυγχάνουσι
3459 3525 3480 3553 θ
3515 3514 3610 3568 καὶ
3643 3516 3968 3588 συγγινομέ-

2385 3648 2496 3697 νοις
2514 3633 2664 3703 ἡμῖν.
2688 3629 2858 3694 Αὐτὸς
2876 3630 2934 3684 δὲ
2956 3629 3057 3694 τὰς
3081 3629 3345 3700 μεγίστας
3366 3629 3603 3702 ἀμοιϐὰς
3630 3631 3722 3684 καὶ
3746 3632 3968 3702 μείζους

2383 3750 2492 3804 τῶν
2534 3749 2712 3803 πόνων
2756 3748 2995 3819 ἀνάμενε
3036 3747 3187 3818 παρά
3231 3746 3323 3800 τοῦ
3373 3745 3757 3819 φιλανθρώπου
3805 3748 3966 3813 Θεοῦ,

2385 3868 2478 3922 τοῦ
2508 3870 2625 3931 ταῖς
2656 3866 2990 3920 ἀντιδόσεσιν
3022 3867 3087 3919 ὲκ
3113 3864 3307 3918 πολλοῦ
3343 3864 3436 3918 τοῦ
3459 3865 3736 3935 περιόντος
3781 3867 3967 3923 νικῶν-

2386 4004 2476 4050 τος
2530 3986 2657 4049 τούς
2696 3983 2895 4053 ἀγαθόν
2938 4000 2992 4037 τι
3030 3985 3203 4037 ποιεῖν
3234 3982 3267 4053 ἢ
3321 3983 3499 4051 λέγειν
3542 3983 3963 4052 ἐσπουδακότας.

2390 4104 2551 4157 ’Ὥστε
2576 4103 2632 4156 δέ
2667 4119 2725 4155 σε
2754 4103 2848 4155 καὶ
2879 4102 3144 4172 ἑτέρωθεν
3191 4100 3419 4172 ἡσθῆναι
3459 4100 3697 4172 μαθόντα
3730 4101 3800 4156 τά
3828 4104 3965 4175 ἡμέ-

2387 4238 2537 4294 τερα,
2564 4221 2698 4293 πρὸς
2725 4222 2825 4291 μὲν
2855 4219 2914 4273 τὸ
2948 4219 3283 4291 ἐρημότατον
3316 4218 3513 4291 χωρίον
3545 4220 3965 4292 ἀπῳκίσθημεν,

2386 4339 2481 4411 τὴν
2504 4336 2839 4401 Κιουκουσδν,
2877 4335 3016 4407 πλὴν
3038 4335 3275 4406 ἐρημίας
3299 4335 3555 4407 οὐδεμίαν
3578 4335 3830 4408 αἴσθησιν
3850 4336 3953 4408 ἐχο

2391 4471 2517 4526 μενο
2543 4454 2812 4523 τοσαύτης
2834 4451 3175 4523 ἀπολαύομεν
3198 4453 3447 4523 ἡσυχίας,
3472 4453 3737 4523 τοσαύτης
3757 4454 3964 4518 ἀδείας,

2388 4572 2655 4641 τοσαύτης
2683 4569 2835 4641 παρά
2867 4570 3084 4624 πάντων
3114 4568 3429 4640 θεραπείας.
3457 4570 3540 4626 Τά
3564 4588 3624 4625 τε
3650 4571 3761 4643 γὰρ
3778 4570 3965 4641 λείψαο

2388 4709 2454 4745 να
2480 4690 2581 4762 τῆς
2606 4687 2920 4761 ἀρρωστίας
2951 4687 3140 4759 εὐχαῖς
3168 4690 3288 4752 ταῖς
3336 4691 3456 4753 σαῖς
3492 4688 3812 4759 ἀπεθέμεθα
3831 4730 3846 4755 ,
3873 4692 3967 4745 καὶ

2390 4808 2447 4859 ὲν
2480 4804 2640 4876 ὐγείᾳ
2677 4804 2932 4876 διάγομεν
2969 4803 3099 4872 νῦν,
3135 4804 3229 4859 τοῦ
3277 4822 3337 4859 τε
3366 4804 3531 4874 φόϐου
3558 4804 3666 4859 τῶν
3705 4807 3967 4876 ἰσαύρων

2391 4920 2801 4993 ἀπηλλάγημεν,
2832 4916 2927 4974 καῖ
2960 4922 3019 4974 ὲν
3052 4921 3323 4993 ἀσφαλείᾳ
3363 4921 3743 4993 κατέστημεν,
3790 4924 3995 4995 ἀπρα..

2391 5040 2637 5115 γμοσύνῃ
2666 5057 2726 5094 τε
2758 5038 3133 5111 ὶντρυφῶντες
3158 5039 3349 5111 πολλῇ.
3372 5041 3600 5113 Πάρεισι
3631 5040 3688 5095 δὲ
3712 5035 3857 5113 ἡμῖν
3874 5044 3966 5101 καὶ

2389 5160 2439 5213 οί
2470 5157 2787 5229 τιμιώτατοι
2808 5156 3167 5229 πρεσϐύτεροι
3189 5159 3567 5223 Κωνστάντιος
3595 5160 3691 5213 καὶ
3712 5159 3965 5232 Εὐὴθιος,

2392 5277 2797 5352 προσδοκῶνται
2818 5275 2877 5329 δὲ
2901 5276 2993 5329 καὶ
3014 5274 3190 5348 ἱτεροι
3210 5276 3417 5347 ταχέως
3439 5276 3747 5346 ἀφίξεσθαι,
3772 5276 3865 5341 οὓς
3889 5280 3965 5342 εὶς

2390 5395 2450 5449 τὸ
2478 5394 2652 5465 παρὸν
2680 5392 2749 5446 τά
2777 5392 2952 5463 δεσμά
2974 5396 3249 5463 κατεῖχεν·
3287 5392 3423 5448 ἀλλά
3462 5394 3662 5457 πάντες
3692 5392 3966 5467 [6571:119-

2392 5513 2614 5584 έθησαν,
2656 5511 2748 5566 καὶ
2772 5506 2831 5565 εὖ
2866 5506 2962 5566 οἷδ’
2986 5512 3068 5565 ὅτι
3100 5512 3396 5584 πτήσονται
3430 5512 3565 5586 πρὸς
3587 5514 3757 5585 ἡμᾶς.
3783 5512 3876 5583 Μὴ
3902 5511 3967 5582 δὴ

2393 5632 2645 5704 διαλίπῃς
2676 5629 2965 5702 εὐχόμενος
2994 5633 3134 5705 ὑπὲρ
3159 5633 3317 5705 ἡμῶν
3344 5634 3451 5689 τῶν
3488 5634 3690 5707 σφόδρα
3734 5652 3793 5690 σε
3829 5636 3955 5704 ἀγα·

2453 5807 2481 5847 δ
2505 5806 2653 5856 Savll.
2681 5806 2831 5867 ὁρμεῖ.

2454 5872 2480 5901 ε
2508 5868 2660 5918 Iidem
2670 5868 2797 5929 παρὰ
2816 5868 2913 5924 τοῖς
2934 5870 3317 5932 συν-τυγχάνουσι.
