4152 6490
691 411 786 464 671

691 524 1107 595 religiosissime,
1133 539 1227 594 pro
1250 522 1420 590 nobis,
1439 523 1630 592 quibus
1649 535 1708 576 es
1729 516 2054 582 carissimus,
2078 533 2261 589 preces

694 615 758 670 ad
790 615 954 669 Deum
984 612 1234 679 fundere,
1265 623 1422 682 atque
1449 626 1606 682 quam
1632 611 1944 680 smpissime,
1973 609 2018 664 si
2045 607 2264 684 facultas

691 707 864 772 detur,
887 705 952 760 ad
977 719 1072 759 nos
1099 704 1355 770 scribere,
1381 703 1555 773 deque
1583 711 1668 756 tua
1697 699 2000 757 valetudine
2026 712 2261 753 nos‘cer-

691 796 852 851 tiores
879 795 1052 851 facere
1079 809 1145 850 ue
1169 794 1477 850 intermitte.
1505 791 1613 847 Nec
1638 793 1781 847 enim
1804 801 1854 845 te
1878 789 2028 860 fugit,
2051 796 2261 858 quantm

689 888 842 942 nobis
874 903 1014 944 cura:
1039 887 1128 953 sit,
1153 886 1370 957 singulis
1395 887 1552 940 etiam
1581 884 1798 949 diebus,
1838 883 1882 937 si
1923 882 2036 936 fieri
2075 881 2256 950 possit,

657 987 662 991 ‘
689 981 756 1035 de
777 996 838 1035 ea
860 980 1055 1050 aliquid
1075 979 1278 1035 audire.
1310 978 1766 1034 Reverendissimo
1789 990 1850 1030 ac
1869 972 2262 1045 religiosissime

689 1071 906 1127 domino
945 1087 1065 1127 meo
1102 1071 1410 1142 presbytero
1443 1068 1799 1140 Asyncritio‘,
1829 1066 2262 1136 suavissimisque

690 1163 854 1233 ipsius
885 1163 1005 1218 filiis
1030 1170 1188 1232 atque
1218 1162 1460 1218 universo
1499 1169 1588 1217 tuo
1619 1160 1783 1228 clero,
1820 1159 1975 1214 velim
2014 1171 2136 1214 meo
2161 1171 2259 1212 no-

692 1253 836 1308 mine
863 1253 1077 1308 multam
1103 1251 1326 1308 salutem
1352 1251 1519 1308 dicas.

688 1383 777 1440 GI
791 1383 852 1439 V.
879 1383 1156 1455 ΤΙιιορΙιὲιο
1185 1382 1486 1454 presbytero.
1519 1381 1748 1454 (Scripta
1776 1389 2052 1452 postquam
2075 1378 2254 1436 Cucu-

1086 1489 1205 1528 sum
1228 1473 1520 1529 advenerat
1543 1486 1688 1528 anno
1715 1470 1865 1542 ιω.)

759 1610 871 1667 lloc
893 1624 1104 1682 quoque
1127 1608 1202 1665 tui
1225 1606 1494 1673 candoris,
1524 1605 1764 1678 gratique
1789 1604 1950 1659 animi
1989 1613 2091 1669 est,
2117 1601 2260 1674 quod

687 1719 809 1760 cum
834 1703 901 1758 ab
925 1702 1007 1757 bis
1026 1743 1042 1769 ,
1069 1701 1260 1772 quibus
1287 1714 1317 1753 a
1343 1714 1429 1754 me
1452 1696 1852 1754 commendatus
1893 1696 2067 1751 fueras
2084 1735 2098 1759 ,
2127 1692 2258 1749 nihil

688 1772 979 1863 acceperis,
1010 1799 1184 1846 tamen
1207 1803 1271 1844 es
1298 1796 1484 1844 nostro
1507 1787 1683 1842 studio
1711 1785 1977 1855 animique
2003 1785 2260 1856 prompti-

689 1885 870 1941 tudine
892 1893 1004 1940 rem
1037 1882 1305 1937 aestimans
1323 1922 1338 1948 ,
1361 1881 1539 1934 omnia
1567 1888 1623 1934 te
1659 1878 1930 1948 accepisse
1965 1874 2254 1932 existimes.

687 1977 898 2030 At.nos
931 1975 1031 2029 hoc
1072 1972 1289 2027 minime
1324 1970 1455 2027 satis
1489 1983 1610 2026 esse
1658 1968 1913 2024 ducemus
1944 1984 1958 2022 :
1997 1980 2180 2022 verum
2204 1973 2258 2022 et

687 2077 807 2120 cum
835 2063 1051 2118 domino
1076 2076 1196 2117 meo
1220 2059 1499 2117 Theodoro
1519 2058 1855 2130 prgtoriano,
1877 2057 1965 2127 qui
1992 2055 2255 2112 Cucusum

686 2171 785 2212 nos
811 2153 1018 2219 avexit,
1046 2153 1266 2209 multum
1291 2151 1358 2208 de
1385 2151 1484 2206 bac
1511 2165 1570 2206 re
1598 2163 1899 2206 sermonem
1927 2145 2208 2203 habuimus
2239 2161 2254 2199 :

685 2258 884 2302 etcum
911 2245 975 2301 ad
1003 2245 1195 2300 multos
1219 2243 1573 2299 scriberemus
1596 2281 1613 2307 ,
1640 2238 1741 2296 hoc
1768 2253 1979 2310 quoque
2006 2238 2134 2308 ipsis
2163 2252 2258 2308 per

686 2342 864 2395 literas
889 2336 1274 2392 mandavimus.
1304 2335 1659 2406 Quamobrem
1698 2333 1810 2388 sive
1839 2331 2041 2387 fructus
2065 2321 2257 2402 aliquis

684 2449 751 2488 ex
777 2431 972 2487 nostris
1002 2430 1168 2485 literis
1190 2429 1392 2484 oriatur
1415 2468 1430 2494 ,
1457 2429 1566 2482 sive
1595 2426 1763 2482 literae
1789 2424 2061 2480 dumtaxat
2089 2423 2256 2479 litera:

684 2533 954 2590 maneant,
991 2537 1086 2578 nec
1110 2520 1250 2592 apud
1279 2535 1404 2585 eos,
1434 2535 1464 2574 a
1493 2518 1681 2590 quibus
1715 2517 2078 2587 accipiuntur,
2105 2516 2258 2587 quid-

682 2629 839 2684 quam
870 2611 1164 2683 proficiant,
1185 2627 1333 2676 cura,
1366 2619 1423 2665 ut
1449 2609 1499 2664 id
1527 2609 1914 2680 quamprimum
1943 2607 2254 2680 intelligam.

684 2707 889 2764 Etenim
918 2707 971 2761 in
998 2705 1100 2760 hoc
1131 2719 1340 2776 quoque
1367 2713 1512 2758 tuum
1538 2717 1658 2774 erga
1682 2717 1779 2756 nos
1804 2715 2038 2756 amorem
2069 2700 2254 2769 impri-

681 2801 782 2856 mis
805 2799 1128 2854 admiramur
1150 2838 1165 2864 ,
1197 2806 1352 2867 teque
1383 2796 1510 2850 item
1537 2794 1603 2850 de
1630 2803 1813 2848 nostro
1841 2808 1966 2864 erga
1995 2799 2046 2847 te
2073 2806 2255 2847 amore

682 2891 900 2945 minime
946 2888 1219 2952 dubitare,
1245 2889 1475 2942 maximo
1499 2894 1814 2955 argumento
1849 2883 1900 2939 id
1939 2898 2059 2940 esse
2106 2884 2254 2940 duci-

681 2997 818 3049 mus,
849 2981 989 3050 quod
1015 2979 1082 3035 de
1119 2979 1202 3034 bis
1235 2979 1392 3034 rebus
1429 2979 1495 3032 ad
1526 2994 1622 3032 nos
1653 2978 1815 3032 verba
1857 2976 2042 3032 facias.
2079 2977 2253 3045 Quare

680 3075 790 3127 sive
814 3072 938 3142 quid
965 3072 1088 3126 hinc
1112 3069 1374 3126 commodi
1408 3077 1710 3140 promanet,
1732 3069 1850 3124 sive
1884 3066 2010 3122 nilnil
2051 3066 2252 3123 fructus

681 3163 1042 3233 proficiscatur
1061 3203 1076 3228 ,
1101 3160 1180 3216 fac
1204 3160 1367 3216 sciam
1396 3176 1409 3213 :
1441 3170 1496 3214 ut
1520 3161 1563 3214 si
1591 3159 1714 3230 quid
1746 3158 2035 3229 profectum
2057 3157 2125 3212 sit
2149 3200 2162 3221 ,
2187 3158 2254 3215 iis

679 3257 873 3325 gratias
895 3254 1114 3310 habeam
1137 3252 1225 3325 qui
1249 3253 1316 3308 de
1339 3253 1528 3322 seipsis
1549 3252 1682 3308 bene
1703 3253 1877 3307 meriti
1899 3248 2089 3307 fue'rint
2113 3268 2126 3316 ;
2149 3251 2250 3308 sibi

678 3346 817 3402 enim
850 3347 1014 3416 magis
1047 3361 1205 3416 quam
1232 3345 1344 3409 tibi,
1371 3359 1491 3399 cum
1538 3344 1639 3398 hoc
1665 3342 1885 3409 faciunt,
1914 3343 2246 3412 largiuntur;

679 3437 758 3492 sin
786 3450 940 3492 secus
958 3477 973 3502 ,
1000 3434 1446 3504 compendiariam
1476 3432 1758 3503 quamdam
1784 3447 1846 3487 ac
1880 3432 2248 3501 procliviorem

679 3528 816 3580 viam
858 3536 912 3582 et
954 3525 1211 3580 rationem
1257 3524 1637 3595 cxcogitemus,
1680 3538 1783 3594 qua
1833 3523 2248 3578 consolationem

678 3618 894 3672 omnino
929 3616 1220 3686 percipias,
1249 3630 1348 3670 nec
1372 3615 1481 3684 jam
1510 3614 1562 3669 in
1592 3614 1701 3669 ulla
1726 3616 1966 3684 angustia
1999 3613 2250 3682 deinceps

679 3709 927 3767 verscris.
971 3707 1101 3762 Nam
1126 3707 1193 3762 de
1220 3706 1503 3776 nobisipsis
1526 3707 1729 3776 optime
1757 3706 2099 3771 merebimur,
2130 3723 2248 3760 cum

678 3817 950 3874 generosae
971 3811 1130 3870 atque
1154 3800 1393 3869 ingenua:
1415 3799 1606 3854 anima:
1636 3809 1738 3853 tum
1764 3813 1944 3854 curam
1976 3799 2046 3854 ita
2072 3815 2251 3854 susce-

681 3894 933 3963 perimus.
969 3890 1134 3945 Veiim
1161 3888 1227 3944 ad
1252 3904 1350 3945 nos
1374 3904 1530 3960 quam
1557 3889 1850 3959 smpissime
1877 3890 2099 3957 scribas,
2129 3906 2252 3944 nos-

679 4003 783 4057 que
809 3985 877 4041 de
901 3993 986 4040 tua
1013 3982 1308 4039 valetudine
1336 3981 1669 4053 nominisque
1708 3983 1779 4036 tui
1804 3981 2111 4038 celebritate
2133 3998 2250 4037 cer-

681 4080 845 4134 tiores
875 4077 1054 4132 facias.

907 4210 998 4267 CX
1015 4210 1104 4264 Vl.
1145 4209 1425 4264 Valentino.
1457 4209 1684 4281 (Cucuso
1713 4224 1852 4263 anno
1873 4209 2021 4279 404.)

753 4348 1010 4416 Quidnam
1043 4348 1143 4402 hoc
1185 4345 1308 4400 est?
1332 4345 1574 4409 Siccine,
1608 4361 1727 4399 cum
1763 4355 2011 4414 quantam
2052 4361 2113 4398 ex
2149 4345 2249 4398 tuis

682 4441 834 4493 bonis
865 4439 1181 4506 voluptatem
1226 4436 1492 4504 capiamus
1514 4478 1526 4499 ,
1558 4452 1819 4506 quamque
1859 4437 1960 4491 tuis
2013 4437 2251 4491 laudibus

681 4541 735 4584 et
753 4529 920 4599 gloria
938 4528 1282 4592 exsultemus,
1306 4526 1467 4595 probe
1496 4527 1680 4592 scires,
1703 4542 1929 4595 cumque
1953 4528 2110 4581 etiam
2133 4538 2254 4582 ante

682 4623 859 4677 omnia
894 4637 960 4675 ex
986 4629 1074 4673 tuo
1103 4618 1276 4674 oflicio
1313 4628 1488 4684 esset,
1520 4621 1738 4674 honoris
1778 4619 1915 4673 illius
1937 4658 1949 4681 ,
1990 4619 2054 4672 ad
2095 4635 2249 4688 quem

686 4720 827 4767 nunc
861 4719 1073 4767 evectus
1102 4724 1191 4776 es,
1225 4708 1633 4779 magnitudinem
1663 4709 1814 4763 nobis
1844 4724 1940 4777 per
1968 4709 2143 4764 literas
2176 4709 2254 4763 si-

682 4806 934 4874 gnificare
958 4845 971 4866 ,
1007 4811 1060 4854 tu
1106 4810 1281 4856 tamen
1302 4843 1317 4868 ,
1348 4810 1404 4855 ut
1433 4799 1482 4854 id
1519 4802 1660 4870 prius
1689 4801 1757 4855 ab
1785 4801 1901 4854 aliis
1931 4801 2252 4871 intelligere-

685 4913 799 4950 mus
825 4936 840 4958 ,
885 4893 1198 4959 sustinuisti,
1239 4907 1409 4962 neque
1437 4893 1588 4962 longa
1622 4893 1711 4946 tibi
1746 4892 1809 4946 ad
1837 4907 1953 4947 eam
1985 4909 2093 4947 rem
2131 4909 2255 4962 pur-

683 4992 894 5059 gatione
936 5003 1068 5057 Opus
1097 5001 1214 5041 esse
1237 4996 1386 5056 putas
1415 4989 1457 5053 ',
1486 4986 1621 5055 quod
1666 4997 1916 5053 quantum
1946 4987 2154 5056 quidem
2199 4989 2251 5042 in

685 5095 736 5137 te
769 5082 901 5148 fuit,
934 5089 1074 5134 tanta
1104 5080 1297 5133 latitia:
1324 5079 1680 5147 magnitudine
1713 5079 1908 5132 tamdiu
1945 5095 2042 5133 nos
2073 5095 2254 5135 carere

687 5190 872 5245 passus
913 5173 1009 5228 es?
1050 5172 1178 5226 Nam
1219 5186 1341 5226 vera
1381 5171 1591 5241 quidem
1625 5182 1707 5225 tua
1739 5171 1962 5240 dignitas
1991 5183 2043 5226 et
2090 5175 2255 5227 maxi-

689 5284 830 5323 mum
859 5268 1134 5336 imperium
1163 5265 1324 5318 animi
1354 5264 1518 5318 virtus
1542 5273 1640 5318 est.
1673 5263 1868 5318 Verum
1897 5267 2141 5333 quoniam
2175 5266 2256 5320 bis

690 5377 899 5431 quoque
927 5359 1107 5414 mundi
1153 5357 1439 5412 honoribus
1477 5357 1541 5411 ad
1584 5357 1721 5411 illius
1756 5357 2030 5412 utilitatem
2066 5357 2255 5413 didici-

688 5454 751 5506 sti
778 5493 792 5516 ,
822 5466 1030 5521 quoque
1051 5449 1316 5518 potentior
1349 5449 1528 5502 evadis
1549 5491 1563 5513 ,
1591 5464 1657 5502 eo
1691 5449 1848 5502 etiam
1880 5449 2030 5503 latior
2074 5460 2256 5518 portus

692 5544 964 5613 egentibus
984 5542 1230 5604 efficeris,
1260 5540 1328 5595 ob
1353 5555 1467 5594 eam
1499 5555 1710 5595 causam
1740 5556 1880 5594 nunc
1906 5557 2113 5611 quoque
2138 5557 2258 5611 gau-

755 5697 773 5760 ξ
800 5701 936 5742 Juxta
960 5691 1204 5742 clarissimi
1226 5693 1417 5741 Fabricii
1443 5692 1654 5742 codicem
1674 5694 1981 5743 scribendum
2001 5702 2091 5756 est,
2119 5709 2258 5759 .tsyn-

695 5763 1016 5879 m'wt'xnslm,
1039 5828 1185 5877 nequc
1209 5812 1289 5866 tibi
1315 5815 1496 5866 aliquid
1517 5815 1831 5869 excusationis
1858 5818 2076 5884 suppetit.

1406 410 1463 465 S.
1501 407 1775 464 JOANNIS
1810 405 2274 465 CHRYSOSTOII
2314 405 2630 462 ARCHIEP.
2671 403 3203 464 CONSTANTINOP.

3850 404 3951 460 67%

2367 514 2555 572 demus
2597 525 2652 572 et
2691 518 2994 584 exsiiimus,
3018 533 3118 573 nec
3157 527 3332 574 tamen
3371 517 3566 574 silentii
3607 517 3822 587 culpam
3863 517 3951 574 tibi

2365 605 2702 664 remittimus.
2732 608 2974 676 Quanam
3012 624 3172 680 porro
3195 610 3398 666 ratione
3423 609 3564 666 belle
3607 609 3766 665 nobis
3793 610 3950 665 satis-

2366 701 2560 758 facies?
2592 700 2851 758 Nimirum
2870 705 2915 758 si
2944 717 3086 772 sepe
3129 703 3352 770 scribas,
3371 711 3531 773 atque
3556 702 3624 759 de
3651 711 3740 758 tua
3765 702 3953 758 totius-

2364 809 2468 861 que
2497 805 2600 850 tua:
2635 794 2825 851 domus
2869 795 3168 851 valetudine
3208 810 3308 850 nos
3343 795 3652 866 frequenter
3691 795 3954 852 certiores

2365 885 2546 940 facias.
2572 886 2831 954 Quoniam
2861 888 3018 958 igitur
3040 887 3442 958 rationem,qua
3471 895 3521 942 te
3549 886 3707 942 nobis
3734 902 3947 956 purges,

2364 991 2392 1028 a
2420 975 2572 1032 nobis
2598 977 2879 1047 accepisti,
2901 978 3013 1048 jam
3055 993 3172 1048 quae
3199 986 3406 1033 tuarum
3433 988 3556 1034 sunt
3594 978 3824 1048 partium
3851 977 3950 1032 ad-

2359 1069 2539 1140 junge.
2572 1068 2705 1126 Nam
2739 1072 2781 1126 si
2811 1072 2911 1126 hac
2945 1071 3169 1140 epistola
3211 1078 3428 1141 accepta
3473 1072 3528 1127 in
3569 1069 3788 1127 silentio
3827 1086 3951 1139 pcr-

2363 1167 2472 1213 stes
2497 1199 2510 1224 ,
2555 1158 2786 1229 ingentis
2833 1159 3166 1230 negligentia:
3209 1159 3381 1215 dicam
3426 1161 3522 1215 tibi
3559 1161 3947 1230 impingemus.

2362 1263 2605 1320 agrcque
2643 1248 2698 1304 id
2743 1250 2991 1306 feremus.
3016 1250 3123 1306 Nec
3159 1266 3287 1307 vero
3313 1251 3518 1319 dubito,
3545 1253 3674 1322 quin
3713 1251 3950 1306 acerbis.

2362 1339 2510 1394 situm
2534 1354 2705 1410 pinna
2733 1340 2852 1396 loco
2875 1340 2926 1396 id
2953 1340 3228 1398 habiturus
3259 1342 3352 1409 sis,
3387 1357 3486 1397 nos
3524 1341 3626 1398 hoc
3652 1343 3872 1397 nomine
3900 1345 3946 1397 it:

2362 1430 2545 1486 dolore
2581 1435 2782 1488 versari
2813 1450 2826 1487 :
2862 1433 3287 1504 quandoquidem
3336 1450 3494 1506 quam
3536 1436 3751 1492 sincere
3791 1447 3947 1506 atque

2361 1521 2610 1580 ardenter
2638 1537 2736 1580 nos
2765 1540 2934 1594 ames,
2964 1525 3104 1582 haud
3132 1527 3262 1582 mihi
3294 1527 3530 1599 ignotum
3557 1537 3660 1586 est.

2362 1653 2594 1710 CXVII.
2641 1654 2938 1713 Theodore.
2975 1658 3249 1732 (Cueuso,
3273 1671 3331 1717 ut
3377 1671 3625 1733 putatur,
3656 1678 3801 1720 anno
3841 1666 3945 1722 ιω

3005 1751 3087 1806 vel
3135 1751 3288 1822 405.)

2434 1879 2573 1936 Raro
2595 1879 2664 1936 ad
2690 1888 2742 1937 te
2769 1880 2969 1939 idcirco
2993 1883 3190 1952 scribo,
3219 1881 3360 1956 quod
3386 1886 3579 1956 quibus
3614 1886 3798 1943 literas
3823 1888 3942 1944 dem

2362 1968 2500 2024 baud
2527 1969 2680 2026 facile
2707 1974 2984 2029 nanciscar
3016 1993 3029 2028 :
3060 1985 3114 2029 at
3149 1990 3254 2030 non
3283 1975 3410 2032 item
3443 1991 3600 2044 raro,
3625 1978 3721 2033 sed
3755 1993 3945 2050 perpe-

2361 2070 2452 2116 tuo
2478 2063 2552 2117 tui
2581 2079 2697 2119 sum
2725 2080 2951 2123 memor.
2983 2067 3094 2124 Hoc
3118 2069 3261 2124 enim
3292 2070 3346 2125 in
3371 2080 3554 2130 nostra
3583 2081 3847 2141 potestate
3870 2076 3941 2127 si-

2361 2154 2470 2199 tum
2523 2155 2639 2212 est,
2669 2147 2796 2203 illud
2838 2158 3016 2206 autem
3054 2166 3209 2207 secus
3235 2170 3249 2206 :
3276 2152 3371 2209 sed
3410 2163 3467 2209 ut
3513 2157 3587 2210 tui
3630 2158 3943 2212 memoriam

2361 2246 2617 2307 perpetuo
2657 2239 2932 2308 colamus,
2981 2242 3034 2296 in
3068 2253 3252 2298 nostro
3297 2243 3517 2300 arbitrio
3560 2247 3840 2313 consistit;
3890 2258 3946 2304 ut

2358 2337 2535 2385 autem
2582 2332 2822 2401 epistolae
2867 2332 3134 2402 ferantur,
3176 2350 3284 2392 non
3329 2337 3478 2394 item.
3503 2337 3772 2408 Quocirca
3818 2341 3944 2397 illud

2356 2433 2568 2489 semper
2591 2420 2672 2487 fit,
2702 2421 2804 2478 hoc
2830 2431 3005 2479 autem
3030 2433 3139 2480 tum
3165 2425 3413 2497 denique,
3443 2442 3568 2483 cum
3594 2427 3826 2486 facultas
3847 2432 3944 2485 da-

2359 2518 2461 2562 tur.
2485 2513 2655 2582 Atque
2678 2513 2796 2568 aliis
2817 2513 3031 2584 quidem
3069 2516 3309 2587 epistolis
3335 2527 3386 2574 te
3411 2519 3778 2576 tantummodo
3804 2523 3944 2577 salu-

2359 2601 2602 2659 tabamus
2623 2646 2638 2670 ,
2669 2605 2768 2661 bac
2793 2617 2969 2665 autem
2995 2607 3312 2666 beneficium
3341 2627 3552 2682 quoque
3589 2613 3938 2682 postulamus.

2358 2694 2632 2761 Quodnam
2660 2712 2818 2767 porro
2845 2699 2946 2756 boc
2985 2701 3297 2758 beneﬁcium
3333 2705 3457 2759 est?
3492 2704 3754 2762 Nimirum
3800 2708 3939 2778 quod

2359 2785 2474 2853 plus
2500 2788 2614 2856 tibi,
2645 2805 2762 2860 qua:
2787 2790 3019 2862 dederis,
3041 2809 3198 2862 quam
3237 2795 3365 2850 milii
3390 2837 3405 2861 ,
3431 2797 3518 2866 qui
3543 2798 3824 2869 accipiam,
3858 2801 3938 2857 lu-

2356 2876 2431 2930 rri
2480 2877 2701 2944 afferat,
2732 2881 2982 2951 dantique
3028 2885 3172 2954 prius
3216 2901 3373 2954 quam
3423 2888 3704 2958 accipienti
3753 2894 3936 2960 prosit.

2357 2969 2562 3024 Etenim
2586 2970 2651 3026 ad
2681 2987 2778 3030 nos
2803 2973 3021 3029 allatum
3051 2985 3152 3043 est,
3176 2975 3507 3035 Bustatbimn
3533 2980 3771 3035 animum
3795 2992 3935 3037 tuum

2355 3060 2675 3129 offendisse,
2719 3079 2781 3119 ac
2817 3063 2978 3120 domo
3024 3076 3111 3121 tua
3159 3069 3417 3138 ejectum,
3455 3081 3613 3140 atque
3658 3072 3727 3128 ab
3773 3075 3937 3129 oculis

2355 3155 2457 3208 tuis
2485 3155 2786 3210 submotum
2813 3172 2951 3213 esse.
2980 3158 3223 3225 Quonam
3249 3171 3428 3216 autem
3459 3162 3618 3218 modo
3645 3178 3706 3219 se
3731 3179 3819 3220 res
3845 3165 3933 3220 ba-

2354 3247 2510 3311 beat,
2542 3257 2596 3302 et
2633 3264 2730 3303 cur
2753 3258 2896 3305 tanta
2928 3251 2980 3305 in
3009 3266 3129 3306 eum
3151 3253 3440 3308 jracundia
3471 3270 3564 3310 usa
3609 3257 3687 3312 sis
3709 3299 3725 3322 ,
3760 3257 3936 3314 dicere

2354 3355 2558 3409 nequeo
2588 3359 2600 3393 :
2630 3358 2751 3395 nam
2795 3342 2923 3397 illud
2953 3351 3156 3399 tantum
3200 3345 3313 3401 scio
3354 3361 3369 3401 :
3411 3357 3465 3402 at
3496 3362 3622 3403 vero
3658 3365 3779 3418 qua:
3815 3361 3867 3406 te
3905 3367 3936 3407 a

2353 3429 2542 3496 nobis,
2573 3432 2660 3503 qui
2701 3441 2804 3488 tum
2843 3434 3029 3490 salutis
3076 3437 3448 3492 studiosissimi
3491 3455 3708 3504 sumus,
3754 3442 3936 3498 audire

2352 3523 2604 3578 convenit
2627 3565 2640 3587 ,
2673 3523 2788 3578 haec
2828 3535 2971 3579 sunt.
3010 3525 3124 3581 Non
3166 3528 3378 3597 ignoras
3416 3540 3730 3598 prmsenlem
3779 3535 3932 3589 vitam

2352 3613 2486 3668 nihil
2531 3629 2688 3677 esse,
2733 3629 2917 3670 verum
2968 3616 3124 3671 ﬂores
3171 3633 3398 3682 vernos.
3445 3630 3605 3690 atque
3644 3621 3934 3679 imbecilles

2353 3703 2574 3758 umbras
2602 3704 2820 3768 imitari,
2850 3720 2948 3760 nec
2976 3707 3118 3761 aliud
3145 3721 3263 3764 esse
3292 3725 3446 3778 quam
3486 3714 3816 3768 somniorum
3839 3717 3931 3771 [αι.

2354 3796 2540 3851 hciam
2565 3811 2578 3848 :
2608 3812 2759 3852 veras
2787 3807 2962 3853 autem
2993 3811 3047 3854 et
3078 3801 3208 3856 ﬁxas
3243 3817 3304 3856 ac
3331 3803 3546 3858 stabiles
3580 3821 3667 3860 res
3688 3801 3810 3862 esse
3837 3825 3927 3876 ea,

2353 3903 2471 3955 qua:
2501 3903 2596 3941 nos
2628 3896 2746 3956 post
2774 3887 3072 3945 discessum
3089 3905 3153 3961 es
3199 3891 3296 3948 hac
3339 3895 3452 3964 vita
3478 3907 3763 3966 exceptura
3790 3910 3924 3956 sunt.

2356 3976 2479 4030 llmc
2506 3985 2560 4030 et
2584 3992 2612 4030 a
2641 3978 2791 4032 nobis
2817 3994 3055 4048 pcrszepe
3081 3980 3312 4047 audiisti,
3339 3994 3391 4038 et
3420 3985 3532 4054 ipsa
3563 4001 3661 4054 per
3683 3997 3734 4042 te
3760 3989 3927 4060 philo-

2354 4066 2567 4135 sophari
2606 4083 2708 4121 non
2752 4068 2969 4123 desinis.
2999 4071 3120 4125 Ideo
3150 4089 3257 4126 nou
3283 4074 3489 4145 longam
3533 4077 3709 4132 δειὶὺο
3738 4081 3929 4146 episto-

2356 4156 2458 4210 lam
2482 4173 2496 4221 ;
2528 4157 2653 4211 illud
2681 4167 2858 4213 autem
2883 4160 2969 4212 aio
3002 4178 3013 4213 :
3043 4159 3098 4216 Si
3122 4162 3301 4231 inique
3325 4178 3388 4219 ac
3417 4177 3510 4233 per
3536 4167 3857 4223 calumniam
3883 4171 3928 4224 id

2352 4263 2383 4300 a
2410 4248 2723 4316 quibusdam
2754 4261 2930 4304 actum
2961 4259 3062 4316 est,
3092 4260 3149 4305 ut
3174 4267 3296 4306 eum
3323 4252 3562 4321 ejiceres,
3590 4259 3726 4325 juris
3753 4269 3928 4313 natura

2357 4351 2405 4394 te
2447 4353 2692 4408 moveat,
2727 4353 2782 4396 ut
2803 4343 2943 4412 quod
2974 4343 3167 4398 factum
3206 4355 3320 4411 est,
3354 4348 3632 4417 corrigas;
3663 4351 3707 4404 si
3760 4362 3931 4406 autent

2349 4434 2467 4502 jure
2484 4449 2546 4488 ac
2580 4434 2792 4502 merito,
2823 4436 3161 4490 humanitatis
3180 4437 3379 4507 legibus
3407 4439 3632 4492 adducta
3663 4440 3768 4496 hoc
3797 4443 3929 4499 idem

2355 4526 2507 4582 effice
2535 4545 2546 4580 :
2580 4543 2700 4581 nam
2732 4527 2852 4582 hinc
2891 4543 3102 4599 quoque
3144 4531 3260 4598 plus
3281 4572 3294 4596 ,
3326 4545 3483 4600 quam
3512 4533 3635 4597 ille,
3670 4537 3931 4591 commodi

2358 4617 2514 4673 feres.
2544 4618 3000 4685 Quemadmodum
3027 4623 3168 4677 enim
3196 4624 3240 4677 is
3268 4625 3356 4693 qui
3387 4636 3600 4678 centum
3632 4615 3882 4684 den'arios
3905 4645 3933 4683 a

2357 4722 2614 4762 conservo
2639 4710 2918 4780 exigebat,
2949 4727 3052 4766 non
3084 4723 3187 4766 tam
3212 4728 3334 4767 eum
3365 4713 3519 4777 lmsit,
3547 4731 3707 4785 quam
3733 4719 3836 4772 sibi
3867 4720 3935 4774 lc-

2361 4799 2463 4852 tale
2498 4799 2686 4852 vulnus
2717 4801 2927 4864 inflixit,
2963 4803 3131 4872 utqui
3162 4803 3230 4857 ob
3257 4819 3372 4857 eam
3400 4805 3558 4858 animi
3591 4806 3932 4877 rigiditatem,

2357 4907 2515 4961 quam
2545 4891 2593 4944 in
2616 4906 2932 4947 conservum
2961 4894 3221 4958 exercuit,
3252 4894 3437 4950 decent
3467 4897 3688 4953 militum
3717 4901 3936 4954 talentm

2359 4997 2475 5036 rum
2495 4983 2936 5037 condonationem
2960 4985 3162 5038 irritam
3187 4984 3476 5041 reddiderit
3503 5004 3517 5041 :
3547 4987 3737 5042 eodem
3760 4991 3934 5059 modo,

2359 5075 2444 5142 qui
2478 5075 2700 5143 proximi
2733 5085 2946 5142 peccata
2974 5076 3239 5144 praeterit,
3272 5076 3372 5133 hoc
3398 5079 3732 5149 assequitur,
3758 5091 3817 5136 ut
3842 5085 3936 5138 tui-

2363 5167 2464 5219 tius
2492 5167 2560 5220 ab
2587 5181 2651 5220 eo
2679 5166 2729 5219 in
2760 5166 2933 5220 futuro
2958 5183 3073 5223 aevo
3111 5171 3342 5224 rationes
3373 5181 3719 5239 reposcantur
3743 5190 3758 5237 ;
3787 5184 3937 5245 atque

2360 5271 2468 5324 quo
2509 5256 2657 5324 plura
2701 5267 2754 5311 et
2782 5259 3021 5327 graviora
3058 5270 3273 5329 peccata
3306 5261 3567 5316 remiserit
3591 5303 3605 5325 ,
3637 5279 3704 5318 eo
3733 5282 3937 5336 quoque

2368 5348 2626 5416 majorem
2658 5347 2771 5417 ipse
2798 5351 3006 5404 veniam
3034 5351 3288 5406 obtineat.
3317 5351 3497 5422 Neque
3526 5353 3577 5407 in
3611 5354 3712 5409 hoc
3742 5365 3935 5412 tantum

2362 5440 2648 5494 discrimen
2679 5442 2904 5510 positum
2931 5451 3012 5496 est
3037 5483 3051 5508 ,
3080 5443 3173 5498 sed
3215 5445 3268 5498 in
3307 5459 3373 5499 eo
3411 5446 3572 5499 etiam
3599 5483 3618 5512 ,
3645 5447 3786 5517 quod
3827 5463 3937 5504 cuiu

2365 5532 2556 5585 servile
2604 5548 2793 5586 munus
2837 5533 3086 5597 dederit,
3140 5535 3304 5590 herile
3355 5534 3669 5590 beneficium
3733 5541 3935 5606 accipit.

2365 5624 2540 5689 Quare
2570 5639 2637 5678 ne
2672 5625 2797 5678 mihi
2842 5625 2966 5679 illud
2993 5640 3378 5681 commemores
3397 5667 3412 5691 ,
3444 5627 3541 5681 hoc
3571 5638 3625 5682 et
3664 5628 3767 5684 hoc
3795 5631 3860 5685 ab
3883 5646 3939 5684 eo

2367 5730 2724 5791 perpetratqu
2770 5738 2907 5776 esse.
2957 5722 3085 5776 Nam
3117 5738 3223 5792 quo
3256 5724 3514 5777 atrociora
3560 5739 3622 5777 ea
3647 5739 3768 5794 qua:
3805 5741 3937 5779 com-

2369 5815 2527 5870 missa
2575 5824 2698 5869 sunt
2744 5830 2861 5872 esse
2908 5815 3242 5883 ostenderis,
3275 5831 3340 5872 cu
3387 5814 3554 5887 magis
3595 5820 3938 5874 necessariam
