4218 6484
193 434 294 494 671

199 551 454 613 πώντων,
471 546 702 602 δέσποτα
727 537 1124 612 αἱδεσιμώτατε
1147 534 1241 590 καὶ
1262 529 1665 603 θεοφιλέστατε,
1691 524 1786 580 καὶ

198 641 446 712 συνεχῶς
477 636 826 698 επιστέλλων,
864 633 1027 704 ήνίκα
1057 630 1123 684 ἂν
1149 627 1244 699 έξῇ
1263 669 1278 693 ,
1310 627 1404 679 καὶ
1427 623 1498 678 τά
1535 621 1664 690 περλ⁵
1685 619 1788 690 τῆς

199 736 393 805 ὑγείας
415 731 591 802 δηλῶν
629 728 731 798 τῆς
772 727 892 797 σῆς.
926 720 1097 777 Οῖσθα
1129 721 1239 792 γὰρ
1287 719 1434 779 ὅπως
1471 717 1601 786 ἡμῖν
1629 729 1786 805 περιέ

194 804 540 883 σπούδαστον
569 819 690 875 καθ’
745 819 1005 888 εκάστην,
1040 817 1090 868 εἰ
1116 808 1228 867 οἷόν
1259 829 1319 866 τε
1341 852 1358 874 ,
1409 809 1626 881 ἡμέραν
1659 804 1790 877 περὶ

195 917 404 987 ταύτης
432 912 741 985 μανθάνειν.
773 910 876 963 Τὸν
896 907 1165 976 δεσπότην
1196 922 1296 976 μου
1331 899 1788 972 τὸνκτιμιώτατον

197 1011 298 1064 καὶ
328 1007 726 1063 εὐλαϐέστατον
747 1000 1118 1074 πρεσϐύτερον
1159 995 1537 1068 Ἀσυγκρίτιον
1565 1005 1618 1058 ⁸,
1653 990 1789 1064 μετά

196 1100 309 1154 τῶν
340 1097 694 1168 γλυκυτάτων
727 1093 893 1149 αὐτοῦ
931 1091 1190 1153 παιδίων,
1230 1089 1324 1143 κα)⁸
1355 1086 1532 1140 πάντα
1563 1100 1657 1137 σου
1689 1080 1789 1151 τῆς

199 1190 517 1254 θεοσεϐείας
563 1188 656 1242 τὸν
689 1187 886 1260 κλῆρον
921 1183 1096 1240 πολλά
1116 1185 1248 1254 παρ’
1283 1181 1437 1254 ήμῶν
1468 1178 1790 1252 προσειπεῖν

200 1281 611 1356 παρακληθητι.

537 1398 699 1450 PIE'.
739 1393 1009 1463 Θεοφίλῳ
1035 1389 1436 1460 πρεσϐυτέρῳ.

273 1515 389 1569 Καὶ
415 1512 576 1567 τοῦτο
605 1512 706 1582 τῆς
746 1510 1170 1583 εὐγνωμοσύνης
1189 1551 1204 1576 ,
1233 1509 1327 1565 καὶ
1358 1509 1460 1580 τῆς
1497 1508 1599 1580 σῆς
1625 1508 1790 1579 εὐχα-

205 1606 392 1678 ρίστου
420 1622 515 1658 σου
549 1602 797 1674 γνώμης,
837 1602 900 1656 τὸ
944 1601 1170 1674 μηδενὸς
1198 1601 1608 1656 ἀπολελαυκότα
1642 1599 1797 1671 παρά

199 1697 432 1764 τούτων,
463 1691 545 1760 οἷς
571 1712 633 1749 σε
659 1694 1174 1767 παρακατεθέμεθα,
1198 1696 1261 1749 τὸ
1290 1696 1399 1748 πᾶν
1430 1693 1792 1764 ἀπειληφέναι

198 1784 449 1858 νομίζειν
484 1784 593 1839 ἀπὸ
624 1786 726 1856 τῆς
760 1786 1036 1858 ἡμετέρας
1064 1785 1390 1856 προθυμίας.
1443 1783 1582 1837 Ἀλλ’
1631 1785 1794 1855 ⁴ἡμεῖς

198 1879 302 1934 οὐκ
328 1878 788 1949 ἀρκεσθησόμεθα
834 1878 1011 1951 τούτῳ
1033 1919 1049 1943 ,
1085 1876 1224 1932 ἀλλά
1250 1878 1347 1932 καὶ
1382 1876 1461 1947 τῷ
1482 1876 1662 1948 κυρίῳ
1690 1892 1791 1948 μου

199 1968 466 2041 θεοδὼρῳ
509 1968 590 2040 τῷ
634 1967 958 2040 έπσρχικῷ,
988 1969 1067 2041 τῷ
1091 1969 1352 2039 ἀγαγόντι
1388 1969 1536 2039 ἡμᾶς
1574 1968 1656 2032 ας
1692 1967 1792 2036 τὴν

199 2062 518 2117 Κουκουσδν
540 2103 556 2129 ,
599 2060 772 2116 πολλὰ
816 2061 1023 2133 ταύτης
1063 2063 1251 2117 ἕνεκεν
1297 2061 1653 2132 διελέχθημεν
1692 2061 1794 2131 τῆς

202 2154 553 2218 ὑποθέσεως,
604 2153 702 2207 καὶ
754 2153 971 2217 πολλοῖς
1024 2153 1431 2217 ἐπιστέλλοντες
1484 2152 1577 2206 καὶ
1617 2151 1794 2224 ταῦτα

199 2245 644 2315 ιπεστάλκαμεν.
671 2246 846 2301 ’Δναε
869 2245 1003 2316 γοῦν
1022 2246 1249 2318 γένηταί
1274 2264 1328 2301 τι
1353 2245 1464 2302 ἀπὸ
1486 2246 1594 2300 τῶν
1613 2263 1794 2317 γραμ-

208 2337 401 2410 μάτων
432 2335 595 2392 πλέον
627 2336 656 2377 δ
683 2336 794 2391 τῶν
826 2338 1136 2410 ἡμετέρων,
1158 2337 1225 2393 ἀν
1251 2355 1314 2392 τε
1330 2338 1636 2411 γράμματα
1658 2338 1796 2410 μένῃ

205 2428 374 2500 μόνον
419 2428 490 2482 τὰ
527 2427 833 2500 γράμματα
853 2470 869 2497 ,
923 2430 1097 2501 μηδὲν
1151 2428 1427 2484 ἀνύσαντά
1479 2430 1634 2503 παρά
1680 2433 1795 2494 τοῖς

201 2517 627 2587 ἀποδεχομένοις
652 2516 815 2584 αὐτὰ,
853 2517 943 2573 διά
966 2518 1179 2589 ταχέων
1199 2520 1332 2590 ήμῖν
1362 2517 1601 2588 δηλῶσαι
1622 2516 1793 2573 σπού-

200 2604 385 2660 δασον.
433 2604 538 2660 Καὶ
566 2604 676 2679 γάρ
713 2606 773 2661 ιν
817 2606 995 2678 τούτῳ
1036 2606 1272 2679 μάλιστα
1310 2609 1408 2680 τὴν
1436 2608 1661 2680 ἀγάπην
1700 2625 1794 2662 σου

202 2699 591 2772 θαυμάζομεν,
636 2699 734 2753 καὶ
773 2699 868 2753 τοῦ
913 2699 1138 2772 θαρρεῖν
1161 2701 1293 2773 ἡμῖν
1334 2700 1496 2755 τοῦτο
1540 2702 1796 2772 μέγιστον

203 2790 511 2862 ποιούμεθα
551 2793 798 2863 σημεῖον,
837 2791 900 2846 τδ
929 2791 1024 2846 καὶ
1055 2791 1184 2865 περὶ
1212 2792 1420 2849 τούτων
1450 2795 1584 2865 ημῖν
1618 2792 1796 2848 διαλέ-

201 2881 418 2951 γεσθαι.
441 2881 694 2952 Δήλωσον
727 2881 908 2936 τοίνυν
930 2883 1062 2953 ἡμῖν
1083 2882 1149 2936 άν
1175 2899 1233 2936 τε
1263 2883 1494 2954 γένηταί
1523 2899 1576 2936 τι
1609 2880 1794 2946 πλέον,

202 2974 270 3029 ἂν
323 2991 383 3028 τε
422 2973 613 3046 μηδὲν,
671 2974 739 3026 ἵν’
773 2973 840 3028 ἀν
894 2974 992 3045 μὲν
1040 2975 1103 3028 τδ
1144 2971 1515 3048 πρότερονῇ,
1564 2973 1796 3046 χάριτας

201 3067 635 3138 ὁμολογήσωμεν
672 3068 785 3130 τοῖς
834 3063 934 3138 τήν
981 3065 1192 3120 ἑαυτῶν
1233 3064 1544 3136 ὠφεληκόσι
1572 3066 1755 3138 ψυχήν
1777 3079 1792 3094 ⁸

203 3160 420 3222 ἑαυτοῖς
455 3157 566 3229 γάρ
607 3156 810 3228 μᾶλλον
839 3156 872 3228 ή
906 3156 990 3210 σοὶ
1027 3156 1348 3230 χαριοῦνται
1377 3157 1537 3212 τοῦτο
1573 3157 1793 3212 ποιοῦν·

202 3267 327 3314 τες·
355 3249 422 3304 άν
462 3267 525 3303 τε
559 3249 621 3302 τὸ
654 3247 907 3318 δεύτερον
931 3288 947 3313 ,
983 3248 1180 3320 ἑτέραν
1214 3249 1336 3304 τινὰ
1373 3248 1494 3305 ὀδδν
1529 3249 1796 3321 σύντομον

203 3340 300 3394 καὶ
327 3338 705 3411 εὐκολωτέραν
732 3339 1135 3410 ἐπινοήσωμεν,
1168 3339 1234 3393 δι’
1261 3335 1332 3412 ἦς
1364 3341 1584 3405 πάντως
1612 3341 1796 3413 πάσης

201 3431 488 3502 ἀπολαύσῃ
517 3429 895 3502 παραμυθίας,
927 3430 1004 3496 ὡς
1048 3431 1108 3485 ιν
1151 3432 1396 3505 μηδεμιᾷ
1438 3431 1578 3488 εἶναι
1609 3451 1795 3487 στενο-

203 3523 404 3595 χωρίᾳ.
441 3524 605 3595 Ἦμῖν
649 3523 760 3597 γὰρ
794 3525 982 3589 αὐτοῖς
1033 3523 1104 3579 τὰ
1154 3525 1388 3596 μέγιστα
1420 3525 1794 3597 χαριούμεθα,

202 3617 305 3685 τῆς
347 3614 604 3684 εὐγενοῦς
637 3633 732 3669 σου
770 3618 865 3670 καὶ
912 3616 1206 3689 ἐλευθέρας
1242 3615 1385 3671 οὕτω
1416 3618 1798 3690 φροντίζοντες

203 3704 405 3775 ψυχῆς.
438 3706 550 3759 Καὶ
575 3707 755 3775 γράφε
792 3707 1207 3778 συνεχῶςήμῖν,
1230 3707 1301 3761 τὰ
1326 3709 1456 3780 περὶ
1483 3709 1583 3780 τῆς
1608 3710 1798 3778 ὑγείας

203 3796 307 3864 τῆς
337 3797 456 3867 σῆς,
489 3798 712 3869 καὶτῆς
752 3798 1159 3870 εὑδοκιμήσεως
1207 3799 1718 3872 εὐαγγελιζόμενος.

704 3926 873 3994 ριςν.
931 3927 1294 3990 Baden-Ire).

276 4035 344 4089 Τί
382 4035 579 4100 reﬁxo;
620 4035 791 4100 Εἰδὼς
823 4037 973 4101 ὅπως
997 4055 1092 4092 σου
1116 4039 1383 4112 χαίρομεν
1412 4042 1524 4103 τοῖς
1547 4041 1792 4109 ἀγαθοῖς,

206 4128 303 4180 καὶ
332 4127 645 4199 σκιρτῶμεν
672 4130 766 4182 ἐπὶ
793 4132 914 4193 ταῖς
948 4132 1069 4196 σαῖς
1104 4131 1515 4203 εὐδοκιμήσεσι.
1550 4135 1646 4188 καὶ
1690 4136 1797 4206 πρὸ

207 4222 429 4275 πάντων
467 4221 698 4290 ὀφείλων
720 4223 852 4293 ἡμῖν
880 4221 1118 4294 δηλῶσαι
1141 4225 1240 4294 τῆς
1265 4223 1430 4296 τιμῆς
1453 4225 1515 4277 τὸ
1545 4225 1794 4295 μέγεθος,

206 4315 288 4377 εἰς
323 4313 354 4366 ὃ
381 4313 477 4366 νῦν
531 4312 758 4383 ἀνέὸης,
797 4313 1097 4384 ὑπέμεινας
1150 4317 1298 4388 ἡμᾶς
1357 4317 1624 4388 πρότερον
1664 4320 1795 4390 παρ’

205 4406 416 4475 ἑτέρων
472 4404 664 4475 μαθεῖν
714 4405 873 4459 τοῦτο
899 4447 914 4472 ,
945 4407 1040 4460 καὶ
1070 4407 1130 4460 οὐ
1177 4408 1420 4478 νομίζεις
1461 4408 1672 4464 δεῖσθαί
1713 4428 1796 4464 σοι

207 4495 411 4565 πολλῆς
431 4497 516 4557 ἐἰς
537 4496 695 4550 τοῦτο
722 4497 1023 4566 ἀπολογίας
1059 4501 1104 4566 ⁸⁵,
1128 4499 1211 4552 ὅτι
1239 4498 1496 4570 ἠνέσχου,
1532 4500 1674 4569 τόγε
1705 4501 1798 4555 σὸν

211 4586 401 4657 μέρος,
435 4586 690 4640 τοσοῦτον
733 4589 926 4659 χρόνον
952 4591 1101 4660 ἡμᾶς
1143 4589 1418 4661 ζημιῶσαι
1457 4592 1798 4665 εὐφροσύνης

212 4675 448 4747 μέγεθος
499 4677 853 4746 τηλικοῦτονς
911 4679 983 4732 Τὸ
1032 4679 1132 4750 μὲν
1171 4680 1275 4750 γάρ
1329 4680 1546 4752 ἀξίωμά
1598 4699 1691 4736 σου
1737 4684 1799 4737 τὸ

209 4764 432 4836 ἀληθὲς,
471 4768 566 4820 καὶ
603 4771 635 4838 ἠ
679 4771 912 4840 μεγίστη
947 4788 1040 4823 σου
1083 4770 1266 4842 ἀρχὴ,
1312 4771 1416 4841 τῆς
1468 4773 1650 4844 ψυχῆς
1702 4776 1796 4828 σού

210 4856 362 4930 [658]
393 4859 542 4912 ἐστιν
581 4861 614 4930 ή
660 4861 850 4932 ἀρετή.
885 4863 1025 4915 Ἀλλ’
1059 4863 1247 4934 ἐπειδὴ
1285 4865 1377 4917 καὶ
1420 4865 1633 4928 τούτοις
1683 4870 1798 4930 τοῖς

210 4951 484 5020 βιωτικοῖς
511 4953 591 5016 είς
625 4953 723 5025 τὴν
756 4955 969 5025 ἐκείνης
1000 4953 1270 5023 ὠφέλειαν
1303 4956 1606 5027 κεχρῆσθαι
1637 4976 1799 5029 μεμε·

206 5043 484 5112 λέτηκας,
520 5045 615 5096 καὶ⁵
656 5045 766 5114 ὅσῳ
808 5044 874 5098 ἂν
920 5045 1051 5116 γένῃ
1098 5046 1468 5117 δυνατώτερος
1493 5090 1507 5114 ,
1557 5048 1798 5119 τοσούτῳ

205 5136 370 5206 λιμήν
401 5136 687 5210 εὐρύτερος
717 5141 828 5203 τοῖς
854 5139 1125 5208 δεομένοις
1152 5139 1498 5204 καθίστασαι,
1525 5141 1611 5194 διὰ
1640 5142 1799 5196 τοῦτο

204 5226 301 5282 νῦν
334 5228 618 5298 χαίρομεν,
663 5230 756 5281 καὶ
804 5232 1135 5301 σκιρτῶμεν,
1183 5232 1297 5286 ἀλλ’
1323 5235 1473 5302 ὅμως
1515 5234 1616 5286 οὐκ
1645 5233 1800 5302 ἀφίε-

209 5319 308 5390 μέν
340 5337 398 5371 σε
449 5320 544 5374 τοῦ
587 5323 684 5392 τῆς
735 5324 891 5394 σιγῆς
924 5324 1288 5394 ἐγκλήματος.
1351 5324 1471 5387 Πῶς
1519 5321 1613 5378 οὖν
1670 5326 1798 5396 ἡμῖν

207 5413 526 5485 ἀπολογήσῃ
551 5413 728 5478 καλῶς
751 5431 764 5480 ;
789 5415 868 5490 Τῇ
900 5416 1194 5486 πυκνότητι
1222 5416 1330 5470 τῶν
1355 5416 1674 5482 ἐπιστολῶν,
1706 5420 1800 5472 καὶ

211 5503 287 5574 τῷ
319 5506 557 5575 συνεχῶς
586 5506 655 5560 τὰ
682 5509 810 5578 περὶ⁸
846 5508 945 5577 τῆς
969 5507 1158 5577 ὑγείας
1185 5510 1317 5580 ἡμῖν
1346 5509 1539 5580 δηλοῦν
1569 5511 1667 5580 τῆς
1698 5511 1798 5582 σῆς

270 5674 297 5739 ξ
324 5671 534 5739 abricii
555 5675 707 5739 codex
743 5674 1071 5739 Ἀσύγκριτον.

275 5731 301 5800 ξ
327 5735 591 5800 Ῑιυεσιιιεε.
617 5737 674 5782 ἀν
700 5753 750 5786 τε
772 5737 852 5785 οὖν
873 5731 1063 5800 γένηταί
1086 5756 1130 5788 τι
1147 5739 1308 5788 πλέον,

273 5796 522 5867 ξςίοίειῇρ.
551 5799 817 5867 ὑπέμεινας
840 5796 950 5862 παρ’
994 5801 1185 5867 ,ἑτέρων
1219 5805 1345 5864 ἡμᾶς
1384 5802 1610 5867 ποὸτιρον
1655 5804 1797 5856 τοῦτο

273 5817 296 5828 '
321 5817 522 5847 ιίυιειιη.
551 5817 801 5859 υπεμεινας
840 5817 948 5862 παρ’
1004 5817 1078 5849 ετε
1153 5818 1177 5845 ν
1219 5817 1241 5847 ν

210 5876 268 5919 uo
279 5858 388 5909 θίν’
415 5859 613 5915 οὐδεμία
633 5876 706 5910 σοι
731 5861 961 5924 πρόφασις
984 5817 1241 5924 ἀποςΐγίας

1897 522 1991 575 καὶ
2014 518 2116 573 τοῦ
2138 517 2288 572 οῖκου
2319 530 2416 567 σου
2436 510 2667 574 παντός.
2727 509 2864 562 Επεὶ
2889 501 2984 562 οὖν
3019 522 3080 560 σε
3110 505 3205 560 καὶ
3231 500 3325 557 τὸν
3358 505 3487 576 τρό-

1891 639 1993 675 πον
2029 619 2129 689 τῆς
2177 615 2474 685 ἀπολογίας
2524 610 2863 681 ἐδιδάξαμεν,
2911 605 3194 680 προστίθει
3235 606 3306 660 τὰ
3334 620 3486 678 παρα

1893 719 2092 776 σαυτοῦ
2119 718 2325 773 λοιπόν.
2350 716 2412 769 Εί
2433 713 2653 786 γὰρκαὶ
2681 711 2819 784 μετά
2839 707 3257 783 τὴνάπιστολὴν
3283 705 3489 778 ταύτην

1895 823 2078 896 μένεις
2109 821 2297 892 σιγῶν,
2331 815 2669 890 γραψόμεθά·
2704 831 2766 868 σε
2800 812 3075 884 ῥᾳθυμίας
3123 809 3348 880 πολλῆς,
3395 809 3492 862 καλ⁸

1892 921 2226 993 άλγήσομεν.
2267 914 2399 973 Οἶδα
2443 916 2500 972 δὲ
2544 913 2734 984 σαφῶς
2781 914 2866 968 ὅτι
2910 909 3249 980 πικροτάτην
3282 906 3490 978 ταύτην

1892 1026 2075 1096 ἡγήσῃ
2125 1021 2321 1078 διδόναι
2381 1020 2556 1092 δίκην,
2583 1018 2645 1072 τὸ
2700 1015 2887 1085 ἀλγεῖν
2941 1013 3038 1066 ἐπὶ
3081 1011 3294 1074 τούτοις
3324 1009 3492 1081 ἡμᾶς,

1893 1123 2081 1195 έπειδή
2103 1121 2221 1178 οἶδα
2245 1121 2363 1186 πῶς
2395 1120 2488 1174 καὶ
2517 1117 2691 1189 φιλεῖν
2724 1117 2873 1188 ἡμᾶς
2889 1113 3129 1184 γνησίως
3156 1112 3251 1165 καί
3273 1109 3494 1182 θερμῶς

1895 1223 2254 1285 ἐσπούδακας.

2462 1347 2614 1402 PfZ’.
2639 1339 2925 1409 Θευδώρᾳ.

1969 1469 2172 1541 Γράφω
2206 1469 2304 1540 μὲν
2355 1469 2605 1538 ὀλιγάκις
2655 1469 2730 1539 τῇ
2771 1462 3094 1537 κοσμιότητί
3146 1477 3264 1525 σου,
3299 1459 3389 1514 διὰ
3431 1457 3495 1513 τὸ

1900 1572 1974 1644 μὴ
1995 1571 2198 1644 ῥᾳδίως
2221 1572 2606 1642 ἐπιτυγχάνειν
2626 1559 2736 1623 τῶν
2761 1564 3099 1639 κομιζόντων
3123 1561 3195 1616 τά
3237 1561 3497 1634 γράμμα-

1894 1690 1982 1727 τα⁸
2015 1673 2299 1745 μέμνημαι
2321 1672 2380 1726 δέ
2398 1689 2490 1725 σου
2522 1672 2621 1724 οὐκ
2636 1669 2903 1739 ὀλιγάκις,
2922 1664 3058 1721 ἀλλά
3087 1664 3182 1719 καὶ
3206 1661 3493 1750 διηνεκῶς.

1896 1775 1970 1828 Τὸ
2005 1775 2103 1846 μὲν
2120 1776 2234 1847 γὰρ
2251 1775 2338 1846 ἐφ’
2365 1777 2498 1846 ήμῖν
2527 1777 2730 1836 κεῖται,
2751 1771 2812 1826 τὸ
2847 1769 2904 1824 δὲ
2922 1769 3024 1823 οὐκ
3050 1767 3136 1838 ἐφ’
3161 1767 3315 1837 ἡμῖν’
3358 1763 3496 1817 ἀλλά

1895 1873 1990 1928 τοῦ
2015 1874 2124 1946 ,μὲν
2172 1873 2487 1947 μεμνῆσθαι
2535 1871 2827 1945 διηνεκῶς,
2857 1870 3014 1925 αὐτοὶ
3060 1867 3263 1941 κύριοι,
3301 1868 3396 1922 τοῦ
3435 1866 3494 1920 δὲ

1897 1974 2144 2045 κομίζειν
2181 1974 2280 2037 τὰς
2313 1971 2624 2039 ἐπιστολάς,
2656 1971 2757 2024 οὐκ
2807 1969 2909 2022 ἔτι.
2941 1966 3040 2021 Διά
3094 1964 3251 2018 τοῦτο
3288 1963 3346 2016 τὸ
3396 1961 3497 2033 μιν

1898 2074 1986 2128 ἀεὶ
2010 2074 2240 2144 γίνεται,
2276 2074 2338 2128 τὸ
2353 2074 2433 2138 δὲ,
2460 2073 2628 2143 ήνίκα
2655 2069 2724 2126 ἀν
2751 2069 2869 2140 ἐξῇ.
2919 2066 3033 2130 Τάς
3071 2063 3171 2136 μὲν
3203 2058 3296 2116 οὖν
3330 2059 3497 2124 ἀλλας

1897 2173 2187 2239 έπιστολάς
2215 2174 2518 2246 πρόσρησιν
2548 2170 2777 2244 ἑκούσας
2801 2169 3150 2240 ἐπέμπομεν.
3183 2161 3390 2233 ταύτην
3437 2159 3499 2215 δὲ

1900 2273 1996 2326 καὶ
2039 2274 2260 2346 χάριτος
2308 2272 2545 2344 αῐτησιν.
2582 2271 2680 2336 Τίς
2703 2269 2822 2342 δὲή
2865 2269 3067 2341 χάρις;
3120 2265 3215 2317 Σοὶ
3247 2267 3313 2335 τῇ
3351 2279 3496 2336 παρ-

1899 2375 2098 2449 εχούσῃ
2136 2375 2357 2447 μᾶλλον,
2389 2374 2423 2446 ἢ
2469 2373 2548 2446 τῷ
2578 2372 2854 2444 δεχομένῳ
2902 2369 2965 2422 τὸ
2998 2366 3190 2440 κέρδος
3231 2365 3495 2436 φέρουσα,

1899 2477 1994 2532 καὶ
2022 2477 2130 2549 πρὸ
2151 2476 2250 2531 τοῦ
2274 2474 2646 2548 λαμῦάνοντος
2687 2473 2780 2527 τὸν
2808 2469 3017 2527 διδόντα
3041 2467 3351 2538 ὠφελοῦσα.
3385 2466 3498 2520 Καὶ

1898 2580 2008 2652 γὰρ
2029 2577 2194 2652 ἦλθεν
2244 2581 2326 2644 εἰς
2363 2579 2532 2651 ἡμᾶς,
2578 2578 2662 2632 ὅτι
2689 2576 2755 2648 δὴ
2778 2573 3075 2636 Εὐστάθιος
3121 2571 3232 2625 τῶν
3261 2586 3499 2642 προσκε-

1899 2681 2212 2753 κρουκότων
2246 2681 2443 2751 έστὶτῇ
2467 2677 2742 2749 τιμιότητί
2768 2693 2884 2740 σου,
2929 2675 3024 2728 καὶ
3065 2673 3166 2743 τῆς
3197 2671 3376 2735 οἰκίας
3397 2672 3498 2740 τῆς

1901 2785 1998 2854 σῆς
2021 2781 2270 2849 ἐξέπεσε,
2290 2782 2384 2835 καὶ
2405 2780 2520 2834 ἀπὸ
2552 2778 2729 2848 ὅψεως
2760 2776 3004 2846 γέγονεν.
3041 2775 3232 2834 Ὅπως
3274 2771 3376 2843 μὲν
3403 2765 3498 2824 οὖν

1899 2879 2013 2953 ἔχει
2041 2879 2136 2934 τοῦ
2160 2879 2488 2952 πράγματος
2509 2880 2542 2948 ἡ
2577 2877 2760 2946 φύσις,
2789 2874 2882 2928 καὶ
2909 2874 3056 2936 τίνος
3084 2872 3274 2924 ’ἕνεκεν
3302 2868 3501 2924 τοσαύ-

1899 2999 1999 3052 την
2029 2981 2324 3052 ὑπέμεινεν
2357 2979 2549 3052 ὀργὴν,
2599 2980 2775 3032 εἰπεῖν
2834 2976 2936 3030 οὐκ
2989 2974 3118 3046 ἔχω·
3167 2974 3344 3026 έκεῖνο
3389 2969 3500 3042 γάρ

1899 3083 2072 3152 ἔγνων
2119 3082 2298 3155 μόνον·
2345 3083 2382 3137 ἀ
2429 3082 2486 3134 δὲ
2521 3082 2627 3153 χρή
2666 3096 2726 3133 οε
2757 3079 2888 3150 παρ’
2935 3075 3092 3149 ήμῶν
3131 3073 3363 3129 ἀκοῦσαι
3392 3071 3500 3125 τῶν

1902 3184 2109 3257 σφόδρα
2140 3202 2233 3237 σου
2265 3185 2366 3256 τῆς
2405 3182 2681 3254 σωτηρίας
2726 3179 3128 3250 ἀντεχομένων,
3152 3178 3273 3232 tot!
3302 3176 3496 3232 ταῦτα.

1903 3282 2073 3341 Οἶσθα
2094 3285 2170 3350 ὼς
2199 3284 2351 3339 οὐδὲν
2387 3285 2414 3337 ὀ
2440 3282 2631 3356 παρὼν
2662 3283 2799 3354 βίος,
2830 3280 2997 3353 ἀλλ’ἢ
3033 3279 3171 3351 ἄνθη
3192 3278 3218 3319 ἀ
3252 3280 3502 3350 μιμεῖται
3535 3307 3538 3310 ~

1899 3390 2084 3463 ὴρινά,
2101 3390 2195 3444 καὶ
2213 3388 2370 3453 σκιὰς
2389 3388 2661 3460 ἀδρανεῖς,
2677 3386 2772 3441 καὶ
2797 3387 3093 3457 ὀνειράτων
3123 3383 3272 3438 ἐστὶν
3284 3383 3498 3454 ἀπάτη’

1901 3490 1970 3544 τά
1995 3490 2051 3544 δὲ
2077 3490 2254 3562 ἀληθῆ
2290 3491 2613 3563 πράγματα,
2640 3489 2735 3543 καὶ
2765 3487 3076 3559 πεπηγότα,
3105 3487 3201 3540 καὶ
3232 3486 3503 3557 ἀμετακί-

1900 3610 2060 3665 νητα,
2081 3592 2149 3646 τά
2181 3593 2318 3662 μετὰ
2344 3592 2443 3661 τὴν
2474 3589 2723 3644 ἐντεῦθεν
2750 3589 3060 3661 ἀποδημίαν
3099 3590 3250 3659 ἡμᾶς
3273 3587 3504 3652 διαδεξό-

1906 3694 2044 3765 μενά
2069 3696 2205 3748 ἐστι.
2248 3691 2436 3747 Ταῦτα
2464 3693 2559 3746 καὶ
2593 3693 2723 3762 παρ’
2751 3691 2907 3762 ήμῶν
2934 3689 3198 3752 πολλάκις
3233 3689 3496 3759 ήκουσας,

1903 3795 1996 3850 καὶ
2041 3795 2252 3849 οἴκοθεν
2302 3793 2671 3864 φιλοσοφοῦσα
2706 3790 2992 3855 διατελεῖς·
3015 3790 3215 3860 Διόπερ
3243 3789 3366 3844 οὐδὲ
3403 3807 3503 3862 μαο

1901 3894 2041 3967 κράν
2073 3894 2330 3965 ποιοῦμαι
2368 3894 2470 3964 τὴν
2505 3892 2815 3963 επιστολὴν,
2854 3891 2969 3946 ἀλλ’
2996 3890 3179 3945 ἐκεῖνό
3216 3905 3419 3962 φαμεν·
3452 3891 3502 3944 εἰ

1905 3995 2002 4064 μὲν
2041 3994 2241 4058 ἀδίκως
2269 3993 2414 4057 τινὲς
2443 3995 2848 4066 ὲπηρεάσαντες
2889 3993 3166 4058 ὲξέὸαλον,
3205 3992 3500 4064 αἰδουμένη

1901 4093 1994 4146 τοῦ
2015 4094 2224 4147 δικαίου
2245 4094 2344 4164 τὴν
2361 4093 2543 4162 φύσιν,
2561 4091 2854 4161 διόρθωσον
2878 4091 2939 4144 τὸ
2961 4091 3348 4161 γεγενημένον’
3367 4092 3415 4144 εἰ
3443 4090 3501 4144 δὲ

1899 4194 2142 4259 δικαίως,
2175 4195 2300 4258 τοὺς
2340 4193 2440 4262 τῆς
2477 4192 2890 4265 φιλανθρωπίας
2919 4191 3136 4263 τιμῶσα
3171 4192 3389 4264 νόμους,
3439 4192 3501 4246 τὸ

1900 4294 2034 4348 αὐτὸ
2058 4293 2122 4365 δὴ
2150 4294 2307 4346 τοῦτο
2338 4293 2501 4349 πάλιν
2536 4294 2786 4374 ποίησον,
2822 4294 2949 4347 ἔνθα
2978 4294 3073 4347 καὶ
3094 4291 3231 4364 αὐτὴ
3257 4293 3318 4346 τδ
3340 4293 3501 4352 πλέον

1902 4393 2173 4466 καρπώσῃ
2220 4394 2419 4464 μᾶλλον
2449 4393 2484 4465 ἦ
2540 4395 2766 4457 ἐκεῖνος.
2802 4393 3014 4465 ’Ὠσπερ
3046 4393 3157 4465 γάρ
3184 4394 3212 4447 ὀ
3240 4393 3328 4448 τὸν
3369 4395 3502 4466 ὀμό-

1900 4497 2086 4554 δουλον
2118 4496 2368 4552 ἀπαιτῶν
2410 4495 2488 4553 τὰ.
2521 4495 2717 4553 ἑκατὸν
2749 4495 3001 4567 δηνάρια,
3033 4495 3135 4551 οὐκ
3177 4496 3388 4552 ἐκεῖνον
3420 4516 3504 4554 το-

1905 4598 2092 4654 σοῦτον
2113 4597 2370 4669 ἔϐλαψεν,
2399 4600 2523 4654 ὅσον
2552 4598 2732 4670 ἑαυτῷ
2762 4600 2984 4671 καιρίαν
3015 4600 3186 4656 ἔδωκε
3232 4601 3332 4672 τὴν
3364 4599 3504 4673 πλη-

1901 4701 2132 4774 γὴν,.διὰ
2159 4702 2256 4773 τῆς
2285 4702 2422 4773 πρὸς
2448 4701 2846 4755 τὸνισύνδουλον
2873 4701 3260 4772 ἀκριϐολογίας
3291 4701 3504 4774 μυρίων

1900 4803 2177 4856 ταλάντων
2196 4800 2553 4873 συγχώρησιν
2593 4801 2923 4872 ἀνατρέψατ
2964 4800 3135 4865 οὕτως
3166 4804 3194 4855 ό
3228 4803 3505 4874 παρατρέ-

1901 4924 2014 4976 χων
2037 4904 2106 4958 τὰ
2134 4905 2228 4958 τοῦ
2251 4904 2478 4975 πλησίον
2510 4905 2885 4976 ἁμαρτήματα
2923 4904 3285 4975 ἡμερωτέρας
3321 4905 3504 4977 ἑαυτῷ

1903 5009 2046 5060 ποιεῖ
2065 5007 2163 5070 τάς
2202 5006 2265 5060 ἐν
2293 5006 2372 5077 τῷ
2408 5005 2561 5079 [659]
2603 5005 2852 5076 μέλλοντι
2890 5005 3140 5072 εὐθύνας,
3171 5006 3265 5060 καὶ
3285 5007 3395 5075 ὅσῳ
3435 5007 3504 5062 ἂν

1906 5105 2129 5176 μείζονα
2163 5105 2230 5159 τά
2281 5106 2657 5177 ἁμαρτήματα
2702 5107 2851 5176 ἀφῇ,
2902 5106 3144 5178 τοσούτῳ
3191 5107 3285 5160 κα)⁸
3338 5107 3498 5173 αὐτὸ,

1906 5206 2148 5270 πλείονος
2184 5205 2434 5272 τεύξεται
2481 5208 2579 5278 τῆς
2619 5208 3042 5279 συγχωρήσεως.
3095 5208 3170 5261 UO
3222 5206 3397 5280 ταύτῃ
3444 5208 3503 5263 δὲ

1907 5311 2067 5380 μόνον
2097 5310 2213 5364 ἐστὶ
2236 5310 2297 5364 τὸ
2318 5310 2598 5382 διάφορον,
2641 5309 2779 5364 ἀλλά
2813 5311 2908 5364 καὶ
2941 5311 3021 5382 τῷ
3051 5311 3305 5383 δουλικὴν
3332 5313 3504 5367 διδόν·

1902 5429 1970 5463 τα
2002 5412 2182 5483 χάριν,
2213 5412 2540 5484 δεσποτικὴν
2584 5413 2884 5483 λαμϐάνειν
2921 5414 3150 5486 δωρεάν.
3185 5416 3278 5487 Μὴ
3322 5415 3499 5469 τοίνυν

1905 5529 1996 5582 μοι
2030 5512 2178 5581 λέγε,
2199 5514 2281 5566 ὅτι
2311 5515 2370 5568 τὸ
2400 5515 2494 5568 καὶ
2522 5514 2584 5568 τὸ
2623 5514 2772 5587 αὐτῷ
2802 5517 3286 5589 πεπλημμέληται.
3347 5517 3502 5590 Ὀσῳ

1901 5611 2011 5684 γὰρ
2036 5611 2101 5667 ἂν
2135 5613 2316 5687 δείξῃς
2340 5615 2699 5691 χαλεπώτερα
2730 5619 2800 5672 τά
2845 5620 3210 5692 γεγενημένα,
3258 5619 3502 5694 τοσούτῳ

1900 5714 2000 5786 τῆς
2061 5717 2463 5790 συγχωρήσεως
2511 5720 2947 5794 ἀναγκαιοτέραν
3024 5723 3347 5794 ἀποφαίνεις
3398 5720 3501 5797 τὴν

1964 5869 1990 5912 d
2015 5871 2164 5924 smn.
2190 5875 2312 5924 ἀλλὰ
2331 5876 2466 5937 ἄνθη.
