4152 6494
225 441 334 501 873

227 551 540 623 ignoscendi
564 562 782 604 causam
809 559 928 602 esse
955 543 1346 600 demonstrabis
1364 583 1382 610 ,
1409 541 1548 615 quod
1585 543 1684 597 liae
1725 557 1812 596 ra-

224 644 380 699 tione
429 641 596 697 multo
634 639 892 708 majorem
943 636 1284 691 humanitatis
1330 649 1392 689 ac
1435 632 1816 687 misericordia:

228 733 508 788 materiam
557 734 611 786 in
658 729 891 785 futurum
935 727 1027 782 tibi
1068 724 1451 796 praeconditura
1489 725 1584 777 sis.
1613 722 1811 791 Quam-

227 827 419 881 obrem
447 826 602 889 iram,
630 821 844 878 etiamsi
873 819 1066 889 alioqui
1089 817 1308 888 justam,
1331 814 1555 886 depelle,
1585 813 1816 882 indigna-

229 916 433 970 tionem
465 915 734 982 sapienter
757 911 1052 980 comprime
1084 927 1098 963 :
1132 908 1234 963 hoc
1271 906 1380 961 Deo
1421 903 1666 960 sacrificii
1697 903 1813 957 loco

234 1005 384 1070 offer;
415 1005 571 1060 nobis
593 1003 755 1059 etiam
776 1044 791 1068 ,
815 1001 1005 1072 quibus
1049 1013 1173 1056 cara
1209 1011 1302 1063 es,
1333 995 1434 1052 hoc
1478 995 1692 1063 indulge
1719 1013 1730 1044 :
1761 1006 1814 1047 et

225 1106 506 1168 quantam,
526 1095 610 1150 vel
632 1094 779 1149 brevi
807 1092 1048 1164 epistola,
1077 1089 1215 1160 apud
1249 1099 1299 1144 te
1323 1089 1689 1143 auctoritatem
1715 1085 1811 1139 lia-

230 1190 454 1246 beamus
476 1187 719 1242 ostende.
746 1185 863 1240 Tibi
891 1185 1048 1240 etiam
1073 1183 1170 1252 ipsi
1202 1195 1390 1251 magna
1422 1181 1535 1233 haec
1557 1193 1675 1248 qua:
1699 1176 1809 1230 dixi

225 1281 432 1350 praebe,
461 1294 653 1348 nempe
681 1288 737 1332 ut
761 1289 908 1331 metu
930 1291 992 1330 ac
1019 1274 1412 1345 perturbatione
1440 1285 1616 1336 vaces,
1644 1281 1700 1325 ut
1731 1280 1814 1322 tu-

223 1370 454 1425 multum
503 1368 627 1422 liinc
653 1368 914 1422 orientem
959 1380 1028 1421 ex
1075 1364 1252 1418 animo
1289 1373 1379 1418 tuo
1406 1362 1607 1432 ejicias,
1637 1370 1695 1414 ut
1720 1359 1815 1413 de-

224 1462 392 1530 nique
432 1460 500 1515 ob
540 1474 656 1513 eam
684 1472 898 1514 causam
927 1471 1114 1526 magna
1145 1471 1265 1510 cuin
1303 1455 1466 1508 animi
1511 1453 1700 1507 fiducia
1729 1451 1813 1505 in-

218 1566 468 1622 gressum
525 1551 579 1605 in
635 1567 854 1621 regnum
898 1565 926 1603 a
972 1550 1199 1618 benigno
1228 1548 1337 1602 Deo
1373 1547 1625 1615 postules.
1655 1546 1812 1600 Beni-

222 1643 428 1713 gnitate
452 1644 647 1712 quippe
685 1657 807 1711 erga
845 1640 1142 1710 proximum
1175 1637 1405 1708 ingentia
1436 1637 1636 1692 scelera
1665 1650 1814 1690 com-

221 1733 538 1788 modissime
563 1732 864 1800 expiantur.
894 1729 955 1784 Si
985 1729 1118 1784 enim
1137 1771 1150 1794 ,
1183 1728 1354 1796 inquit
1376 1726 1637 1791 Christus,
1666 1726 1812 1777 remi-

217 1826 389 1878 διήιξε
427 1824 710 1878 hominibus
757 1823 940 1876 delicta
985 1838 1079 1876 sua
1101 1861 1116 1884 ,
1149 1821 1360 1873 remittet
1407 1829 1451 1874 et
1489 1818 1624 1872 vobis
1660 1817 1813 1872 Pater

217 1925 383 1970 vester
426 1915 639 1968 celestis
671 1915 687 1985 (
718 1912 904 1967 Matth.
937 1912 990 1967 6.
1018 1909 1130 1983 14).
1162 1911 1285 1965 llaec
1311 1909 1471 1979 igitur
1491 1909 1667 1963 omnia
1695 1923 1812 1963 cum

218 2007 405 2062 animo
433 2015 522 2060 tuo
551 2005 916 2069 considerans,
949 2003 1011 2058 ad
1041 2017 1138 2057 nos
1163 2001 1440 2071 epistolam
1483 1999 1665 2063 mitte,
1694 2015 1813 2068 qua:

218 2100 409 2157 literas
439 2108 647 2153 nostras
673 2098 871 2167 aliquid
900 2095 1186 2165 profecisse
1211 2094 1491 2164 significet.
1513 2092 1644 2146 Nam
1667 2091 1807 2160 quod

215 2190 388 2246 officii
417 2189 584 2246 nostri
616 2190 752 2243 ratio
780 2188 1092 2258 postulabat,
1124 2187 1469 2251 absolvimus,
1496 2183 1651 2253 idque
1672 2183 1809 2251 quod

215 2297 274 2338 in
318 2293 501 2336 nostro
528 2280 749 2335 arbitrio
796 2280 955 2333 situm
998 2286 1144 2344 erat,
1191 2275 1454 2342 fecimus;
1487 2274 1810 2336 monuimus,

218 2375 564 2444 rogavimus,
600 2370 823 2441 gratiam
869 2369 1147 2437 petiimus,
1177 2382 1295 2437 quae
1320 2365 1602 2433 oportebat
1639 2363 1811 2418 suasi-

217 2480 364 2522 mus.
411 2464 522 2518 Tua
562 2464 673 2534 jam
713 2476 871 2517 causa
921 2475 1141 2530 prorsus
1185 2460 1509 2513 laboramus.
1538 2457 1669 2510 Nam
1717 2469 1815 2508 nos

215 2554 458 2626 quidem,
497 2555 611 2608 sive
635 2561 818 2607 nostra
849 2551 968 2606 hinc
986 2550 1284 2605 cohortatio
1311 2548 1504 2617 aliquid
1545 2544 1780 2601 olfecerit
1798 2585 1812 2608 ,

219 2648 340 2703 sive
389 2647 521 2700 nihil
572 2645 818 2700 utilitatis
860 2644 1131 2707 attulerit,
1160 2656 1368 2697 merces
1412 2648 1589 2694 manet
1630 2656 1644 2693 :
1689 2639 1816 2692 licet

215 2739 366 2792 enim
409 2738 572 2792 etiam
617 2734 903 2791 verborum
953 2733 1254 2788 mercedem
1283 2736 1501 2786 referre.
1531 2729 1680 2784 Nunc
1719 2743 1815 2782 au-

222 2839 336 2885 tem
365 2829 544 2884 omnis
570 2836 753 2882 noster
782 2827 933 2882 labor
957 2841 1022 2880 eo
1050 2833 1273 2894 spectat,
1303 2833 1358 2878 ut
1380 2839 1474 2893 per
1501 2837 1612 2877 rem
1646 2823 1810 2891 ipsam

217 2928 277 2974 te
302 2933 513 2988 quoque
539 2918 811 2972 lucremur
834 2957 849 2980 ,
880 2931 943 2971 ac
973 2924 1026 2970 tu
1053 2931 1146 2985 per
1173 2914 1330 2983 hujus
1362 2915 1481 2968 vitm
1510 2920 1653 2968 recte
1681 2912 1812 2982 facta

220 3013 400 3065 futura
430 2987 485 3063 et
506 3009 827 3064 immortalia
855 3009 992 3062 bona
1019 3006 1264 3062 facillime
1295 3005 1579 3076 percipias.
1677 2987 1680 2990 ’

218 3101 314 3158 ΟΧ
328 3101 399 3156 γι
410 3101 433 3154 1
445 3101 496 3160 Ι.
515 3100 779 3172 Episcopi:
805 3109 852 3154 et
879 3099 1174 3170 presbyteris
1198 3100 1251 3151 in
1279 3114 1476 3152 carcere
1501 3096 1813 3168 degentibus.

562 3193 697 3265 (Sub
721 3191 927 3246 initium
952 3189 1126 3246 exsilii
1153 3204 1290 3246 anno
1317 3189 1466 3257 404.)

293 3284 580 3341 Carcerem
621 3282 874 3348 incolitis,
923 3290 979 3336 et
1011 3289 1195 3335 catena
1222 3279 1383 3334 vincti
1411 3279 1540 3332 estis
1561 3319 1576 3344 ,
1607 3286 1661 3332 et
1688 3291 1809 3331 cuni

219 3374 479 3448 squalidis
505 3383 562 3430 et
585 3373 816 3428 sordidis
851 3370 1078 3426 inclusi:
1111 3378 1166 3425 et
1193 3368 1319 3438 quid
1345 3367 1558 3422 tandem
1590 3366 1694 3423 hoc
1717 3383 1812 3421 no-

225 3467 377 3525 mine
402 3466 607 3520 bcatius
625 3463 777 3517 vobis
804 3461 926 3531 tingi
955 3461 1156 3531 queat?
1182 3458 1319 3528 Quid
1343 3459 1484 3514 enim
1512 3457 1618 3513 tale
1657 3458 1815 3513 habet

218 3573 385 3615 aurea
441 3570 638 3612 corona
684 3562 846 3623 caput
881 3553 1120 3622 cingens,
1158 3551 1316 3621 quale
1360 3559 1548 3606 catena
1593 3565 1806 3604 manum

221 3657 446 3720 propter
494 3648 659 3701 Deum
706 3643 1091 3700 circumdans?
1145 3641 1272 3713 quid
1317 3640 1420 3698 tale
1466 3642 1708 3712 ingentes
1756 3650 1812 3695 et

219 3739 518 3812 splendida:
542 3739 754 3804 domus,
786 3736 942 3808 quale
984 3749 1194 3800 carcer,
1239 3733 1502 3805 caliginis,
1548 3733 1812 3796 sordium,

222 3835 457 3906 ingentis
484 3832 690 3890 ftetoris
713 3841 769 3886 et
791 3828 1109 3884 calamitatis
1138 3827 1346 3898 plenus,
1378 3827 1469 3883 Dei
1497 3840 1657 3882 causa
1685 3826 1817 3880 tolc-

221 3927 418 3985 ratus?
447 3927 575 3994 Qua:
600 3940 720 3980 cum
748 3923 820 3977 ita
850 3923 978 3987 sint,
1001 3920 1246 3993 gaudete,
1275 3920 1564 3984 oxsuliate,
1600 3918 1813 3973 coronis

221 4026 389 4088 caput
411 4016 626 4085 cingite,
657 4013 962 4083 tripudiate,
985 4010 1149 4081 quod,
1175 4009 1454 4076 molestiie,
1488 4008 1540 4061 in
1565 4022 1696 4077 quas
1728 4007 1808 4060 iii-

222 4109 434 4166 cidistis
456 4149 471 4172 ,
502 4121 746 4176 magnam
785 4103 935 4158 vobis
962 4101 1362 4157 commodorum
1395 4099 1671 4153 materiam
1718 4114 1812 4150 at-

223 4208 464 4258 cersant.
491 4199 602 4253 lloc
633 4196 881 4251 nimirum
907 4208 1089 4248 semen
1116 4201 1235 4258 est,
1259 4205 1488 4246 messem
1509 4187 1812 4257 copiosissi-

227 4307 371 4346 mam
415 4288 785 4359 prtenuiitians
831 4303 845 4338 :
884 4284 986 4340 hoc
1011 4285 1187 4347 luctte,
1216 4282 1491 4337 victoriam
1533 4291 1588 4334 et
1615 4280 1816 4349 palmas

225 4381 550 4437 aﬂerentes:
583 4379 682 4433 hoc
709 4377 973 4446 navigatio
995 4417 1011 4440 ,
1051 4373 1284 4443 amplum
1327 4382 1382 4426 et
1410 4371 1624 4426 uberem
1669 4386 1814 4438 qua:-

224 4483 372 4530 stum
390 4470 699 4526 concilians.
721 4467 846 4522 Haec
872 4467 1029 4536 igitur
1054 4464 1234 4520 omnia
1260 4478 1380 4518 cum
1410 4461 1601 4515 animis
1625 4471 1817 4515 vestris

225 4573 572 4635 reputantes,
609 4558 1041 4616 reverendissimi
1080 4571 1144 4611 ac
1185 4553 1570 4625 religiosissimi
1614 4551 1813 4606 domini

225 4656 356 4720 mei,
406 4653 632 4724 gaudete
674 4667 738 4706 ac
783 4647 1056 4713 lmtamiiii,
1091 4663 1188 4702 nec
1213 4655 1420 4714 tempus
1446 4643 1610 4699 ullum
1642 4644 1809 4696 inter-

224 4749 444 4809 niittite,
475 4747 598 4815 quin
646 4744 809 4798 Deum
849 4742 900 4796 in
947 4740 1194 4795 omnibus
1239 4738 1400 4792 rebus
1456 4734 1705 4797 laudetis,
1753 4749 1815 4788 ac

223 4836 536 4892 mortiferas
565 4834 778 4889 diabolo
802 4832 982 4902 plagas
1011 4829 1249 4884 inferatis
1273 4867 1288 4892 ,
1318 4829 1694 4897 ingentemque
1722 4839 1812 4876 vo-

222 4930 311 4985 bis
353 4927 482 4996 ipsis
526 4925 580 4979 in
616 4925 760 4979 ezelis
811 4921 1109 4977 mercedem
1141 4918 1466 4973 rccoadatis.
1517 4914 1638 4968 Non
1682 4917 1807 4967 eiiiwi

222 5018 496 5088 condigna
529 5024 642 5070 sunt
674 5014 932 5084 passiones
959 5012 1111 5081 liujus
1148 5008 1323 5064 δαισαιί
1349 5009 1416 5060 ad
1441 5008 1664 5077 futuram
1700 5005 1807 5076 glo-

224 5111 385 5174 riam,
428 5123 543 5177 qui:
581 5104 878 5160 revelabitur
919 5104 972 5155 in
1002 5100 1138 5156 vobis
1183 5099 1358 5168 (Rom.
1384 5099 1436 5152 8.
1470 5096 1580 5166 18).
1609 5094 1688 5149 Ad
1719 5110 1816 5147 nos

225 5209 409 5256 autem
440 5211 597 5267 quam
624 5195 917 5264 smpissime
944 5193 1179 5246 scribite.
1206 5192 1246 5243 A
1280 5189 1430 5243 vobis
1460 5187 1655 5242 etenim
1682 5225 1697 5249 ,
1725 5185 1812 5253 qui

227 5292 324 5346 Dei
352 5305 511 5344 causa
539 5286 696 5340 vincti
729 5285 878 5347 estis,
900 5285 1099 5343 literas,
1129 5295 1247 5350 quac
1274 5279 1590 5332 aﬂlictiones
1612 5285 1815 5330 vestras

227 5389 527 5451 exponant,
556 5391 876 5447 magnopere
903 5376 1143 5442 accipere
1168 5371 1408 5439 cupimus
1444 5386 1456 5422 :
1491 5368 1716 5434 hincque
1739 5365 1813 5416 ἰηο

223 5483 467 5544 gentem,
497 5469 655 5524 etiain
687 5469 736 5520 in
767 5477 983 5521 externa
1020 5469 1157 5518 terra
1194 5461 1469 5530 degentes,
1497 5455 1814 5511 consolatio-

227 5578 355 5619 ncm
375 5561 671 5630 capiemus.

225 5649 434 5710 CXIX.
461 5647 745 5716 Theophila
786 5645 1089 5714 presbytero.
1114 5642 1342 5710 (Scripta
1389 5655 1506 5692 cuni
1551 5637 1812 5692 Cucusuni

722 5743 968 5806 pergeret
1009 5747 1148 5786 anno
1180 5731 1280 5786 illi
1295 5730 1328 5794 .)

303 5830 444 5902 Ergo
467 5837 810 5900 posteaquam
859 5823 950 5880 tibi
999 5842 1027 5878 a
1065 5837 1149 5877 me
1198 5817 1458 5876 scribendi
1485 5816 1643 5886 janua
1673 5821 1808 5886 palo

1676 430 2048 490 EPISTULE.

3385 441 3486 501 674

1919 543 2054 602 facta
2079 553 2182 627 est,
2217 544 2342 602 illud
2369 547 2610 614 ostende,
2640 557 2692 606 te
2714 551 2976 622 superiori
2998 561 3239 624 tempore
3257 568 3362 610 non
3395 571 3489 611 ne-

1919 635 2166 704 gligentia
2199 637 2447 703 tacuisse,
2477 654 2682 706 verum,
2711 641 2852 712 quod
2884 642 3011 702 illud
3041 655 3401 713 exspectares,
3433 660 3489 701 ut

1921 725 2014 779 tibi
2044 740 2073 779 a
2103 741 2189 782 me
2226 728 2490 784 scribendi
2535 729 2728 786 tlducis
2755 734 3080 801 praeberetur
3111 754 3124 790 :
3169 751 3232 790 ac
3275 737 3404 791 mihi
3439 739 3489 792 li-

1922 825 2152 870 terarum
2182 833 2299 888 quae
2324 835 2410 874 me
2435 820 2503 875 de
2533 822 2762 879 nominis
2784 824 2856 879 tui
2876 826 3134 892 claritate,
3162 827 3246 883 cui
3269 835 3500 898 quanto-

1921 921 2045 974 pere
2076 907 2276 963 faveam
2327 925 2430 964 non
2466 913 2696 981 ignoras,
2740 917 3023 972 certiorem
3054 916 3267 986 faciant,
3317 919 3502 989 iugeri.

1922 1007 2026 1051 tem
2052 999 2260 1068 copiam
2287 1002 2433 1054 mitte
2463 1020 2476 1055 :
2508 1018 2603 1059 nec
2633 1005 2898 1073 permitte,
2931 1016 2987 1061 ut
3034 1009 3280 1064 mmroris
3307 1018 3487 1080 tyran-

1920 1089 2001 1141 nis
2032 1089 2084 1141 in
2111 1089 2378 1145 silentium
2405 1107 2457 1148 te
2487 1093 2755 1162 conjiciat,
2783 1111 2970 1150 verum
3005 1111 3121 1152 eam
3151 1099 3335 1168 quavis
3371 1114 3490 1153 ara.

1919 1196 2033 1234 nea:
2065 1181 2167 1235 tela
2218 1182 2423 1242 facilius
2457 1184 2720 1255 dirumpe,
2751 1195 2910 1256 atque
2937 1187 3165 1243 alacrem
3197 1199 3248 1244 te
3275 1190 3327 1244 in
3372 1192 3489 1246 acie

1921 1271 2113 1339 praebe,
2146 1286 2242 1340 per
2266 1272 2530 1343 ingentem
2561 1276 2806 1330 ﬁduciam
2827 1292 2890 1332 ac
2917 1278 3211 1334 libertatem
3239 1281 3488 1337 adversa-

1919 1361 2026 1416 rios
2052 1370 2313 1417 sternens.
2342 1364 2490 1420 Nunc
2515 1367 2870 1436 adipiscenda:
2890 1370 3090 1437 glorize,
3117 1379 3275 1440 atque
3306 1372 3490 1442 ingen-

1924 1451 1989 1506 tis
2009 1463 2242 1522 quaestus
2279 1459 2502 1513 iaciendi
2536 1468 2742 1528 tempus
2770 1469 2871 1514 est.
2899 1461 3078 1529 Neque
3101 1465 3242 1518 enim
3281 1480 3481 1520 merca-

1921 1553 2022 1607 tor,
2053 1544 2176 1598 dum
2202 1546 2252 1599 in
2284 1556 2436 1616 portu
2471 1548 2698 1615 desidet,
2735 1565 2941 1605 merces
2969 1552 3206 1622 colligit;
3233 1555 3325 1610 sed
3365 1554 3487 1610 dum

1922 1635 2145 1704 ingentia
2191 1636 2356 1690 maria
2405 1638 2618 1704 trajicit,
2669 1654 2731 1692 ac
2778 1641 2966 1695 fluctus
3004 1642 3267 1712 intrepido
3308 1645 3488 1699 animo

1919 1725 2046 1788 adit,
2095 1737 2254 1795 atque
2299 1743 2418 1781 cum
2459 1728 2594 1783 fame
2631 1738 2686 1784 et
2729 1731 2855 1785 feris
2899 1733 3114 1787 marinis
3152 1735 3486 1803 colluctatur,

1921 1817 2216 1887 mult-isque
2260 1819 2391 1873 alias
2428 1819 2766 1877 difficultates
2803 1822 2965 1878 subit.
3010 1823 3134 1879 [hcc
3177 1826 3334 1894 igitur
3375 1827 3489 1897 ipse

1919 1923 2127 1979 quoque
2151 1911 2328 1964 animo
2346 1912 2724 1982 complectens,
2746 1928 2936 1983 nempe
2960 1915 3333 1984 periculorum,
3358 1918 3488 1974 lucri

1918 2000 2074 2052 etiam
2122 2015 2428 2071 magnaeque
2463 2002 2646 2071 gloria:
2669 2045 2684 2068 ,
2716 2018 2779 2059 ac
2828 2006 3165 2073 prtemiorum
3197 2008 3340 2062 omni
3376 2025 3490 2064 ser-

1920 2105 2076 2144 mone
2099 2094 2524 2159 praastantioruin
2547 2103 2754 2162 tempus
2788 2110 2927 2157 esse.
2962 2095 3042 2150 fac
3069 2097 3230 2150 animi
3258 2099 3330 2153 tui
3361 2113 3492 2167 pen-

1919 2197 2037 2234 nam
2069 2183 2289 2248 exeites,
2321 2193 2480 2252 atque
2505 2199 2731 2238 excusso
2760 2186 3005 2240 mcermis
3050 2188 3268 2255 pulvere
3303 2204 3489 2260 magna

1915 2284 2035 2324 cum
2061 2270 2312 2326 facilitate
2335 2274 2634 2327 universam
2657 2273 2966 2344 phalangem
2991 2275 3174 2341 obeas,
3200 2293 3490 2349 omnesque

1920 2361 2170 2426 instruas,
2218 2378 2398 2429 acuas,
2426 2364 2647 2430 excites,
2674 2365 3007 2430 corrobores,
3040 2370 3494 2440 promptioresque

1918 2467 1982 2508 ac
2020 2453 2382 2522 diligentiores
2406 2455 2618 2509 reddas.
2653 2457 2826 2526 Atque
2856 2456 2970 2512 lirec
3006 2458 3158 2514 nobis
3197 2473 3291 2529 per
3317 2461 3494 2516 literas

1921 2554 2036 2598 tuas
2066 2559 2270 2613 expone
2300 2561 2314 2600 :
2358 2561 2453 2600 nec
2489 2561 2554 2601 eo
2579 2546 2719 2615 quod
2753 2556 2867 2601 tuas
2895 2547 3007 2616 ipse
3032 2548 3216 2603 laudes
3239 2561 3484 2606 narratu-

1920 2650 2009 2688 rus
2053 2636 2147 2701 sis,
2187 2645 2398 2700 metue;
2431 2653 2632 2702 verum,
2679 2648 2735 2692 ut
2764 2637 2903 2708 quod
2944 2654 2972 2690 a
3000 2638 3151 2693 nobis
3176 2639 3490 2709 imperatum

1895 2735 2002 2780 .cst
2029 2725 2228 2782 faciens
2249 2768 2265 2794 ,
2290 2729 2425 2782 lianc
2453 2730 2604 2785 nobis
2630 2730 2952 2798 voluptatein
2994 2730 3131 2786 dona
3157 2749 3170 2786 :
3201 2749 3308 2803 quo
3333 2736 3492 2790 etiam

1922 2819 2102 2886 procul
2149 2819 2339 2883 dissiti,
2380 2821 2644 2890 ingentem
2693 2821 2930 2876 lzctitiam
2970 2823 3261 2893 capiamus,
3286 2840 3347 2881 ea
3373 2841 3492 2896 qua:

1921 2907 2059 2964 scire
2084 2909 2323 2978 cupimus
2349 2910 2443 2964 abs
2471 2922 2521 2965 te
2548 2910 2841 2965 audientes.

1920 3042 2084 3098 CXX.
2119 3043 2393 3099 Theodore:
2421 3045 2460 3098 ί.
2486 3042 2766 3117 (Cznsarea:
2794 3047 2844 3099 in
2875 3046 3203 3116 Cappadocia
3229 3064 3353 3104 cum
3389 3049 3490 3107 iret

2372 3136 2422 3189 in
2454 3135 2693 3190 exsilium
2722 3152 2861 3190 anno
2886 3137 3038 3206 40L)

1990 3264 2226 3320 (lonfecti
2261 3274 2420 3334 atque
2444 3267 2738 3336 consumpti
2769 3281 2952 3321 sumus
2979 3308 2996 3334 ,
3021 3275 3269 3323 sexcenta
3307 3270 3494 3326 mortis

1920 3372 2115 3428 genera
2136 3357 2457 3426 oppetiimus
2490 3373 2502 3410 :
2532 3356 2690 3427 idque
2725 3359 3021 3413 accuratius
3045 3373 3108 3414 ac
3132 3361 3328 3415 certius
3365 3376 3491 3416 nar-

1921 3465 2040 3504 rare
2069 3456 2330 3518 poterunt,
2371 3447 2460 3517 qui
2502 3447 2598 3502 has
2624 3449 2803 3503 literas
2833 3449 2923 3504 tibi
2955 3449 3215 3518 reddent;
3249 3451 3493 3523 quamvis

1915 3549 2112 3619 alioqui
2153 3550 2444 3620 perexiguo
2492 3550 2745 3620 temporis
2784 3559 2979 3619 puncto
3020 3565 3228 3605 mecum
3276 3552 3492 3617 fuerint,

1916 3640 2231 3710 quibuscum
2257 3641 2418 3696 etiam
2447 3656 2517 3695 ne
2544 3640 2802 3695 tantillum
2827 3641 3040 3711 quidem
3067 3641 3297 3713 colloqui
3316 3643 3483 3713 petui,

1917 3733 2180 3788 continuis
2202 3733 2448 3788 nimirum
2475 3733 2708 3789 febribus
2729 3733 2966 3803 dcjectus
2995 3751 3009 3790 :
3035 3735 3227 3804 quibus
3255 3751 3376 3791 cum
3413 3746 3489 3791 te-

1924 3838 2098 3887 nerer,
2125 3824 2259 3879 .dies
2294 3833 2581 3894 noctesque
2606 3826 2704 3880 iter
2729 3825 2901 3880 facere
2925 3825 3174 3896 cogebar,
3200 3828 3278 3882 sic
3303 3827 3492 3882 videli-

1918 3925 2026 3983 cet,
2051 3925 2107 3970 iit
2146 3926 2199 3972 et
2223 3925 2354 3970 testu
2393 3918 2739 3988 opprimerer,
2783 3925 2838 3972 et
2874 3917 3062 3985 vigiliis
3100 3917 3408 3980 conficerer,
3441 3925 3496 3973 et

1920 4022 2095 4063 reruni
2113 4009 2527 4062 necessariarum
2541 4009 2779 4076 penuria,
2794 4023 3083 4077 eorumque
3094 4009 3182 4078 qui
3201 4010 3300 4064 mei
3315 4024 3494 4064 curam

1918 4119 2101 4175 gerere
2130 4113 2364 4172 possent,
2393 4103 2588 4172 inopia,
2618 4103 2819 4171 perdite
2845 4102 3198 4157 coiillictarcr.
3222 4103 3492 4173 Siquidem

1923 4196 1984 4248 iis
2001 4197 2088 4264 qni
2119 4196 2184 4248 ad
2208 4195 2416 4249 metalla
2429 4194 2660 4248 damnati
2679 4202 2819 4256 sunt,
2847 4203 2900 4247 et
2918 4193 2969 4247 in
2990 4193 3215 4249 vinculis
3231 4201 3492 4258 tenentur,

1919 4285 2162 4354 graviora
2207 4293 2262 4339 et
2311 4284 2572 4339 atrociora
2622 4282 2956 4352 pertulimus,
3005 4291 3164 4352 atque
3205 4282 3490 4337 etiamnum

1922 4377 2253 4444 perferimus.
2283 4374 2521 4429 Tandem
2548 4383 2723 4428 autem
2753 4373 3036 4443 aliquando
3055 4384 3108 4427 et
3145 4388 3285 4442 agre
3309 4369 3493 4426 Caesa-

1923 4486 2065 4525 ream
2098 4469 2332 4538 perveni,
2361 4467 2580 4538 perinde
2616 4477 2774 4536 atque
2817 4481 2846 4520 a
2891 4472 3201 4535 tempestate
3242 4463 3306 4518 ad
3351 4473 3491 4519 tran~

1920 4560 2230 4630 quillittitcm
2263 4568 2316 4614 et
2339 4557 2404 4612 ad
2432 4567 2662 4628 portum.
2693 4557 2884 4615 Verum
2928 4573 2994 4611 ne
3019 4555 3105 4610 hic
3125 4554 3335 4625 quidem
3373 4565 3506 4624 por-‘

1922 4662 2004 4706 lus
2025 4667 2140 4704 cam
2167 4650 2272 4707 vim
2301 4648 2504 4710 habuit,
2533 4656 2591 4702 ut
2616 4662 2701 4702 me
2726 4661 2791 4706 ex
2828 4647 2891 4701 iis
2916 4645 3086 4711 malis,
3119 4659 3236 4714 quae
3261 4659 3326 4699 ex
3353 4652 3491 4700 tem-

1923 4753 2124 4812 pestate
2159 4750 2537 4796 contraxeram
2559 4779 2575 4804 ,
2604 4746 2870 4794 recrearet
2897 4754 2911 4791 :
2940 4750 3103 4805 usque
3126 4734 3263 4789 adeo
3287 4748 3375 4789 me
3391 4775 3407 4800 ,
3435 4745 3488 4790 nt

1921 4835 2032 4904 jam
2077 4833 2206 4899 dixi,
2238 4832 2383 4902 prius
2407 4841 2611 4899 tempus
2637 4828 2958 4884 confecerat.
2989 4825 3091 4880 Sed
3122 4833 3294 4878 tamen
3321 4823 3489 4879 Ctesi-

1922 4943 2064 4982 reani
2095 4926 2386 4996 ingressus,
2414 4924 2650 4978 animum
2678 4922 2998 4991 aliquantum
3035 4917 3316 4986 resumpsi,
3353 4932 3488 4986 qun-

1923 5019 2062 5072 iiiani
2087 5032 2268 5086 puram
2299 5030 2489 5086 aquam
2518 5013 2648 5079 bibi,
2686 5026 2976 5082 panemque
3006 5009 3219 5062 minime
3246 5007 3489 5062 fmtiduni

1919 5123 1982 5162 ac
2011 5107 2309 5176 praedurum
2339 5103 2544 5161 comedi
2569 5103 2843 5172 :quoniain
2864 5102 2916 5154 in
2945 5099 3201 5153 doliorum
3228 5095 3480 5167 fragmen-

1922 5200 1991 5252 tis
2017 5213 2120 5252 iion
2143 5209 2202 5251 ut
2232 5205 2384 5251 antea
2407 5209 2600 5263 corpus
2623 5193 2743 5256 lavi,
2769 5191 2860 5246 sed
2891 5189 3158 5256 balneum,
3181 5186 3457 5257 qualecuni

1921 5307 2022 5362 quc
2053 5291 2264 5345 tandem
2287 5289 2434 5354 illud,
2457 5296 2641 5341 nactus
2671 5301 2788 5339 sum
2825 5303 2836 5338 :
2869 5283 3113 5352 quoniam
3140 5281 3366 5350 denique
3393 5297 3460 5348 po

1922 5392 2084 5436 testas
2111 5381 2317 5435 interim
2362 5379 2486 5433 mihi
2516 5379 2652 5432 lecto
2677 5374 3024 5431 dccnniiiendi
3047 5375 3178 5427 facta
3211 5381 3309 5427 est.
3332 5371 3482 5428 l’lure

1921 5474 2098 5526 dicere
2131 5471 2321 5524 licebat
2349 5487 2362 5522 :
2392 5485 2573 5522 verum
2607 5485 2671 5521 ne
2697 5467 2930 5519 animuin
2964 5475 3106 5517 tuum
3146 5461 3461 5516 conturbeni

1922 5567 2006 5619 liic
2053 5564 2279 5618 sermoni
2324 5563 2480 5615 linem
2529 5562 2758 5630 impono.
2805 5557 2932 5612 Illud
2964 5556 3188 5622 addam,
3221 5564 3277 5607 nt
3306 5562 3480 5609 tecum

1920 5675 2090 5728 again,
2123 5672 2189 5712 ne
2217 5671 2329 5718 eos,
2360 5672 2387 5708 a
2414 5653 2602 5723 quibus
2624 5667 2878 5714 amamur,
2913 5647 3117 5718 probris
3139 5661 3478 5717 iimquamin-

1985 5819 1997 5848 ί
2045 5815 2306 5874 reticentis,
2343 5807 2587 5860 Ilicodoro.
