4152 6482
687 532 878 592 sectari
901 532 1141 596 desistas,
1173 529 1312 600 quod
1346 543 1466 585 cum
1506 537 1582 582 tot
1604 525 1806 581 amicos
1839 524 2102 592 tantisque
2130 520 2245 590 opi-

686 603 785 680 bus
811 633 866 679 et
893 621 1122 693 potentia
1143 618 1392 691 praeditos
1416 616 1724 678 habeamus,
1756 615 1897 668 haud
1925 624 2099 667 tamen
2123 610 2251 667 illud

683 713 993 784 consequuti
1020 727 1223 775 sumus,
1251 709 1390 780 quod
1420 707 1581 763 etiam
1607 704 1852 761 scelerati
1881 703 2124 757 homines
2153 702 2254 755 im-

682 813 913 874 petrant,
958 816 1147 872 nempe
1173 810 1230 855 ut
1256 801 1310 855 in
1333 799 1541 855 mitiore
1569 811 1632 852 ac
1661 795 2034 866 propinquiore
2075 791 2252 860 aliquo

682 895 800 950 loco
826 893 1214 948 eollocaremur
1243 908 1259 944 :
1297 904 1503 952 verum,
1535 902 1760 958 corpore
1785 887 1942 942 etiam
1972 883 2126 940 nobis
2139 883 2248 952 jam

686 985 852 1040 fracto
881 993 1040 1055 atque
1078 983 1338 1048 confecto,
1384 991 1438 1036 et
1483 980 1784 1035 lsaurorum
1823 989 2025 1033 terrore
2073 976 2250 1032 omnia

681 1077 980 1139 obsidente,
1029 1075 1214 1146 exigua
1253 1088 1462 1144 quoque
1511 1083 1568 1128 et
1597 1073 1713 1127 vilis
1741 1071 1856 1126 haec
1893 1070 2062 1140 gratia
2097 1067 2250 1123 nobis

683 1174 868 1234 negata
911 1176 1012 1221 est.
1050 1165 1159 1219 Hoc
1183 1178 1393 1235 quoque
1433 1164 1649 1218 nomine
1679 1161 1775 1217 Dei
1803 1161 1969 1232 gloria
1997 1158 2253 1230 praedice-

686 1271 792 1311 tur.
830 1256 1011 1325 Neque
1046 1254 1186 1311 enim
1217 1255 1265 1310 ei
1311 1265 1522 1325 propter
1548 1253 1722 1309 omnia
1753 1253 1972 1324 gloriam
1999 1251 2252 1308 exhibere

680 1349 989 1409 desinimus.
1021 1347 1102 1404 Sit
1126 1349 1442 1417 nomenejas
1470 1347 1776 1400 benedictum
1805 1345 1857 1399 in
1885 1344 2070 1399 male
2125 1341 2247 1415 (Job

682 1438 868 1500 l.2f).
903 1439 977 1494 De
1029 1447 1081 1494 te
1117 1454 1244 1492 vero
1285 1436 1418 1492 illud
1453 1435 1798 1493 vehementer
1837 1450 1957 1490 sum
2003 1435 2245 1499 miratus,

677 1527 839 1599 quod.
885 1538 1004 1583 cum
1059 1537 1298 1598 quartam
1333 1528 1441 1597 jam
1486 1527 1642 1594 hanc,
1687 1526 1960 1582 autetiam
2007 1525 2248 1596 quintam

678 1618 955 1686 epistolam
984 1617 1050 1673 ad
1069 1626 1119 1672 te
1143 1618 1402 1682 miserim,
1435 1616 1642 1674 unicam
1671 1626 1848 1672 tamen
1869 1616 2141 1672 dumtaxat
2159 1631 2252 1672 ac-

677 1711 815 1780 cepi.
836 1711 995 1780 Atqui
1014 1710 1206 1779 saepius
1230 1709 1466 1766 scribere
1490 1709 1706 1766 minime
1727 1707 1941 1764 dillieile
1966 1699 2250 1765 erat.'ll.ec

679 1815 838 1868 porro
861 1815 964 1855 non
987 1799 1264 1854 accusandi
1290 1800 1468 1856 animo
1487 1799 1608 1856 dico
1637 1816 1652 1853 :
1683 1801 1920 1856 caritatis
1942 1801 2086 1855 enim
2111 1801 2234 1854 ofli-

675 1893 754 1946 eia
786 1891 1066 1948 voluntatis
1091 1902 1234 1959 sunt,
1263 1907 1369 1992 pou
1396 1892 1749 1947 necessitatis.
1774 1891 1971 1992 verum
2000 1891 2245 1992 illudme

676 1983 810 2037 male
832 1983 1008 2048 habet,
1037 1982 1176 2054 quod
1200 1982 1284 2039 ine
1307 1999 1372 2038 ex
1395 1985 1571 2040 animo
1598 1993 1689 2040 tuo
1714 1984 1991 2040 confestim
2018 1985 2241 2056 ejecisti:

677 2080 732 2126 ut
755 2088 874 2142 quae
902 2083 1006 2126 tam
1042 2073 1199 2142 longo
1221 2081 1459 2144 tempore
1481 2090 1637 2129 unam
1666 2074 1943 2130 dumtaxat
1967 2075 2243 2145 epistolam

673 2163 740 2218 ad
771 2178 856 2218 me
880 2163 1107 2218 miseris.
1137 2164 1414 2230 Quocirca,
1447 2165 1490 2218 si
1521 2164 1649 2219 nihil
1680 2179 1839 2236 grave
1865 2180 1927 2220 ac
1960 2166 2242 2220 molestum

672 2255 764 2308 abs
807 2264 858 2309 te
904 2256 1147 2324 petimus,
1192 2256 1292 2310 hoc
1328 2256 1480 2311 nobis
1525 2258 1720 2327 praebe,
1754 2257 1893 2327 quod
1934 2260 2007 2312 tul
2041 2257 2241 2313 arbitrii

674 2353 776 2408 est,
825 2354 1029 2412 tuaeque
1070 2345 1367 2414 potestatis.
1408 2345 1538 2400 Nam
1577 2346 1644 2402 de
1669 2347 1873 2402 ceteris
1912 2346 2068 2402 rebus
2109 2346 2242 2403 nihil

674 2434 765 2488 tibi
798 2436 990 2504 negotii
1019 2435 1222 2490 facesso
1249 2453 1263 2490 :
1296 2452 1364 2491 ne
1395 2446 1743 2507 pneterquam
1769 2438 1908 2507 quod
1954 2437 2084 2493 nihil
2114 2454 2239 2509 pro-

672 2526 864 2588 ticiam,
907 2526 1062 2579 etiam
1089 2527 1263 2595 gravis
1283 2535 1335 2582 et
1362 2528 1689 2597 importunus
1719 2528 1812 2584 tibi
1835 2543 1954 2586 esse
1975 2530 2175 2585 videar.

692 2679 888 2735 CXXI.
924 2681 1107 2736 Arabio
1136 2681 1232 2756 (a).
1281 2684 1602 2838 (Anteqmn;
1635 2684 1898 2740 Cucmum
1943 2685 2242 2743 advenisset

1277 2781 1417 2821 atino
1446 2769 1478 2822 4
1559 2807 1572 2820 .

1277 2781 1417 2821 atino
1446 2769 1572 2822 404.

737 2897 940 2952 Mter-ori
963 2916 1055 2953 sua
1083 2917 1266 2955 merces
1289 2911 1380 2956 est.
1401 2931 1469 2941 —
1494 2901 1734 2957 Mteroris
1755 2901 2044 2965 fornacem,
2074 2915 2230 2972 quam

663 2992 733 3043 ob
760 3004 821 3044 ea
852 3030 868 3056 ,
894 3006 1012 3061 qua:
1052 2991 1331 3048 adversum
1380 3007 1475 3048 nos
1515 3002 1811 3063 perpetrata
1852 3002 2023 3060 sunt,
2057 2996 2236 3051 animo

663 3078 1009 3148 cireunifers,
1049 3097 1113 3136 ex
1169 3082 1271 3137 tuis
1312 3083 1478 3138 literis
1520 3084 1852 3153 apertissime
1892 3085 2148 3154 cognovi:
2180 3093 2237 3140 et

659 3173 870 3243 quidem
896 3184 1020 3230 ante
1044 3174 1153 3244 jam
1181 3190 1450 3230 noveram.
1495 3175 1676 3246 Neque
1701 3175 1844 3230 enim
1874 3175 1978 3230 vim
2007 3190 2124 3232 eam
2153 3178 2232 3230 la-

658 3279 958 3336 crymarum
981 3307 997 3331 ,
1021 3281 1178 3336 quam
1202 3282 1322 3322 cum
1363 3269 1592 3338 primum
1620 3268 1734 3324 hac
1763 3268 1898 3323 mala
1929 3277 2232 3326 tererentur

659 3357 1042 3428 profundebas,
1073 3376 1319 3432 umquam
1352 3361 1591 3418 oblivisci
1617 3363 1930 3434 poterimus.
1962 3362 2228 3418 Czeterutn

656 3448 876 3518 epistola
893 3466 1102 3520 quoque
1119 3461 1202 3505 tua
1233 3467 1334 3507 non
1360 3453 1553 3518 minus,
1572 3468 1730 3522 quam
1760 3452 1864 3508 illa:
1893 3452 2141 3525 lacrymae
2165 3468 2228 3509 ac

655 3540 897 3608 gemitus,
931 3543 1173 3596 mmroris
1199 3542 1462 3596 flammam
1485 3585 1500 3610 ,
1532 3558 1649 3612 qua:
1676 3543 1727 3597 iu
1766 3557 1861 3598 cor
1907 3552 2055 3598 tuum
2095 3543 2228 3600 irre-

655 3630 780 3699 psit,
810 3630 959 3684 nobis
1004 3631 1266 3700 patefecit.
1299 3632 1494 3686 florum
1528 3641 1584 3687 tu
1615 3631 1915 3688 mercedem
1942 3648 1972 3687 a
2000 3633 2227 3704 benigno

655 3719 764 3773 Deo
789 3732 1075 3789 exspecta:
1107 3730 1188 3776 est
1223 3723 1361 3776 enim
1402 3724 1561 3778 etiam
1603 3724 1847 3778 mteroris
1876 3738 2080 3779 merces
2109 3740 2224 3778 ma-

652 3823 754 3877 gna
780 3819 934 3878 atque
970 3812 1162 3880 ampla.
1192 3812 1319 3866 Nam
1359 3822 1412 3866 et
1445 3827 1509 3867 eo
1536 3822 1773 3882 tempore
1797 3854 1811 3876 ,
1835 3829 1946 3883 quo
1969 3814 2106 3882 apud
2135 3814 2226 3868 ειυς

651 3901 796 3954 dares
819 3905 938 3955 vitia
995 3903 1304 3973 flagrabant,
1331 3905 1566 3959 nonnulli
1591 3915 1762 3972 erant,
1788 3905 1879 3975 qui
1900 3921 2019 3960 eum
2040 3920 2223 3961 eorum

651 3993 850 4046 scelera
878 3995 1142 4063 corrigere
1176 4011 1278 4049 non
1308 4005 1520 4063 possent
1545 4037 1559 4062 ,
1592 3996 1736 4051 luctu
1762 3997 2036 4051 dumtaxat
2060 4008 2114 4054 et
2144 3998 2223 4052 la-

649 4084 845 4153 erymis
866 4097 926 4136 ea
959 4085 1427 4154 prosequebantur,
1452 4097 1610 4154 atque
1635 4085 1894 4154 ejusmodi
1920 4086 2221 4142 mercedem

648 4176 956 4242 consequuti
1000 4185 1123 4228 sunt
1152 4216 1166 4238 ,
1213 4185 1269 4229 ut
1317 4191 1436 4230 eum
1485 4177 1662 4231 exteri
1708 4190 1894 4232 omnes
1941 4178 2172 4245 perirent
2202 4220 2217 4245 ,

649 4271 806 4332 atque
834 4265 1188 4320 internecione
1211 4266 1519 4321 delerentur
1545 4309 1559 4333 ,
1594 4267 1692 4336 ipsi
1735 4268 1865 4321 iram
1907 4267 2216 4338 eﬂ'ugerent.

655 4350 800 4406 Pone
828 4354 1022 4424 signum
1046 4398 1060 4419 ,
1092 4357 1258 4425 inquit
1298 4356 1566 4426 Scriptura
1595 4398 1608 4422 ,
1645 4375 1794 4428 super
1828 4360 1994 4414 vultus
2018 4377 2219 4431 gemen-

651 4445 835 4497 tiuntet
866 4446 1134 4500 dolentium
1159 4449 1174 4516 (
1199 4448 1380 4503 Eucli.
1418 4449 1468 4504 9.
1501 4449 1594 4522 4).
1636 4451 1792 4521 Atqui
1827 4465 1932 4505 non
1963 4451 2220 4520 impedie-

652 4536 778 4588 bant
801 4537 1079 4602 quominus
1101 4537 1214 4591 hucc
1243 4542 1443 4602 tierent,
1472 4539 1562 4594 sed
1577 4540 1697 4608 quia
1719 4540 1858 4609 quod
1888 4541 1939 4594 in
1958 4541 2086 4610 ipsis
2105 4549 2222 4596 erat

652 4626 1004 4695 praestabant,
1035 4629 1313 4694 gemebant
1341 4630 1543 4684 scilicet
1564 4638 1720 4699 atque
1746 4631 1999 4686 dolebant
2016 4672 2032 4696 ,
2053 4633 2222 4686 maxi-

650 4733 793 4772 mum
827 4717 948 4771 hinc
975 4719 1071 4772 sibi
1098 4722 1400 4789 presidium
1428 4732 1821 4792 compararunt.
1856 4723 1963 4778 Vos
1984 4739 2216 4794 quoque,

651 4809 847 4864 domini
877 4811 1001 4876 mei,
1034 4811 1147 4866 sine
1177 4814 1278 4868 ulla
1313 4815 1706 4871 intermissione
1733 4815 1847 4872 hzec
1878 4816 2052 4887 lugete
2078 4858 2092 4882 ,
2126 4819 2216 4892 be-

648 4900 965 4972 nignumque
1006 4903 1166 4958 Deum
1209 4917 1355 4963 omte
1385 4949 1399 4975 ,
1426 4919 1482 4962 ut
1511 4925 1791 4965 commune
1831 4911 1978 4966 orbis
2008 4912 2218 4968 naufra-

649 4994 786 5058 gium
842 4996 1176 5063 comprimat.
1219 4997 1377 5053 Scitis
1424 5002 1563 5054 enim
1617 5005 1928 5071 perSpicue,
1957 5004 2166 5074 inquam
2199 5045 2215 5072 ,

643 5081 793 5136 scitis
819 5087 991 5139 omnia
1024 5090 1332 5144 tumultibus
1363 5107 1422 5145 ac
1447 5095 1841 5161 perturbatione
1877 5097 2029 5164 plena
2051 5113 2168 5152 esse
2198 5141 2213 5166 ,

648 5176 748 5229 hec
783 5189 877 5244 pro
918 5176 1506 5250 Constantinpolitana
1547 5192 1748 5239 tantum
1778 5187 1907 5242 urbe
1939 5228 1953 5251 ,
1986 5189 2076 5243 sed
2121 5207 2216 5259 pro

650 5267 904 5322 universo
926 5279 1180 5325 terrarum
1201 5275 1328 5329 orbe
1351 5291 1534 5344 preces
1559 5277 1853 5333 fundeudas
1876 5295 1993 5334 esse
2015 5300 2025 5333 :
2046 5297 2214 5351 quau-

638 5359 930 5430 doquidem
953 5362 1148 5416 malum
1169 5365 1314 5420 initio
1333 5367 1456 5422 hinc
1473 5367 1650 5433 ducto,
1683 5369 1920 5439 pestifcri
1938 5372 2214 5440 cujusdam

650 5450 889 5520 profluvii
918 5453 1084 5506 instar
1111 5454 1334 5509 clTusum
1367 5500 1380 5522 ,
1417 5474 1512 5528 per
1547 5461 1851 5514 universum
1891 5463 2074 5517 orbem
2119 5465 2217 5519 Ec-

649 5543 836 5596 elesias
861 5551 1142 5610 pervastat.
1176 5546 1326 5612 Quod
1355 5560 1530 5603 autem
1570 5565 1598 5603 a
1631 5551 1782 5605 nobis
1815 5553 2083 5622 postulas,
2118 5555 2216 5612 hoc

649 5636 807 5689 etiam
836 5635 967 5704 ipse,
1001 5637 1249 5704 quamdiu
1286 5654 1508 5710 corpore
1549 5643 1687 5699 inter
1713 5660 1809 5699 nos
1831 5644 2080 5716 disjuneti
2107 5649 2217 5704 cri-

814 5768 1191 5846 gttnc_Ambium
1231 5785 1566 5827 commemorat
1603 5791 1747 5842 supra
1783 5781 1828 5830 in
1864 5779 2066 5845 epistoh
2086 5781 2135 5846 8,
2159 5783 2217 5833 ad

662 5825 987 5892 .tljvupiauetn.

1386 417 1442 474 8.
1480 412 1756 474 JOANNIS
1778 409 2252 471 CHRYSOSTOHI
2282 409 2597 467 ARCl't'lBP.
2627 407 3161 470 CONSTANTINOP.

3835 414 3944 474 676

2363 535 2482 576 mus
2510 523 2654 591 (nam
2692 525 2872 578 animo
2913 538 3126 594 semper
3161 534 3217 581 et
3247 535 3420 582 tecum
3455 534 3512 582 et
3533 541 3658 582 eum
3687 528 3944 586 universa

2359 618 2445 665 tua
2481 609 2677 666 familia
2720 614 2991 670 constricti
3016 615 3261 686 sumus),
3293 625 3352 671 ut
3385 615 3549 674 facias
3584 634 3770 690 quaso
3793 662 3809 686 ,
3838 619 3942 679 hoc

2358 711 2442 757 est
2469 716 2612 773 sape
2649 705 2716 759 ad
2747 721 2845 762 nos
2883 706 3116 763 scribere
3141 748 3155 773 ,
3189 722 3390 779 nosque
3415 710 3484 766 de
3512 719 3602 765 tua
3633 711 3944 771 valetudine

2357 795 2614 850 certiores
2637 793 2812 851 facere
2837 811 2903 852 ne
2926 799 3183 868 graveris.
3233 798 3350 854 Scis
3376 801 3518 856 enim
3542 818 3703 873 quam
3728 814 3945 874 gratum

2359 882 2410 937 id
2440 883 2593 940 nobis
2615 883 2846 941 futurum
2878 889 2966 943 sit.
2993 888 3253 957 Quoniam
3295 903 3470 948 autem
3511 909 3610 950 nos
3637 896 3691 951 in
3719 896 3943 955 domum

2358 983 2501 1030 tuam
2529 974 3019 1049 diverterejuseisti
3045 1021 3060 1045 ,
3092 990 3149 1036 ut
3194 993 3314 1053 post
3350 985 3649 1054 profectum
3691 989 3894 1047 edidici
3923 1033 3942 1059 ,

2358 1069 2494 1124 scito
2517 1069 2746 1127 inimicis
2775 1072 2974 1128 nostris
3004 1088 3110 1130 non
3132 1075 3241 1144 jam
3268 1075 3532 1139 placuisse
3551 1087 3611 1135 nt
3633 1079 3939 1139 Sebastiam

2355 1157 2771 1227 abduceremur,
2802 1177 2984 1218 verum
3010 1166 3062 1220 in
3091 1165 3512 1224 desertissimum
3541 1170 3716 1228 locum
3747 1173 3942 1230 Arine-

2357 1248 2459 1304 nite
2481 1246 2766 1320 (incusum,
2793 1262 2952 1323 atque
2980 1255 3050 1310 ob
3075 1255 3377 1313 Isaurorum
3406 1260 3766 1318 incursionem
3797 1265 3943 1335 peri-

2355 1339 2768 1398 culosissimum.
2807 1343 2926 1407 Tibi
2957 1354 3132 1402 tamen
3165 1349 3390 1419 gratiam
3435 1349 3728 1419 habemus,
3759 1354 3938 1411 hono-

2355 1444 2573 1502 remque
2613 1435 2915 1504 accepimus
2948 1477 2964 1500 ,
3015 1437 3156 1507 quod
3209 1439 3369 1494 etiam
3410 1454 3533 1495 cum
3579 1442 3936 1514 abessemus,

2356 1530 2497 1576 tanta
2546 1531 2599 1578 te
2649 1526 2814 1581 nostri
2860 1540 2986 1581 cura
3033 1529 3231 1594 tenuit,
3286 1540 3344 1585 ut
3388 1530 3675 1602 hospitium
3723 1551 3938 1607 quoque

2354 1612 2505 1667 nobis
2545 1629 2758 1683 parares
2786 1658 2801 1682 ,
2836 1627 2994 1689 atque
3023 1660 3039 1685 ,
3085 1628 3145 1674 ut
3181 1619 3325 1676 domi
3358 1631 3461 1678 tua:
3494 1623 3896 1683 diversaremur
3917 1672 3932 1695 ,

2351 1704 2679 1762 obsecrares.
2723 1707 2920 1764 Verum
2949 1711 2994 1766 si
3025 1727 3162 1782 quos
3188 1711 3383 1771 Cucusi
3406 1717 3608 1774 amicos
3638 1718 3810 1775 habes
3828 1762 3844 1787 ,
3869 1722 3935 1777 ad

2349 1807 2445 1852 eos
2472 1795 2652 1852 literas
2673 1797 2858 1855 mittas
2878 1800 3056 1857 velim.

2432 1926 2670 1984 CXXII.
2700 1929 2989 1988 Marciano.
3015 1933 3233 2005 (Cucusi
3257 1950 3398 1992 amto
3417 1937 3522 1994 404
3553 1939 3638 1996 vel
3667 1940 3825 2012 405.)

2419 2060 2614 2119 Beatus
2639 2078 2730 2130 es,
2759 2078 2825 2121 ac
2867 2075 2948 2122 ter
2977 2066 3201 2136 beatus,
3226 2070 3385 2141 idque
3419 2072 3649 2143 sapius,
3679 2084 3737 2131 ut
3766 2077 3855 2148 qui
3880 2077 3932 2135 ia

2350 2159 2458 2208 tam
2499 2155 2654 2225 gravi
2704 2163 3022 2226 tempestate
3054 2199 3070 2224 ,
3097 2161 3363 2231 tantisque
3409 2178 3591 2220 rerum
3627 2169 3883 2236 procellis
3906 2209 3925 2237 ,

2349 2252 2509 2302 tanta:
2531 2259 2658 2316 erga
2682 2261 2945 2318 pauperes
2979 2249 3314 2308 liberalitatis
3347 2254 3622 2324 specimen
3670 2256 3930 2315 edideris.

2345 2332 2529 2405 hisque
2583 2337 2728 2393 enim
2765 2339 2920 2394 nobis
2961 2340 3150 2411 ingens
3188 2351 3276 2398 tua
3322 2343 3624 2416 benignitas
3663 2347 3932 2421 incognita

2346 2426 2442 2482 iuit
2460 2469 2477 2496 ,
2515 2429 2763 2501 quodque
2783 2433 3082 2489 communis
3107 2434 3357 2494 omnibus
3384 2448 3570 2508 portus
3611 2442 3888 2499 exstiteris
3913 2484 3930 2512 ,

2347 2517 2665 2590 pupillorum
2692 2523 3046 2591 patrocinium
3078 2525 3396 2597 suscipiens,
3426 2529 3704 2585 viduarum
3735 2547 3931 2589 mmm-

2343 2623 2458 2664 rem
2483 2611 2626 2666 omni
2645 2613 2852 2670 ratione
2881 2614 3107 2682 leniens,
3128 2630 3315 2672 earum
3337 2617 3571 2689 inopiam
3591 2631 3928 2692 sustentans,

2345 2710 2710 2771 paupertatem
2740 2704 2922 2762 levans
2952 2748 2968 2774 ,
3000 2722 3064 2762 ac
3084 2723 3154 2764 ne
3177 2707 3399 2779 huiusce
3423 2709 3640 2781 quidem
3666 2717 3929 2786 angustia

2341 2807 2501 2849 sensu
2520 2809 2613 2851 eos
2631 2796 2770 2852 affici
2787 2799 2990 2866 sinetis,
3014 2815 3198 2856 verum
3214 2801 3424 2873 quidvis
3441 2803 3571 2874 ipsis
3587 2814 3639 2861 te
3657 2807 3924 2877 prmbens,

2339 2883 2656 2954 p'ebemque
2699 2884 3001 2946 universam
3028 2891 3311 2958 frumento,
3345 2893 3494 2959 vino,
3520 2895 3680 2965 oleo,
3697 2899 3926 2970 aliisque

2338 2975 2584 3031 omnibus
2611 2977 2768 3037 rebus
2791 2978 2960 3036 alens.
2986 2981 3126 3038 Deus
3141 2983 3235 3039 tibi
3256 2992 3314 3040 et
3339 2984 3425 3041 hic
3439 2995 3495 3041 et
3523 2987 3576 3042 in
3602 2985 3788 3044 futuro
3807 3006 3926 3048 avo

2337 3067 2631 3138 largitionis
2660 3070 2817 3141 hujus
2839 3113 2855 3139 ,
2886 3073 3260 3132 munificentia:
3289 3118 3306 3143 ,
3334 3077 3494 3134 studii
3524 3119 3539 3145 ,
3568 3081 3703 3147 zeli,
3723 3084 3923 3139 amoris

2336 3174 2461 3230 erga
2491 3176 2770 3232 pauperes,
2793 3173 2846 3218 et
2861 3164 3082 3221 sincera:
3106 3167 3342 3223 caritatis
3368 3169 3673 3226 mercedem
3701 3173 3916 3242 pendat,

2335 3250 2596 3321 siquidem
2623 3255 2871 3311 omnibus
2898 3257 2982 3312 his
3021 3258 3302 3315 virtutibus
3339 3259 3582 3319 abundas
3613 3278 3679 3320 ac
3713 3263 3876 3322 ﬂores
3900 3309 3916 3333 ,

2335 3343 2566 3397 maxima
2597 3343 2688 3400 tibi
2725 3347 2943 3415 praemia
2990 3349 3043 3403 in
3079 3347 3256 3406 futuro
3290 3365 3406 3407 aevo
3447 3353 3764 3410 recondens.
3798 3357 3918 3414 ιιωι

2332 3446 2431 3488 nos
2453 3433 2520 3489 de
2551 3435 2904 3493 te-audientes
2927 3479 2942 3505 ,
2976 3438 3100 3494 licet
3137 3440 3188 3494 iu
3233 3451 3376 3497 tanta
3403 3443 3690 3501 solitudine
3722 3462 3910 3504 verse-

2332 3539 2469 3588 mur,
2493 3540 2555 3580 ac
2583 3527 2766 3582 multis
2797 3529 3150 3587 incommodis
3190 3532 3424 3604 undique
3465 3551 3721 3594 vexemur
3747 3558 3762 3606 ;
3794 3558 3914 3598 nant

2330 3624 2384 3670 et
2410 3615 2628 3672 lsauriei
2648 3629 2820 3674 metus
2849 3621 3057 3676 obsidio
3078 3665 3093 3690 ,
3115 3632 3170 3680 et
3194 3624 3295 3680 loci
3333 3627 3566 3686 solitudo
3591 3672 3607 3694 ,
3638 3641 3695 3686 et
3726 3633 3915 3692 hiemis

2329 3710 2588 3778 asperitas
2632 3726 2732 3766 nos
2786 3713 3132 3770 vehementer
3159 3718 3349 3786 pretnit
3377 3737 3392 3774 :
3420 3731 3596 3777 tamen
3635 3740 3704 3781 ne
3744 3730 3913 3786 mole-

2330 3801 2549 3853 stiarum
2567 3801 2778 3870 quidem
2796 3817 2955 3858 sensu
2973 3804 3255 3872 afﬁcimur,
3285 3825 3469 3865 verum
3490 3813 3760 3884 ingentem
3782 3834 3910 3875 cou-

2328 3890 2642 3947 solationem
2685 3894 2994 3965 accipmus,
3025 3899 3349 3955 exsultantes
3395 3912 3451 3957 et
3494 3905 3791 3974 gaudentes
3843 3912 3909 3968 ob

2329 3990 2502 4037 tantas
2529 3986 2780 4050 virtutes,
2810 4000 2874 4040 ac
2907 3986 3118 4043 divitias
3144 4004 3357 4047 omnem
3397 3995 3653 4052 orationis
3685 3998 3905 4056 faculto

2329 4079 2434 4127 tem
2465 4074 2785 4131 excedentes
2815 4118 2830 4140 ,
2857 4094 2991 4149 quas
3034 4080 3085 4136 iu
3117 4082 3250 4137 celo
3278 4083 3371 4140 tibi
3407 4086 3505 4156 ipsi
3544 4093 3807 4152 cumulas.
3843 4094 3907 4152 Iit

2326 4164 2482 4235 igitur
2505 4166 2611 4221 alio
2640 4184 2850 4238 quoque
2877 4172 3091 4226 nomine
3121 4173 3378 4238 hetemur.
3403 4193 3491 4246 ne,
3519 4196 3725 4250 quaeso,
3749 4201 3904 4256 quam

2324 4259 2618 4328 saepissime
2646 4261 2711 4314 ad
2745 4277 2842 4316 nos
2869 4263 3126 4326 scribere,
3149 4265 3320 4337 deque
3346 4278 3434 4325 tua
3460 4271 3904 4336 valetudine-heia

2326 4352 2478 4405 nobis
2520 4354 2766 4409 nuntiare
2801 4357 3057 4424 graveris.
3098 4359 3229 4414 Nam
3269 4361 3337 4417 de
3379 4379 3442 4418 ea
3485 4365 3683 4437 aliquid
3721 4373 3906 4430 audire

2327 4443 2584 4510 majorem
2617 4445 2668 4498 iu
2697 4446 2910 4502 modum
2939 4450 3199 4520 cupimus.
3230 4453 3391 4524 quue
3414 4456 3526 4526 ipse
3547 4460 3709 4516 etiam
3742 4467 3900 4520 nosti:

2323 4533 2750 4604 quandoquidem
2799 4537 2928 4594 illud
2988 4557 3199 4612 quoque
3250 4545 3341 4600 tibi
3389 4562 3724 4621 compertum
3782 4567 3898 4626 est,

2323 4635 2524 4694 quanto
2550 4628 2624 4682 tui
2653 4642 2866 4701 semper
2890 4647 3074 4689 amore
3098 4645 3390 4694 teneamur.

2323 4775 2566 4833 CXXIII
2574 4779 2873 4840 .Pltamiciw
2897 4787 3198 4858 presbyteris
3219 4799 3265 4844 et
3291 4795 3553 4850 monachis
3571 4837 3588 4862 ,
3616 4803 3828 4869 gentiles
3851 4806 3901 4861 in

2355 4870 2646 4929 Christiana
2661 4877 2900 4947 religione
2915 4879 3299 4939 instituentibus.
3321 4883 3551 4957 (Cucuso
3560 4904 3704 4947 anno
3716 4894 3867 4968 405.)

2391 5008 2804 5078 Gubernatores,
2823 5028 2942 5068 cum
2970 5031 3116 5074 mare
3138 5017 3314 5074 furore
3339 5023 3594 5092 percitum
3622 5036 3676 5082 et
3701 5030 3900 5086 excita-

2323 5107 2431 5152 tum
2453 5141 2467 5161 ,
2511 5112 2669 5170 atque
2695 5102 2962 5174 ingentem
2994 5117 3363 5178 tempestatem
3392 5129 3455 5170 ac
3486 5117 3752 5176 turbinem
3782 5137 3900 5179 cer-

2321 5205 2471 5251 nnut.
2493 5209 2597 5247 non
2622 5196 2779 5250 modo
2810 5201 2984 5253 navim
3018 5216 3123 5255 non
3150 5202 3439 5270 deserunt,
3475 5207 3571 5264 sed
3591 5210 3756 5268 etiam
3780 5222 3901 5272 tunc

2322 5285 2520 5354 majore
2547 5287 2906 5344 sollicitudine
2936 5307 2998 5346 ac
3019 5292 3196 5348 studio
3230 5306 3480 5364 utuntur,
3511 5309 3620 5354 tum
3644 5303 3748 5373 ipsi
3776 5304 3900 5377 vigi-

2322 5377 2517 5444 lnulcs,
2562 5389 2670 5433 tum
2700 5380 2832 5438 alios
2869 5383 3180 5440 excitantes.
3215 5387 3505 5460 Medieique
3531 5407 3753 5463 rursus,
3781 5411 3896 5459 eum

2322 5469 2508 5525 febrim
2563 5473 2843 5528 excitatam
2891 5476 3236 5532 vehementer
3284 5481 3478 5538 smvire
3529 5485 3895 5556 prospiciunt,

2321 5572 2577 5631 argrutum
2605 5580 2709 5618 non
2732 5565 2889 5620 modo
2916 5583 3020 5622 non
3052 5569 3373 5639 relinquunt,
3399 5587 3582 5628 verum
3599 5575 3762 5632 etiam
3788 5587 3892 5633 tum

2321 5653 2549 5725 denique
2573 5695 2588 5720 ,
2612 5666 2664 5710 et
2686 5672 2778 5726 per
2804 5672 2862 5712 se
2888 5700 2902 5720 ,
2930 5667 2982 5714 et
3013 5675 3104 5729 per
3133 5661 3355 5715 aliorum
3386 5678 3600 5735 operam
3629 5667 3694 5721 ad
3725 5669 3893 5737 proni-

2322 5742 2549 5816 gandum
2580 5747 2824 5802 morbum
2867 5749 2983 5817 plus
3028 5749 3188 5805 studii
3222 5762 3380 5821 atque
3423 5771 3600 5824 operae
3624 5758 3890 5814 adhibent.

2328 5839 2592 5907 Quorsum
2619 5836 2735 5896 ιιωο
2760 5842 3161 5899 commemoro?
3207 5843 3463 5901 Nimirum
3492 5856 3542 5897 ut
3571 5864 3640 5905 ne
3662 5852 3784 5920 quis
3809 5865 3892 5908 vos
