4152 6494
233 439 340 496 οττ

229 554 308 613 ob
334 561 581 613 exortum
612 547 892 607 tumultum
921 548 973 603 lu
1014 543 1252 603 fraudem
1285 542 1541 614 impellat,
1567 541 1828 598 adducat-

236 662 369 719 que,
402 655 459 702 ut
482 643 808 714 thniciam
838 638 1150 709 relinquatis
1183 678 1198 704 ,
1239 650 1304 691 ex
1327 649 1498 704 eaque
1523 631 1786 689 secedatis
1812 649 1826 684 :

230 738 364 808 quin
395 737 588 807 potius,
611 748 719 804 quo
734 733 910 802 plures
935 728 1276 786 difﬁcultates
1302 726 1452 781 vobis
1478 724 1824 796 objiciuntur,

229 827 613 896 gravioresque
642 823 833 878 fluctus
857 835 920 876 ac
947 819 1117 888 major
1147 815 1500 887 perturbatio,
1526 827 1593 870 eo
1617 819 1829 884 quoque

229 918 566 976 constantius
620 914 915 980 laboretis,
974 910 1252 967 excubctis
1280 950 1296 978 ,
1349 908 1609 977 majorem
1664 905 1827 960 animi

233 1007 711 1081 promptitudinem
741 1003 1038 1061 adhibeatis
1062 1044 1078 1070 ,
1105 1011 1166 1057 ut
1194 1016 1260 1056 ne
1290 996 1697 1071 prteclarissima
1737 1011 1830 1051 ve-

229 1115 342 1160 stra
369 1100 694 1159 substructio
721 1106 958 1164 corruat,
987 1109 1084 1153 nec
1115 1101 1292 1149 tantus
1311 1098 1490 1147 vester
1525 1090 1676 1145 labor
1717 1087 1828 1142 fru-

226 1206 323 1250 ctu
348 1201 547 1257 carcat,
577 1198 929 1260 susceptaque
959 1188 1011 1242 in
1041 1185 1335 1240 animarum
1361 1183 1506 1239 cultu
1539 1196 1702 1252 opera
1727 1181 1824 1236 dc-

228 1288 424 1342 leatur.
453 1286 636 1339 Potest
663 1283 808 1337 enim
841 1281 979 1334 Deus
1007 1288 1063 1334 et
1094 1278 1234 1331 hunc
1264 1276 1548 1331 tumultum
1595 1274 1786 1328 sedare
1805 1315 1821 1336 ,

225 1388 284 1434 et
305 1374 577 1446 patientia:
620 1371 924 1445 mercedem
964 1367 1116 1424 vobis
1153 1366 1422 1422 conferre.
1470 1363 1655 1434 Neque
1681 1363 1823 1419 enim

230 1477 380 1524 tanta
412 1465 562 1521 vobis
589 1478 797 1520 merces
821 1461 1113 1518 constituta
1140 1466 1258 1513 erat
1279 1497 1293 1522 ,
1323 1473 1448 1512 cum
1473 1455 1684 1526 negotia
1709 1455 1827 1511 sine

228 1559 339 1615 ulla
381 1556 694 1613 difﬁcultate
731 1568 796 1608 ac
843 1551 1088 1607 molestia
1130 1548 1554 1604 conﬁciebantur
1581 1586 1597 1612 ,
1628 1554 1825 1616 quanta

229 1665 377 1706 nunc
399 1657 482 1705 est
513 1689 527 1712 ,
558 1661 680 1703 cum
711 1657 903 1714 magna
930 1641 1217 1698 difﬁcultas
1246 1640 1562 1711 proponitur
1593 1680 1609 1706 ,
1638 1639 1826 1709 ingens

228 1739 596 1812 perturbatio,
628 1735 886 1806 multique
915 1732 1238 1789 oﬂ'endiculo
1268 1741 1412 1788 sunt.
1451 1730 1711 1799 Quocirca
1744 1731 1824 1785 la-

228 1833 419 1889 borem
449 1846 573 1887 eum
600 1871 613 1896 ,
646 1841 806 1899 quem
839 1825 1132 1896 pertulistis
1155 1865 1170 1889 ,
1223 1834 1279 1880 et
1327 1838 1621 1879 aerumnam
1663 1837 1824 1892 quam

227 1920 580 1983 sustinuistis,
601 1926 659 1974 et
683 1931 746 1972 ea
769 1957 785 1980 ,
812 1931 933 1987 qua:
959 1915 1214 1986 praeclare
1235 1913 1478 1986 gessistis
1502 1953 1517 1978 ,
1550 1913 1824 1968 vobiscum

229 2019 575 2084 reputantes,
604 2007 841 2080 illudque
874 2009 999 2062 item
1026 2047 1043 2074 ,
1089 2007 1198 2061 Deo
1235 2005 1444 2062 favente
1483 2013 1684 2060 tantam
1715 2005 1825 2075 jam

228 2103 521 2177 impietatis
549 2111 758 2174 partem
787 2116 818 2154 a
845 2099 996 2156 vobis
1014 2099 1328 2156 exstinctam
1346 2113 1488 2162 esse,
1510 2097 1828 2154 Phazniciae-

225 2212 337 2269 que
361 2210 451 2252 res
471 2195 522 2250 in
555 2193 746 2249 melius
777 2192 1123 2264 processisse,
1145 2207 1209 2246 ac
1228 2191 1486 2261 majorem
1514 2206 1657 2246 nunc
1686 2206 1827 2246 mer-

225 2287 416 2345 cedem
456 2286 879 2356 amplioremque
929 2283 1418 2339 remunerationem
1467 2282 1620 2337 vobis
1667 2280 1783 2338 fore
1810 2323 1823 2346 .

224 2380 462 2448 denique
485 2377 650 2432 Deum
674 2373 1053 2446 impedimenta
1067 2387 1277 2445 quoque
1301 2373 1447 2429 brevi
1464 2368 1823 2434 sublaturum.

225 2476 289 2525 et.
310 2467 478 2522 multa
504 2465 655 2522 vobis
690 2465 962 2536 patientia:
1001 2464 1218 2535 przentia
1247 2463 1644 2532 persoluturum
1666 2478 1789 2519 esse
1809 2505 1822 2528 ,

226 2560 340 2616 illic
369 2573 553 2630 qumso
577 2566 886 2630 permanete
907 2565 1067 2626 atque
1093 2554 1392 2610 consistite.
1425 2552 1559 2608 Nam
1587 2568 1655 2608 ne
1682 2569 1825 2609 nunc

224 2652 447 2724 quidem
476 2649 626 2706 vobis
651 2648 939 2720 quidquam
967 2645 1156 2702 deesse
1188 2653 1394 2716 potest:
1427 2659 1526 2714 ego
1549 2643 1694 2700 enim
1722 2685 1737 2711 ,
1771 2654 1828 2698 ut

225 2744 433 2809 omnia,
467 2753 572 2797 tam
604 2743 655 2796 in
687 2739 1032 2804 indumentis,
1060 2753 1220 2810 quam
1253 2738 1304 2792 in
1338 2736 1741 2804 calceamentis,
1764 2751 1828 2793 ac

229 2836 458 2891 fratrum
486 2833 776 2900 alimentis,
807 2831 996 2887 eadem
1021 2845 1125 2902 qua
1153 2829 1300 2901 prius
1324 2833 1478 2900 copia
1509 2839 1562 2886 et
1590 2829 1824 2888 afﬁuen-

226 2930 303 2984 tia
324 2928 480 2984 vobis
507 2926 938 2998 suppeditentur,
971 2924 1248 2995 imperavi.
1278 2924 1432 2991 Quod
1461 2924 1506 2980 si
1534 2940 1632 2981 nos
1657 2966 1674 2993 ,
1704 2939 1825 2980 cum

221 3022 286 3078 in
331 3027 479 3074 tanta
528 3017 831 3072 calamitate
872 3023 1031 3085 atque
1073 3015 1368 3070 acerbitate
1407 3029 1686 3070 versemur
1711 3056 1728 3082 ,
1768 3030 1832 3070 ac

225 3113 430 3171 Cucusi
455 3113 798 3168 solitudinem
843 3109 1136 3165 incolamus
1166 3148 1181 3173 ,
1222 3116 1421 3162 tantam
1454 3108 1634 3176 operis
1659 3110 1820 3164 vestri

227 3221 416 3262 curam
447 3205 681 3276 gerimus
700 3244 716 3270 ,
765 3202 936 3258 multo
977 3215 1108 3255 sane
1156 3198 1323 3270 magis
1352 3213 1448 3254 vos
1475 3198 1636 3254 etiam
1661 3240 1676 3265 ,
1705 3215 1827 3255 cum

227 3296 446 3354 abunde
472 3297 622 3352 vobis
650 3295 829 3351 omnia
859 3301 1148 3364 suppetant
1175 3333 1191 3358 ,
1225 3307 1345 3362 qua:
1373 3301 1675 3346 vestrarum
1707 3307 1824 3363 par-

231 3392 366 3446 tium
388 3399 516 3446 sunt
544 3398 798 3460 praestare
821 3386 1089 3443 convenit.
1121 3384 1271 3455 Rogo
1295 3384 1472 3454 igitur,
1492 3400 1559 3438 ne
1587 3385 1707 3455 quis
1733 3400 1829 3440 vos

232 3491 453 3538 terreat.
487 3480 620 3536 Nam
658 3489 713 3536 et
742 3479 951 3549 negotia
993 3477 1272 3532 meliorem
1306 3475 1418 3546 jatn
1459 3491 1612 3545 spem
1649 3485 1829 3531 osten-

228 3576 401 3630 dunt:
433 3574 593 3645 idque
618 3573 720 3644 ipsi
747 3588 812 3628 ex
841 3572 1138 3632 literarum,
1169 3585 1291 3640 qttzc
1319 3583 1348 3622 a
1375 3568 1828 3624 reverendissimo

229 3668 455 3724 domino
493 3682 613 3722 meo
638 3665 954 3737 presbytero
978 3663 1292 3718 Constantio
1322 3662 1501 3717 missae
1532 3671 1658 3717 sunt
1685 3704 1698 3726 ,
1733 3680 1830 3719 ex-

230 3759 432 3829 emplis
462 3757 617 3813 facile
642 3756 969 3827 intelligetis.
1003 3757 1082 3810 Ac
1107 3755 1151 3808 si
1181 3752 1541 3823 pcrmaneatis
1573 3794 1588 3820 ,
1616 3754 1830 3810 etiamsi

232 3858 488 3907 sexcenta
519 3847 897 3919 impedimenta
921 3845 1250 3909 oboriantur,
1279 3844 1458 3900 omnia
1481 3852 1659 3900 tamen
1686 3845 1834 3901 fran-

233 3945 396 4016 getis.

312 4032 571 4088 Patientia
599 4031 716 4102 rupi
755 4031 935 4086 similis
976 4038 1080 4096 est;
1109 4029 1177 4083 ad
1221 4030 1517 4099 patientiam
1555 4029 1787 4081 hortatur
1814 4067 1830 4092 ,
1917 4071 1922 4074 .

236 4125 584 4198 apostolorum
613 4124 899 4195 exemplum
922 4139 1232 4194 proponens.
1257 4152 1329 4162 —
1353 4119 1493 4176 Nihil
1521 4120 1719 4191 quippe
1740 4132 1834 4189 pa-

238 4221 478 4278 tientiam
523 4233 587 4276 ac
644 4217 976 4274 tolerantiam
1025 4231 1238 4288 aequare
1292 4215 1650 4287 potest:rupi
1690 4213 1832 4269 enim

237 4313 434 4368 similis
454 4320 567 4368 est:
600 4321 788 4367 contra
819 4319 996 4365 motus
1054 4310 1090 4363 ii
1137 4322 1327 4363 omnes
1367 4321 1553 4378 eaeque
1579 4304 1786 4361 insidia:
1817 4345 1831 4369 ,

239 4421 359 4478 quae
385 4405 640 4460 adversus
673 4403 966 4459 Ecclesiam
995 4409 1292 4468 struuntur,
1319 4399 1566 4456 ﬂuctibus
1595 4413 1702 4454 non
1727 4396 1837 4452 dis-

238 4496 448 4551 similes
471 4502 599 4550 sunt
631 4535 646 4558 ,
695 4495 785 4564 qui
816 4493 932 4562 rupi
963 4491 1244 4546 illiduntur
1274 4533 1287 4554 ,
1321 4500 1480 4559 atque
1511 4490 1562 4543 in
1591 4502 1833 4559 spumam

240 4600 394 4641 suam
421 4585 641 4640 abeunt.
670 4583 727 4638 lu
776 4590 1010 4639 mentem
1055 4583 1209 4637 vobis
1237 4581 1436 4645 veniat,
1464 4590 1660 4651 quanta
1700 4593 1834 4648 apo-

241 4677 366 4732 stoli
397 4653 506 4732 tum
537 4691 568 4730 a
598 4676 708 4731 suis
733 4716 748 4742 ,
796 4686 905 4730 tum
936 4675 1003 4730 ab
1048 4674 1247 4729 exteris
1287 4673 1656 4742 pertulerunt:
1684 4679 1739 4728 et
1781 4680 1837 4724 ut

242 4783 407 4823 omne
435 4766 832 4838 praedicationis
860 4775 1069 4837 tempus
1093 4781 1187 4835 per
1212 4765 1556 4828 tentationes,
1578 4777 1673 4832 per
1701 4761 1842 4833 peri-

242 4860 387 4925 cula,
421 4875 516 4930 per
537 4858 758 4915 insidias
779 4858 1136 4923 confecerint,
1167 4871 1310 4911 nunc
1329 4869 1546 4912 carcere
1569 4863 1624 4910 et
1652 4853 1837 4909 vincu-

244 4951 333 5015 lis,
364 4965 506 5005 nunc
529 4949 755 5014 exsiliis,
790 4963 931 5004 nunc
954 4947 1155 5018 ﬂagris,
1182 4963 1323 5002 nunc
1359 4946 1502 5002 fame
1528 4954 1581 5000 et
1602 4943 1841 5000 nuditate

243 5041 571 5111 consumpti.
603 5040 670 5094 Et
699 5050 898 5107 tamen,
922 5040 1081 5094 etiam
1108 5054 1229 5093 cum
1254 5039 1304 5092 in
1323 5053 1542 5094 carcere
1562 5035 1840 5107 degerent,

245 5151 276 5188 a
328 5127 551 5190 munere
602 5133 704 5188 sibi
752 5133 1042 5188 commisso
1093 5147 1200 5187 non
1246 5131 1576 5187 absistehant
1609 5148 1622 5185 :
1655 5145 1839 5184 verum

250 5227 438 5279 beatus
469 5224 664 5279 Paulus
698 5265 713 5290 ,
761 5223 920 5279 etiam
951 5238 1072 5278 cum
1123 5223 1176 5277 in
1213 5222 1426 5276 vincula
1471 5225 1749 5290 conjectus
1778 5233 1843 5274 ac

251 5315 435 5385 flagris
459 5315 709 5370 concisus
732 5323 918 5380 esset,
964 5323 1019 5368 et
1046 5327 1240 5368 cruore
1267 5311 1535 5368 difflueret
1567 5351 1584 5380 ,
1613 5321 1668 5368 et
1697 5311 1844 5382 ligno

249 5407 498 5478 alligatus
526 5413 762 5472 esset,et
775 5413 854 5460 tot
880 5405 1031 5460 malis
1055 5413 1411 5475 premeretur,
1444 5413 1619 5460 tamen
1651 5405 1704 5460 in
1727 5403 1844 5475 ipso

250 5512 468 5569 quoque
508 5513 725 5554 carcere
753 5496 1006 5552 antistitis
1036 5497 1174 5552 sacri
1219 5511 1444 5552 munere
1480 5496 1801 5567 fungebatur
1827 5535 1842 5564 ,

252 5600 309 5647 et
332 5589 570 5646 carceris
599 5588 877 5646 custodem
909 5586 1252 5659 baptizabat,
1281 5602 1452 5658 eaque
1472 5588 1652 5643 omnia
1681 5626 1698 5653 ,
1723 5600 1845 5658 qua:

1689 427 2061 486 EPISTOLE.

3430 435 3540 492 678

1936 543 2016 596 sui
2050 541 2290 598 muneris
2312 549 2469 598 erant
2495 542 2910 614 exsequebatur.
2941 543 3068 601 llzec
3104 544 3265 616 igitur
3305 550 3487 610 omnia
3515 594 3531 621 ,

1933 633 2142 705 aliaque
2171 633 2222 688 id
2244 650 2413 704 genus
2444 635 2626 690 animo
2648 635 2948 700 volventes,
2969 645 3029 691 ut
3054 653 3148 693 vos
3159 639 3271 708 jam
3286 639 3532 697 hortatus

1933 741 2074 794 sum,
2107 728 2245 782 ﬁrmi
2275 735 2438 798 atque
2460 727 2763 784 immobiles
2808 739 2949 785 state
2969 773 2982 796 ,
3014 740 3069 786 et
3093 747 3122 786 a
3153 732 3549 792 fraudibusca~

1934 829 2074 883 vetc,
2109 818 2205 872 Dei
2229 833 2386 887 opem
2413 827 2575 888 atque
2601 820 2881 888 auxilium,
2900 822 2984 876 cui
3009 821 3140 878 nihil
3170 839 3268 894 par
3286 840 3408 882 esse
3438 841 3543 897 po-

1934 918 2038 964 test
2069 950 2084 976 ,
2123 918 2536 979 exspectantes:
2565 925 2628 966 ac
2652 910 2721 966 de
2748 912 3002 967 omnibus
3025 913 3108 969 his
3138 913 3302 971 rebus
3325 957 3342 985 ,
3374 926 3432 973 ut
3450 933 3530 974 reo

1933 1016 2189 1072 Sponsum
2217 1017 2247 1056 a
2280 1002 2428 1058 vobis
2453 1002 2714 1069 feramus,
2736 1013 2940 1060 curate.
2979 1004 3090 1061 llac
3113 1006 3258 1061 enim
3278 1006 3346 1063 de
3371 1023 3533 1066 causa

1932 1096 2093 1150 etiam
2143 1094 2403 1151 Joannem
2452 1095 2916 1167 religiosissimum
2959 1101 3333 1170 presbyterum
3386 1087 3557 1159 misi?

1931 1202 2072 1254 mus,
2102 1197 2160 1242 ut
2183 1203 2278 1242 vos
2304 1188 2620 1243 cohortetur
2649 1229 2664 1256 ,
2700 1203 2800 1244 nec
2827 1204 2922 1244 vos
2951 1204 2982 1246 a
3009 1206 3278 1262 quoquam
3312 1203 3531 1265 pertur-

1931 1278 2045 1333 bari
2075 1278 2237 1334 sinat.
2270 1278 2529 1349 Equidem
2576 1279 2692 1350 ipse
2714 1320 2729 1345 ,
2783 1280 2928 1350 quod
2972 1282 3078 1337 mei
3110 1283 3348 1340 muneris
3375 1293 3493 1341 erat
3526 1327 3540 1352 ,

1934 1372 2175 1441 praestiti,
2213 1381 2324 1428 tum
2353 1386 2449 1427 vos
2472 1372 2815 1428 sermonibus
2844 1373 3138 1430 eohortans
3169 1417 3184 1441 ,
3214 1385 3324 1432 tum
3355 1379 3535 1435 consi-

1934 1461 2018 1517 liis
2039 1462 2272 1532 erigens,
2297 1471 2409 1517 tum
2447 1478 2509 1518 ea
2535 1477 2656 1533 quae
2678 1477 2815 1532 opus
2839 1475 2996 1536 erant
3027 1466 3236 1536 prolixe
3266 1467 3532 1525 submini-

1931 1528 2145 1622 stratis,
2165 1569 2279 1625 quo
2320 1555 2453 1610 nihil
2479 1528 2881 1612 oninino'vobg
2926 1528 3156 1615 deesset.
3188 1560 3341 1627 Quod
3371 1562 3419 1618 si
3447 1577 3535 1619 me

1933 1645 2175 1716 perferre
2204 1647 2425 1704 minime
2446 1648 2744 1715 volueritis,
2775 1664 2960 1704 verum
2994 1650 3060 1705 iis
3092 1651 3286 1721 potius,
3317 1654 3408 1723 qui
3437 1669 3536 1710 vos

1931 1740 2204 1810 decipiunt
2226 1755 2290 1796 ac
2318 1742 2464 1796 velut
2489 1755 2695 1810 pennas
2715 1741 2868 1798 vobis
2894 1743 3119 1813 addunt,
3143 1745 3300 1802 ﬁdem
3330 1747 3533 1804 habea-

1933 1833 2021 1896 tis,
2052 1840 2200 1886 extra
2226 1831 2438 1902 culpam
2467 1833 2582 1903 ipse
2610 1847 2756 1888 sum.
2777 1833 2941 1889 Scitis
2967 1837 3238 1900 autem,in
3267 1838 3420 1908 cujus
3441 1853 3534 1893 ca-

1936 1932 2030 1994 put
2058 1924 2176 1980 baac
2200 1924 2581 1980 condemnatio
2625 1933 2786 1996 atque
2825 1925 3037 1996 jactura
3064 1928 3240 1986 cadat.
3268 1929 3348 1985 Ne
3375 1931 3538 2001 igitur

1933 2017 2223 2089 quidquam
2245 2015 2551 2088 hujusmodi
2575 2018 2870 2089 contingat,
2894 2033 2992 2075 vos
3011 2021 3173 2076 etiam
3194 2030 3356 2094 atque
3369 2024 3534 2080 etiam

1935 2123 2069 2178 rogo
2099 2149 2114 2174 ,
2139 2116 2198 2162 ut
2223 2121 2312 2163 me
2341 2147 2357 2171 ,
2389 2107 2482 2178 qui
2512 2121 2610 2162 vos
2640 2109 2882 2179 impense
2929 2125 3054 2164 amo
3081 2150 3098 2176 ,
3123 2111 3431 2181 perforatis.
3462 2115 3538 2170 De

1936 2200 2098 2256 rebus
2123 2199 2276 2256 vobis
2307 2200 2629 2256 necessariis
2655 2201 2740 2256 vel
2771 2201 2838 2256 ad
2877 2216 2976 2258 nos
3014 2203 3235 2260 scribite
3264 2245 3283 2272 ,
3332 2206 3417 2262 vel
3445 2248 3462 2274 ,
3489 2211 3536 2263 si

1936 2293 2006 2346 ita
2029 2293 2180 2348 lubet
2203 2333 2220 2358 ,
2245 2291 2519 2349 hominem
2542 2293 2773 2350 mittite:
2806 2309 2906 2351 nec
2932 2295 3085 2352 vobis
3105 2297 3399 2369 quidquam
3428 2315 3540 2355 om-

1938 2385 2066 2438 nino
2094 2382 2408 2439 defuturum
2439 2393 2544 2440 est.

2006 2495 2187 2590 CXXf
2203 2495 2263 2552 V.
2308 2495 2554 2552 Gemello.
2591 2496 2827 2569 (Cucuso
2862 2514 3006 2554 anno
3045 2501 3153 2557 404
3183 2502 3271 2558 vel
3309 2504 3462 2575 405.)

2007 2610 2113 2664 Alii
2144 2608 2362 2678 quidem
2399 2608 2472 2665 ob
2501 2609 2871 2680 magistratum
2898 2611 2992 2666 tibi
3028 2614 3368 2682 gratulantur
3396 2632 3408 2668 :
3439 2629 3541 2687 ego

1935 2715 2114 2758 autem
2143 2703 2262 2758 urbi
2303 2718 2367 2758 ac
2406 2703 2521 2772 tibi,
2552 2719 2658 2758 non
2690 2704 2759 2760 ob
2790 2704 2932 2760 hunc
2976 2705 3262 2772 honorem,
3289 2722 3399 2778 quo
3439 2722 3539 2761 au-

1933 2804 2052 2849 ctus
2080 2809 2139 2850 es
2169 2793 2476 2864 (sublimior
2501 2795 2644 2850 enim
2679 2795 2762 2849 bis
2791 2795 2952 2852 rebus
2986 2811 3107 2853 esse
3133 2797 3416 2871 didicisti),
3441 2799 3535 2855 sed

1937 2884 2080 2956 quod
2107 2884 2449 2940 occasionem
2479 2894 2670 2941 nactus
2711 2887 2803 2949 sis,
2839 2901 2941 2957 qua
2972 2886 3272 2958 prudentia:
3311 2904 3374 2944 ac
3404 2889 3538 2946 leni-

1940 2966 2063 3033 tatis
2107 2987 2212 3032 tua:
2257 2977 2538 3047 specimen
2577 2979 2986 3049 quamplurimis
3032 2979 3340 3036 hominibus
3383 2980 3541 3038 facile

1941 3071 2199 3141 przebcas,
2256 3069 2598 3141 lucrumque,
2652 3071 2793 3141 quod
2851 3070 2976 3127 hinc
3029 3073 3223 3140 oritur,
3280 3074 3539 3146 colligere

1938 3177 2126 3230 queas.
2171 3161 2357 3232 Neque
2387 3162 2531 3217 enim
2565 3162 2696 3217 milii
2736 3162 2958 3218 dubium
2997 3174 3102 3232 est,
3152 3165 3281 3236 quin
3313 3181 3406 3222 eos
3445 3167 3538 3237 qui

1939 3266 2098 3312 terra:
2124 3257 2348 3311 nimium
2378 3255 2526 3311 affixi
2555 3264 2699 3322 sunt,
2733 3267 2898 3328 atque
2940 3258 3024 3314 bis
3065 3260 3313 3329 somniis,
3346 3260 3400 3317 id
3435 3269 3541 3326 est,

1941 3346 2188 3402 humana:
2215 3346 2421 3418 gloriae,
2450 3346 2683 3414 inhiant,
2719 3346 2823 3404 hoc
2862 3347 3091 3406 cdocere
3122 3351 3319 3421 possis,
3347 3360 3547 3422 prauo-

1939 3455 2053 3495 rem
2083 3454 2190 3495 non
2222 3439 2276 3494 in
2304 3447 2455 3496 veste
2499 3455 2562 3496 ac
2594 3441 2832 3513 cingulo,
2887 3458 2990 3498 nec
3038 3444 3090 3498 in
3123 3445 3396 3514 praeconis
3412 3460 3545 3501 voce

1939 3532 2099 3588 situm
2131 3547 2284 3598 esse;
2310 3548 2498 3589 verum
2531 3533 2584 3589 in
2611 3533 2713 3590 hoc
2741 3533 2981 3604 demum,
3008 3546 3065 3590 ut
3085 3553 3204 3607 qua:
3228 3537 3542 3594 labefactata

1939 3635 2063 3679 sunt
2090 3626 2142 3680 in
2191 3625 2455 3696 integrum
2504 3627 2772 3693 restituat,
2813 3637 2868 3683 et
2897 3644 3015 3699 quae
3046 3630 3191 3686 malo
3233 3639 3377 3687 statu
3419 3641 3546 3686 sunt

1941 3719 2198 3790 corrigat,
2224 3727 2384 3790 atque
2410 3720 2724 3789 injustitiam
2751 3730 3018 3788 coerceat,
3039 3738 3140 3779 nec
3149 3723 3238 3793 jus
3262 3725 3331 3781 ab
3354 3725 3546 3795 opibus

1940 3819 1994 3865 et
2023 3811 2257 3880 potentia
2282 3812 2513 3882 Opprimi
2545 3813 2798 3883 patiatur.
2826 3812 2954 3868 Mihi
2986 3815 3128 3870 enim
3157 3816 3434 3885 explorata
3460 3825 3544 3872 est

1941 3903 2105 3959 animi
2137 3905 2212 3960 tui
2256 3904 2470 3970 ﬁducia,
2503 3907 2756 3978 loquendi
2789 3907 3032 3976 libertas,
3063 3911 3259 3966 mentis
3287 3911 3541 3968 sublimi-

1944 4003 2045 4060 tas,
2067 4011 2244 4051 rerum
2263 3996 2420 4066 hujus
2433 3998 2556 4053 vita:
2573 4000 2928 4069 contemptio,
2949 4001 3314 4072 improborum
3337 4004 3544 4075 odium,

1944 4087 2170 4155 lenitas,
2225 4088 2560 4155 humanitas,
2608 4105 2712 4160 qua
2757 4091 3097 4162 potissimum
3155 4094 3231 4158 is,
3290 4096 3378 4165 qui
3427 4096 3546 4151 aliis

1945 4186 2159 4248 praeest,
2188 4194 2323 4248 npus
2366 4179 2547 4236 habet.
2577 4184 2656 4236 Ac
2685 4182 2910 4250 proinde
2949 4182 3081 4238 illud
3114 4185 3282 4254 probe
3320 4188 3464 4251 novi,
3496 4198 3546 4241 te

1945 4258 2096 4326 facile
2127 4271 2237 4326 fore
2269 4269 2647 4341 naufragorum
2689 4285 2924 4342 portum,
2958 4273 3206 4330 baculum
3250 4278 3542 4342 ruentium,

1947 4363 2134 4417 turrim
2164 4378 2351 4418 eorum
2396 4365 2485 4434 qui
2515 4379 2610 4433 per
2657 4364 2906 4435 injuriam
2951 4381 2981 4421 a
3031 4368 3336 4437 potentibus
3366 4371 3547 4441 oppri-

1947 4464 2185 4511 utuntur.
2233 4455 2349 4510 Non
2387 4456 2527 4510 enim
2574 4457 2744 4524 labor,
2797 4473 2906 4513 non
2959 4459 3141 4526 sudor,
3183 4475 3288 4515 non
3330 4462 3545 4531 longum

1949 4557 2156 4617 tempus
2183 4546 2250 4602 ad
2277 4547 2393 4603 hate
2429 4547 2754 4618 perﬁcienda
2786 4550 3079 4620 requiritur
3109 4569 3123 4606 :
3150 4568 3337 4607 verum
3361 4569 3547 4624 quein-

1947 4638 2235 4694 adutodum
2289 4640 2390 4708 sol,
2423 4640 2584 4695 simul
2623 4649 2786 4712 atque
2818 4641 2980 4709 lucet,
3036 4644 3217 4698 statim
3265 4644 3546 4715 caliginem

1948 4746 2162 4786 omnem
2194 4729 2338 4802 fugat
2363 4749 2377 4786 :
2407 4732 2485 4786 sic
2514 4731 2673 4788 etiam
2700 4739 2772 4798 te,
2806 4733 3146 4805 simulatque
3173 4735 3224 4788 in
3254 4735 3390 4789 solio
3417 4749 3548 4790 cou-

1949 4831 2164 4891 spectus
2197 4837 2277 4890 cs,
2307 4824 2478 4893 primo
2517 4823 2815 4891 etiamdie,
2860 4833 2972 4879 tum
3027 4839 3122 4881 eos
3163 4825 3252 4896 qui
3299 4825 3546 4896 injuriam

1949 4916 2070 4970 aliis
2099 4913 2298 4971 inferre
2343 4915 2696 4982 conabantur,
2727 4917 3070 4987 repressisse,
3097 4927 3206 4971 tum
3237 4933 3332 4973 eos
3359 4921 3552 4990 quibus

1952 5007 2145 5077 injuria
2176 5007 2357 5074 ﬁebat,
2389 5008 2550 5063 etiam
2581 5017 2864 5079 antequam
2889 5007 2955 5063 ad
2987 5009 3214 5064 tribunal
3238 5009 3548 5078 accederes,

1951 5101 2096 5155 omni
2123 5101 2405 5156 vexatione
2437 5100 2696 5156 liberasse
2725 5100 2960 5169 conﬁdo,
2989 5112 3149 5174 atque
3178 5104 3245 5158 ad
3277 5103 3395 5160 ltzec
3425 5120 3550 5175 per-

1955 5191 2177 5247 ﬁcienda
2205 5192 2336 5246 satis
2364 5202 2448 5246 est
2473 5208 2534 5247 ea
2569 5192 2752 5262 opinio
2782 5208 2941 5264 quam
2971 5193 3221 5251 homines
3246 5195 3312 5252 de
3338 5204 3429 5252 tua
3458 5211 3550 5251 sa-

1957 5282 2155 5356 pientia
2185 5284 2476 5341 habebant.
2513 5285 2640 5342 ldeo
2685 5287 2788 5342 etsi
2821 5287 2872 5342 in
2917 5287 3210 5345 solitudine
3237 5290 3459 5361 degens,
3489 5301 3552 5343 ac

1956 5380 2136 5435 multis
2181 5379 2539 5435 incommodis
2588 5380 2831 5446 affectus,
2889 5381 3087 5453 ingenti
3138 5391 3316 5439 tamen
3366 5381 3550 5438 laetitia

1955 5471 2266 5542 perfundor,
2298 5471 2551 5526 nimirum
2578 5488 2642 5528 ex
2669 5488 2754 5538 ea,
2786 5486 2944 5543 quam
2977 5473 3040 5528 iis
3060 5474 3147 5545 qui
3177 5474 3441 5531 laeduntur
3466 5473 3546 5530 ιτα

1955 5563 2062 5620 fers
2090 5578 2214 5634 ope,
2245 5564 2515 5635 propriam
2548 5563 2678 5620 mihi
2707 5564 3037 5635 voluptatem
3069 5564 3294 5638 ﬁngens.

1327 5747 2484 5827 Mamaeae-aw—
