4152 6496
265 444 376 501 σ-ιο
1707 421 2087 481 EPISTOLA'I.
3425 415 3536 474 680

262 560 459 634 χιερέα
491 555 656 611 αὑτοῦ
697 555 940 626 ἀδίκημα
985 552 1084 624 τὴν
1129 549 1483 622 ἀποστροφὴν
1516 547 1697 602 αὐτῶν
1732 545 2112 617 ποιουμένους.
2165 543 2360 598 Καίτοι
2402 559 2466 612 γε
2505 541 2564 596 ἑν
2611 540 2791 604 ἄλλοις
2838 538 3094 634 φαίνεται
3131 532 3415 634 παροινῶν
3445 538 3538 634 Διιιη

261 628 600 725 adsumat
632 651 740 706 ἀπὸ
765 651 862 721 τῆς
904 647 1254 718 Ἐκκλησίας.
1290 646 1384 709 Εἰς
1405 643 1564 697 τοῦτο
1597 643 1654 696 δὲ
1696 642 1946 712 ὕστερον,
1981 640 2058 704 ὡς
2088 639 2255 702 ἔοικε,
2297 638 2552 710 μετέστη,
2581 635 2770 706 ἐπειδὴ
2805 635 2897 688 καὶ
2926 635 2981 725 oi
3003 630 3193 686 τοῦτον
3212 628 3541 725 ἀδίκως-ἐκ·-

264 720 549 810 6ᾆλόντες,
578 745 677 816 οὐχ
706 737 786 806 οἷς
817 720 1052 812 ἔπραξεν
1079 737 1360 808 εστερξαν,
1397 734 1538 790 ἀλλὰ
1565 734 1662 789 καὶ
1693 731 2045 804 καταδρομὰς
2078 730 2176 786 καὶ
2199 729 2495 793 ὶπιὸουλὰς
2528 727 2671 782 κατὰ
2701 725 2812 780 τῶν
2843 724 2994 796 αὐτῷ
3022 720 3542 796 προσανακιιμινων

261 840 366 895 καὶ
397 815 694 910 ὑπερορίας
728 833 1173 903 ιπαλαμήσαντο.
1206 848 1224 880 ι
1265 827 1321 881 In
1372 826 1606 894 epistola
1661 824 1726 879 ad
1779 825 1901 896 Cyri

1898 826 2069 880 iacum
2100 821 2437 891 episcopum,
2469 833 2632 889 quam
2677 819 2732 874 in
2766 817 3009 875 secundo
3055 815 3279 887 scripsit
3320 815 3538 879 exsilio.

265 931 556 987 Arsacium
595 931 892 986 insectatus
924 926 1158 981 delirum
1181 931 1236 980 et
1267 921 1544 976 moechum
1572 930 1752 985 vocat,
1789 919 2080 990 laudatque
2106 933 2202 973 eos
2229 917 2321 987 qui
2346 916 2468 986 eius
2500 913 2947 970 communionem
2980 920 3325 975 aversantur,
3355 920 3545 982 utpote

261 1006 366 1100 qui
406 1035 627 1097 propter
663 1025 860 1085 Deum,
890 1030 945 1076 et
978 1029 1198 1091 propter
1228 1015 1549 1086 iniustitiam
1594 1015 2008 1085 arcliiepiscOpo
2038 1028 2140 1069 suo
2171 1013 2377 1068 illatam
2417 1012 2487 1067 ab
2529 1010 2647 1082 ipso
2694 1016 3068 1080 segregantur.
3102 1006 3160 1062 ln
3195 1005 3319 1062 aliis
3355 1015 3541 1063 tamen

271 1124 415 1180 locis
436 1123 688 1178 hortatur
714 1133 782 1174 ne
815 1117 884 1172 ab
922 1114 1165 1170 Ecclesia
1205 1119 1546 1181 separentur.
1589 1108 1794 1165 Verum
1838 1110 1919 1165 sic
1948 1108 2143 1164 ultimo
2179 1108 2508 1162 sententiam
2542 1104 2843 1160 mutavisse
2870 1103 3107 1168 videtur,
3140 1103 3267 1172 quia
3295 1102 3332 1157 il
3359 1104 3452 1171 qui
3485 1116 3546 1158 se

262 1217 472 1287 injuste
500 1213 796 1282 eiecerant,
843 1206 1011 1279 gestis
1045 1204 1162 1260 suis
1202 1216 1310 1258 non
1353 1200 1785 1271 acquiescerent,
1824 1199 1918 1256 sed
1962 1214 2059 1255 eos
2101 1198 2195 1269 qui
2230 1198 2332 1253 sibi
2371 1197 2571 1252 addicti
2603 1205 2809 1262 essent,
2859 1195 3288 1260 insectarentur,
3327 1193 3545 1250 insidiis

264 1317 605 1381 appeterent.
647 1315 700 1361 et
727 1305 783 1359 in
814 1300 1070 1358 exsilium
1107 1294 1487 1350 amandarent.
1524 1312 1542 1346 ι

341 1379 415 1458 Ut
449 1401 514 1455 nd
551 1398 764 1464 obiecta
798 1396 867 1452 ab
895 1394 1113 1450 Halesio
1151 1391 1462 1457 redeamus,
1498 1403 1561 1442 ea
1603 1386 1786 1440 omnia
1823 1398 1932 1439 non
1962 1382 2106 1438 male
2135 1379 2393 1437 refutavit
2439 1380 2676 1438 Joannes
2716 1381 2954 1447 Boisius,
2984 1397 3096 1438 uno
3130 1391 3357 1451 excepto
3377 1395 3546 1452 argu-

266 1506 459 1548 mento
497 1507 564 1545 ex
611 1488 733 1558 styli
768 1483 1214 1542 dissimilitudine
1249 1482 1433 1557 petito,
1477 1480 1622 1552 quod
1653 1480 1744 1534 ille
1774 1475 2151 1548 amplectitur;
2197 1484 2251 1529 et
2281 1484 2461 1530 tamen
2501 1482 2585 1529 est
2617 1474 2865 1529 omnium
2914 1474 3276 1541 levissimum,
3311 1483 3371 1529 ut
3403 1475 3545 1535 infra

265 1589 568 1642 videbitur.

352 1678 542 1734 Primo
563 1676 640 1732 ait
661 1673 996 1732 Halesius'se
1019 1671 1367 1742 epistolarem
1400 1669 1554 1724 illum
1579 1667 1950 1724 characterem
1973 1665 2027 1719 in
2051 1665 2154 1720 hac
2184 1662 2416 1734 epistola
2448 1674 2556 1716 non
2585 1661 2789 1726 videre,
2813 1659 2906 1730 qui
2938 1660 2991 1714 in
3017 1661 3140 1716 aliis
3163 1659 3544 1732 Chrysostomi

264 1772 534 1843 operibus
569 1770 926 1832 observatur;
958 1775 1012 1819 et
1034 1762 1190 1832 quasi
1227 1762 1431 1817 oblitus
1465 1775 1656 1816 eorum
1687 1774 1811 1832 quae
1835 1766 1962 1812 ante
1989 1757 2226 1820 dixerat,
2263 1756 2339 1808 ait
2368 1754 2690 1823 prummium
2732 1753 2873 1808 idem
2909 1751 3023 1809 fere
3058 1754 3278 1820 habere,
3305 1757 3452 1826 quod
3484 1756 3540 1810 in

264 1859 506 1932 epistola
537 1859 711 1928 prima
743 1854 808 1909 ad
843 1852 1242 1924 Olympiadem,
1275 1867 1441 1922 quam
1481 1851 1595 1921 ipse
1622 1859 1681 1904 ut
1718 1849 2013 1919 genuinam
2043 1845 2308 1912 admittit;
2343 1844 2476 1900 illud
2511 1859 2640 1900 vero
2664 1843 2994 1914 prommium
3018 1859 3271 1918 magnam
3301 1847 3544 1917 epistola

264 1961 485 2025 partem
515 1946 895 2020 complectitur
931 1964 944 2002 :
978 1949 1031 1999 lu
1066 1952 1176 2000 tota
1211 1943 1376 2014 igitur
1404 1943 1494 1997 illa
1527 1951 1679 2012 parte
1717 1941 1968 2005 admittat
1992 1947 2207 2008 oportet
2255 1938 2605 2008 epistolarem
2647 1937 2800 1991 illum
2847 1935 3224 2009 Chrysostomi
3263 1941 3546 1996 characte-

265 2057 427 2108 rem;
468 2042 521 2097 in
559 2040 913 2111 sequentibus
944 2037 1108 2093 etiam
1160 2052 1268 2094 non
1317 2050 1491 2106 pauca
1533 2046 1599 2089 es
1647 2032 1896 2103 epistolis
1939 2031 2007 2087 ad
2036 2028 2412 2102 Olympiadem
2445 2043 2625 2094 exque
2659 2027 2784 2084 aliis
2824 2029 2950 2083 item
2987 2029 3248 2099 reperias,
3287 2031 3547 2101 quoniam

266 2136 331 2191 in
361 2135 450 2191 his
490 2133 759 2205 epistolis,
783 2141 845 2190 ut
881 2132 1061 2188 statim
1091 2130 1350 2186 observes
1377 2128 1422 2184 si
1456 2127 1626 2198 legas,
1650 2139 1775 2181 cum
1815 2124 1881 2178 ad
1909 2124 2156 2178 diversos
2187 2120 2398 2185 scribit,
2422 2120 2612 2177 eadem
2648 2119 2764 2176 fere
2791 2121 3006 2191 repetit.
3034 2130 3093 2175 ut
3134 2122 3343 2192 optime
3367 2123 3551 2179 anim-

265 2227 510 2284 advertit
573 2225 807 2281 Boisius.
846 2222 990 2279 Nihil
1031 2232 1178 2279 certe
1226 2221 1314 2277 hic
1357 2229 1442 2276 est
1478 2218 1624 2291 quod
1663 2217 2074 2287 compilatorem
2123 2216 2340 2285 sapiat;
2377 2215 2561 2270 omnia
2596 2215 2794 2282 lluunt,
2831 2217 3014 2271 omnia
3055 2228 3206 2274 recto
3244 2220 3547 2290 procedunt

266 2316 468 2372 ordine
499 2335 512 2372 :
541 2332 665 2372 cum
696 2326 874 2373 autem
900 2324 1191 2371 accusatus
1223 2312 1369 2384 quod
1390 2327 1515 2366 cum
1541 2310 1769 2366 muliere
1800 2309 2154 2366 concubuerit
2181 2309 2477 2378 respondet
2509 2327 2522 2364 :
2555 2307 2750 2364 Exuite
2775 2325 2965 2379 corpus
2989 2325 3184 2378 meum,
3215 2321 3265 2368 et
3288 2313 3549 2368 membro-

267 2429 396 2468 rum
422 2429 654 2468 meorum
684 2412 1142 2482 mortiﬁcationem
1175 2409 1464 2478 reperietis,
1491 2408 1543 2463 id
1575 2407 1672 2470 ait,
1709 2406 1854 2475 quod
1891 2405 1944 2460 in
1982 2404 2098 2476 pari
2134 2420 2265 2460 casu
2291 2405 2582 2460 dicendum
2615 2405 2881 2475 oportuit.
2906 2404 2987 2460 An
3018 2415 3200 2462 tacere
3229 2407 3386 2461 licuit
3421 2422 3547 2462 cum

269 2504 328 2559 in
359 2503 526 2559 rebus
557 2503 899 2574 gravissimis
924 2503 1058 2557 tanti
1089 2499 1334 2570 episcopi
1369 2499 1514 2553 fama
1547 2497 1876 2552 laederetur?
1906 2497 2105 2552 Annon
2138 2496 2314 2566 potuit
2344 2496 2453 2559 ille,
2492 2495 2603 2549 imo
2635 2510 2818 2552 annon
2843 2497 3032 2551 debuit
3052 2497 3120 2551 de
3146 2506 3297 2553 tanto
3319 2499 3553 2553 crimine

267 2605 567 2651 accusatus
599 2609 660 2650 ea
691 2588 958 2665 proferre,
994 2606 1114 2662 qua:
1141 2591 1207 2646 ad
1239 2589 1324 2646 sui
1359 2589 1737 2660 purgationem
1783 2596 2090 2658 opportuna
2127 2587 2326 2642 erant?
2351 2585 2675 2656 Popularem
2723 2596 2904 2643 autem
2937 2588 3410 2656 acclamationem,
3439 2588 3552 2643 imo

271 2699 332 2744 et
361 2689 526 2743 verba
554 2687 692 2756 ipsa,
727 2685 904 2740 amico
932 2683 1052 2740 sine
1077 2683 1339 2753 iactantia
1374 2682 1554 2738 dicere
1586 2682 1762 2752 potuit
1797 2680 2226 2752 Chrysostomns
2265 2697 2279 2734 :
2321 2679 2482 2735 amici
2534 2695 2792 2750 namque,
2828 2683 3128 2751 praesertim
3165 2683 3200 2738 ii
3234 2685 3327 2754 qui
3355 2685 3545 2741 eadem

275 2781 347 2834 tle
369 2793 537 2835 causa
572 2785 858 2841 vexantur,
891 2789 1151 2828 arcanum
1189 2773 1325 2827 nihil
1365 2773 1504 2825 inter
1534 2785 1604 2825 se
1645 2771 1884 2825 habent:
1920 2769 2184 2840 Cyriacus
2223 2786 2387 2838 porro
2428 2772 2586 2826 exsul
2613 2771 2679 2826 de
2709 2772 2878 2828 illatis
2906 2771 3106 2828 Joanni
3154 2773 3552 2848 Chrysostomo

276 2869 446 2924 malis
475 2866 769 2921 admodum
801 2863 1054 2928 dolebat;
1088 2863 1210 2918 ideo
1249 2877 1369 2933 qua:
1416 2862 1520 2917 sibi
1569 2861 1748 2916 fausta
1801 2862 2099 2917 acciderint
2140 2872 2387 2917 recenset
2420 2862 2850 2934 Chrysostomus
2894 2874 2954 2919 ut
2987 2867 3166 2936 ipsum
3208 2870 3546 2938 consoletur,

269 2963 436 3032 isque
461 2957 748 3014 recensitis
780 2957 854 3010 ita
880 2954 1086 3011 claudit
1115 2974 1127 3010 :
1161 2952 1515 3019 Quamobrem
1545 2963 1593 3008 te
1631 2969 1778 3024 rogo,
1809 2970 1872 3006 ac
1902 2953 2123 3021 genibus
2157 2954 2262 3009 tuis
2285 2954 2569 3009 advolutus
2595 2954 2846 3024 obtestor,
2879 2967 2936 3011 ut
2968 2973 3242 3014 maerorem
3264 2971 3316 3016 et
3335 2963 3537 3019 luctum

268 3056 525 3127 ebjicias.
556 3051 675 3110 Jam
706 3069 832 3110 cum
861 3052 1152 3108 Arsacium
1206 3051 1624 3123 sycophantam,
1650 3050 1746 3120 qui
1787 3049 1988 3106 oblatis
2021 3049 2126 3106 sibi
2174 3051 2431 3121 episcOpo
2472 3065 2574 3106 suo
2616 3049 2772 3107 falsis
2813 3053 3314 3123 criminationibus,
3365 3060 3552 3115 sedem

269 3164 436 3205 suam
468 3148 761 3214 invaserat,
791 3146 876 3201 vir
905 3155 1085 3201 tamen
1120 3145 1505 3216 octogenarius
1541 3152 1596 3199 et
1638 3143 1966 3209 ineruditus,
1998 3158 2148 3209 cum,
2192 3142 2442 3214 inquam,
2480 3144 2632 3200 illum
2664 3146 2923 3213 delirum,
2953 3150 3228 3204 machum
3267 3160 3320 3205 et
3361 3151 3549 3222 lupum

269 3253 458 3308 vocat,
493 3243 626 3298 illud
658 3241 771 3314 agit
797 3241 943 3314 quod
984 3240 1238 3312 pmstitit
1277 3237 1634 3305 Athanasius,
1678 3255 1802 3294 cum
1848 3238 2150 3311 Gregorius
2191 3240 2465 3311 quispiam
2514 3240 2568 3296 in
2608 3240 2730 3312 eius
2771 3243 2953 3299 locum
2995 3246 3326 3303 substitutus
3358 3256 3460 3316 est,
3499 3259 3556 3306 et

269 3349 470 3414 postea
502 3354 626 3396 cum
662 3337 959 3410 Gregorius
997 3336 1166 3407 ipsius
1193 3335 1376 3392 sedem
1409 3333 1641 3400 invasit;
1674 3349 1800 3390 nam
1833 3335 2114 3406 improbos
2145 3336 2488 3406 huiusmodi,
2516 3335 2886 3402 facinorosos,
2928 3349 2986 3396 et
3011 3343 3105 3413 qui
3133 3359 3320 3413 pacem
3361 3344 3555 3402 Eccle-

248 3437 374 3491 sia
408 3430 863 3494 interturbabant,
894 3444 1005 3484 non
1037 3426 1214 3484 sancti
1248 3428 1351 3482 viri
1391 3427 1575 3492 modo,
1615 3427 1708 3482 sed
1743 3427 1845 3498 ipsi
1881 3442 2103 3498 quoque
2134 3429 2370 3499 apostoli
2411 3429 2718 3487 maledictis
2757 3431 3122 3488 incessebant.
3164 3435 3242 3491 Ad
3285 3437 3402 3492 haec
3424 3451 3555 3494 vero

269 3543 345 3583 an
382 3525 710 3582 clementius
733 3523 843 3595 agit
871 3521 1300 3595 Chrysostomus
1330 3537 1454 3578 cum
1481 3523 1706 3577 Arsaeio
1730 3521 1787 3577 in
1810 3522 1955 3579 libro
1986 3523 2081 3580 illo
2099 3525 2189 3580 cui
2217 3523 2434 3589 titulus,
2465 3525 2552 3580 Ad
2579 3517 2787 3598 eosqui
2816 3529 3176 3586 scandalizati
3206 3543 3352 3601 sunt,
3386 3548 3552 3605 quem

269 3633 447 3689 supra
481 3616 782 3674 edidimus?
805 3618 886 3671 An
916 3615 1134 3671 mitiora
1161 3615 1249 3671 his
1271 3623 1400 3670 sunt
1431 3616 1596 3672 verba
1620 3632 1744 3688 qua
1765 3618 1909 3674 ibide

1918 3636 1964 3672 in
1987 3619 2264 3691 leguntur,
2294 3636 2349 3691 p.
2381 3621 2510 3686 507,
2535 3636 2585 3676 c.
2606 3620 2700 3686 20,
2734 3622 2912 3693 ἱερεὺς
2943 3622 3060 3690 νῦν,
3096 3625 3300 3695 φαῦλος
3324 3645 3557 3702 γεγενηκ

272 3711 466 3784 μένος,
502 3709 596 3764 καὶ
618 3709 784 3762 λύκου
813 3709 1018 3771 παντὸς
1045 3706 1383 3779 ἀγριώτερον
1407 3708 1689 3777 ιπιπηδῶν
1711 3712 1778 3782 τῇ
1806 3711 1911 3780 ἀγέ

1914 3712 2004 3785 λῃ,
2037 3715 2286 3766 sacerdos
2315 3712 2406 3768 ille
2444 3715 2738 3784 improbus,
2761 3716 2891 3788 lupo
2922 3720 3107 3789 quovis
3139 3722 3329 3777 sterilis
3357 3723 3413 3777 in
3438 3742 3554 3795 gre-

269 3818 392 3873 gem
431 3800 707 3857 insiliens?
740 3800 820 3854 An
844 3798 974 3869 quid
1001 3799 1221 3868 gravius
1249 3798 1356 3854 dici
1395 3800 1606 3869 potuit?

345 3895 514 3950 Aliud
543 3892 801 3962 obiicitur
830 3889 977 3962 quod
1013 3890 1103 3945 hic
1127 3889 1337 3960 legatur
1370 3891 1479 3945 ἀπὸ
1509 3893 1619 3946 τῶν
1654 3894 1985 3950 Κουκουσῶν

1913 3894 1987 3950 ῶν
2020 3909 2147 3951 cum
2182 3906 2374 3954 contra
2423 3899 2738 3955 Κουκουσόν
2783 3902 2838 3956 in
2883 3903 3147 3973 singulari
3195 3922 3412 3980 semper
3454 3911 3553 3968 ha-

271 3985 481 4042 beatur
512 3983 656 4053 apud
691 3981 1170 4055 (:hrysostomum.
1197 3978 1398 4035 Verum
1434 3981 1549 4038 haec
1577 3982 1741 4038 lectio
1765 3983 1875 4038 τῶν
1907 3986 2238 4041 Κουκουσῶν
2268 3997 2352 4044 est
2393 3989 2564 4046 solius
2593 3990 2849 4048 editionis
2883 3993 3174 4054 Savillanc
3209 4017 3224 4054 :
3259 3978 3384 4057 nam
3434 4005 3554 4061 edi-

271 4077 462 4133 tiones
489 4072 695 4130 Morelli
721 4082 774 4128 et
802 4088 995 4138 omnes
1020 4071 1152 4130 Mss.
1181 4073 1272 4130 hic
1301 4075 1615 4130 Κουκουσοῦ
1665 4078 1887 4142 habent,

1925 4079 2168 4151 illudque
2197 4081 2299 4152 τῆς
2330 4083 2607 4150 Κιλικίας,
2640 4085 2787 4156 quod
2827 4086 2881 4142 in
2927 4086 3101 4146 Editis
3130 4093 3456 4164 addebatur,
3484 4101 3554 4154 ab

271 4171 506 4244 optimis
535 4169 667 4226 Mss.
691 4171 864 4226 abest.
892 4169 1166 4226 Cueusum
1203 4179 1385 4252 autem
1419 4173 1472 4227 in
1500 4172 1759 4246 Armenia
1784 4191 1906 4232 esse
1935 4177 2012 4233 ait
2033 4178 2163 4232 alibi
2196 4177 2658 4252 Chrysostomus;
2683 4182 2775 4238 alii
2804 4183 2856 4238 in
2880 4184 3069 4243 Cilicia
3088 4177 3474 4259 “Athanasius
3497 4196 3551 4251 in

271 4264 627 4337 Cappadocia
670 4265 834 4328 locat,
887 4265 1037 4333 quia,
1079 4280 1202 4320 cum
1247 4265 1301 4320 in
1348 4281 1536 4322 earum
1571 4269 1858 4340 regionum
1902 4270 2142 4327 conﬁnio
2187 4282 2353 4339 esset,
2403 4273 2569 4330 modo
2599 4275 2752 4341 huic,
2793 4278 2959 4333 modo
2998 4280 3073 4335 illi
3107 4283 3422 4340 eontributa
3447 4295 3550 4342 est.

272 4355 486 4414 Omnes
517 4366 666 4415 certe
689 4359 788 4414 viri
821 4357 967 4416 docti
1007 4358 1149 4418 hanc
1176 4359 1461 4431 epistolam
1491 4376 1589 4431 pro
1619 4377 1745 4420 vera
1775 4373 1827 4420 et
1850 4365 2087 4437 genuina
2113 4368 2334 4436 habent,
2360 4384 2462 4427 nec
2490 4384 2554 4427 ea
2584 4370 2652 4427 de
2684 4385 2742 4426 re
2770 4371 2852 4427 vel
2885 4374 3164 4431 minimam
3194 4379 3552 4448 quaestionem

274 4460 526 4508 movent.
