4152 6494
228 397 334 456 καί

1669 386 2055 452 εριδτοωε.

3369 389 3481 439 b8!

1740 1779 1995 1845 CXXV.

879 2133 1392 2230 CYBIACO
1462 2137 2047 2233 EPISCOPO
2119 2139 2854 2232 EXSULANTI.

1540 2464 1804 2548 (Cacum
1847 2483 2012 2530 anno
2054 2465 2220 2544 404.)

287 3825 447 3894 Age,
499 3814 770 3876 mmstitia:
816 3825 921 3872 tua:
965 3812 1119 3871 ulcus
1163 3825 1351 3870 rursus
1402 3811 1621 3880 leniam,
1668 3821 1830 3885 atque

209 3912 580 3988 cogitationes
627 3923 722 3966 cas
747 3949 764 3978 ,
819 3922 937 3979 quae
991 3905 1130 3964 banc
1189 3905 1385 3962 nubem
1447 3904 1827 3976 collegerunt,

213 4004 534 4064 discutiam.
575 3999 777 4072 Ecquid
804 3999 948 4071 enim
980 4007 1096 4067 est,
1127 3996 1270 4072 quod
1297 4011 1495 4055 mares
1523 4006 1682 4069 atque
1711 3997 1830 4052 ani-

211 4112 373 4156 mum
401 4093 622 4165 dejicis?
651 4093 731 4148 An
762 4091 886 4162 quia
909 4091 1084 4162 gravis
1099 4098 1185 4146 est
1207 4097 1519 4161 tempestas,
1541 4104 1605 4145 ac
1626 4104 1829 4146 sevum

211 4187 565 4258 naufragium
598 4226 614 4251 ,
658 4184 801 4257 quod
853 4183 1145 4241 Ecclesium
1193 4181 1512 4253 occupavit?
1553 4180 1668 4238 Hoc
1716 4180 1832 4252 ipse

211 4293 445 4354 quoque
469 4278 604 4344 scio,
634 4290 733 4332 nec
784 4275 924 4332 ullus
973 4283 1077 4343 est,
1123 4275 1214 4346 qui
1253 4273 1460 4330 inficias
1507 4273 1584 4329 ire
1623 4271 1828 4344 possit:

212 4375 336 4429 imo
365 4383 523 4434 vero,
550 4368 596 4424 si
625 4367 698 4423 ita
725 4367 893 4434 lubet,
923 4381 1109 4423 eorum
1133 4379 1252 4436 qum
1280 4363 1714 4436 ﬁuutimaginem
1736 4363 1830 4420 tibi

210 4459 588 4522 adumbralio.
620 4459 765 4516 Mare
792 4457 1028 4514 videmus
1055 4457 1123 4513 ab
1155 4456 1276 4512 imis
1341 4469 1512 4527 usque
1537 4452 1833 4526 gurgitibus

215 4553 543 4620 revulsum,
574 4561 762 4607 nautas
795 4548 1274 4622 gubernaculorum
1315 4560 1377 4603 ac
1407 4560 1678 4602 remorum
1713 4545 1832 4601 loco

213 4656 426 4702 manus
450 4642 674 4714 genibus
706 4639 989 4712 implicitas
1006 4639 1284 4706 habentes,
1305 4651 1522 4709 praeque
1549 4645 1831 4707 tempesta-

216 4742 293 4798 tis
325 4735 701 4808 magnitudine
743 4743 888 4790 tanta
930 4732 1142 4790 consilii
1178 4731 1355 4802 inopia
1389 4729 1695 4786 laborantes
1718 4771 1733 4795 ,
1773 4737 1836 4784 ut

214 4847 328 4890 nec
381 4829 597 4896 cadum,
625 4842 726 4883 nec
768 4841 934 4891 mare,
962 4838 1062 4882 nec
1105 4834 1301 4880 terram
1353 4829 1597 4889 cemaut,
1645 4835 1830 4877 verum

216 4926 421 4981 ﬂentes
440 4935 506 4976 ac
531 4918 886 4975 lamentantes
925 4917 978 4973 in
1006 4916 1254 4973 tabulatis
1278 4915 1510 4986 iaceant.
1560 4915 1736 4984 Atque
1777 4912 1832 4968 in

215 5016 362 5075 mari
389 5011 608 5086 quidem
637 5013 709 5068 ita
733 5011 949 5067 evenire
973 5012 1110 5066 solet
1145 5026 1159 5064 :
1197 5023 1338 5064 nunc
1362 5016 1541 5063 autem
1569 5007 1623 5062 in
1645 5015 1834 5062 nostro

214 5098 450 5180 quoque
489 5102 626 5159 mari
679 5101 895 5172 gravior
936 5099 1168 5172 procella
1215 5101 1595 5170 gravioresque
1641 5097 1834 5154 ﬂuctus

215 5198 555 5257 excitantur.
597 5193 795 5252 Verum
818 5192 902 5250 fac
922 5192 1148 5250 Domino
1172 5199 1358 5248 nostro
1376 5189 1592 5258 Christo
1606 5189 1833 5260 supplex

217 5292 321 5358 sis,
355 5287 451 5361 qui
476 5301 585 5343 non
616 5296 731 5342 arte
759 5294 1128 5356 tempestatem
1155 5290 1373 5355 supcrat
1395 5324 1410 5348 ,
1435 5281 1531 5337 sed
1561 5289 1690 5337 nutu
1717 5281 1834 5338 solo

219 5399 348 5441 eam
365 5378 602 5436 discutit.
641 5377 795 5448 Quod
829 5379 874 5433 si
901 5378 1148 5449 precibus
1172 5374 1242 5432 ad
1270 5391 1392 5432 eum
1418 5373 1672 5431 adhibitis
1693 5389 1832 5431 non-

220 5479 359 5534 dum
387 5483 570 5530 tamen
593 5472 880 5530 exauditus
903 5485 985 5540 es,
1003 5485 1074 5528 ne
1098 5471 1463 5542 elanguescas,
1484 5467 1835 5542 animumque

219 5563 609 5640 despondeas;
637 5563 940 5636 huiusmodi
973 5577 1206 5636 namque
1229 5561 1446 5634 benigni
1483 5560 1625 5618 illius
1659 5560 1837 5618 numi-

233 5652 326 5709 nis
352 5661 475 5704 mos
494 5655 597 5704 est.
637 5648 829 5705 Annon
853 5653 960 5706 tres
980 5649 1099 5706 illos
1116 5665 1309 5720 pueros
1331 5666 1361 5706 a
1389 5652 1628 5721 periculo
1646 5653 1822 5711 subdu

227 5756 364 5801 cere
389 5747 621 5812 poterat,
648 5753 713 5795 ac
739 5756 809 5796 ue
835 5741 888 5797 in
915 5740 1052 5813 ignis
1080 5741 1353 5818 fornacem
1384 5743 1684 5802 inciderent
1710 5761 1840 5818 pro-

231 5833 466 5892 hibere?
492 5833 562 5888 At
588 5841 867 5904 postquam
893 5835 1088 5907 captivi
1116 5814 1358 5902 abducti,
1379 5844 1542 5910 atque
1564 5834 1617 5896 in
1638 5814 1834 5898 barba-

560 5927 824 5990 Parant.
869 5925 988 5986 Gtt.
1039 5923 1140 5986 Lll
1153 5972 1167 5985 .

1931 3827 2115 3868 rerum
2144 3811 2418 3884 regionem
2433 3811 2652 3883 abiecti,
2682 3819 3007 3884 paternaqne
3032 3812 3324 3870 hereditate
3339 3816 3538 3887 eversi,

1931 3913 2093 3976 atque
2112 3903 2181 3960 ab
2200 3904 2450 3960 omnibus
2476 3902 2746 3975 desperati
2775 3913 2922 3973 sunt,
2955 3919 3055 3961 nec
3075 3905 3187 3976 jam
3219 3906 3385 3964 ullum
3410 3910 3540 3967 mali

1930 4011 2100 4069 genus
2126 3997 2333 4063 deerat,
2363 4006 2474 4054 tum
2519 3997 2750 4069 denique
2783 3995 3025 4054 Christus
3049 4039 3066 4064 ,
3089 4013 3247 4054 verus
3275 4000 3415 4056 Deus
3443 4015 3541 4057 uo-

1932 4101 2042 4148 ster
2064 4133 2081 4161 ,
2111 4101 2336 4164 repente
2365 4090 2681 4147 miraculum
2709 4090 2896 4156 edidit,
2924 4092 3208 4162 ignemque
3235 4092 3538 4166 dissipavit.

1932 4183 2073 4256 Ignis
2115 4184 2259 4240 enim
2294 4183 2566 4256 iustorum
2603 4182 2854 4240 virtutem
2901 4184 3121 4241 minime
3161 4182 3344 4241 ferens
3369 4201 3400 4241 e
3429 4185 3542 4244 for-

1934 4291 2064 4333 nace
2094 4275 2328 4345 cxsiliit,
2356 4284 2517 4347 atque
2539 4273 2845 4344 Chaldaeos,
2873 4289 3009 4347 quos
3032 4277 3237 4332 circum
3263 4274 3539 4335 fornacem

1934 4379 2122 4426 nactus
2152 4379 2268 4437 est,
2299 4370 2503 4426 exussit
2528 4367 2693 4442 (Dan.
2729 4368 2811 4440 3).
2841 4369 2919 4424 Ac
2947 4377 3058 4424 tum
3085 4369 3270 4426 fornax
3295 4370 3541 4429 ecclesias

1934 4464 2101 4517 instar
2125 4461 2254 4532 ipsis
2281 4467 2401 4518 erat
2427 4477 2443 4517 :
2468 4469 2631 4532 atque
2656 4474 2747 4517 res
2769 4473 2958 4516 omnes
2982 4459 3228 4516 conditas
3248 4502 3261 4526 .
3285 4470 3393 4517 tam
3416 4476 3542 4534 quite

1931 4554 2103 4611 oculis
2131 4562 2428 4612 cernuntur
2449 4594 2464 4621 ,
2493 4567 2654 4624 quam
2688 4568 2810 4625 qua:
2848 4551 2917 4609 ab
2945 4553 3225 4610 oculorum
3257 4569 3420 4611 sensu
3449 4571 3542 4615 re-

1933 4655 2092 4702 motae
2117 4654 2282 4712 sunt,
2313 4646 2418 4702 hoc
2456 4652 2542 4702 est
2568 4643 2790 4716 angelos
2818 4653 2873 4701 et
2899 4645 3124 4701 virtutes
3151 4647 3499 4706 accersebant
3517 4689 3540 4719 ,

1932 4737 2115 4808 sicque
2143 4736 2322 4792 omnia
2354 4737 2410 4792 in
2443 4750 2605 4791 unum
2635 4735 3077 4806 complectentes,
3106 4735 3190 4794 liis
3217 4738 3396 4795 verbis
3425 4750 3542 4798 ute-

1934 4829 2127 4884 bantur
2155 4847 2168 4884 :
2199 4827 2492 4888 Benedicite
2515 4828 2687 4885 omnia
2710 4845 2865 4899 Opera
2891 4827 3102 4883 Domini
3125 4828 3348 4886 Domino
3372 4828 3542 4904 (Dan.

1932 4921 1986 4976 3.
2011 4921 2126 4992 57).
2158 4921 2390 4978 Videsne
2413 4920 2686 4994 quomodo
2708 4922 2977 4992 iustorum
3007 4921 3261 4993 patientia
3284 4923 3465 4994 ignem
3487 4925 3542 4982 iu

1932 5027 2109 5070 rorem
2137 5014 2525 5081 commutavit,
2560 5013 2880 5085 tyrannique
2915 5013 3153 5070 animum
3186 5015 3255 5070 ita
3288 5015 3497 5072 iuncxit
3524 5057 3539 5082 ,

1934 5114 1992 5163 ut
2013 5122 2111 5180 per
2131 5107 2442 5164 universum
2465 5105 2652 5163 orbem
2675 5105 2860 5162 literas
2883 5107 3142 5172 mitteret,
3168 5106 3235 5162 ad
3257 5106 3402 5165 hunc
3425 5124 3540 5164 mo-

1932 5199 2058 5256 dum
2090 5199 2315 5270 loquens
2342 5216 2356 5254 :
2387 5199 2607 5271 Magnus
2633 5197 2772 5255 Deus
2799 5198 3057 5264 Sidrach,
3092 5197 3327 5266 Misach,
3351 5209 3404 5254 et
3435 5199 3538 5254 Ab.

1932 5293 2130 5366 denago
2157 5291 2316 5365 (Dan.
2346 5293 2400 5349 3.
2430 5291 2562 5363 95)?
2592 5293 2668 5346 Ac
2696 5291 2818 5347 vide
2845 5306 3008 5362 quam
3036 5299 3191 5346 atrox
3217 5290 3544 5361 supplicium

1931 5387 2208 5443 constituit
2226 5428 2240 5453 ,
2267 5387 2314 5441 si
2340 5386 2461 5458 quis
2483 5385 2739 5442 adversus
2762 5386 2908 5456 ipsos
2927 5382 3127 5454 aliquid
3149 5383 3545 5440 contumelioso

1931 5479 2156 5535 dixisset
2181 5495 2197 5534 :
2225 5492 2421 5549 nempe
2451 5488 2505 5534 ut
2535 5477 2728 5534 domus
2756 5477 2923 5548 ipsius
2953 5490 3017 5532 ac
3045 5475 3325 5531 facultates
3347 5489 3545 5536 omnes

1933 5571 2297 5644 diriperentur
2317 5570 2368 5642 (1
2378 5570 2483 5638 bjd.
2510 5587 2558 5625 υ.
2585 5569 2698 5641 96).
2724 5568 2802 5625 Ne
2823 5567 2981 5640 igitur
3003 5569 3240 5623 animum
3261 5565 3545 5637 demittas,

1933 5676 1999 5720 ac
2018 5662 2396 5737 desperatione
2425 5661 2708 5736 frangaris.
2738 5661 2874 5718 Nam
2901 5675 3000 5718 nec
3025 5674 3148 5734 ego,
3174 5673 3298 5716 cum
3323 5658 3546 5721 civim

1937 5764 2165 5835 pellerer
2187 5803 2204 5832 ,
2235 5760 2524 5835 quidquam
2563 5761 2752 5818 horum
2782 5757 3037 5815 curabant
3063 5797 3088 5824 ι
3108 5771 3292 5812 verum
3326 5768 3535 5811 mecm

3095 5909 3176 5970 19
