4152 6490
707 523 825 588 ipse
845 521 915 576 ita
931 517 1184 590 loquebar
1207 515 1284 590 (α)
1303 532 1316 570 :
1334 513 1390 570 Si
1408 513 1712 583 imperatrix
1734 525 1816 565 me
1829 509 2016 576 exsilio
2032 506 2286 562 mulctare

717 611 850 677 vult,
877 612 1111 668 exsulem
1137 625 1262 664 sztne
1287 626 1302 664 :
1328 607 1532 662 Domini
1553 616 1624 660 est
1649 615 1805 671 terra,
1828 613 1874 658 et
1903 601 2160 674 plenitudo
2181 601 2290 670 ejus

715 705 888 773 (l’sal.
909 703 1001 760 23.
1027 705 1100 772 1).
1124 704 1178 758 Si
1200 717 1345 756 serra
1367 699 1434 756 de
1461 713 1546 754 me
1571 697 1883 768 supplicium
1908 708 2098 764 capere
2123 689 2287 760 cupit,

712 798 987 854 cisaecer:
1013 797 1257 852 llesaiam
1282 810 1377 864 pro
1398 792 1640 861 exemplo
1663 789 1853 844 haben.
1879 787 1936 842 Si
1959 801 2043 842 me
2069 786 2121 839 in
2143 798 2290 838 mare

744 889 1041 957 raecipitem
1072 886 1199 941 dare
1227 885 1370 948 vult,
1397 881 1546 938 .lona:
1577 879 1830 936 recordor
1853 875 2025 950 (Iona
2051 874 2125 946 1).
2150 874 2206 930 Si
2235 875 2288 927 in

717 981 740 1033 f
758 995 984 1034 irnacem
1012 978 1279 1048 COnjicere
1306 977 1415 1030 vult
1435 1016 1451 1040 ,
1479 985 1586 1028 tres
1617 987 1810 1042 pueros
1840 970 2008 1024 habeo
2029 1011 2043 1034 ,
2074 968 2162 1037 qui
2191 981 2288 1022 θοι·

716 1072 838 1126 dem
867 1071 1127 1141 supplicio
1155 1068 1326 1124 allecti
1357 1076 1480 1122 sunt
1505 1065 1662 1137 (Dan.
1688 1065 1746 1135 3)
1795 1063 1848 1118 Si
1874 1062 1997 1116 feris
2023 1060 2286 1130 obiicere,

719 1162 1008 1227 liaoielem,
1038 1161 1126 1232 qui
1157 1160 1396 1216 leonibus
1421 1159 1660 1228 obiectus
1680 1165 1784 1222 est,
1811 1152 1938 1209 mihi
1964 1154 2144 1206 animo
2165 1165 2288 1221 pro-

717 1266 859 1324 pono
884 1253 1041 1324 (Ibid.
1075 1271 1121 1306 c.
1155 1253 1229 1322 (ἱ).
1257 1253 1312 1306 Si
1345 1249 1602 1320 lapidibus
1626 1248 1853 1301 obruere
1879 1245 1986 1298 vult
2009 1285 2025 1308 ,
2057 1242 2241 1297 obruat
2273 1259 2286 1295 :

714 1345 1038 1416 Stephanum
1067 1343 1234 1398 balteo
1266 1342 1488 1411 primum
1525 1349 1811 1409 martyrem
1845 1337 1976 1404 (Act.
2013 1336 2086 1403 7).
2117 1332 2173 1387 Si
2201 1346 2290 1386 ca-

717 1447 809 1504 put
853 1451 1026 1489 meum
1065 1434 1302 1502 accipere
1333 1433 1445 1485 \ult
1469 1471 1484 1497 ,
1513 1431 1735 1500 accipiat
1767 1426 1788 1482 ~:
1829 1427 2086 1483 Joannem
2118 1424 2289 1478 habeo

719 1525 906 1592 (Hart.
937 1525 1016 1594 6).
1047 1524 1102 1579 Si
1131 1524 1405 1578 facultates
1432 1537 1577 1576 meas
1605 1535 1832 1583 sumere,
1863 1528 2033 1573 sumat
2059 1535 2070 1568 :
2103 1511 2288 1573 Nudus

713 1634 937 1685 egressus
966 1633 1076 1669 sum
1105 1617 1168 1669 de
1200 1626 1369 1669 uentre
1401 1615 1574 1667 matris
1602 1628 1727 1667 mea
1748 1653 1762 1678 ,
1795 1613 1959 1664 nudus
1985 1610 2136 1664 ctiam
2172 1608 2288 1660 hinc

714 1710 977 1763 abscedunt
998 1707 1118 1780 (Job
1163 1709 1212 1762 1.
1229 1708 1346 1777 21).
1377 1707 1552 1763 Monet
1575 1721 1659 1760 me
1681 1706 1768 1762 bis
1780 1707 1957 1764 verbis
1971 1702 2285 1774 Apostolus:

719 1799 852 1854 Deus
877 1800 1092 1854 hominis
1110 1815 1373 1869 personam
1395 1815 1496 1852 non
1519 1796 1736 1866 accipit;
1756 1805 1915 1866 atque
1936 1793 2018 1848 liis
2040 1809 2285 1848 rursum:

717 1890 777 1942 Si
804 1892 970 1943 adhuc
994 1889 1275 1945 hominibus
1299 1890 1566 1959 placerem,
1595 1885 1782 1942 Christi
1806 1902 1976 1940 servus
2005 1902 2104 1938 non
2129 1900 2286 1938 essent

716 1993 731 2047 t
762 1983 876 2038 Gal.
907 1983 962 2037 2.
989 1983 1040 2038 6.
1071 1993 1114 2036 et
1138 1984 1186 2039 1.
1219 1980 1342 2053 10).
1375 1981 1500 2036 Milli
1531 1981 1690 2034 etiam
1723 1979 1883 2034 David
1911 1993 2056 2032 arma
2083 1977 2287 2031 submi-

716 2086 902 2129 nistrat
925 2117 940 2140 ,
973 2091 1092 2130 cum
1120 2075 1193 2130 ait
1223 2093 1236 2129 :
1264 2073 1523 2144 Loquebar
1559 2074 1622 2127 de
1645 2071 1940 2126 testimoniis
1965 2071 2062 2124 tuis
2090 2071 2143 2123 in
2168 2086 2291 2124 con-

715 2179 883 2226 spectu
925 2183 1096 2238 regum
1119 2208 1134 2231 ,
1165 2177 1211 2220 et
1247 2182 1349 2220 non
1391 2164 1733 2234 confundebar
1772 2164 1789 2233 (
1818 2161 1960 2217 Psal.
2001 2164 2122 2217 118.
2153 2160 2222 2216 ιϐ
2245 2160 2287 2229 ).

715 2257 874 2312 Multa
919 2259 1197 2312 adversum
1245 2274 1330 2312 me
1371 2267 1676 2311 sttuxerunt
1705 2274 1718 2310 :
1749 2256 2000 2326 aiuntque
2045 2271 2129 2310 me
2171 2266 2292 2324 post

715 2352 898 2419 epulas
936 2350 1246 2421 quibusdam
1277 2349 1706 2406 communionem
1739 2349 2074 2416 impertiisse.
2109 2347 2220 2402 Hoc
2244 2348 2288 2400 si

718 2447 836 2506 Ieci,
864 2446 928 2497 de
955 2448 1323 2514 episcOporum
1351 2442 1487 2496 libro
1516 2456 1706 2495 nomen
1737 2456 1910 2494 meum
1936 2449 2286 2509 eXpungatur,

717 2550 815 2590 nec
846 2537 895 2588 in
925 2535 1237 2590 orthodoxa:
1263 2533 1384 2590 fidei
1420 2533 1688 2604 volumine
1714 2531 1977 2586 scribatur
1999 2577 2014 2598 ,
2041 2531 2286 2600 quoniam

715 2641 840 2680 ecce
868 2627 910 2678 si
940 2625 1222 2696 quidquam
1249 2624 1508 2694 ejusmodi
1537 2623 1854 2692 perpetravi,
1883 2621 2122 2676 Christus
2147 2637 2178 2676 e
2205 2637 2289 2676 re-

714 2731 820 2785 gno
841 2731 941 2770 suo
963 2731 1048 2770 me
1073 2714 1304 2784 abjiciat.
1334 2713 1482 2783 Quod
1510 2714 1552 2766 si
1586 2712 1711 2766 mihi
1737 2712 1999 2766 obstinata
2035 2723 2210 2765 mente
2237 2711 2287 2764 id

715 2805 948 2874 objicere
991 2815 1210 2875 peigunt
1237 2847 1251 2869 ,
1284 2803 1501 2859 Paulum
1549 2804 1708 2857 etiam
1735 2804 1802 2858 de
1829 2802 2094 2872 dignitatie
2125 2802 2288 2872 gradu

716 2898 967 2965 dejiciant
993 2937 1009 2962 ,
1041 2897 1129 2967 qui
1159 2907 1400 2952 coenatus
1426 2898 1722 2950 universam
1763 2897 1976 2950 domum
2010 2897 2292 2966 baptizavit

718 2989 852 3057 (Act.
889 2990 1016 3060 lli);
1067 2989 1291 3042 Domino
1320 2989 1443 3041 item
1477 2988 1572 3056 ipsi
1603 2990 1970 3042 auctoritatem
1999 2990 2248 3059 :ilirogcnt
2273 3030 2288 3052 ,

717 3080 806 3149 qui
834 3078 1087 3148 apostolis
1117 3088 1234 3148 post
1274 3092 1480 3132 caenam
1505 3079 1932 3132 communionem
1959 3077 2123 3131 dedit.
2151 3079 2286 3144 Quin

720 3185 804 3224 nte
844 3184 1052 3240 quoque
1099 3183 1218 3222 cum
1265 3167 1484 3222 muliere
1529 3169 1878 3222 concubuisse
1920 3169 2285 3223 criminantur.

719 3261 908 3314 l-Ixuite
937 3275 1128 3328 corpus
1158 3274 1332 3314 meum
1348 3298 1372 3323 ~,
1404 3268 1457 3313 et
1488 3259 1844 3313 membrorum
1877 3276 2112 3313 meorum
2143 3276 2283 3314 mor.

720 3349 1056 3404 tilieatiouem
1083 3349 1378 3418 reperietis.
1410 3349 1603 3404 Verum
1625 3349 1690 3404 ad
1713 3349 1824 3404 bare
1851 3351 2025 3404 omnia
2053 3350 2288 3406 iacienda

721 3441 886 3494 livore
914 3440 1124 3495 adducti
1155 3448 1297 3495 sunt.
1331 3441 1396 3494 At
1423 3438 1545 3494 idne
1573 3439 1811 3506 omnino,
1841 3440 2061 3511 Cyriace
2090 3440 2253 3496 frater
2272 3484 2285 3506 ,

716 3533 950 3586 animum
995 3542 1139 3585 tuum
1178 3529 1481 3596 discruciat,
1507 3530 1648 3601 quod
1696 3531 1769 3586 illi
1806 3532 1895 3601 qui
1935 3547 2020 3586 me
2051 3547 2116 3587 ex
2160 3534 2289 3587 urbe

721 3623 1054 3690 expulerunt,
1083 3622 1134 3676 in
1163 3621 1278 3676 foro
1303 3622 1466 3676 libere
1491 3624 1731 3688 volitant,
1760 3622 2047 3694 ingensque
2069 3625 2289 3693 stipato-

719 3729 833 3768 rum
860 3728 986 3783 grex
1014 3727 1107 3767 eos
1127 3728 1158 3766 a
1187 3721 1333 3782 tergo
1356 3713 1633 3783 sequitur?
1653 3711 1849 3768 Verum
1881 3713 2162 3770 recordare
2185 3715 2288 3770 La-

719 3807 824 3860 zari
851 3814 907 3860 et
932 3805 1115 3858 divitis
1142 3805 1282 3858 illius
1307 3803 1458 3876 (Lac.
1493 3805 1580 3875 16)
1611 3822 1625 3858 :
1652 3821 1827 3859 annon
1859 3805 1945 3859 ille
1972 3806 2023 3860 in
2051 3805 2152 3862 boc
2173 3823 2288 3861 aivo

715 3897 796 3949 ial
816 3897 1055 3950 unitostts
1083 3894 1178 3949 fuit
1201 3937 1218 3962 ,
1249 3895 1334 3950 hic
1357 3907 1534 3951 autem
1568 3897 1917 3966 voluptatibus
1939 3912 2002 3953 ac
2030 3897 2153 3952 luxu
2182 3898 2289 3953 dil-

718 3987 898 4041 t'usit?
913 3986 1172 4054 Quidnam
1192 4002 1347 4056 porro
1368 3988 1439 4041 illi
1465 3998 1743 4058 paupertas
1758 3987 2062 4042 detrimenti
2081 3989 2290 4044 attulit?

716 4082 907 4133 Annon
955 4088 1013 4133 ut
1056 4079 1191 4148 pugil
1218 4093 1281 4132 ac
1326 4079 1490 4132 victor
1520 4079 1572 4131 in
1614 4077 1841 4132 Abt-aha:
1883 4079 2056 4132 sinum
2083 4079 2290 4134 delatus

717 4171 834 4223 est?
860 4170 1118 4236 Quidnam
1156 4184 1364 4224 rursum
1395 4169 1514 4222 huic
1535 4210 1550 4232 ,
1582 4170 1670 4238 qui
1697 4169 1763 4223 sin
1793 4184 2022 4240 purpura
2051 4181 2104 4226 et
2130 4171 2288 4243 bysso

718 4260 1096 4327 requiescebat,
1117 4274 1246 4327 opes
1268 4260 1564 4328 proluerunt
1586 4259 1609 4311 ?
1631 4257 1726 4312 Ubi
1750 4259 1999 4313 lictores?
2022 4260 2106 4313 ubi
2127 4261 2288 4315 satel-

721 4353 876 4405 lites?
901 4351 986 4405 ubi
1012 4353 1132 4422 equi
1160 4353 1331 4405 aureis
1355 4352 1520 4405 frenis
1547 4350 1816 4420 insignes?
1844 4352 1928 4406 ubi
1960 4352 2207 4420 parasiti,
2234 4361 2287 4406 et

721 4444 858 4513 regia
889 4444 1111 4498 mensa?
1139 4445 1328 4498 Annon
1370 4453 1636 4512 tamquam
1679 4443 1814 4511 latro
1847 4443 2056 4499 vinctus
2085 4445 2135 4498 in
2167 4459 2284 4498 mo-

720 4544 1026 4591 numentum
1073 4535 1467 4598 abducebatur,
1501 4535 1694 4589 nudam
1742 4536 1970 4590 animam
2016 4553 2046 4591 e
2089 4537 2286 4592 mundo

718 4625 945 4679 tt‘ferens
968 4643 980 4678 :
1007 4636 1164 4695 atque
1193 4626 1334 4679 inani
1363 4640 1490 4678 voce
1515 4625 1794 4690 clamabat,
1823 4624 1978 4679 Pater
2000 4626 2284 4691 Abraham,

721 4719 856 4769 mitte
879 4716 1145 4779 (Azorum,
1163 4726 1214 4768 ut
1234 4717 1443 4786 intingat
1461 4725 1734 4769 extremum
1755 4717 1898 4786 digiti
1915 4719 1994 4769 sui
2013 4719 2064 4770 in
2080 4735 2283 4788 aquam,

717 4819 764 4862 et
783 4809 1038 4879 refrigeret
1062 4808 1281 4876 linguam
1308 4822 1466 4859 meam
1482 4846 1496 4870 ,
1519 4807 1637 4874 quia
1665 4807 1860 4859 crucior
1883 4808 1933 4860 in
1962 4809 2055 4860 hac
2079 4809 2286 4877 ﬂamma

723 4895 868 4969 (Luc.
900 4898 980 4952 t6.
1001 4896 1131 4967 ﬁt)?
1157 4896 1290 4964 Quid
1319 4907 1519 4967 patrem
1552 4897 1908 4952 Abrabanium
1933 4913 2109 4964 vocas,
2134 4900 2286 4968 cujus

720 4991 878 5044 vitam
919 5003 1022 5043 non
1054 4988 1286 5042 imitatus
1322 4987 1425 5042 es?
1454 4987 1544 5042 ille
1575 4988 1838 5042 neminem
1870 5005 1973 5043 non
2001 4990 2160 5044 domo
2188 5008 2280 5046 ea-

712 5083 941 5151 cipiebat
965 5097 978 5134 :
1004 5091 1056 5134 tu
1085 5096 1150 5136 ne
1171 5081 1323 5134 unius
1348 5079 1560 5150 quidem
1584 5083 1828 5150 pauperis
1849 5095 2029 5136 curam
2051 5086 2280 5154 gessisti.

718 5171 827 5228 Nec
854 5187 980 5227 vero
1007 5180 1088 5226 est
1113 5171 1253 5242 quod
1279 5172 1547 5241 lugeamus
1575 5186 1639 5226 ac
1663 5172 2119 5244 collaerymemus,
2141 5178 2280 5246 quod

716 5264 759 5318 is
779 5305 792 5325 ,
821 5261 909 5331 qui
939 5261 1095 5315 tantis
1119 5261 1306 5330 opibus
1335 5261 1580 5329 prmditus
1606 5271 1718 5314 erat
1736 5301 1752 5327 ,
1776 5277 1926 5332 aquae
1948 5272 2148 5334 guttam
2176 5281 2279 5319 non

714 5363 797 5407 est
821 5362 1196 5422 consequutus.
1226 5353 1484 5417 Quoniam
1512 5353 1653 5406 enim
1680 5353 1848 5408 micas
1877 5356 2092 5424 pauperi
2122 5357 2278 5410 mini-

718 5459 800 5499 me
840 5445 1058 5513 largitus
1084 5452 1166 5497 est
1185 5484 1202 5508 ,
1228 5441 1424 5512 idcirco
1449 5457 1515 5496 ne
1543 5451 1740 5512 guttam
1768 5443 1982 5514 quidem
2011 5459 2160 5514 aqua:
2189 5462 2280 5500 ac-

711 5533 854 5602 cipit.
907 5533 1105 5588 lliemis
1146 5542 1380 5602 tempore
1425 5532 1801 5588 misericordia:
1838 5544 2130 5589 sementem
2173 5551 2276 5591 non

712 5623 857 5690 fecit,
879 5639 940 5680 ac
960 5625 1181 5696 proinde
1203 5639 1270 5680 ne
1288 5633 1471 5680 aestate
1493 5624 1704 5695 quidem
1725 5639 1956 5681 messem
1977 5627 2117 5681 feeit.
2141 5627 2278 5696 Quin

2041 5793 2090 5828 m
2112 5783 2209 5830 Iret
2231 5783 2281 5830 in

774 5783 846 5844 (α)
881 5783 960 5832 His
980 5780 1148 5830 similia
1183 5780 1337 5844 babes
1369 5791 1513 5844 supra
1535 5781 1589 5844 in
1609 5779 1806 5844 “omnia
1830 5791 1892 5844 an

1975 5843 2261 5906 ynipladem.

714 5839 954 5902 "Silium,
980 5853 1193 5907 itemque
1216 5843 1264 5890 in
1287 5839 1489 5906 quadam
1514 5839 1820 5905 epistularum
1843 5841 1900 5891 ad

1483 397 1539 455 8.
1581 393 1859 454 JOANNIS
1896 389 2369 450 CHRYSOSTOII
2411 387 2730 446 ARCﬂlEP.
2771 387 3304 455 CONSTANTINOP.

3882 396 3983 451 Cll

2404 509 2504 557 hoc
2548 518 2758 574 quoque
2798 514 2948 558 certo
2985 505 3206 559 consilio
3251 520 3282 558 a
3325 506 3548 561 Domino
3573 517 3752 561 aetum
3783 517 3899 569 est.
3929 523 3986 564 ut

2400 595 2679 664 impiorum
2711 609 2860 664 [‘(Btta
2882 635 2900 662 ,
2931 605 2983 650 et
3005 596 3264 664 iustorum
3291 597 3501 667 requies
3522 613 3603 663 ,σε
3630 599 3846 669 regione
3870 601 3985 654 site

2399 685 2508 739 sint
2537 704 2550 740 :
2581 687 2826 740 nimirum
2865 698 2920 740 ut
2954 702 3074 742 βακε
3110 688 3208 756 ipsi
3254 698 3440 743 mutuo
3468 689 3795 759 prospiciam
3825 701 3985 761 atque

2402 785 2710 846 agnoscant.
2780 776 2926 831 Tunc
2980 779 3123 832 enim
3171 778 3393 848 quilibet
3451 791 3652 852 martyr
3698 790 3980 850 tyranuum

2400 882 2553 920 suum
2590 877 2872 938 agnoscet,
2909 878 3068 937 atque
3115 869 3238 922 item
3273 869 3494 938 quilibet
3537 879 3797 941 tyrannus
3838 887 3982 925 mar-

2401 967 2570 1029 tyrem
2615 974 2737 1013 eum
2767 1002 2782 1024 ,
2832 975 2988 1026 quem
3031 960 3266 1013 cruciatu
3314 960 3510 1015 alfecit.
3551 960 3662 1017 Nec
3701 977 3832 1016 vero
3871 963 3981 1018 hzl‘c

2400 1065 2429 1102 a
2481 1066 2566 1103 me
2617 1050 2777 1104 dico:
2811 1051 2930 1104 audi
2962 1050 3256 1122 enimquid
3300 1051 3567 1122 Sapientia
3595 1053 3740 1107 dicat
3782 1071 3798 1106 :
3841 1051 3985 1106 Tune

2397 1143 2545 1195 stabit
2576 1144 2746 1213 justus
2784 1144 2834 1196 in
2873 1161 3055 1215 magna
3081 1147 3359 1197 constantia
3395 1148 3635 1198 adversus
3660 1160 3746 1198 eos
3767 1187 3781 1208 ,
3929 1161 3981 1197 se

2396 1237 2801 1304 angustiaverunt
2821 1237 2975 1304 (ευρ.
3005 1237 3056 1293 5.
3085 1238 3159 1309 1).
3190 1236 3320 1293 Nam
3343 1237 3794 1307 quemadmodum
3819 1239 3865 1294 is
3885 1241 3974 1310 qui

2397 1323 2637 1380 fervente
2665 1327 2777 1382 sole
2806 1328 2906 1381 iter
2931 1329 3072 1391 facit,
3102 1344 3163 1381 ac
3193 1330 3276 1382 siti
3304 1329 3519 1398 ﬂagrat,
3551 1346 3670 1386 cum
3699 1331 3974 1401 limpidum

2397 1416 2596 1468 fontem
2630 1427 2812 1472 nactus
2838 1427 2940 1478 est.
2967 1433 3029 1472 ac
3053 1419 3234 1474 bibere
3261 1419 3588 1489 prohibetur,
3616 1437 3812 1492 magno
3831 1423 3976 1476 dolo-

2396 1522 2454 1562 re
2471 1509 2730 1573 allieitur;
2757 1519 2845 1564 aut
2871 1525 3076 1563 rursum
3097 1511 3544 1580 quemadmodum
3570 1529 3692 1566 cum
3712 1513 3974 1583 quispiam

2398 1598 2595 1668 ingenti
2621 1599 2757 1654 fame
2785 1600 3026 1665 allectus,
3057 1615 3254 1656 mensa:
3281 1603 3424 1657 omni
3455 1603 3756 1660 eduliorum
3784 1619 3975 1676 genere

2393 1691 2646 1746 confertze
2674 1692 2870 1747 assidet
2897 1735 2910 1755 .
2943 1705 3193 1748 cmterum
3223 1710 3252 1747 a
3283 1696 3581 1765 potentiore
3608 1697 3844 1767 quodam
3877 1697 3973 1752 im-

2395 1784 2623 1854 peditur,
2652 1800 2718 1839 nc
2743 1800 2980 1840 mensam
3001 1787 3243 1857 attingat,
3266 1801 3328 1842 ae
3349 1788 3482 1842 cibis
3508 1788 3736 1853 fruatur,
3763 1805 3973 1860 gravem

2393 1876 2636 1931 dolorem
2667 1886 2721 1932 et
2760 1880 3053 1932 crueiatum
3081 1879 3242 1934 sentit
3273 1919 3288 1944 ,
3318 1880 3459 1950 quod
3488 1895 3611 1934 cum
3651 1897 3855 1936 mensa:
3891 1896 3975 1934 ac-

2397 1969 2632 2033 cumbat,
2656 1969 2828 2037 epulis
2853 1979 3029 2024 tamen
3050 1970 3296 2040 gaudere,
3321 1970 3405 2026 vel
3427 1971 3556 2025 fonti
3579 1970 3826 2027 assidens
3843 1987 3973 2043 aqua

2396 2059 2494 2115 frui
2544 2071 2770 2132 nequeat
2802 2079 2814 2116 :
2843 2066 3034 2118 eodem
3069 2063 3230 2118 modo
3264 2065 3317 2118 in
3344 2064 3526 2134 judicii
3553 2064 3644 2121 die
3681 2067 3831 2136 impii
3859 2082 3974 2120 sau-

2394 2165 2510 2208 ctos
2539 2155 2679 2209 viros
2705 2155 2856 2211 laetos
2886 2165 3045 2226 atque
3074 2155 3274 2213 bilares
3297 2158 3647 2228 conspicient,
3671 2174 3774 2214 nec
3802 2169 3973 2215 tamen

2400 2247 2529 2316 ipsis
2557 2248 2699 2317 regia
2740 2264 2920 2302 mensa
2949 2249 3048 2302 frui
3078 2248 3417 2304 concedetur.
3449 2248 3579 2304 Nam
3607 2251 3772 2304 etiam
3805 2250 3938 2305 Dens
3957 2291 3971 2313 ,

2399 2352 2521 2391 cum
2551 2337 2619 2392 de
2646 2338 2850 2393 Adamo
2877 2338 3191 2408 supplicium
3217 2354 3432 2396 sumere
3459 2341 3618 2396 vellet
3638 2383 3655 2405 ,
3683 2339 3788 2396 hoc
3818 2340 3938 2396 fecit
3959 2384 3972 2406 ,

2396 2440 2452 2482 ut
2492 2430 2602 2498 ipse
2625 2445 2657 2484 e
2686 2431 2912 2500 paradisi
2944 2432 3158 2502 regione
3187 2443 3380 2488 terram
3415 2433 3618 2490 coleret
3647 2453 3660 2488 :
3686 2451 3797 2504 quo
3836 2434 3975 2491 vide-

2398 2523 2520 2576 licet
2543 2523 2593 2575 in
2613 2521 2854 2592 singulos
2873 2523 2988 2578 dies
3007 2539 3071 2578 ae
3091 2524 3327 2596 singulas
3348 2525 3505 2592 horas
3518 2525 3815 2596 jucundum
3832 2527 3974 2582 illum

2392 2625 2446 2669 et
2475 2616 2827 2685 expetendum
2858 2616 3053 2683 locum,
3084 2618 3223 2674 unde
3248 2630 3575 2683 excesserat.
3605 2621 3971 2691 prospiciens,

2396 2717 2706 2775 perpetuum
2725 2708 2904 2761 animo
2923 2706 3162 2764 dolorem
3186 2709 3441 2764 hauriret.
3467 2708 3621 2778 Quod
3643 2711 3688 2765 si
3711 2709 3801 2766 hic
3820 2712 3974 2767 etiam

2395 2799 2548 2852 nobis
2579 2809 2761 2852 mutuo
2789 2814 3072 2870 congressu
3112 2799 3211 2854 frui
3241 2816 3344 2856 non
3377 2802 3524 2857 licuit
3546 2842 3562 2866 ,
3601 2813 3656 2858 at
3684 2820 3847 2858 nemo
3874 2804 3974 2860 illic

2394 2889 2644 2952 obstabit,
2675 2891 2802 2958 quin
2829 2899 2939 2944 tum
2965 2908 3066 2946 una
3092 2891 3366 2962 degamus,
3399 2909 3616 2964 eosque,
3648 2910 3677 2947 a
3704 2895 3900 2964 quibus
3923 2896 3975 2950 ia

2393 2981 2635 3033 exsilium
2662 2981 2813 3050 cjecti
2841 2995 3045 3045 sumus,
3074 2984 3362 3046 videmnus,
3391 2995 3447 3038 ut
3473 2983 3707 3039 Laurus
3733 2985 3972 3052 divitem,

2393 3083 2445 3126 et
2477 3084 2736 3143 martyres
2758 3083 3032 3144 tyrannos.
3061 3077 3136 3129 Ac
3157 3076 3374 3145 proinde
3397 3077 3629 3130 animum
3653 3091 3721 3131 ne
3743 3079 3976 3146 desim-

2391 3166 2482 3230 de,
2518 3181 2698 3218 verum
2731 3166 2865 3220 hanc
2893 3167 3163 3237 propheta:
3189 3181 3371 3222 vocem
3402 3168 3456 3222 in
3482 3169 3796 3223 memoriam
3823 3184 3975 3225 revoo

2395 3275 2454 3312 (si
2481 3277 2494 3312 :
2523 3256 2695 3311 Nolite
2719 3259 2892 3312 timere
2913 3261 3236 3329 opprobrium
3262 3260 3540 3325 hominum,
3561 3269 3608 3313 et
3631 3270 3972 3332 contemptam

2397 3367 2567 3402 eorum
2591 3367 2652 3403 ne
2673 3351 2904 3403 nutantis
2928 3366 2946 3403 :
2963 3351 3087 3404 sicut
3113 3350 3244 3404 enim
3265 3351 3385 3405 lana
3413 3367 3446 3404 α
3472 3352 3605 3404 tinea
3630 3351 3870 3406 radentia
3890 3394 3907 3416 ,
3928 3363 3973 3407 et

2391 3442 2517 3494 sicut
2561 3441 2901 3494 vestimentum
2948 3452 3246 3495 veterasunt
3271 3441 3290 3510 (
3315 3440 3444 3496 lsai.
3481 3441 3571 3496 5|.
3615 3442 3667 3496 7.
3710 3442 3746 3498 8
3770 3443 3812 3512 ).
3843 3443 3973 3498 Illud

2390 3537 2549 3590 etiam
2579 3535 2961 3602 animadverte,
2982 3534 3248 3604 quomodo
3281 3535 3552 3597 Dominus,
3579 3534 3679 3590 hoc
3703 3545 3786 3590 est
3815 3536 3862 3590 is
3884 3539 3972 3607 qui

2392 3629 2645 3682 mundum
2675 3627 2932 3694 continet,
2952 3629 3128 3682 statim
3146 3626 3216 3680 ab
3239 3625 3568 3681 incunabuiis
3588 3626 3970 3696 exagitabatur,

2389 3730 2548 3789 atque
2575 3721 2625 3774 in
2651 3719 2995 3774 barbarorum
3024 3729 3216 3773 terram
3239 3718 3545 3785 ejiciebatur
3572 3734 3588 3770 :
3613 3733 3724 3787 quo
3748 3733 3848 3772 nos
3872 3721 3972 3774 sci-

2395 3813 2517 3866 licet
2539 3814 2784 3881 exemplo
2809 3826 2907 3865 suo
2929 3821 3190 3876 moneret,
3214 3827 3282 3865 ne
3309 3811 3360 3864 in
3389 3809 3766 3864 teutationibus
3783 3811 3974 3864 animis

2393 3903 2714 3973 frangantur.
2757 3904 3050 3957 Salv-utaris
3079 3901 3254 3972 passio
3281 3901 3373 3955 tibi
3408 3902 3461 3956 in
3489 3902 3666 3956 animo
3693 3911 3934 3957 versetur
3955 3944 3970 3964 .

2393 4011 2583 4065 nempe
2605 4003 2734 4066 quot
2761 3994 3094 4050 contumeliis
3114 3995 3226 4064 ipse
3247 4004 3422 4048 nostra
3448 4007 3606 4048 eausa
3630 3993 3856 4048 allectus
3877 3995 3965 4049 sit.

2391 4087 2494 4142 Alii
2527 4087 2667 4140 enim
2708 4101 2828 4141 eum
2863 4083 3250 4140 Satnaritauum
3287 4083 3583 4148 vocabant,
3613 4085 3702 4138 alii
3742 4085 3969 4156 arrepti-

2391 4181 2521 4234 tium
2548 4223 2562 4244 .
2593 4189 2644 4234 et
2691 4178 2994 4234 helluonem
3019 4221 3034 4243 ,
3063 4186 3118 4233 et
3153 4177 3342 4232 falsum
3383 4178 3716 4246 praplietatn.
3749 4177 3971 4232 Aiebam

2389 4274 2531 4328 enim
2565 4291 2578 4327 :
2617 4271 2744 4326 Ecce
2773 4273 2922 4325 homo
2949 4286 3105 4325 sora:
3141 4280 3188 4323 et
3215 4277 3412 4340 potator
3441 4269 3541 4333 cini
3575 4268 3726 4339 (Lac.
3756 4270 3810 4323 7.
3835 4269 3930 4342 3b)
3952 4310 3968 4332 .

2389 4376 2443 4420 et
2471 4383 2483 4419 :
2515 4363 2579 4418 In
2603 4364 2830 4433 principe
2850 4363 3213 4416 dte-seniorum
3239 4361 3382 4427 eiecit
3403 4359 3652 4414 demetrio
3676 4358 3891 4430 (Nam.
3913 4361 3966 4418 9.

2390 4459 2504 4527 Si).
2535 4456 2671 4524 Quid
2698 4469 2819 4511 eum
2845 4470 2968 4509 eum
2994 4453 3259 4510 ducebant
3282 4462 3340 4508 ut
3367 4451 3657 4523 praecipitio
3685 4462 3932 4509 necarent
3950 4495 3965 4517 .

2391 4559 2446 4604 et
2467 4565 2585 4604 cum
2613 4549 2778 4619 ipsius
2805 4548 2990 4611 faciem
3016 4547 3418 4618 conspuebant?
3436 4545 3563 4617 quid
3582 4561 3706 4600 cum
3730 4545 3970 4620 dilamy-

2390 4640 2512 4696 dem
2553 4640 2650 4710 ipsi
2697 4639 3037 4710 imponebant
3058 4679 3076 4707 ,
3103 4654 3166 4694 ac
3194 4638 3362 4709 spinis
3389 4638 3560 4707 ipsum
3597 4638 3922 4696 coronabant
3947 4680 3964 4702 .

2391 4742 2549 4802 atque
2575 4731 2639 4785 ad
2682 4730 2847 4800 ipsius
2889 4730 3052 4801 pedes
3085 4729 3297 4785 ludibrii
3333 4744 3490 4784 causa
3520 4745 3580 4784 se
3607 4729 3925 4798 abjiciebant
3949 4773 3967 4796 ,

2391 4840 2490 4880 nec
2532 4825 2692 4878 ullum
2741 4825 2998 4880 irrisionis
3043 4837 3210 4894 genus
3253 4823 3306 4877 in
3342 4839 3408 4877 eo
3452 4823 3968 4892 pratermittebant?

2388 4916 2513 4986 quid
2548 4931 2667 4970 cum
2697 4917 2862 4986 alapis
2897 4918 3068 4985 ipsum
3093 4913 3410 4970 caedebant?
3435 4930 3555 4970 eum
3584 4925 3795 4971 acetum
3819 4925 3876 4972 et
3896 4915 3970 4973 σει

2391 5007 2676 5062 bibendum
2714 5008 2763 5062 ei
2792 5005 3026 5061 dabant?
3067 5019 3188 5060 cum
3225 5004 3484 5060 arundine
3513 5005 3680 5074 ipsius
3703 5013 3863 5076 caput
3889 5004 3968 5062 fo-

2390 5098 2635 5153 riebant?
2665 5114 2784 5154 cum
2812 5096 3132 5168 sanguinarii
3162 5096 3234 5151 illi
3257 5111 3420 5152 canes
3447 5111 3568 5151 eum
3594 5094 3700 5151 huc
3723 5105 3884 5168 atque
3905 5098 3970 5154 il-

2388 5192 2472 5246 luc
2496 5189 2809 5245 trahebant?
2835 5189 2957 5260 quid
2979 5204 3097 5244 cum
3118 5188 3185 5244 ad
3206 5198 3430 5245 mortem
3455 5187 3630 5244 nudus
3651 5188 3970 5257 ducebatur,

2385 5299 2676 5353 omnesque
2711 5281 2951 5350 discipuli
2991 5297 3111 5337 eum
3139 5280 3525 5346 deseruerant,
3552 5290 3715 5351 atque
3737 5297 3878 5340 unus
3900 5299 3969 5342 ea

2387 5375 2514 5444 ipsis
2537 5391 2658 5429 eum
2686 5374 3004 5443 prodiderat,
3027 5374 3164 5430 alter
3183 5383 3498 5445 negaverat;
3519 5373 3611 5430 alii
3633 5373 3811 5445 fugam
3833 5376 3967 5435 lnio-

2387 5477 2542 5531 rant,
2571 5466 2716 5519 solus
2759 5465 2870 5534 ipse
2909 5465 2960 5520 in
3004 5465 3177 5520 media
3217 5465 3303 5519 illa
3347 5463 3498 5520 turba
3536 5465 3712 5521 nudus
3750 5466 3968 5526 Stabat?

2387 5557 2571 5628 (festus
2591 5558 2785 5627 quippe
2805 5557 2916 5612 dies
2937 5566 3070 5623 erat,
3092 5572 3280 5612 omnes
3301 5566 3424 5612 tunc
3443 5558 3496 5611 in
3518 5573 3682 5613 unum
3701 5573 3901 5630 cogam
3923 5563 3966 5632 ;)

2385 5648 2532 5719 quid,
2561 5665 2680 5702 cum
2712 5658 2975 5718 tamquam
3003 5663 3200 5703 nocens
3228 5656 3280 5703 et
3308 5647 3637 5704 facinorosis
3665 5650 3806 5705 inter
3834 5650 3963 5708 [ael-

2386 5755 2607 5797 norosos
2634 5741 2775 5795 cruci
2803 5739 3111 5812 afligebatur
3128 5783 3142 5808 ,
3174 5756 3237 5795 ac
3267 5748 3606 5812 posteaquam
3633 5757 3669 5798 e
3691 5757 3852 5802 cm
3870 5743 3963 5803 de-

2387 5835 2578 5891 missus
2606 5843 2707 5898 est,
2734 5832 2929 5888 tamdiu
2955 5833 3256 5888 inhumatus
3275 5830 3462 5905 jacuit,
3484 5831 3679 5906 quoad,
3706 5843 3763 5890 ut
3782 5837 3963 5909 seped.
