4152 6490
241 433 361 490 £35

243 560 370 605 tura
397 549 706 617 donaretur,
737 566 767 604 a
794 549 1026 623 quodam
1057 551 1350 621 postulatus
1377 549 1498 605 est?
1544 549 1848 605 Recordare

239 658 375 699 eum
399 642 585 702 funere
605 659 710 699 non
727 643 926 699 elatum
949 659 1089 708 esse,
1117 644 1525 713 improbumque
1543 657 1848 699 sermonem

242 737 512 794 adversus
552 753 674 794 eum
715 737 1120 793 disseminatum
1155 737 1316 792 fuisse
1340 779 1354 800 ,
1390 737 1636 791 nimirum
1665 751 1789 790 eum
1819 751 1848 790 a

244 829 530 898 discipulis
580 829 694 884 suis
741 838 1045 900 surreptum
1097 826 1299 894 fuisse,
1351 843 1448 882 nec
1491 827 1852 882 resurrexisse

243 918 469 990 (lculi.
499 917 616 991 28).
663 918 720 973 ln
751 930 983 974 mentem
1013 919 1226 973 veniant
1253 918 1478 990 apostoli
1505 959 1519 985 ,
1547 918 1636 988 qui
1669 929 1721 973 et
1750 918 1848 988 ipsi

245 1009 626 1084 undecumque
649 1009 997 1076 vexabantur,
1021 1025 1085 1064 at:
1105 1009 1334 1064 latebras
1353 1011 1685 1081 qumrebant,
1709 1008 1850 1080 quod

245 1102 306 1156 iu
337 1101 558 1158 urbibus
583 1103 755 1172 palam
789 1102 987 1157 versari
1016 1117 1120 1156 non
1145 1111 1365 1172 possent
1395 1121 1408 1156 :
1435 1117 1665 1172 quonam
1696 1112 1854 1172 paeto

248 1195 447 1252 l‘etrus
475 1194 614 1264 apud
643 1194 913 1250 Simonem
944 1195 1228 1250 eoriarium
1259 1193 1607 1250 delitescebat
1634 1194 1768 1265 (Act.
1795 1195 1847 1251 9.

248 1290 372 1361 43),
400 1300 455 1346 et
479 1291 675 1346 Paulus
701 1291 840 1362 apud
873 1291 1146 1346 mulierem
1173 1289 1567 1361 purpurariam.
1595 1289 1848 1359 quoniam

249 1383 326 1439 de
351 1383 576 1438 divitum
606 1398 734 1455 erga
760 1399 821 1439 se
845 1383 1024 1438 animo
1049 1382 1367 1438 dubitabant
1393 1384 1412 1452 (
1435 1380 1572 1436 Ibid.
1606 1382 1696 1437 lli.
1730 1383 1792 1437 15
1809 1381 1849 1452 ).

251 1477 330 1531 At
371 1487 555 1546 postea
597 1478 776 1532 omnia
820 1475 949 1546 ipsis
988 1476 1142 1547 plana
1184 1484 1240 1530 et
1279 1474 1449 1530 facilia
1489 1473 1724 1530 fuerunt.
1772 1475 1853 1530 Ad

251 1567 507 1624 eumdem
529 1568 688 1640 igitur
709 1567 923 1624 modum
947 1578 1000 1623 tu
1022 1581 1233 1638 quoque
1255 1567 1492 1622 animum
1517 1583 1583 1622 ne
1605 1566 1842 1638 dejicias.

255 1658 495 1715 Allatum
515 1669 692 1715 autem
712 1657 779 1713 ad
801 1673 887 1714 me
904 1666 990 1714 est
1007 1658 1073 1714 de
1092 1657 1263 1714 deliro
1291 1657 1384 1714 illo
1412 1658 1636 1714 Arsacio
1654 1700 1669 1724 ,
1693 1673 1850 1728 quem

257 1749 576 1822 lmperatrix
604 1751 656 1806 in
685 1750 878 1806 throno
903 1750 1217 1816 collocavit,
1245 1766 1368 1806 eum
1400 1750 1592 1808 fratres
1619 1765 1713 1806 eos
1737 1765 1854 1806 om-

148 1904 160 1908 _
258 1857 382 1911 nes,
413 1844 502 1916 qui
526 1845 543 1876 ¹
564 1858 686 1899 cum
713 1843 829 1914 ipso
853 1843 1250 1900 communicare
1273 1844 1612 1908 recusabant,
1637 1842 1858 1899 atliixis-

258 1952 322 1993 se
353 1955 368 1992 :
398 1948 454 1993 et
491 1936 687 1993 multos
729 1951 798 1992 ex
839 1936 968 2006 ipsis
1009 1938 1112 1991 mei
1153 1951 1314 1993 causa
1361 1937 1413 1991 in
1459 1935 1685 1992 vinculis
1713 1936 1854 1993 diem

257 2030 388 2084 vita:
427 2037 722 2086 extremum
752 2028 1031 2085 clausisse.
1077 2027 1351 2100 Siquidem
1392 2029 1548 2099 lupus
1578 2029 1668 2085 ille
1694 2071 1709 2096 ,
1739 2029 1859 2086 ovis

257 2122 496 2194 speciem
525 2138 639 2194 prae
667 2137 728 2178 se
757 2121 934 2178 ferens
955 2163 973 2191 ,
1013 2122 1113 2178 etsi
1155 2122 1393 2193 episc0pi
1437 2123 1637 2178 larvam
1667 2134 1856 2195 gerat,

259 2212 476 2269 adulter
515 2222 690 2268 tamen
735 2221 836 2268 est.
869 2213 942 2270 Ut
967 2214 1110 2268 enim
1139 2213 1328 2269 mulier
1367 2214 1610 2270 adultera
1639 2222 1860 2271 vocatur

259 2317 384 2372 qum
413 2303 628 2360 vivente
654 2304 771 2359 viro
798 2303 950 2360 alteri
982 2303 1131 2360 nubit
1160 2320 1177 2359 :
1205 2305 1396 2361 eodem
1428 2304 1588 2362 modo
1614 2305 1702 2361 hic
1725 2321 1859 2377 quo-

259 2410 371 2464 que
407 2395 613 2452 adulter
641 2406 762 2462 est,
789 2411 894 2452 non
921 2398 1098 2454 carnis
1124 2439 1140 2465 ,
1171 2398 1266 2454 sed
1302 2399 1524 2470 spiritus
1557 2417 1571 2454 :
1601 2417 1690 2457 me
1713 2400 1857 2457 enim

259 2485 476 2541 vivente
508 2485 760 2543 Ecclesiae
801 2487 1059 2543 thronum
1101 2488 1314 2544 invasit.
1346 2491 1522 2561 Atque
1549 2491 1663 2548 haec
1702 2492 1794 2547 tibi
1826 2507 1865 2548 e

260 2576 477 2634 Cucuso
493 2580 514 2611 '
534 2579 754 2652 scripsi,
772 2595 880 2652 quo
899 2580 1149 2638 videlicet
1174 2582 1490 2654 lmperatrix
1516 2585 1747 2657 ablegari
1774 2602 1860 2644 me

256 2667 441 2738 jussit.
473 2669 644 2727 Multa:
669 2686 832 2742 porro
881 2673 1013 2729 mihi
1061 2673 1112 2729 in
1145 2674 1226 2729 via
1258 2676 1588 2733 calamitates
1617 2678 1859 2751 contige-

261 2769 389 2816 runt
411 2779 426 2817 :
450 2777 633 2819 verum
661 2764 794 2820 nihil
816 2765 1077 2837 ejusmodi
1102 2766 1232 2822 mihi
1254 2783 1400 2824 curae
1420 2768 1536 2824 fuit.
1586 2770 1658 2828 Ut
1679 2781 1857 2827 autem

262 2852 319 2907 in
347 2851 758 2925 Cappadociam,
786 2867 948 2928 atque
973 2858 1133 2914 etiam
1163 2859 1217 2914 in
1241 2858 1686 2916 Tauro-Ciliciam
1713 2864 1859 2920 veni-

265 2960 388 3002 mus
409 2986 428 3014 ,
457 2961 650 3021 magno
689 2951 903 3020 agmine
947 2953 1116 3008 sancti
1147 2962 1329 3023 patres
1349 2994 1365 3019 ,
1395 2968 1460 3010 ac
1489 2955 1733 3012 monachi
1759 2997 1774 3021 ,
1805 2967 1861 3012 et

263 3038 503 3110 virgines
525 3040 744 3097 obviam.
768 3044 920 3099 nobis
947 3044 1271 3115 prodibant,
1299 3047 1556 3104 infinitam
1587 3049 1853 3121 lacryma-

260 3146 382 3187 rum
409 3132 515 3188 vim
537 3133 933 3204 profundentes.
957 3135 1197 3210 Cumque
1215 3155 1314 3197 nos
1330 3141 1382 3197 in
1398 3142 1644 3198 exsilium
1661 3143 1861 3199 abeun-

264 3233 350 3279 tes
372 3235 697 3292 cernerent,
728 3228 779 3283 in
824 3227 979 3285 fletus
1020 3234 1464 3304 prorumpebant,
1499 3235 1687 3308 hisque
1715 3237 1856 3294 inter

264 3331 328 3370 se
351 3315 532 3372 verbis
560 3318 879 3376 utebantur:
905 3321 1083 3380 Satius
1113 3323 1300 3382 fuisset
1327 3327 1496 3384 solem
1527 3329 1705 3385 radios
1732 3346 1860 3387 suos

263 3410 578 3466 subtrahere
601 3452 626 3479 ,
645 3428 804 3484 quam
829 3413 1050 3471 Jonnnis
1077 3431 1140 3472 os
1163 3419 1452 3476 contieere.
1482 3420 1609 3477 Haec
1634 3437 1718 3478 me
1742 3439 1861 3492 pcr-

264 3501 552 3557 turbabant
588 3519 652 3560 ac
679 3506 991 3577 premebant
1015 3549 1030 3574 ,
1062 3509 1315 3579 quoniam
1343 3525 1530 3567 omnes
1553 3527 1670 3568 mea
1700 3528 1858 3568 causa

265 3593 540 3666 plorantes
589 3597 856 3654 intuebar.
902 3599 1035 3655 Nam
1081 3614 1274 3658 caetera
1318 3603 1494 3660 omnia
1520 3645 1537 3672 ,
1576 3620 1696 3676 qua:
1729 3605 1861 3660 mihi

264 3685 459 3740 oborta
496 3695 645 3754 sunt,
670 3688 818 3745 nulla
843 3706 930 3746 me
959 3706 1086 3748 cura
1115 3692 1428 3750 affecerunt.
1458 3696 1530 3751 At
1556 3711 1684 3752 vero
1716 3697 1862 3753 urbis

265 3777 490 3849 hujusce
529 3782 810 3853 episcopus
847 3799 1104 3856 perquam
1137 3787 1440 3868 humaniter
1469 3806 1566 3845 nos
1602 3792 1813 3862 excepit
1846 3835 1861 3862 ,

264 3879 575 3944 tantamque
602 3890 727 3946 erga
756 3892 853 3933 nos
881 3879 1155 3936 caritatem
1184 3897 1292 3952 pra:
1320 3897 1380 3939 se
1408 3883 1545 3947 tulit,
1575 3894 1629 3939 ut
1659 3885 1821 3941 etiam
1839 3927 1857 3955 ,

262 3963 310 4015 si
342 3961 455 4018 fieri
485 3967 781 4036 potuisset,
819 3967 1015 4025 throno
1050 3987 1260 4043 quoque
1298 3988 1396 4028 suo
1428 3976 1581 4030 nobis
1606 3991 1860 4032 cessurus

263 4055 459 4124 fuerit,
493 4059 593 4113 nisi
623 4060 776 4116 nobis
802 4064 1100 4123 cavendum
1131 4064 1313 4122 fuisset
1338 4108 1355 4134 ,
1385 4083 1452 4123 ne
1488 4071 1857 4141 praescriptum

263 4146 489 4203 limitem
518 4150 921 4208 excederemus.
960 4154 1318 4222 Quamobrem
1351 4166 1402 4214 te
1429 4174 1558 4231 rogo
1582 4202 1596 4226 ,
1630 4176 1692 4216 ac
1714 4163 1858 4217 velut

259 4239 488 4307 genibus
519 4242 622 4296 tuis
649 4241 930 4299 advolutus
957 4245 1196 4302 obtestor
1217 4289 1234 4314 ,
1265 4256 1326 4304 ut
1378 4265 1664 4309 maerorem
1692 4263 1746 4309 et
1775 4253 1858 4308 lu-

262 4340 410 4384 ctum
450 4331 669 4402 abjicias
692 4376 708 4396 .
740 4349 803 4390 ac
839 4350 939 4407 pro
966 4337 1122 4395 nobis
1147 4340 1286 4411 apud
1316 4342 1482 4399 Dctun
1514 4360 1721 4400 metnur
1745 4347 1818 4401 sis
1838 4387 1854 4414 ,

262 4421 524 4494 nobisque
555 4426 836 4484 rescribas.

334 4557 588 4616 CXXVI.
619 4561 815 4633 Ruﬁno
845 4567 1153 4639 presbytero.
1184 4568 1415 4640 (Cucuso
1452 4585 1593 4627 anno
1632 4573 1782 4645 406.)

334 4695 622 4752 Plimnicia:
648 4701 783 4754 mala
817 4716 1026 4756 rursum
1060 4707 1348 4774 exarsisse,
1379 4722 1440 4762 ac
1465 4711 1740 4779 gentilium
1771 4711 1855 4767 fu-

261 4804 442 4844 rorem
469 4802 683 4847 auctum
708 4808 826 4848 esse
852 4797 1031 4866 accepi
1057 4814 1070 4849 :
1119 4798 1532 4871 compluresque
1563 4806 1855 4860 monachos

261 4881 455 4948 prirtim
484 4881 789 4939 vulneribus
813 4885 1031 4941 affectos
1048 4902 1189 4948 esse.
1220 4891 1412 4958 partim
1437 4893 1599 4948 etiam
1626 4908 1852 4952 mortem

257 4972 481 5031 obiisse.
511 4973 636 5030 Ideo
670 4977 927 5045 majorem
960 4979 1013 5032 in
1043 4981 1260 5035 modum
1294 4991 1344 5037 te
1393 4999 1576 5055 urgeo,
1609 4996 1666 5042 ut
1693 5004 1852 5057 quam

256 5064 544 5122 celerrime
589 5077 640 5122 te
682 5067 746 5123 ad
794 5069 893 5124 iter
935 5071 1198 5142 accingas,
1247 5084 1406 5145 atque
1461 5077 1517 5131 in
1559 5080 1673 5134 acie
1717 5093 1845 5138 stes.

253 5156 475 5212 Certum
506 5158 648 5215 enim
695 5158 865 5218 lmbeo
896 5162 1033 5230 fore,
1058 5175 1115 5220 ut
1143 5166 1186 5219 si
1217 5182 1424 5236 preces,
1457 5180 1507 5225 et
1536 5172 1806 5228 leuitatem
1835 5217 1849 5240 ,

254 5256 313 5303 et
365 5254 858 5324 mansuetudinem,
912 5270 969 5315 et
1008 5260 1366 5330 tolerantiam,
1414 5274 1467 5319 et
1520 5265 1849 5336 patientiam,

253 5359 483 5415 eamque
526 5363 683 5418 quam
724 5353 867 5404 soles
903 5351 1064 5406 animi
1101 5351 1467 5409 fortitudinem
1518 5355 1847 5426 adhibueris,

254 5436 340 5492 vel
368 5449 587 5508 aspectu
614 5441 731 5496 solo
757 5441 1094 5498 adversarios
1116 5445 1166 5499 in
1191 5444 1366 5517 fugam
1392 5447 1673 5518 conjicias,
1703 5450 1848 5522 ipso-

324 5553 342 5628 ξ
520 5553 698 5628 fratres
718 5562 764 5606 et
788 5556 996 5628 virgines
1017 5571 1146 5628 qum.

318 5615 340 5646 ¹
371 5615 557 5675 mu":
572 5626 764 5680 fucum
783 5615 984 5671 Cilicum
999 5615 1116 5670 ﬁdit.
1134 5621 1293 5680 savil.,
1310 5636 1338 5673 ε
1354 5624 1571 5676 (nausia.
1594 5633 1640 5675 tn
1659 5627 1852 5679 duobus

253 5685 363 5728 ὡς.
391 5693 505 5736 vox,
525 5679 724 5738 Ciliciw,
748 5681 910 5731 deest.
935 5690 1079 5733 Certe
1101 5679 1336 5734 Cucusum
1361 5699 1456 5736 non
1479 5701 1655 5738 omnes
1675 5689 1849 5741 Cilicia:

253 5752 371 5809 asse
388 5741 632 5791 dicebant.
657 5744 700 5792 si
721 5756 840 5809 vera
861 5746 924 5792 sit
947 5744 1116 5794 horum
1152 5749 1369 5797 eodicmn
1414 5748 1580 5809 lectio,
1605 5757 1657 5800 et
1682 5766 1848 5803 veram

251 5805 425 5870 tuique
449 5812 583 5870 puto,
607 5810 723 5870 tunc
742 5804 930 5870 levatur
959 5819 1104 5870 supra
1134 5819 1396 5860 memorata
1436 5813 1482 5860 in
1521 5804 1694 5863 monito
1727 5815 1848 5864 ditii-

248 5864 421 5916 eultas.
445 5865 726 5933 Athanasius
751 5865 894 5933 illum_
905 5881 951 5933 ut
967 5864 1075 5933 tam
1093 5871 1252 5922 adocia
1280 5871 1402 5924 locat
1425 5876 1472 5924 in
1491 5877 1692 5926 Historia
1715 5876 1847 5927 Aria-

247 5939 424 5979 aunnn
445 5927 506 5978 ad
529 5929 779 5980 mnos
798 5942 846 5993 p.
868 5930 976 5980 M8.

1714 433 2090 490 l-.Pl$'l'Ol.£.

3459 449 3562 505 686

1955 566 2183 623 rumque
2214 552 2448 612 furorem
2475 557 2804 630 exstinguas.
2838 568 2999 633 atque
3021 577 3207 618 eorum
3236 561 3328 634 qui
3349 569 3563 617 nolint:

1957 658 2136 715 partes
2153 658 2370 705 tuentur
2387 651 2598 708 animos
2615 669 2846 717 recrees.
2875 656 3149 726 multaque
3172 656 3309 712 bona
3332 655 3560 714 efﬁcias.

1955 743 2131 811 Quare
2180 762 2249 802 ne
2295 749 2586 814 cuncteris,
2629 765 2730 807 nec
2774 752 3170 821 procrastines;
3218 752 3311 808 sed
3370 751 3560 821 majori

1953 835 2235 894 celeritate
2261 839 2452 907 utaris,
2482 849 2640 912 teque
2667 840 2804 908 haac,
2827 859 2947 913 qua:
2967 859 2997 899 a
3028 859 3114 900 me
3139 852 3564 900 commemorata

1956 934 2101 993 sunt,
2137 927 2452 985 alacriorem
2492 930 2738 987 reddant.
2789 931 3002 989 Etenim
3047 934 3094 988 si
3137 933 3562 1006 conﬂagrantem

1955 1015 2174 1073 domum
2220 1020 2448 1078 vidisses
2471 1063 2487 1090 ,
2534 1039 2643 1080 non
2681 1023 2924 1095 profecto
2969 1028 3324 1096 recessisses,
3377 1043 3565 1085 verum

1959 1111 2218 1180 majorem
2242 1112 2404 1169 etiam
2435 1113 2832 1174 festinationem
2879 1118 3217 1177 adhibuisses
3236 1163 3251 1188 ,
3279 1136 3388 1192 quo
3415 1121 3567 1177 llam-

1958 1217 2102 1258 tnam
2126 1213 2498 1263 anteverteres
2516 1249 2533 1276 ,
2561 1217 2723 1280 atque
2754 1218 2864 1265 tum
2896 1225 2996 1283 per
3020 1221 3096 1280 te,
3130 1219 3242 1268 tum
3271 1228 3369 1285 per
3394 1213 3532 1270 alios
3552 1255 3567 1280 ,

1959 1295 2170 1366 quidvis
2195 1298 2402 1370 egisses
2421 1341 2436 1368 ,
2463 1311 2522 1356 ut
2552 1301 2752 1358 malum
2777 1305 3172 1377 exstingueres.
3206 1307 3409 1364 Eodem
3435 1324 3568 1380 ergo

1961 1389 2122 1443 modo
2164 1405 2307 1446 nunc
2331 1407 2566 1463 quoque,
2608 1395 2862 1465 quoniam
2909 1395 3214 1469 huiusmodi
3261 1399 3568 1456 incendium

1961 1482 2254 1538 excitatum
2280 1493 2386 1552 est,
2415 1484 2500 1541 fac
2524 1487 2642 1542 sine
2672 1487 2782 1543 ulla
2826 1504 2977 1545 mora
3006 1491 3132 1548 illuc
3163 1492 3427 1562 proficisci
3456 1511 3570 1548 ma-

1961 1582 2148 1631 tures:
2196 1584 2357 1647 atque
2398 1578 2621 1634 omnino
2674 1580 2876 1651 aliquid
2924 1582 3030 1638 laeti
3080 1584 3394 1655 continget,
3450 1603 3561 1641 ma.

1958 1682 2233 1741 gnumque
2259 1669 2345 1726 his
2371 1671 2726 1729 incommodis
2755 1675 3054 1732 rcmedimn
3089 1677 3366 1735 afferetur.
3400 1681 3567 1747 Sane,

1960 1774 2082 1816 cum
2113 1761 2293 1817 omnia
2323 1763 2504 1834 quieta
2532 1773 2588 1820 et
2633 1766 2918 1838 tranquilla
2963 1778 3108 1833 sunt,
3139 1784 3240 1826 nec
3284 1771 3569 1842 quisquam

1961 1861 2047 1909 est
2066 1853 2168 1924 qu'r
2181 1853 2377 1910 bellum
2404 1854 2632 1925 inferat,
2666 1859 2956 1915 nonnullos
2983 1859 3050 1916 ad
3079 1861 3332 1932 pietatem
3355 1863 3570 1919 erudire

1961 1946 2245 2017 cujuslibet
2281 1947 2515 2005 hominis
2540 1961 2624 2006 est
2650 1969 2664 2004 :
2692 1959 2749 2006 at
2774 1967 2897 2006 cum
2925 1952 3174 2010 diabolus
3214 1955 3287 2010 ita
3319 1955 3479 2024 furit,
3508 1972 3571 2011 ac

1962 2040 2240 2098 daimones
2274 2056 2424 2098 arma
2455 2041 2706 2113 induunt,
2748 2041 2874 2101 forti
2905 2046 3089 2103 animo
3115 2058 3258 2104 stare
3283 2088 3299 2116 ,
3329 2058 3493 2121 atque
3520 2059 3572 2106 tt

1963 2148 2058 2189 eos
2082 2133 2172 2205 qui
2210 2134 2280 2192 ab
2311 2135 2451 2191 illius
2477 2136 2720 2207 partibus
2749 2146 2916 2206 stant,
2944 2140 3178 2211 eripere,
3209 2151 3266 2198 et
3302 2151 3530 2199 cteteros
3556 2185 3571 2206 ,

1965 2241 2033 2282 ne
2062 2227 2114 2282 in
2139 2227 2279 2283 illius
2301 2244 2490 2286 manus
2513 2230 2775 2299 incidant,
2799 2231 3082 2304 impedire,
3113 2236 3214 2292 hoc
3238 2238 3444 2293 strenui
3474 2240 3572 2294 viri

1962 2326 2068 2386 est,
2101 2317 2204 2375 hoc
2229 2318 2394 2374 animi
2425 2320 2716 2392 vigilantis,
2751 2324 2855 2379 hoc
2882 2324 3128 2381 sublimis
3153 2335 3258 2382 tum
3283 2338 3338 2384 et
3377 2325 3560 2400 ciper-

1965 2422 2125 2468 rectte
2156 2415 2374 2483 mentis,
2406 2414 2511 2472 hoc
2535 2418 2805 2473 sexcentis
2827 2419 3044 2475 coronis
3067 2434 3133 2475 ac
3159 2423 3396 2491 prtemiis
3422 2425 3570 2479 onuu

1964 2522 2213 2566 sermone
2225 2515 2686 2582 praestantioribus
2702 2514 2944 2588 dignum,
2961 2514 3060 2574 hoc
3078 2517 3308 2590 denique
3322 2521 3572 2590 apostoli-

1964 2615 2085 2656 cum
2125 2601 2350 2660 facinus.
2385 2605 2517 2662 Illud
2566 2609 2728 2679 igitur
2762 2623 2884 2664 cum
2930 2610 3112 2665 animo
3154 2619 3247 2667 tuo
3294 2623 3571 2683 reputans,

1966 2702 2180 2765 tempus
2225 2696 2368 2752 istud
2413 2699 2775 2770 adipiscenda:
2819 2701 3006 2770 glorize
3056 2702 3148 2757 tibi
3204 2704 3572 2772 occasionem,

1964 2796 2126 2857 atque
2153 2787 2343 2845 infiniti
2371 2801 2610 2862 qumstus
2639 2801 2693 2848 et
2717 2793 3068 2850 emolumenti
3094 2796 3376 2851 materiam
3408 2812 3528 2852 esse
3555 2839 3570 2862 ,

1964 2893 2115 2944 cura,
2145 2879 2394 2948 obsecro,
2424 2893 2482 2938 ut
2509 2891 2685 2940 tantas
2711 2898 2843 2955 opes
2870 2885 3122 2956 arripias,
3148 2887 3456 2959 ingentique
3483 2903 3571 2943 ce-

1965 2971 2179 3030 leritate
2208 2976 2409 3032 utaris:
2439 2985 2602 3048 atque
2628 2992 2787 3049 quam
2819 2979 3050 3048 primum
3083 2980 3211 3037 illuc
3236 2981 3472 3044 veneris.
3505 2982 3569 3036 ad

1967 3079 2066 3120 nos
2093 3067 2316 3124 scribas.
2346 3067 2480 3123 Nam
2507 3068 2552 3125 si
2583 3069 2667 3125 vel
2690 3069 2791 3125 hoc
2816 3069 3167 3136 audierimus,
3198 3081 3249 3126 te
3280 3071 3572 3128 l’hmnicie

1969 3160 2102 3215 lines
2129 3160 2392 3232 attigisse,
2419 3161 2531 3233 jam
2562 3163 2679 3219 sine
2703 3178 2830 3219 cura
2859 3165 3060 3220 erimus
3083 3207 3100 3230 ,
3132 3166 3530 3237 requiescemus
3554 3209 3569 3230 ,

1967 3254 2355 3311 in~securitate
2393 3255 2671 3327 degemus.
2702 3254 2836 3312 Nam
2868 3273 2987 3327 quze
3015 3257 3141 3314 hinc
3175 3269 3571 3331 consequentur

1966 3348 2167 3404 scimus
2191 3365 2205 3403 :
2235 3349 2485 3405 nimirum
2514 3359 2570 3405 ut
2609 3365 2907 3421 generosus
2931 3366 2995 3407 ac
3021 3353 3096 3407 rei
3123 3352 3329 3408 bellicae
3373 3355 3572 3423 peritus

1967 3445 2278 3515 imperator,
2302 3445 2383 3501 sic
2404 3455 2458 3500 tu
2480 3445 2660 3500 omnia
2687 3445 3021 3517 peragrabis,
3045 3446 3287 3518 jacentes
3307 3447 3568 3509 excitans,

1965 3546 2173 3593 stantes
2202 3537 2528 3594 conﬁrmans
2551 3547 2608 3594 et
2630 3537 3041 3607 constabiliens,
3080 3550 3324 3595 errantes
3348 3539 3401 3593 in
3429 3539 3568 3594 viam

1967 3629 2229 3686 reducens
2250 3671 2267 3698 ,
2299 3629 2540 3702 perditos
2568 3631 2851 3707 requirens
2877 3639 2932 3686 et
2956 3630 3262 3698 inveniens,
3294 3630 3573 3688 universas

1964 3721 2161 3779 diaboli
2190 3723 2374 3795 capias
2413 3723 2724 3780 concidens.
2773 3723 2870 3780 Est
2916 3723 3062 3781 enim
3105 3723 3236 3780 mihi
3265 3733 3568 3797 perspecta,

1965 3815 2143 3884 mihi,
2179 3816 2434 3887 inquam,
2483 3825 2764 3888 perspecta
2814 3825 2898 3874 est
2946 3817 3110 3873 animi
3153 3819 3229 3874 tui
3272 3818 3567 3890 vigilantia,

1967 3908 2162 3964 mentis
2187 3918 2291 3964 tute
2313 3924 2441 3964 cura
2468 3918 2524 3964 et
2546 3907 2870 3976 sollicitudo,
2901 3909 3191 3981 sagacitas,
3211 3910 3566 3976 concinnitas,

1965 4005 2228 4071 comitas,
2276 4003 2552 4069 fortitudo,
2601 4003 2785 4072 robur,
2826 4004 3145 4060 constantia.
3175 4004 3353 4074 Quare
3406 4020 3568 4076 quam

1965 4095 2263 4166 smpissime
2292 4094 2452 4151 velim
2481 4094 2550 4150 ad
2578 4111 2674 4151 nos
2702 4095 2910 4151 scribas
2938 4113 2951 4149 :
2981 4105 3142 4166 atque
3167 4096 3354 4161 etiam,
3385 4097 3568 4166 prius-

1965 4204 2126 4259 quam
2153 4187 2205 4242 in
2235 4188 2564 4258 thniciam
2592 4187 2923 4258 perveneris,
2949 4203 3017 4244 ex
3045 4187 3239 4245 itinere
3263 4188 3571 4260 frequentes

1962 4279 2040 4335 ad‘
2062 4295 2159 4336 nos
2185 4280 2370 4336 literas
2398 4280 2605 4347 mittas,
2638 4279 2904 4352 siquidem
2931 4295 3074 4336 nunc
3101 4295 3312 4352 quoque
3341 4281 3568 4338 miratus

1961 4388 2080 4429 sum
2108 4382 2160 4430 te
2180 4415 2194 4438 ,
2222 4387 2344 4428 cum
2370 4372 2622 4428 dominus
2657 4387 2810 4428 meus
2839 4372 3318 4428 reverendissimus
3347 4389 3409 4429 ac
3436 4375 3565 4430 reli-

1962 4465 2297 4537 giosissimus
2324 4465 2633 4521 Theodotus
2663 4465 2942 4538 presbyter
2980 4465 3085 4521 huc
3112 4465 3296 4532 venit,
3341 4466 3472 4520 nihil
3499 4467 3566 4521 ad

1964 4572 2062 4611 nos
2093 4558 2364 4613 literarum
2390 4556 2624 4613 dedisse.
2655 4556 2915 4624 Quocirca
2940 4573 3007 4614 ne
3040 4573 3225 4613 rursus
3255 4573 3322 4614 eo
3351 4559 3568 4615 nomine

1963 4649 2204 4704 dolorem
2232 4649 2615 4717 concipiamus,
2646 4650 2786 4720 quod
2817 4650 2992 4705 nullas
3016 4649 3111 4705 abs
3135 4658 3186 4707 te
3215 4649 3534 4706 literusacci
3558 4681 3569 4691 -

1966 4743 2194 4810 piamus,
2241 4741 2284 4796 si
2325 4741 2437 4797 fieri
2477 4749 2671 4811 potest,
2700 4757 2763 4797 ex
2797 4740 3024 4813 singulis
3063 4743 3224 4798 etiam
3271 4742 3568 4797 mansioni-

1962 4833 2060 4887 bus
2086 4831 2161 4904 (α)
2187 4832 2253 4886 ad
2285 4848 2383 4888 nos
2402 4832 2601 4900 scribe,
2636 4842 2693 4886 ut
2717 4841 2976 4903 quantum
3004 4832 3103 4888 via:
3131 4834 3484 4904 processeris,
3512 4843 3570 4888 et

1962 4941 2086 4980 num
2116 4925 2222 4996 jam
2250 4925 2318 4981 ab
2346 4925 2409 4980 iis
2439 4926 2549 4982 oris
2582 4925 2721 4980 haud
2752 4926 2934 4996 procul
2965 4926 3061 4994 sis,
3094 4927 3471 4998 intelligamus.
3506 4927 3564 4983 ln

1961 5031 2151 5087 magna
2176 5017 2320 5073 enim
2345 5032 2473 5073 cura
2508 5027 2563 5073 et
2591 5017 2950 5074 sollicitudine
2984 5034 3205 5075 sumus:
3250 5029 3412 5089 atque
3449 5018 3567 5076 haec

1959 5111 2194 5181 quotidie
2218 5112 2358 5167 scire
2385 5113 2650 5182 cupimus.
2680 5112 2811 5178 Quae
2838 5127 2959 5167 cum
2991 5112 3138 5167 noris
3163 5154 3177 5173 .
3225 5111 3566 5168 reverendis-

1959 5202 2093 5258 sime
2117 5202 2357 5270 domine,
2387 5202 2488 5258 hoc
2509 5202 2638 5257 mihi
2663 5217 2759 5273 pro
2780 5217 2992 5257 summo
3018 5201 3276 5258 beneflcio
3299 5204 3562 5271 concede,

1957 5304 2015 5350 ut
2059 5306 2182 5351 ante
2215 5295 2513 5350 discessum
2558 5307 2739 5360 tuum,
2773 5305 2934 5365 atque
2989 5293 3148 5349 etiam
3195 5303 3315 5364 post
3358 5294 3567 5352 disces-

1956 5404 2100 5451 sum,
2127 5388 2344 5444 crebras
2384 5388 2566 5444 literas
2606 5389 2807 5452 mittas,
2840 5401 3102 5457 curesque
3127 5396 3186 5440 ut
3213 5387 3391 5442 omnia
3421 5389 3564 5444 scia-

1957 5495 2115 5535 mus:
2143 5495 2250 5549 quo
2279 5480 2325 5535 si
2356 5495 2440 5535 res
2476 5494 2791 5549 orosperum
2822 5495 3039 5534 cursum
3085 5488 3338 5545 teneant,
3365 5481 3563 5547 gaudio

1955 5587 2021 5628 ac
2075 5573 2344 5644 voluptate
2397 5572 2738 5628 afticiamur:
2795 5572 2878 5627 sin
2935 5582 3115 5628 autem
3176 5573 3559 5644 impedimenta

2018 5687 2093 5760 (α)
2126 5694 2325 5760 cetere,
2352 5698 2431 5738 ιαο·
2798 5699 2916 5736 Mech
2956 5685 3004 5733 in
3037 5687 3290 5760 ttinerario
3320 5685 3563 5760 ΔΑιιιοηῇιιι

1956 5747 2152 5820 passim,
2177 5747 2453 5820 in_aliisque
2477 5748 2898 5820 libris-ttansiones.
2919 5756 3182 5820 vectatur,
3198 5753 3440 5820 erantque
3463 5756 3562 5797 sta-

1955 5808 2119 5866 tiones
2139 5808 2194 5862 et
2214 5808 2480 5860 diversoria
2506 5812 2554 5859 in
2580 5811 2699 5860 vicis
2721 5808 2929 5870 publicis
2959 5811 3237 5868 constituta,
3282 5808 3370 5858 ubi
3391 5809 3560 5859 diver-

1956 5878 2170 5926 tebatur.
2220 5873 2509 5922 Athanasius
2549 5875 2596 5922 iu
2622 5871 2854 5934 Apologia
2897 5872 2962 5920 de
3002 5878 3128 5933 Fuga
3166 5873 3285 5924 dicit
3308 5873 3356 5924 in
3381 5873 3566 5924 itinere

1957 5937 2252 5991 Alexandria
2275 5935 2572 5987 Antiochiam
2593 5936 2655 5985 56
2676 5938 2954 5984 mnsiones
2977 5946 3106 5987 eme.
