4152 6486
621 412 722 471 ⁸87

620 538 939 605 objiciuntur
961 580 974 601 ,
1007 537 1150 591 omni
1181 535 1386 591 ratione
1411 549 1473 590 ac
1511 535 1686 591 studio
1712 550 1772 591 ea
1801 536 1868 592 de
1897 535 2071 590 medio
2098 536 2192 590 tol-

624 633 732 683 h-re
763 628 1010 683 nitamur.
1043 627 1222 697 Neque
1245 627 1384 683 enim
1412 636 1534 682 ante
1560 629 2016 698 conquiescemus.
2041 643 2194 698 quam

620 729 675 774 et
701 734 796 788 per
820 734 951 782 nos,
977 729 1028 775 et
1053 734 1149 788 per
1171 720 1334 784 alios,
1368 719 1413 773 si
1445 719 1555 774 fieri
1588 721 1786 790 possit,
1819 718 1920 775 hoc
1957 719 2197 774 effeceri-

624 827 764 875 mus,
794 811 1002 866 etiamsi
1029 810 1224 866 millies
1253 811 1334 865 vel
1361 812 1412 865 in
1440 811 1623 866 urbem
1658 810 2195 880 Constantinopolita~

623 919 746 960 nam
777 905 986 959 mittere
1015 919 1234 960 necesse
1259 904 1326 960 sit
1345 944 1362 970 ,
1389 919 1495 975 quo
1519 905 1694 959 omnia
1737 906 1824 959 tibi
1855 904 2008 958 valde
2037 918 2198 972 prona

623 995 949 1061 reddamus;
995 1012 1062 1052 ne
1092 995 1142 1050 id
1185 997 1396 1066 quidem
1441 996 1616 1052 facere
1654 995 2033 1050 recnsabimus.
2077 995 2201 1050 Ihec

626 1088 786 1158 igitur
807 1105 928 1145 eum
961 1089 1052 1143 tibi
1091 1098 1210 1143 nota
1241 1091 1366 1154 sint,
1398 1104 1515 1159 qua:
1539 1087 1614 1143 tui
1641 1088 1874 1143 muneris
1900 1097 2023 1142 sttnt
2051 1088 2203 1140 nobis

629 1190 854 1250 prmsta.
884 1181 1202 1251 vigilantiam
1242 1195 1304 1235 ac
1343 1180 1684 1250 diligentiam.
1722 1179 1871 1248 Quod
1921 1179 1964 1232 si
2015 1177 2203 1233 fratres

627 1274 787 1330 etiam
829 1273 962 1327 mitti
990 1282 1239 1342 oportere
1274 1282 1443 1342 putes,
1476 1271 1525 1325 id
1555 1287 1762 1342 quoque
1807 1271 1886 1326 fac
1915 1272 2099 1326 sciam.
2132 1271 2204 1325 De

629 1375 933 1419 sanctorum
975 1379 1102 1419 vero
1132 1373 1422 1434 martyrum
1461 1364 1698 1432 reliqitiis
1738 1364 1854 1417 sine
1891 1378 2015 1417 cura
2044 1371 2159 1416 esto
2189 1379 2200 1413 :

629 1456 910 1512 confestim
939 1458 1079 1512 enim
1106 1456 1561 1526 religiosissimum
1585 1456 1856 1510 dominum
1886 1469 2062 1510 meum
2088 1457 2228 1522 prc-‘

631 1550 901 1619 sbytcrum
940 1547 1244 1604 Terentium
1283 1549 1349 1603 ad
1387 1548 1658 1604 dominum
1703 1564 1878 1603 meum
1915 1547 2204 1616 piissimum

631 1641 870 1692 tltreinm
914 1637 988 1712 (a)
1025 1639 1258 1695 Arabissi
1298 1640 1600 1710 episcopum
1648 1639 1786 1693 misi.
1835 1638 1963 1692 Nam
2009 1652 2119 1705 ipse
2154 1646 2208 1690 et

635 1730 827 1784 multas
855 1739 908 1784 et
934 1728 1147 1785 minime
1172 1729 1358 1784 dubias
1383 1729 1559 1793 habet,
1587 1745 1718 1798 quas
1746 1730 1922 1797 paucis
1949 1728 2136 1782 diebus
2156 1728 2206 1780 iu

638 1823 961 1878 I’hmniciam
1007 1823 1071 1877 ad
1104 1833 1153 1878 te
1199 1824 1490 1879 mittemus.
1532 1823 1707 1891 Quare
1753 1822 1818 1876 da
1859 1834 2097 1892 operam,
2141 1833 2210 1874 ne

635 1918 812 1971 ollicio
849 1926 937 1971 tuo
964 1917 1070 1971 ulla
1096 1931 1160 1971 ex
1191 1925 1336 1986 parte
1375 1916 1536 1971 desis.
1565 1914 1694 1969 Nam
1731 1929 1848 1984 qua:
1881 1909 2048 1968 uestri
2089 1927 2207 1965 mu-

640 2010 783 2063 ueris
811 2017 964 2074 sunt,
995 2016 1186 2078 quanta
1212 2023 1333 2063 cum
1358 2009 1517 2062 animi
1546 2005 1958 2078 promptitudine
1988 2013 2209 2076 praeste-

640 2116 776 2160 mus.
803 2099 970 2155 vides.
996 2099 1202 2154 Festina
1232 2101 1426 2168 itaque,
1456 2109 1514 2154 ut
1535 2108 1658 2154 ante
1685 2099 1911 2153 hiemem
1936 2097 2206 2161 ecclesias,

637 2207 756 2260 qum
783 2190 896 2245 sine
926 2200 1062 2244 tecto
1086 2201 1224 2252 sunt,
1257 2191 1510 2260 perlicere
1535 2206 1716 2261 queas.

778 2281 1062 2337 CXXVII.
1098 2281 1329 2354 Polybio.
1360 2285 1555 2353 (Anno,
1585 2295 1638 2336 ut
1660 2293 1890 2352 putatur,
1919 2282 2068 2349 406.)

717 2376 868 2429 Alius
895 2373 1119 2430 fortasse
1150 2375 1535 2429 intolerandum
1584 2375 1739 2444 hujus
1768 2374 1998 2444 regionis
2025 2374 2207 2444 frigus.

639 2477 845 2519 vanam
879 2464 978 2519 loci
1005 2465 1366 2530 solitudinem,
1385 2465 1785 2520 acerbissimum
1815 2465 2042 2535 denique
2067 2481 2209 2517 tuor-

643 2555 946 2625 Munatius
999 2558 1139 2610 enim
1187 2557 1236 2610 in
1284 2557 1525 2610 morlmm
1572 2557 1874 2626 incidimus)
1897 2556 2115 2610 lusisset
2151 2571 2213 2608 at:

641 2652 970 2717 «clamasset
999 2667 1011 2702 :
1039 2663 1138 2718 ego
1181 2657 1356 2702 autem
1413 2649 1494 2701 his
1547 2647 1760 2702 omissis
1805 2646 2212 2715 disjunctionem

640 2751 872 2793 vestram
899 2739 1074 2810 lugeo,
1099 2757 1216 2808 qua!
1247 2741 1371 2793 tnihi
1400 2750 1453 2793 et
1481 2739 1798 2801 solitudine,
1832 2749 1878 2792 et
1909 2739 2096 2792 morbo
2116 2779 2130 2801 ,
2163 2751 2215 2791 et

644 2833 820 2886 Lit-tne
851 2842 931 2886 est
957 2831 1216 2886 acerbior.
1243 2832 1408 2897 Quam
1439 2833 1778 2885 acerbitatem
1811 2830 1980 2884 hiems
2005 2844 2214 2898 quoque

646 2923 773 2977 mihi
827 2923 992 2977 ausit.
1015 2921 1146 2976 Nam
1193 2921 1331 2991 quod
1385 2938 1543 2975 unum
1590 2921 1976 2975 molestissima:
2013 2919 2216 2987 disiun-

644 3033 659 3061 ο
679 3015 837 3068 tionis
863 3014 1104 3067 solatium
1140 3014 1471 3083 suppetebat.
1505 3013 1603 3066 hoc
1632 3021 1711 3067 est
1742 3021 1796 3064 ιιι
1828 3011 2096 3065 vobiscum
2126 3026 2218 3078 per

647 3107 828 3159 literas
872 3103 1234 3173 colloquercr,
1267 3105 1364 3157 hoc
1402 3119 1613 3173 quoque
1653 3105 1822 3156 hiems
1864 3111 2046 3156 exorta
2091 3103 2216 3154 mihi

647 3197 845 3249 mli-init
873 3212 886 3249 :
911 3205 966 3250 ut
994 3211 1110 3265 qua:
1139 3197 1207 3248 ob
1235 3198 1498 3264 ingentem
1528 3196 1662 3248 nivis
1691 3193 1793 3250 vim
1827 3195 1935 3248 vias
1967 3194 2218 3248 interclu-

646 3289 798 3344 serit.
828 3303 891 3344 ac
933 3303 1102 3357 neque
1145 3290 1357 3342 aliunde
1401 3304 1717 3358 quemquam
1766 3289 1866 3341 huc
1913 3289 2126 3353 venire,
2158 3304 2219 3342 ac

650 3378 926 3433 nobiseum
955 3379 1224 3448 cer-gredi.
1255 3395 1423 3448 neque
1452 3383 1573 3436 item
1610 3381 1729 3432 hinc
1753 3378 2033 3443 excedere,
2061 3390 2220 3447 atque

649 3472 716 3524 sl
749 3489 840 3523 γωδ
871 3471 1131 3540 proﬁcisci
1173 3474 1327 3526 sinat.
1357 3473 1506 3537 Quod
1547 3483 1600 3526 ct
1639 3474 1809 3542 ipsum
1845 3473 1980 3527 hand
2022 3476 2216 3536 minus,

653 3565 760 3616 into
785 3565 944 3619 etiam
993 3566 1159 3634 magis
1197 3565 1494 3620 ISattt'Ot'tltlt
1525 3576 1696 3620 terror
1739 3564 1932 3630 efllcit,
1965 3566 2222 3636 nobisque

655 3655 995 3709 mlilodinem
1019 3667 1171 3724 auget
1194 3697 1209 3718 ,
1245 3672 1432 3710 omnes
1464 3656 1708 3710 \idclicet
1750 3655 2108 3723 submovens,
2139 3665 2220 3710 at-

651 3761 756 3816 quo
789 3749 838 3800 in
869 3748 1038 3817 fugam
1064 3749 1351 3818 eoujicicus
1376 3792 1389 3813 ,
1419 3752 1736 3817 exsulesque
1768 3749 2015 3805 reddens.
2042 3748 2231 3818 Neque

653 3837 916 3906 cnimjatn
933 3838 1207 3909 quisquam
1232 3840 1368 3894 ullus
1389 3850 1465 3894 est
1493 3843 1579 3910 qtti
1597 3841 1740 3893 dntni
1765 3827 1978 3894 manere
1993 3840 2184 3894 audeat
2209 3856 2221 3891 :

653 3945 834 3983 \rrutn
895 3933 1249 4000 unusquisque
1304 3933 1498 3985 relirtis
1559 3932 1761 3985 :rdrhus
1816 3933 1926 3986 suis
1976 3931 2222 4001 profugit.

656 4027 826 4091 Atque
858 4023 1014 4077 urbes
1042 4023 1288 4093 quidem,
1322 4025 1548 4092 parietes
1588 4033 1640 4076 ct
1685 4033 1818 4078 tecta
1868 4039 2006 4077 nunc
2058 4032 2182 4076 sunt
2211 4040 2222 4076 :

660 4125 940 4183 prmrnpta:
986 4126 1162 4170 autem
1213 4118 1488 4186 voragines
1514 4126 1568 4170 et
1602 4118 1782 4187 sylvce,
1827 4117 2002 4170 urbes.
2031 4116 2225 4182 Quem-

656 4208 938 4261 admodum
962 4209 1102 4262 enim
1133 4208 1441 4262 truculenta:
1469 4207 1595 4263 fer-:e
1613 4250 1626 4270 ,
1663 4219 1717 4261 ut
1747 4209 1890 4276 pardi
1917 4223 1979 4262 ac
2007 4208 2187 4262 leones
2210 4249 2225 4270 .

658 4301 908 4351 tutiorem
943 4299 1160 4353 urbibus
1197 4300 1533 4354 solitudinem
1579 4300 1677 4352 sibi
1715 4315 1834 4354 esse
1877 4299 2222 4356 existimant:

659 4391 738 4446 tie
761 4391 920 4446 etiam
952 4390 1214 4458 homines,
1241 4393 1330 4462 qui
1360 4392 1664 4446 Armeniam
1710 4393 2014 4457 incolimus,
2043 4397 2221 4464 quoti-

661 4487 748 4538 die
791 4501 854 4539 es
903 4484 1020 4540 aliis
1065 4496 1223 4554 atque
1251 4486 1369 4540 aliis
1399 4486 1528 4539 locis
1567 4487 1617 4539 in
1644 4487 1744 4538 alia
1791 4497 1946 4555 atque
1973 4488 2074 4540 alia
2115 4487 2229 4540 loca

663 4576 888 4644 migrare
917 4576 1170 4644 cogimur,
1197 4578 1354 4630 vitam
1387 4576 1828 4630 llamaxobiornm
1858 4587 1911 4630 et
1940 4576 2230 4632 Nomadum

665 4677 922 4731 agentes,
979 4681 1078 4720 nec
1126 4683 1344 4736 usquam
1387 4666 1564 4720 lidenti
1615 4668 1791 4721 animo
1835 4669 2229 4722 consistentes:

669 4773 834 4826 usque
889 4756 1022 4810 adeo
1077 4757 1162 4810 hic
1226 4759 1401 4812 omnia
1458 4757 1679 4810 tumultu
1737 4768 1790 4812 et
1841 4760 2233 4827 perturbatione

667 4849 820 4916 Heua
850 4857 990 4902 sunt.
1025 4848 1231 4902 Etenim
1268 4849 1338 4903 illi
1383 4849 1514 4902 alios
1557 4849 1782 4903 adventu
1819 4865 1916 4903 suo
1951 4851 2193 4920 iugulant
2216 4892 2230 4915 ,

666 4949 916 5004 exurunt,
945 4949 1103 5009 atque
1130 4955 1192 4993 ex
1230 4939 1406 4995 liberis
1437 4955 1621 4994 servos
1661 4941 1896 4994 cltiriunt
1929 4958 1940 4993 :
1974 4942 2108 4995 allos
2143 4958 2234 4996 au-

668 5043 774 5086 tem
820 5045 1007 5099 sparso
1046 5046 1258 5086 rumore
1283 5031 1333 5085 in
1366 5031 1537 5100 fugam
1569 5041 1801 5092 vertunt.
1833 5041 1988 5101 atque
2015 5033 2234 5087 urbibus

670 5120 889 5187 pellunt,
919 5122 1047 5186 imo,
1077 5129 1130 5173 ιιι
1152 5161 1167 5184 ,
1198 5123 1395 5174 rectius
1431 5121 1634 5190 loquar,
1664 5121 1927 5175 occidunt.
1971 5123 2238 5193 Quotquot

668 5212 809 5264 vniut
841 5210 1206 5266 adolescentes
1230 5211 1415 5265 mediis
1441 5213 1598 5265 etiam
1632 5212 1941 5281 plerumque
1971 5215 2233 5275 noctibus,

670 5319 730 5354 ar,
772 5301 965 5371 frigore
993 5303 1165 5356 omnia
1194 5303 1505 5368 obdurante,
1532 5315 1748 5371 repente
1776 5303 1935 5357 domo
1963 5304 2238 5373 profugere

667 5396 834 5450 coacti
867 5402 1022 5460 sunt,
1064 5403 1207 5448 metu
1249 5397 1476 5449 rumoris
1502 5411 1594 5449 eos
1625 5395 1749 5449 fumi
1783 5395 1946 5450 instar
1973 5397 2235 5466 abigeute,

669 5500 828 5557 atque
873 5486 936 5542 ad
983 5496 1206 5542 mortem
1244 5489 1594 5557 oppetendam
1653 5505 1719 5542 ne
1765 5489 1994 5542 Isaurico
2026 5490 2237 5559 quidem

672 5579 844 5646 gadio
871 5592 1005 5646 opus
1028 5577 1322 5632 habuerunt
1345 5619 1360 5641 ,
1393 5594 1575 5633 verum
1615 5581 1666 5635 in
1699 5580 1820 5634 uite
1848 5579 2239 5648 obrigescentcs

673 5681 964 5728 extremum
994 5670 1236 5740 spiritum
1257 5671 1566 5726 ediderunt:
1589 5687 1808 5743 qumque
1831 5672 1957 5742 ipsis
1981 5671 2239 5744 fugienda:

733 5767 809 5826 (ιι)
836 5770 1114 5828 ναυξκ-τιατ
1136 5771 1188 5811 et
1226 5763 1346 5815 alius
1365 5766 1558 5814 mre-ius
1596 5766 1847 5828 opimum
1871 5763 2090 5828 \telitime
2116 5765 2240 5828 apud

672 5824 1034 5940 Insurgit-tim“?
1061 5828 1109 5886 5,
1131 5840 1234 5889 cap.
1260 5830 1307 5882 8.
1337 5836 1384 5879 et
1410 5828 1531 5891 apud
1555 5824 1863 5884 Sosom..'lib.
1886 5826 1935 5888 ϐ,
1958 5840 2062 5892 cap.
2087 5824 2164 5888 l3,
2189 5835 2243 5879 et

729 5906 759 5933 ι.
815 5923 831 5940 .
857 5903 909 5936 ιω
948 5923 957 5932 .
1016 5924 1027 5936 .

1355 415 1409 471 5.
1448 415 1721 473 JOANNIS
1758 417 2231 475 CllllYSOSTOHI
2265 419 2575 477 AllClllEP.
2604 420 3134 478 CONSTANTLVOP.

3784 426 3876 477 ὕες

2305 529 2494 591 mortis
2534 554 2692 593 causa
2724 537 2893 594 fuerat
2917 581 2931 600 ,
2961 537 3146 592 eadem
3177 539 3278 592 illis
3307 539 3673 594 acerbissima.
3700 538 3881 592 mortis

2305 645 2460 681 causa
2488 629 2583 683 fuit
2606 648 2618 684 ε
2652 646 2716 683 en
2743 646 2847 700 quo
2867 640 3007 684 statu
3033 644 3119 684 res
3145 641 3338 684 nostra:
3368 632 3492 685 sint.
3521 631 3654 696 Qure
3675 630 3878 699 quidem

2307 735 2410 771 u-an
2460 721 2709 781 diximus.
2743 733 2794 775 ut
2839 731 2888 775 te
2938 721 2988 774 iu
3043 738 3326 777 maerorem
3371 723 3724 790 conjiciantus
3755 722 3880 792 (seio

2305 813 2500 879 quippe
2523 811 2635 866 lia-c
2657 813 2748 865 tibi
2775 812 2948 866 dolori
2971 811 3128 884 fore),
3163 829 3343 867 verum
3385 825 3440 866 ut
3463 813 3702 867 diuturni
3728 816 3886 884 ειΙειιχ

2309 903 2362 954 tii
2409 906 2572 957 nostri
2617 921 2830 958 causam
2877 905 3216 974 aperiamus,
3245 905 3477 975 quidque
3510 920 3691 960 cause
3732 903 3886 958 fuerit

2306 1012 2402 1049 cur
2431 1014 2552 1052 sero
2599 1013 2661 1051 ac
2705 998 2853 1052 tarde
2897 998 2961 1052 ad
3017 1009 3068 1054 te
3110 1000 3502 1068 scripserimus.
3535 999 3607 1053 Ita
3650 999 3790 1053 enim
3819 999 3886 1051 ah

2307 1090 2554 1142 onmihus
2602 1089 2770 1143 relicti
2820 1105 3043 1153 sumus,
3076 1099 3131 1143 ut
3177 1105 3274 1143 nee
3322 1090 3579 1158 aliquem,
3609 1089 3700 1158 qui
3755 1087 3887 1141 istuc.

2311 1181 2775 1246 proﬁcisceretur,
2821 1181 3055 1234 nancisci
3100 1181 3463 1250 potuerimus.
3507 1195 3693 1234 verum
3739 1178 3888 1232 nobis

2312 1270 2676 1340 presbyterum
2707 1270 3143 1325 contubernalem
3175 1281 3416 1324 nostrum
3446 1271 3704 1332 excitare,
3732 1279 3888 1340 atque

2310 1362 2374 1411 ad
2417 1369 2466 1414 te
2509 1363 2717 1416 mittere
2748 1377 2965 1416 necesse
3006 1363 3180 1417 fuerit.
3231 1365 3566 1432 Quapropter
3593 1377 3715 1417 eum
3743 1379 3885 1428 eum,

2312 1463 2364 1503 ut
2413 1464 2463 1506 te
2502 1453 2716 1522 dignum
2765 1463 2879 1517 est,
2909 1455 3218 1525 exceperis.
3246 1455 3494 1510 celeriter
3536 1453 3601 1508 ad
3655 1467 3757 1508 nos
3804 1469 3859 1506 re

2312 1547 2460 1598 mitte
2485 1586 2499 1606 ,
2529 1545 2617 1614 qui
2646 1545 2713 1598 de
2745 1555 2831 1598 tua
2862 1547 3160 1601 valetudine
3193 1547 3312 1600 beta
3344 1547 3496 1601 nobis
3529 1547 3757 1601 nuntiet.
3777 1545 3884 1602 Sci:

2311 1641 2453 1690 enim
2478 1649 2674 1707 quanto
2707 1639 2859 1693 nobis
2883 1639 3059 1694 studio
3087 1641 3152 1694 sit
3187 1641 3287 1696 hoc
3313 1641 3471 1695 scire.

2432 1749 2749 1804 CXXVIII.
2782 1751 3073 1806 Moriniano
3097 1755 3112 1784 ί
3141 1753 3420 1823 (Arabisso
3449 1770 3590 1807 anno
3615 1753 3772 1822 406.)

2383 1866 2602 1918 tia-teris
2632 1865 2876 1919 omnii-th
2901 1865 3214 1920 mortalibus
3234 1868 3333 1920 hoc
3353 1868 3567 1920 nomine
3589 1881 3684 1920 ver
3700 1867 3890 1935 jucun-

2313 1959 2441 2009 rlntn
2472 1966 2526 2012 et
2553 1972 2713 2011 suave
2744 1968 2825 2011 Cal
2846 2000 2859 2022 ,
2891 1956 3030 2026 quod
3064 1966 3218 2010 term-
3245 1957 3434 2010 faciem
3477 1956 3699 2011 ﬂoribus
3733 1971 3896 2012 esor~

2315 2058 2405 2102 nat
2447 2057 2604 2119 atque
2651 2048 2701 2101 in
2731 2057 2878 2118 prata
2919 2050 3182 2102 convertit
3215 2067 3228 2103 :
3261 2049 3387 2103 milti
3436 2060 3615 2103 autem
3664 2063 3786 2103 eam
3827 2048 3900 2102 οι,

2314 2160 2528 2196 corsam
2552 2184 2567 2208 ,
2590 2142 2711 2212 quia
2759 2158 3003 2212 magnam
3035 2141 3165 2196 mihi
3197 2141 3500 2196 facultatem
3534 2142 3740 2212 pra-bet
3776 2156 3900 2196 crtus

2318 2235 2664 2290 funiliaribus
2709 2235 2843 2290 meis
2895 2251 2989 2303 per
3029 2235 3212 2290 literas
3263 2234 3530 2289 versandi.
3558 2235 3634 2289 Ae
3684 2234 3898 2304 quidem

2316 2331 2482 2383 «colis
2505 2343 2600 2383 vos
2641 2343 2823 2382 coram
2866 2329 3168 2397 perspicere
3194 2343 3444 2397 cuperem
3475 2346 3487 2380 :
3517 2327 3775 2395 quoniam
3802 2342 3902 2380 au—

2319 2437 2421 2477 tem
2458 2423 2507 2476 id
2541 2422 2758 2476 minime
2791 2422 2935 2487 licet,
2966 2420 3106 2491 quod
3135 2421 3256 2475 licet
3297 2420 3698 2490 promptissimo
3722 2421 3905 2474 animo

2319 2517 2473 2579 licio,
2503 2526 2560 2570 ut
2611 2516 2878 2571 vobiscum
2926 2531 3018 2584 per
3067 2515 3246 2568 literas
3289 2514 3584 2582 colloquar.
3623 2512 3737 2566 Nec
3775 2527 3907 2564 vero

2321 2621 2492 2663 moue
2531 2624 2594 2663 ac
2638 2609 2862 2676 remiges
2900 2607 3010 2676 pari
3039 2607 3200 2659 animi
3243 2606 3510 2674 voluptate
3557 2603 3722 2658 maris
3755 2613 3906 2672 terga

2319 2705 2557 2767 sulcant,
2589 2714 2709 2754 cum
2738 2699 2824 2752 illa
2865 2699 2988 2752 antri
3041 2707 3328 2768 tempestas
3370 2705 3553 2752 exorta
3591 2705 3672 2749 est
3695 2735 3710 2760 ,
3741 2704 3905 2763 atque

2318 2811 2416 2862 ego
2458 2791 2719 2845 calamum
2762 2800 2816 2844 et
2847 2790 3086 2844 chartam
3118 2798 3173 2843 et
3202 2799 3555 2842 atramentum
3604 2787 3657 2840 in
3714 2800 3908 2839 manus

2321 2900 2509 2948 sumo,
2537 2899 2658 2936 ctttn
2703 2882 2767 2935 ad
2800 2897 2892 2935 vos
2937 2885 3230 2949 scripturus
3267 2896 3406 2934 sum.
3450 2878 3659 2934 Etenim
3711 2877 3906 2933 hiemis

2323 2988 2740 3044 tempore,¢nm
2791 2973 2966 3027 omnia
3019 2972 3214 3041 frigore
3264 2979 3712 3034 concrescerent,
3745 2980 3907 3037 atque

2323 3068 2643 3124 incredibilis
2667 3067 2907 3136 qua-dam
2944 3067 3022 3122 vis
3051 3067 3245 3120 nivium
3273 3079 3462 3118 omnes
3495 3063 3608 3116 vias
3652 3062 3908 3116 interclu-

2321 3163 2494 3223 deret,
2519 3176 2615 3214 nec
2635 3160 2892 3227 quispiam
2921 3158 3135 3214 aliunde
3160 3157 3224 3211 ad
3249 3173 3345 3211 nos
3368 3156 3569 3220 venire,
3595 3170 3694 3209 nec
3719 3168 3908 3209 rursus

2326 3253 2443 3307 hinr
2475 3255 2579 3305 alio
2611 3251 2872 3320 proficisci
2903 3249 3215 3304 sustinebat.
3267 3249 3337 3302 Ea
3365 3248 3432 3302 de
3459 3262 3615 3302 eausa
3664 3261 3764 3300 nos
3810 3245 3910 3298 bu-

2318 3346 2402 3416 j-ts
2434 3345 2532 3399 loci
2559 3343 2912 3406 domunculis,
2940 3339 3387 3410 quemadmodqu
3418 3354 3634 3393 carcere
3692 3338 3907 3401 inclusi,

2323 3449 2478 3506 atque
2505 3436 2898 3490 tabellariorum
2929 3433 3166 3502 penuria,
3191 3449 3294 3487 non
3325 3447 3478 3487 secus
3503 3447 3565 3484 ac
3585 3431 3906 3501 quibusdam

2326 3531 2515 3598 linguae
2570 3529 2803 3592 catenis,
2839 3529 3028 3588 vincti,
3087 3525 3379 3597 quamlibet
3425 3525 3610 3588 inviti,
3652 3523 3909 3577 diuturno

2325 3622 2535 3675 silvtnio
2560 3621 2855 3677 utebamur.
2876 3619 3224 3689 Posteaquam
3255 3628 3430 3674 autem
3455 3629 3663 3686 tempus
3684 3618 3796 3686 jam
3823 3616 3911 3670 iti-

2328 3729 2450 3768 nera
2485 3711 2750 3780 patefecit.
2793 3711 3049 3779 tmbisqne
3072 3710 3262 3777 linguae
3291 3708 3558 3762 vinculum
3587 3707 3760 3777 fregit.
3789 3722 3911 3778 prec

2329 3806 2598 3876 sbytornnt
2639 3819 2784 3866 eum,
2810 3802 3022 3872 quicum
3075 3799 3202 3854 milti
3252 3800 3373 3853 vitae
3425 3805 3759 3853 consuetudo
3798 3807 3906 3862 est.

2334 3899 2456 3952 hinc
2489 3898 2552 3950 rd
2586 3911 2678 3950 vos
2705 3897 2966 3959 misimus,
3000 3904 3055 3947 ut
3082 3908 3180 3963 qua
3209 3892 3511 3946 valetudine
3537 3891 3676 3949 sitis.
3707 3890 3911 3945 intelli-

2332 4008 2536 4061 gamus.
2563 3990 2695 4044 Cum
2725 3989 2882 4058 igitur
2912 3989 3072 4049 hunc.
3101 3995 3157 4040 ut
3192 3997 3263 4048 te,
3292 3984 3507 4039 domine
3547 3983 3618 4037 mi
3665 3997 3909 4037 summo-

2335 4100 2458 4153 pere
2485 4081 2808 4142 admiraude.
2836 4080 3052 4151 dignum
3083 4087 3184 4140 est.
3207 4077 3536 4147 susceperis,
3574 4085 3733 4145 atque
3754 4117 3770 4139 ,
3799 4087 3898 4144 pro

2331 4190 2396 4229 eo
2425 4186 2578 4244 atque
2617 4173 2812 4227 caritas
2855 4181 2940 4224 tua
2997 4169 3245 4240 postulat,
3274 4166 3643 4239 perspexeris;
3673 4182 3796 4222 eum
3841 4164 3909 4219 ad

2265 4303 2270 4309 -
2334 4283 2431 4323 nos
2475 4265 2685 4326 redibit.
2712 4263 2869 4319 velim
2917 4262 2984 4318 de
3029 4273 3116 4315 tua
3162 4261 3459 4315 valetudine
3504 4274 3602 4312 nos
3652 4258 3914 4313 certiores

2335 4362 2513 4415 facias.
2539 4361 2656 4414 Seis
2677 4359 2817 4412 enim
2841 4372 2998 4427 quam
3025 4354 3094 4410 de
3111 4370 3172 4408 ea
3191 4353 3391 4422 aliquid
3419 4354 3555 4408 scire
3577 4351 3910 4406 studeamus.

2336 4453 2588 4508 CXXIX.
2620 4452 2879 4506 Marciano
2900 4462 2946 4506 et
2973 4449 3271 4505 Marcellino
3301 4451 3321 4482 ’
3341 4447 3732 4520 (Cucusnanno
3761 4442 3911 4509 50L)

2407 4554 2574 4613 Qn-nn
2608 4545 2918 4616 przoclarum
2966 4543 3069 4599 hoe
3097 4559 3192 4612 par
3217 4553 3448 4595 vestrum
3499 4549 3606 4603 est,
3639 4549 3914 4608 quamque

2340 4643 2492 4695 nobis
2539 4655 2721 4693 earnm
2769 4657 2779 4690 :
2824 4655 2928 4691 non
2965 4635 3125 4692 modo
3173 4647 3372 4689 naturm
3418 4635 3560 4703 lege.
3606 4631 3701 4686 sed
3750 4631 3914 4684 etiam

2339 4735 2580 4788 acerrimi
2637 4734 2833 4784 ameris
2882 4741 3068 4784 eatena
3120 4729 3460 4795 colligatum!
3512 4727 3594 4779 Ob
3636 4725 3797 4793 idque
3844 4721 3917 4775 de

2339 4829 2565 4880 aruit-ilia
2608 4834 2778 4878 vestra
2827 4823 3136 4892 gloriamur,
3163 4829 3215 4874 et
3257 4818 3917 4882 exsultannts,curamque

2340 4921 2611 4972 vobiscum
2639 4915 2913 4983 eongrcdi,
2945 4930 3006 4968 ac
3033 4929 3125 4967 vos
3154 4912 3330 4966 videre
3357 4911 3616 4978 cupimus.
3647 4907 3915 4975 Quoniam

2340 5023 2514 5065 autem
2562 5009 2610 5063 id
2664 5024 2802 5061 nunc
2845 5007 3059 5059 minitne
3113 5005 3268 5066 licet,
3297 5001 3434 5072 quod
3493 5002 3616 5055 lierrt
3661 5000 3916 5064 facimus,

2340 5118 2481 5170 saepe
2529 5101 2831 5160 scribimus,
2867 5100 3025 5150 vestri
3081 5111 3343 5149 memores
3393 5103 3649 5162 perpetuo
3699 5107 3917 5154 sumus.

2340 5197 2518 5248 animo
2547 5207 2660 5251 vos.
2680 5204 3013 5257 quocumque
3045 5188 3093 5241 ιιι
3115 5187 3231 5240 loco
3259 5182 3916 5245 simus.circttmferituus,

2342 5302 2404 5341 ac
2451 5302 2513 5339 ne
2557 5285 2626 5337 ob
2668 5283 2870 5336 itineris
2923 5281 3136 5350 quidem
3180 5277 3616 5348 longinquitatem
3665 5292 3695 5328 a
3742 5284 3917 5328 vestra

2343 5381 2600 5432 suav;tate
2645 5375 2750 5427 ullo
2781 5383 2936 5442 pacto
2963 5370 3336 5441 disiungimur.
3373 5367 3681 5438 llujusmodi
3726 5368 3920 5435 quippe

2342 5470 2580 5526 caritatis
2602 5483 2770 5537 penna
2801 5475 2903 5531 est,
2929 5476 2985 5518 ut
3010 5475 3065 5518 et
3087 5465 3226 5518 viam
3254 5477 3467 5517 omnem
3497 5469 3550 5514 et
3584 5459 3921 5514 intervallm.

2345 5578 2504 5619 omne
2527 5561 2678 5616 facile
2705 5557 2972 5628 trajieiat,
3005 5571 3104 5611 nec
3153 5554 3319 5609 ullum
3368 5551 3766 5607 incommodum
3813 5550 3922 5617 sit,

2419 5660 2431 5687 '
2465 5658 2629 5706 firme
2652 5654 2920 5718 μαρινιανᾷι
2942 5649 3119 5718 Vatie_..
3151 5649 3272 5711 Reg.
3297 5653 3361 5718 ει
3385 5645 3560 5718 (nimii
3599 5647 3770 5698 Codex
3797 5655 3923 5718 teste

2356 5719 2604 5769 Frontone.
2653 5710 2845 5765 Ducam.
2895 5710 3240 5772 Quamobrem,
3290 5710 3593 5767 Hariniauo,
3639 5710 3924 5770 pone-dull

2355 5780 2601 5828 (inﬁmus.
2632 5777 2782 5827 Εάἰι..
2811 5775 3032 5824 Mariano
3056 5772 3343 5831 (ηαβετ-νῷ).
3593 5831 3628 5833 __

2419 5845 2437 5875 ν
2465 5844 2610 5890 Jn\la
2641 5837 2792 5885 Vatis.
2820 5846 2869 5886 et
2913 5838 3098 5888 l-‘abrn'.
3126 5829 3433 5882 scribe-Mum
3459 5838 3552 5890 est,
3584 5829 3922 5880 Manilium.
