4152 6486
173 471 303 540 889

177 586 341 657 quod
367 601 476 644 nou
500 594 737 657 superet.
768 583 897 640 Ideo
926 595 1025 638 nos
1051 593 1262 652 quoque
1289 576 1388 634 etsi
1415 573 1613 644 alioqui
1654 570 1791 626 mul-

189 684 259 735 ts
304 679 702 737 calamiiatibus
747 674 927 731 aﬂ‘ecti
951 715 967 742 ,
995 673 1247 728 nimirmn
1296 666 1616 732 solitudine,
1644 663 1794 719 obsi-

189 768 358 827 dione
380 813 396 838 ,
424 768 655 826 assiduis
697 767 1009 838 prtedouum
1057 760 1390 827 incursibus,
1422 756 1590 813 nihilo
1618 765 1793 810 tamen

190 875 253 915 In
291 864 452 919 vestri
501 873 686 915 amore
727 857 1005 930 segniores
1047 868 1238 910 smnus
1270 869 1284 904 :
1315 865 1503 906 verum
1556 856 1794 903 nostram

186 967 331 1023 erga
354 968 452 1009 vos
496 949 926 1008 benevolentiam
973 953 1234 1019 perpetuo
1268 940 1553 999 ﬂorentem
1598 939 1797 995 retine-

188 1058 348 1099 mus.
368 1043 731 1113 Quamobrem
774 1057 872 1097 vos
910 1054 1160 1111 rogamus
1187 1045 1245 1094 ut
1279 1037 1349 1093 de
1375 1044 1568 1092 vestra:
1595 1033 1800 1089 valetu-

186 1135 349 1190 dinis
370 1143 509 1190 statu
549 1135 748 1204 saepius
793 1145 893 1186 nos
923 1130 1185 1186 certiores
1215 1141 1311 1199 per
1334 1126 1521 1183 literas
1562 1123 1794 1179 faciatis.

188 1223 392 1295 Neque
417 1226 556 1280 enim
584 1224 737 1280 vobis
767 1222 987 1279 dubium
1013 1230 1097 1276 est
1115 1263 1128 1286 ,
1158 1228 1413 1290 quantam
1450 1218 1503 1272 in
1540 1215 1640 1271 hac
1666 1214 1795 1270 soli—

191 1315 389 1371 tudine
415 1317 834 1372 consolationem
861 1313 987 1370 binc
1012 1312 1290 1383 accepturi
1311 1311 1500 1367 simus.

191 1424 428 1483 CXXX.
461 1427 606 1483 Casta
626 1469 641 1494 ,
678 1427 912 1494 Valeria,
942 1425 1270 1497 Diophaato,
1317 1423 1531 1497 Cyr-iace
1551 1464 1566 1490 ,
1615 1421 1799 1476 Antio-

475 1519 600 1574 chia:
625 1518 944 1590 presbyteris.
968 1517 1201 1589 (Cucuso
1224 1530 1365 1571 anno
1388 1513 1539 1586 £05.)

276 1654 582 1710 Vehemens
623 1665 678 1709 et
718 1654 947 1709 violenta
975 1651 1218 1723 qnmdam
1261 1665 1347 1706 res
1370 1658 1452 1705 est
1476 1648 1706 1714 caritas,
1736 1662 1799 1702 ac

196 1744 437 1801 molesto
472 1745 738 1801 creditore
782 1743 973 1814 quovis
1003 1742 1309 1799 violentior.
1340 1741 1525 1812 Neque
1549 1740 1692 1796 enim
1719 1739 1797 1794 illi

193 1852 300 1893 eos
319 1878 338 1902 ,
366 1836 454 1908 qui
479 1837 732 1908 pecunias
757 1837 989 1904 debent,
1021 1836 1094 1891 ita
1117 1835 1407 1906 prmiocant
1426 1877 1440 1900 ,
1469 1848 1533 1888 ac
1555 1832 1797 1888 debitum

194 1930 456 2001 exigunt,
487 1938 544 1988 ut
564 1945 660 1984 vos
708 1929 946 1984 caritatis
973 1937 1217 1984 catenam
1246 1927 1543 1998 injicientes
1584 1925 1651 1980 ad
1687 1923 1801 1996 epi-

194 2023 370 2078 stolas
399 2023 780 2092 persolvendas
811 2038 909 2078 nos
939 2022 1160 2093 urgetis,
1207 2020 1418 2077 etiamsi
1459 2020 1656 2092 alioqui
1695 2019 1800 2076 hoc

193 2113 443 2170 debitum
486 2129 729 2186 perswpe
750 2116 858 2184 jam
887 2129 918 2170 a
950 2114 1102 2171 nobis
1129 2115 1200 2170 sit
1226 2114 1478 2169 solutum.
1507 2111 1706 2169 Verum
1734 2128 1796 2166 ca

198 2209 428 2272 huiusce
451 2208 615 2263 debiti
647 2200 831 2262 natura
863 2217 946 2263 est
979 2226 993 2262 :
1029 2222 1244 2276 semper
1283 2207 1528 2272 solvitur,
1551 2221 1796 2276 semper-

197 2315 310 2369 que
337 2299 581 2355 debetur.
616 2299 840 2368 Ideoque
865 2314 961 2355 vos
1003 2315 1071 2354 ne
1107 2299 1324 2370 quidem
1354 2299 1590 2370 acceptis
1630 2299 1799 2355 literis

196 2390 384 2443 satiari
415 2392 655 2460 potestis.
684 2389 942 2444 Nimirum
961 2391 1086 2445 illud
1118 2394 1278 2446 etiam
1309 2393 1503 2445 caritas
1533 2389 1714 2456 habet,
1740 2401 1797 2445 ut

198 2481 356 2550 ptura
388 2496 599 2549 semper
621 2491 830 2552 appetat
871 2501 885 2536 :
914 2497 978 2539 ac
1008 2498 1154 2538 mare
1199 2483 1453 2549 imitatur,
1483 2483 1629 2554 quod
1674 2484 1797 2538 licet

197 2588 388 2628 amnes
416 2573 785 2644 undecumque
833 2574 886 2628 in
929 2558 1099 2645 ipsum
1151 2575 1402 2642 inﬂuant,
1454 2591 1559 2632 non
1618 2586 1795 2630 tamen

200 2663 476 2736 impletur.
498 2666 693 2722 Eadem
721 2669 916 2738 quippe
939 2670 1146 2722 aurium
1175 2677 1469 2724 vestrarum
1502 2669 1798 2738 amplitudo

197 2767 284 2810 Cal
313 2774 326 2812 :
351 2772 416 2812 ex
439 2772 544 2828 quo
563 2757 813 2821 efﬁcitur,
841 2770 895 2813 ut
915 2775 1022 2829 quo
1051 2759 1196 2825 plura
1219 2761 1271 2814 in
1294 2775 1386 2816 eas
1417 2761 1792 2830 injecerimns,

195 2862 267 2902 co
292 2848 454 2902 etiam
483 2849 702 2919 majoris
729 2860 924 2905 vestra:
945 2866 1070 2921 erga
1098 2866 1197 2906 nos
1212 2851 1604 2906 benevolentiae
1645 2851 1799 2905 ﬁam-

197 2950 345 2994 mam
389 2940 707 2996 excitemus.
737 2940 1096 3009 Quamobrem
1139 2957 1208 2998 ne
1253 2941 1606 3008 existimetis,
1659 2958 1791 3006 nos,

194 3029 344 3100 qum]
380 3031 448 3086 de
500 3043 676 3089 vestra
721 3034 952 3088 amicitia
997 3033 1239 3105 qua-dam
1291 3034 1527 3105 suspicio
1556 3033 1793 3088 aninnnn

195 3135 444 3181 nostrum
468 3127 764 3201 tetigisset,
788 3127 935 3185 brevi
958 3127 1061 3183 hoc
1085 3128 1345 3197 temporis
1365 3127 1537 3198 spatio
1559 3126 1791 3183 siluisse.

192 3213 332 3271 Nam
377 3217 422 3272 si
466 3233 568 3288 qua
593 3218 826 3290 suspicio
850 3234 949 3274 nos
973 3218 1312 3285 incessisset,
1353 3219 1550 3290 saepius
1591 3219 1658 3275 ad
1698 3234 1794 3275 vos

193 3307 384 3365 literas
411 3309 764 3367 dedissemus.
789 3305 1248 3380 Quemadmodum
1277 3311 1421 3368 enim
1465 3311 1558 3382 qui
1591 3311 1793 3383 Optima

193 3401 504 3458 valetudine
527 3412 672 3470 sunt,
695 3404 884 3460 medici
915 3419 1074 3476 opem
1102 3421 1208 3460 non
1232 3404 1575 3462 desiderant:
1599 3405 1791 3463 eodem

195 3495 360 3550 modo
388 3497 560 3567 ignavi
585 3512 649 3553 ac
673 3497 867 3568 dejecti
899 3497 1146 3555 homines
1171 3499 1352 3555 multis
1378 3498 1632 3554 remediis
1657 3513 1794 3569 Opus

194 3587 417 3643 habent.
440 3588 701 3656 Quocirca
730 3590 776 3646 si
797 3599 1033 3647 vestrum
1052 3605 1180 3662 erga
1205 3606 1305 3647 nos
1330 3591 1566 3647 animum
1589 3590 1793 3646 claudi-

191 3695 322 3736 care
363 3681 751 3746 seusisscmus.
810 3699 917 3739 non
968 3685 1388 3756 neglexissemus
1430 3700 1495 3742 ea
1536 3685 1792 3743 adbibere

190 3786 316 3841 qua:
355 3771 528 3842 ipsum
559 3773 892 3831 inﬂammare
921 3785 1160 3847 possent.
1191 3776 1324 3844 Quia
1348 3791 1477 3832 vere
1501 3776 1788 3834 admodum

191 3861 351 3917 vobis
381 3862 593 3920 ﬁdimus
612 3907 630 3933 ,
658 3867 934 3938 probeque
963 3868 1192 3934 scimus,
1225 3869 1339 3924 site
1360 3868 1543 3925 literas
1563 3883 1593 3923 a
1634 3870 1792 3926 nobis

189 3954 472 4025 accipiatis
489 3997 507 4024 ,
529 3957 642 4012 sive
657 3973 814 4013 secus
835 4001 850 4027 ,
883 3974 976 4015 vos
996 3960 1244 4015 allectum
1273 3975 1397 4031 erga
1423 3976 1522 4017 nos
1551 3961 1785 4029 ﬁrmum,

191 4045 477 4103 immotum
499 4090 515 4115 ,
548 4049 814 4120 vigentem
840 4061 1208 4122 perpetuoque
1235 4053 1516 4108 ﬂorentem
1542 4069 1783 4122 servare,

191 4139 398 4197 idcirco
425 4141 494 4198 ad
517 4157 636 4200 eam
663 4160 777 4200 rem
810 4147 1028 4202 minime
1056 4148 1388 4203 necessarias
1408 4149 1663 4217 epistolas
1688 4166 1788 4204 no-

190 4243 338 4287 stras
375 4248 497 4290 esse
539 4234 866 4294 ducebamus
895 4253 1119 4294 :verum
1155 4240 1221 4295 ad
1252 4242 1352 4295 hoc
1389 4241 1692 4308 dumtaxat,
1731 4253 1790 4298 ut

185 4324 382 4382 debito
419 4325 804 4386 benevolentia:
835 4345 1056 4388 munere
1093 4332 1456 4403 iungeremur.
1482 4333 1616 4390 Nam
1647 4350 1788 4391 nunc

186 4432 405 4489 quoque
431 4434 536 4475 non
559 4424 879 4480 necessitate
907 4424 1013 4481 ulla
1040 4425 1283 4496 impulsi,
1315 4427 1409 4482 sed
1435 4429 1665 4484 amicitia
1687 4428 1786 4484 ad-

190 4509 340 4565 ducti
365 4513 668 4570 scribimus.
697 4516 849 4585 Quod
879 4518 1021 4573 enim
1040 4561 1056 4585 ,
1087 4522 1248 4574 etiam
1279 4521 1322 4574 si
1353 4521 1535 4576 multa:
1567 4523 1728 4576 variis
1755 4539 1786 4580 e

191 4602 328 4657 locis
372 4612 718 4675 tempestates
760 4610 1021 4675 oriantur,
1075 4617 1237 4681 atque
1281 4610 1547 4666 innumeri
1595 4613 1785 4669 ﬂuctus

188 4694 515 4761 excitentur,
539 4697 684 4753 nullo
711 4707 887 4754 tamen
917 4716 1013 4754 vos
1038 4701 1358 4756 detrimento
1389 4702 1609 4758 afﬁcere
1625 4713 1785 4774 atque

191 4787 246 4841 in
296 4789 564 4846 mmstitim
616 4792 903 4861 procellam
950 4793 1217 4863 conjicere
1257 4803 1488 4863 queant,
1540 4800 1787 4866 superius

193 4891 407 4950 tempus
433 4882 646 4938 abunde
673 4883 890 4955 planqu
915 4883 1057 4941 fecit.
1087 4887 1163 4942 Ac
1193 4886 1449 4956 proinde,
1483 4903 1587 4942 non
1613 4898 1667 4943 ut
1693 4904 1784 4943 so-

189 4972 375 5027 latium
404 4973 556 5030 vobis
582 4976 868 5032 alferamus
901 4979 1095 5049 (neque
1124 4979 1266 5033 enim
1294 4981 1663 5037 consolatione
1685 4998 1784 5037 uo-

186 5068 518 5148 stra_cgetis)
547 5067 664 5125 haec
693 5070 978 5126 scribimus
1011 5088 1026 5124 :
1055 5089 1239 5128 verum
1270 5082 1328 5129 ut
1356 5075 1665 5146 intelligatis
1687 5094 1783 5132 nos

184 5156 383 5228 gaudio
413 5160 713 5228 exsultare,
756 5177 820 5219 ac
865 5163 1068 5230 lmtari,
1100 5165 1243 5236 quod
1275 5176 1477 5223 tantam
1522 5184 1588 5225 ex
1635 5178 1785 5226 tanto

188 5252 431 5306 locorum
483 5252 766 5310 intervallo
817 5256 1096 5312 caritatem
1144 5267 1379 5314 vestram
1424 5261 1779 5318 obtineamus.

183 5346 451 5412 Quoniam
493 5355 667 5402 autem
705 5347 818 5402 seio
843 5364 1049 5420 magna:
1070 5350 1225 5406 vobis
1267 5353 1466 5409 laetitia:
1491 5369 1646 5421 esse,
1675 5372 1783 5425 quo

181 5447 328 5492 statu
356 5453 445 5494 res
471 5450 668 5497 nostra
710 5442 852 5509 sint,
883 5443 1211 5516 intelligere,
1245 5447 1434 5503 scitete
1464 5466 1563 5506 nos
1583 5460 1779 5506 stoma-

179 5532 270 5585 chi
294 5530 659 5589 imbecillitate
677 5533 934 5591 liberatos
962 5552 1116 5602 esse,
1144 5546 1303 5608 atque
1338 5541 1547 5608 valere,
1589 5557 1652 5598 ac
1680 5559 1780 5600 nec

178 5623 466 5680 obsidione
506 5640 606 5680 nec
645 5626 910 5684 latronum
939 5631 1354 5701 incursionibus,
1386 5650 1486 5690 nec
1519 5636 1619 5690 loci
1648 5637 1775 5690 soli-

177 5716 394 5783 tudine,
427 5732 526 5774 uec
545 5728 918 5777 sescentorum
956 5724 1304 5782 adversorum
1333 5743 1552 5783 casuum
1585 5729 1772 5789 turba.

177 5826 282 5867 nec
305 5811 542 5883 denique
563 5811 672 5866 ullo
699 5814 804 5869 alio
830 5813 1134 5888 huiusmodi
1167 5819 1510 5878 incommodo
1534 5823 1690 5895 dejici
1718 5838 1771 5880 ct

173 5906 520 5973 uniuni-bari;
546 5920 728 5961 verum
755 5912 1077 5982 securitate,
1108 5914 1235 5982 otio,
1264 5932 1322 5970 ar
1349 5918 1523 5990 quiete
1555 5917 1677 5986 frui,
1706 5932 1769 5976 ac

1660 453 2041 515 εριετοιμε.

3401 458 3509 518 690

1901 569 2130 640 singulis
2151 569 2344 628 diebus
2361 571 2431 628 de
2457 587 2642 629 rerum
2664 580 2964 631 vestrarum
2990 582 3131 629 statu
3148 574 3200 630 in
3223 589 3505 637 cumesse.

1903 660 2075 733 deque
2097 662 2182 718 his
2206 663 2273 720 ad
2297 679 2392 720 eos
2412 666 2502 736 qui
2522 667 2786 722 accedunt
2806 681 3112 723 sermonem
3133 666 3352 723 habere.
3373 667 3506 723 Nam

1904 751 2008 810 hoc
2034 755 2146 812 veri
2171 757 2372 812 amoris
2398 766 2586 813 natura
2617 757 2774 826 facit,
2805 766 2864 815 ut
2884 758 2919 814 ii
2951 749 3040 830 qui
3062 758 3220 814 nobis
3247 760 3358 816 cari
3385 771 3505 814 sunt

1903 861 2117 918 semper
2135 841 2188 903 in
2219 863 2315 904 ore
2341 858 2528 906 nostro
2557 865 2619 906 ac
2639 850 2818 922 lingua
2839 859 3144 907 versentur.
3173 850 3328 924 Quod
3346 853 3508 907 etiam

1905 938 1958 993 in
1981 939 2135 995 nobis
2158 949 2442 1011 propterea
2464 956 2564 998 usu
2591 943 2772 1009 venit,
2799 942 2924 1015 quia
2945 942 3102 998 valde
3129 958 3408 1000 amamus:
3431 945 3512 997 hl-

1904 1043 2010 1102 que
2035 1031 2138 1103 ipsi
2167 1034 2355 1089 nostis.
2379 1033 2506 1091 Bac
2544 1035 2705 1107 igitur
2729 1036 2912 1092 omnia
2940 1036 3215 1093 vobiscum
3255 1046 3508 1108 reputan-

1908 1133 2019 1190 tes,
2049 1140 2118 1181 ne
2145 1125 2466 1183 existimetis
2510 1141 2611 1184 nos
2657 1128 2711 1183 in
2759 1138 2954 1185 nostro
2971 1143 3098 1199 erga
3125 1143 3224 1184 vos
3254 1128 3433 1184 ofﬁcio
3459 1138 3508 1182 rt

1906 1213 2277 1272 benevolentia
2304 1217 2563 1289 temporis
2590 1234 2876 1290 progressu
2925 1233 3121 1290 segnes
3145 1232 3210 1274 ac
3238 1219 3508 1291 negligen-

1909 1311 1989 1360 tes
2015 1305 2257 1362 redditos
2277 1321 2416 1363 esse.
2442 1306 2642 1362 Caritas
2687 1309 2831 1364 enim
2885 1325 3161 1379 numquam
3209 1309 3395 1363 acidi:
3426 1309 3505 1378 (ι.

1907 1398 2025 1454 Cor.
2083 1400 2172 1456 15.
2232 1401 2288 1472 8)
2326 1419 2341 1457 :
2385 1415 2508 1470 nec,
2536 1402 2752 1458 tametsi
2789 1402 2987 1474 alioqui
3030 1403 3246 1474 longum
3298 1411 3510 1472 tempus

1904 1487 2120 1545 ﬂuxerit
2138 1531 2153 1555 ,
2184 1491 2395 1547 tametsi
2419 1491 2648 1564 longiori
2676 1491 2852 1548 adhuc
2871 1535 2887 1562 ,
2914 1509 3073 1562 quam
3103 1507 3267 1560 nunc,
3291 1492 3503 1548 itineris

1907 1579 2186 1636 intervallo
2213 1581 2353 1638 inter
2397 1597 2498 1638 nos
2529 1583 2876 1650 dirimamur,
2919 1585 3235 1655 interruntpi
3274 1593 3330 1641 et
3366 1584 3509 1640 obli-

1905 1675 2064 1730 terari
2095 1683 2308 1746 potest,
2337 1690 2522 1732 verum
2551 1677 2721 1748 magis
2746 1692 2810 1732 ac
2841 1679 3011 1749 magis
3045 1677 3203 1734 ﬂoret
3226 1687 3386 1749 atque
3412 1691 3512 1732 au-

1903 1779 2082 1839 getur.

2094 1898 2354 1956 CXXXI.
2382 1900 2595 1974 Elpidia
2624 1901 2882 1975 episcopo.
2916 1901 3110 1975 (Anno
3135 1901 3304 1976 £06.)

1973 2031 2091 2088 Non
2120 2045 2430 2107 contemptu
2456 2037 2561 2102 tui,
2588 2052 2689 2094 nec
2716 2037 2943 2106 incuria,
2970 2039 3235 2110 superiori
3266 2048 3509 2111 tempore

1903 2124 2148 2180 siluimus
2177 2141 2191 2180 :
2224 2141 2410 2183 verum
2437 2143 2526 2184 res
2567 2129 2808 2186 adversa:
2826 2131 3069 2203 ,quibus
3095 2131 3332 2203 undique
3357 2133 3508 2189 obsi-

1905 2216 2114 2285 demur,
2155 2217 2465 2274 diuturnum
2513 2219 2616 2277 hoc
2661 2222 2932 2279 silentium
2979 2223 3290 2280 eﬂ'ecerunt.
3324 2224 3509 2295 Neque

1903 2309 2045 2364 enim
2071 2320 2220 2365 certo
2248 2311 2362 2366 ullo
2387 2313 2507 2368 loco
2534 2312 2695 2368 deﬁxi
2723 2329 2930 2382 sumus,
2956 2331 3142 2372 verum
3173 2330 3314 2370 nunc
3333 2313 3509 2371 Cucu-

1903 2419 2062 2473 sum,
2103 2422 2245 2463 nunc
2288 2409 2600 2464 Arabissum
2627 2451 2646 2477 ,
2696 2426 2839 2466 nunc
2882 2411 3087 2477 valles,
3130 2425 3194 2464 ac
3239 2420 3505 2481 pricrupta

1903 2497 2220 2569 desertaque
2260 2500 2649 2556 circumimus:
2680 2517 2849 2573 usque
2875 2501 3011 2558 adeo
3039 2510 3231 2557 cuncta
3261 2503 3502 2557 tumulti-

1905 2591 2002 2646 bus
2031 2607 2095 2647 ac
2120 2594 2521 2663 perturbatione
2562 2596 2715 2666 plena
2764 2605 2891 2651 sunt
2909 2638 2926 2664 ,
2953 2594 3274 2665 ﬂammaque
3301 2606 3355 2650 et
3401 2596 3506 2650 fer-

1903 2698 2042 2748 rum,
2077 2693 2183 2738 tam
2213 2699 2464 2755 corpora,
2507 2702 2667 2757 quam
2697 2687 2921 2742 aediﬁcia
2951 2688 3131 2742 omnia
3157 2686 3393 2741 conﬁcit.
3428 2691 3505 2742 Ac

1895 2775 2007 2846 jam
2056 2777 2215 2832 etiam
2261 2779 2421 2836 urbes
2471 2795 2574 2834 una
2621 2795 2744 2836 cum
2791 2780 2920 2836 viris
2966 2780 3216 2836 omnibus
3265 2779 3506 2835 funditus

1901 2867 2094 2922 excisa:
2137 2878 2296 2937 sunt,
2341 2871 2601 2942 novisque
2641 2872 2881 2942 quotidie
2923 2872 3230 2927 rumoribus
3271 2874 3502 2943 perculsi

1901 2957 2056 3013 sedes
2101 2968 2406 3027 mutamus,
2453 2977 2618 3032 grave
2661 2963 2935 3033 quoddam
2979 2978 3044 3019 ac
3085 2980 3282 3019 novum
3327 2966 3503 3019 exsilii

1899 3063 2068 3119 genus
2101 3052 2478 3121 pcrpctientes,
2507 3063 2845 3126 mortemque
2879 3057 2930 3110 in
2961 3055 3076 3112 dies
3104 3066 3498 3125 exspectan'es.

1899 3141 2030 3196 Nam
2059 3159 2126 3197 ne
2151 3144 2374 3199 castello
2397 3145 2633 3214 quidem,
2664 3147 2887 3217 pcrimle
2911 3156 3072 3218 atque
3090 3163 3330 3214 carcere,
3360 3165 3503 3206 nunc

1899 3235 2111 3303 inclusi,
2141 3237 2323 3292 ﬁdenti
2348 3239 2529 3294 animo
2554 3255 2675 3296 esse
2703 3255 2988 3309 possumus
3013 3259 3026 3296 :
3051 3248 3332 3314 propterea
3356 3243 3499 3312 quod

1899 3327 2064 3383 Isauri
2092 3329 2354 3399 ejusmodi
2386 3346 2538 3388 arces
2565 3332 2814 3389 obsidere
2850 3349 2959 3388 non
2988 3333 3252 3389 dubitent.
3277 3333 3358 3388 Ad
3387 3333 3502 3386 iure

1897 3423 2075 3492 gravis
2101 3424 2263 3479 etiam
2295 3425 2513 3481 morbus
2538 3426 2766 3482 accessit
2794 3443 2808 3481 :
2840 3427 2992 3498 cujus
3015 3443 3158 3482 nunc
3184 3441 3328 3498 aegre
3350 3442 3501 3483 acer-

1898 3517 2062 3573 bitate
2106 3517 2350 3590 depulsa,
2400 3519 2655 3590 reliquias
2707 3518 2885 3575 adhuc
2933 3519 3401 3586 circumrcrimus;
3447 3531 3503 3576 et

1897 3609 2347 3678 quemadmodum
2380 3613 2432 3666 in
2485 3613 2713 3667 insulam
2741 3611 3028 3684 quamdam
3061 3628 3166 3668 non
3209 3611 3499 3684 navigabili

1897 3703 2445 3782 maricircumfusam
2491 3707 2748 3777 relegati,
2793 3705 2984 3762 eodem
3024 3707 3186 3762 modo
3227 3707 3498 3763 neminem

1897 3793 2010 3850 fere
2037 3795 2141 3850 ulla
2167 3811 2232 3852 ex
2265 3808 2416 3868 parte
2436 3812 2661 3855 cernere
2692 3813 3006 3870 possumus,
3039 3800 3181 3870 quod
3209 3800 3289 3854 via
3321 3800 3499 3858 omnis

1899 3886 2216 3944 tumultuum
2251 3899 2395 3945 metu
2443 3890 2733 3946 interclusa
2763 3892 2851 3946 sit.
2896 3890 3255 3959 Quamobrem
3300 3891 3398 3948 abs
3443 3901 3498 3948 te

1897 3987 2042 4048 peto,
2075 3981 2524 4038 reverendissime
2551 3997 2614 4037 ac
2639 3980 3046 4053 religiosissime
3068 3982 3140 4038 mi
3170 3974 3407 4047 domine,
3441 3993 3499 4038 ut

1895 4075 2026 4128 mihi
2060 4075 2344 4146 ignoscas;
2377 4074 2485 4131 scis
2510 4075 2653 4131 enim
2681 4091 2816 4147 quas
2842 4075 2936 4130 tibi
2959 4074 3302 4146 jampridem,
3334 4084 3500 4148 atque

1894 4166 1964 4220 ab
1990 4166 2174 4234 initio,
2207 4168 2410 4223 amoris
2446 4175 2503 4223 et
2542 4165 2928 4224 benevolentia:
2955 4167 3370 4237 signiﬁcationes
3394 4167 3496 4224 de-

1894 4259 2100 4326 derim;
2129 4274 2228 4315 nec
2255 4275 2352 4328 pro
2379 4259 2533 4315 nobis
2554 4260 2719 4315 Deum
2751 4259 2958 4330 precari
2986 4259 3328 4315 intermittas.
3358 4259 3493 4316 Nam

1893 4350 2059 4420 quod,
2103 4353 2147 4406 si
2197 4349 2443 4407 homines
2493 4352 2581 4422 qui
2632 4353 2856 4422 impcn'o
2904 4359 2997 4406 tuo
3037 4362 3289 4423 pareant,
3336 4351 3498 4408 facile

1895 4443 2128 4498 nancisci
2159 4459 2344 4515 queas,
2377 4443 2507 4498 nihil
2538 4443 2908 4499 submonitore
2949 4443 3016 4498 ad
3060 4458 3180 4499 eam
3207 4457 3319 4498 rem
3358 4459 3495 4514 opus

1895 4535 2172 4591 habiturus
2201 4536 2296 4602 sis,
2345 4547 2404 4591 ut
2433 4535 2499 4590 de
2526 4545 2611 4591 tua
2642 4536 2946 4592 valetudine
2974 4551 3132 4606 quam
3163 4535 3496 4592 creberrime

1894 4627 1958 4681 ad
1992 4642 2088 4681 uos
2131 4627 2375 4694 scribas,
2421 4628 2671 4698 equidem
2715 4626 3056 4684 conﬁdimus.
3092 4628 3169 4683 Ac
3210 4641 3312 4683 nos
3339 4626 3492 4693 item,

1892 4720 1936 4773 si
1969 4720 2081 4774 haec
2110 4721 2344 4789 pericula
2389 4722 2795 4792 conquiescant,
2841 4731 3000 4793 atque
3036 4737 3104 4777 ex
3147 4721 3250 4778 hoc
3277 4735 3495 4778 carcere

1894 4826 2180 4882 prorepere
2200 4853 2215 4880 ,
2247 4824 2299 4869 et
2326 4813 2394 4868 ab
2422 4814 2702 4870 obsidione
2724 4856 2739 4883 ,
2770 4817 2820 4870 in
2849 4831 2951 4886 qua
2979 4831 3121 4872 nunc
3145 4830 3364 4882 sumus,
3395 4832 3496 4872 nos

1894 4905 2036 4972 ipsos
2061 4906 2391 4977 aliquantum
2425 4924 2672 4966 recreare
2697 4924 2760 4965 ac
2787 4909 3008 4965 reﬁcere
3047 4925 3308 4982 queamus
3327 4952 3344 4979 ,
3375 4911 3493 4966 nul-

1894 4997 1999 5049 lnni
2049 5006 2258 5068 tempus
2301 5001 2632 5068 omittemus,
2677 5006 2804 5072 quin
2840 5002 2903 5057 ad
2938 5011 2990 5058 te
3029 5002 3347 5057 scribamus.
3381 5001 3494 5057 lloc

1889 5089 2032 5144 enim
2079 5090 2373 5160 facientes,
2420 5108 2582 5164 quam
2614 5095 2855 5150 maximo
2900 5109 3000 5150 nos
3041 5095 3188 5166 ipsos
3229 5093 3493 5152 beneﬁcio

1889 5179 1948 5235 af
1951 5181 2209 5239 ticiemus.

2398 5319 2689 5377 CXXXII.
2722 5321 2969 5378 Gemello.

1961 5461 2145 5530 Papae,
2177 5470 2372 5530 quanta
2398 5475 2487 5516 res
2523 5470 2607 5517 est
2649 5476 2942 5533 generosus
2964 5470 3021 5518 et
3050 5460 3200 5518 fortis
3240 5463 3490 5529 animus,

1884 5554 1976 5623 qui
2005 5554 2326 5624 voluptatem
2356 5568 2418 5608 ac
2457 5553 2798 5608 securitatem
2846 5570 2953 5608 non
2999 5554 3214 5610 aliunde
3237 5595 3253 5622 ,
3300 5570 3484 5610 verum

1883 5649 2027 5703 dumi
2053 5658 2214 5718 atque
2243 5665 2270 5700 a
2300 5664 2359 5702 se
2387 5648 2502 5719 ipso
2531 5648 2753 5717 percipit
2774 5690 2788 5713 ,
2812 5648 3063 5719 quodque
3091 5647 3338 5704 mirabile
3367 5658 3450 5702 est
3472 5689 3485 5712 ,

1881 5741 1950 5794 ab
1980 5741 2044 5794 iis
2067 5742 2226 5797 rebus
2247 5757 2366 5810 qua!
2389 5741 2675 5794 multorum
2705 5741 2957 5811 opinione
2986 5739 3276 5797 horrenda:
3301 5755 3363 5794 ac
3391 5754 3485 5809 pe—

1882 5834 2126 5887 riuulosa:
2152 5841 2296 5888 sunt.
2330 5832 2460 5888 Nam
2490 5849 2594 5888 non
2619 5833 2778 5888 modo
2814 5850 2920 5889 non
2952 5831 3248 5903 perturbari
3276 5847 3338 5887 ac
3375 5831 3485 5885 dis-

1881 5923 2144 5993 cruciari,
2175 5940 2293 5980 cum
2323 5926 2638 5985 quibusdam
2672 5926 2794 5982 odio
2825 5927 2931 5986 sis.
2966 5930 3148 5981 v'rrum
3193 5928 3350 5981 ctiam
3384 5922 3484 5979 hoc
