4152 6488
686 542 902 614 noguiue
927 541 1140 612 gloriari
1156 583 1172 608 ,
1196 555 1366 612 neque
1391 540 1604 612 gloriari
1633 539 1828 606 solum.
1875 539 1972 596 sed
1988 541 2146 595 etiam
2161 554 2255 595 eos

686 634 777 703 qui
799 643 851 688 te
868 632 1074 688 oderint
1091 632 1349 697 miserari.
1366 641 1524 703 atque
1539 641 1596 688 ut
1623 633 1896 688 meliorem
1915 640 2143 686 mentem
2175 630 2260 685 iu-

687 721 874 788 duant.
890 721 1141 792 probique
1152 721 1898 792 efficiantur,expetere,cujus
1915 721 2123 778 tandem
2139 737 2262 790 pru-

687 812 899 879 dentim,
914 813 1169 883 cujusque
1183 814 1532 884 philosophia
1547 815 1654 870 est?
1669 817 1744 870 Ac
1762 823 2036 885 propterea
2051 825 2121 878 te.
2138 829 2259 868 cum

690 903 872 971 primis
894 903 1271 969 admiraiidect
1288 905 1565 975 magnifice
1583 905 1817 970 domine.
1837 905 2077 960 laudibus
2095 903 2261 958 allici-

689 1009 809 1050 mus
834 1010 898 1050 ac
922 996 1238 1066 suspicimus
1265 1015 1280 1052 :
1312 1007 1620 1067 pr0ptcrea.
1652 998 1862 1068 inquam
1881 1039 1894 1060 ,
1929 1011 2028 1051 nos
2050 1011 2262 1067 quoque

692 1100 1010 1158 magnopere
1052 1087 1414 1154 exsultamus.
1465 1089 1535 1142 ob
1560 1097 1704 1142 tuam
1751 1087 2073 1152 amicitiam,
2121 1096 2260 1140 tam-

688 1193 847 1245 quam
882 1177 952 1232 ob
975 1177 1302 1248 splendidam
1342 1193 1592 1234 coronam
1637 1177 1948 1248 gloriantes.
2000 1176 2260 1244 Quoniam

689 1278 866 1323 autent
911 1284 1092 1338 preces
1119 1285 1326 1339 quoque
1353 1285 1382 1325 a
1426 1269 1578 1326 nobis
1622 1285 1716 1341 per
1763 1271 1942 1326 literas
1975 1271 2219 1340 exposcis
2244 1311 2261 1335 ν

691 1358 848 1412 velint
878 1357 1170 1429 intelligas,
1194 1374 1292 1415 nos
1317 1374 1383 1415 ne
1409 1371 1534 1416 ante
1563 1359 1660 1416 bas
1679 1361 1890 1431 quidem
1936 1362 2116 1417 literas
2144 1371 2263 1416 vota

692 1452 867 1504 tmere
887 1451 1154 1505 destitisse
1177 1492 1192 1513 ,
1225 1461 1281 1504 ut
1316 1451 1547 1506 animam
1575 1466 1742 1522 usque
1767 1452 1903 1507 adeo
1942 1468 2184 1523 magnam
2211 1461 2263 1506 ct

694 1539 1112 1608 pliilosOpliii-am
1158 1541 1325 1596 sacris
1377 1543 1609 1608 initiari,
1663 1559 1727 1600 ac
1763 1546 2114 1600 sacrosanctis
2160 1545 2267 1600 illis

692 1632 1086 1700 ireiueudisque
1128 1633 1395 1704 mysteriis
1413 1633 1600 1690 donari
1645 1635 2093 1705 conspiceremus.
2126 1638 2202 1692 Ac
2222 1639 2273 1692 si

699 1721 851 1776 nobis
880 1722 1056 1778 la~tum
1087 1724 1384 1794 liujusmodi
1413 1726 1653 1780 nuntium
1678 1727 1920 1796 accipere
1949 1728 2135 1793 liceat,
2155 1728 2266 1798 jam

696 1823 746 1862 et
777 1810 874 1866 hoc
898 1814 1086 1867 exsilio
1116 1816 1130 1844 '
1162 1814 1364 1869 liberati
1393 1816 1625 1881 erimus,
1657 1826 1711 1872 et
1739 1818 2041 1873 solitudinis
2068 1835 2270 1873 memo-

699 1917 830 1954 riam
860 1901 1220 1971 depoucmus.
1250 1915 1305 1958 ct
1327 1906 1567 1976 corporis
1593 1905 1951 1963 imbecillitate
1971 1950 1987 1975 ,
2010 1923 2132 1963 cum
2167 1925 2267 1978 qua

701 2008 840 2050 nunc
866 1996 1017 2050 nobis
1041 2007 1310 2052 certamen
1336 2008 1415 2052 est
1433 2038 1449 2062 ,
1484 1997 1687 2054 solutos
1715 2012 1812 2053 nos
1854 2014 1974 2054 esse
1993 1999 2268 2056 ducemus.

699 2087 807 2142 Nec
833 2103 959 2142 vero
985 2088 1111 2143 illud
1138 2089 1288 2144 uobis
1311 2090 1526 2145 dibiuni
1555 2101 1657 2158 est,
1682 2091 1762 2146 vir
1787 2091 2116 2157 admirando,
2143 2092 2270 2162 quin

701 2191 877 2234 nostra
928 2194 1087 2250 opera
1139 2195 1328 2236 arcana
1357 2181 1468 2238 ba‘c
1494 2181 1631 2238 bona
1680 2184 1933 2254 consequi
1978 2186 2190 2238 studeas
2219 2193 2275 2238 et

699 2275 1066 2345 concupiscas.
1101 2275 1251 2343 Quod
1278 2276 1438 2331 etiam
1459 2318 1472 2341 ,
1519 2287 1576 2331 ut
1606 2277 1716 2348 ipse
1747 2278 1916 2344 nosti,
1966 2278 2119 2332 nobis
2143 2294 2276 2348 quo-

700 2382 805 2436 que
867 2368 1042 2421 studio
1111 2379 1268 2437 atque
1310 2368 1581 2438 cupiditati
1622 2377 1723 2424 est.
1762 2367 1958 2424 Verum
2002 2369 2046 2424 si
2093 2384 2123 2423 a
2173 2384 2272 2424 no-

703 2457 784 2512 bis
832 2473 980 2513 mora
1032 2459 1204 2528 aliqua
1255 2460 1596 2526 interveniat,
1669 2458 1790 2515 hinc
1845 2469 2019 2514 tamen
2082 2459 2156 2515 rei
2207 2475 2274 2514 ne

704 2566 850 2604 mura
898 2549 1169 2613 al'l'eratur.
1199 2565 1345 2604 cura.
1399 2551 1628 2606 Omnino
1656 2550 1831 2616 enim.
1883 2551 2040 2604 etiam
2089 2551 2133 2604 si
2175 2549 2271 2619 ipsi

702 2639 1060 2707 abfuerimus.
1099 2640 1340 2695 homines
1375 2640 1528 2696 nobis
1564 2640 1870 2695 amicissimi
1911 2655 2014 2694 non
2044 2639 2272 2695 defuturi

703 2739 857 2796 sunt,
903 2733 1073 2802 quite
1115 2732 1181 2787 ad
1237 2733 1349 2788 lucc
1402 2734 1774 2806 mysteriorum
1825 2733 1970 2788 initia
2011 2732 2275 2788 deducere

701 2834 898 2893 queant
928 2826 1022 2896 (ο).
1046 2825 1195 2894 Quod
1233 2825 1279 2880 si
1304 2827 1572 2897 contingat
1591 2867 1606 2892 ,
1637 2827 1822 2882 eadem
1871 2827 2137 2896 voluptate
2161 2826 2277 2880 affl—

703 2917 929 2983 rieniur,
960 2933 1062 2988 qua
1097 2919 1450 2985 afliceremur,
1487 2920 1531 2973 si
1561 2918 1795 2974 cmlcstis
1834 2919 1991 2990 linjus
2035 2919 2274 2973 beneficii

708 3007 968 3076 largitioni
1017 3006 1384 3062 administram
1445 3009 1654 3079 ipsimet
1709 3025 1924 3080 operam
1966 3010 2279 3080 praebuisse-

705 3115 852 3167 tuus,
875 3100 1297 3170 quandoquidem
1323 3103 1481 3156 etiam
1509 3102 1694 3158 eadem
1723 3112 1804 3158 est
1834 3104 2020 3174 gratia.

896 3213 1216 3270 CXXXIII.
1250 3215 1463 3271 Adolic.
1493 3216 1724 3286 (Cucuso
1755 3233 1895 3272 anno
1926 3218 2079 3287 404.)

779 3327 914 3396 Quid
941 3327 1058 3383 ais?
1087 3327 1314 3384 Rursum
1358 3329 1574 3385 insidias
1601 3331 1775 3402 luges,
1801 3331 2155 3402 gravibusque
2183 3345 2276 3386 ea-

709 3418 1030 3474 lamitatibus
1082 3418 1326 3476 affectam
1382 3429 1433 3476 te
1488 3435 1610 3476 esse
1657 3421 1864 3491 inquis?
1907 3422 2042 3489 Quid
2101 3430 2278 3476 autem

707 3509 919 3577 obstat,
949 3523 1159 3580 quaso,
1209 3511 1334 3582 quin
1375 3511 1426 3565 in
1454 3512 1792 3582 tranquillum
1821 3521 2031 3581 portum
2061 3521 2111 3567 te
2153 3528 2279 3566 cou-

710 3599 848 3654 feras
871 3641 884 3660 .
911 3609 1068 3669 atque
1097 3598 1180 3654 his
1209 3601 1457 3655 omnibus
1485 3600 1730 3656 fluctibus
1771 3602 2050 3657 libereris?
2089 3603 2277 3656 Annon

710 3690 824 3744 tunc
851 3688 941 3744 tibi
971 3704 1180 3761 semper
1197 3691 1537 3758 occinebam.
1565 3706 1663 3748 nec
1684 3701 1858 3747 tamen
1882 3708 2127 3764 umquam
2153 3693 2280 3746 mibi

709 3778 1179 3850 nbtempcrandum
1226 3781 1463 3837 duxisti?
1498 3783 1635 3850 Quin
1703 3785 1875 3854 potius
1910 3784 2020 3852 ipsa
2071 3799 2283 3854 quoque

711 3872 802 3927 tibi
854 3872 925 3926 ab
961 3871 1261 3942 hujusmodi
1310 3877 1637 3946 negotiorum
1683 3878 1793 3931 luto
1845 3859 2092 3932 sexcenta
2148 3879 2282 3932 mala

710 3965 978 4028 accersis.
1037 3963 1089 4018 in
1125 3980 1350 4021 canum
1397 3977 1653 4037 perpetuo
1699 3968 1956 4032 illabcus,
1987 3986 2052 4023 ac
2095 3969 2280 4033 nobis.

709 4053 836 4108 dum
875 4053 988 4108 lucc
1039 4056 1260 4123 pateris,
1287 4057 1501 4112 crebros
1521 4073 1582 4113 ac
1604 4068 1886 4128 perpetuos
1926 4075 2183 4115 interores
2209 4064 2282 4113 at-

691 4148 841 4202 fers.
872 4148 952 4202 An
977 4163 1060 4202 me
1085 4148 1186 4203 levi
1214 4163 1445 4205 maerore
1464 4149 1604 4206 affici
1625 4166 1832 4218 censes,
1864 4167 1982 4207 cum
2000 4169 2060 4206 ea
2089 4154 2281 4216 audivi,

714 4253 833 4306 qua:
860 4236 925 4290 ad
955 4254 1040 4292 me
1064 4241 1359 4308 scripsisti,
1406 4242 1654 4296 nimirum
1688 4255 1738 4297 te
1766 4259 1794 4295 a
1828 4245 2137 4313 propinquis
2156 4287 2169 4307 ,
2201 4246 2282 4298 vel

717 4328 887 4397 potius
913 4327 1103 4383 alienis
1130 4331 1280 4399 (ipsis
1317 4331 1458 4386 enim
1493 4333 1594 4386 tuis
1632 4333 1807 4388 verbis
1834 4341 1974 4403 utar)
2020 4335 2282 4405 proditam

713 4432 834 4472 esse
851 4457 868 4482 ,
893 4433 1182 4490 gravesque
1207 4422 1487 4492 tragatdias
1505 4425 1781 4492 pertulisse
1797 4425 1822 4477 ἲ
1835 4427 2118 4497 Quousque
2141 4427 2286 4481 fumo

718 4507 941 4572 assides.
959 4518 1014 4564 et
1035 4511 1233 4566 clarum
1260 4513 1422 4568 animi
1443 4515 1654 4570 oculum
1687 4517 1907 4572 turbas?
1930 4534 2288 4590 numquamne

717 4607 770 4651 ω
798 4599 865 4650 ab
891 4599 988 4653 hac
1021 4602 1359 4657 acerbissima
1411 4607 1662 4661 servitute
1708 4607 1758 4660 iu
1792 4607 2086 4663 libertatem
2120 4610 2289 4663 vituli-

716 4688 895 4744 cultis?
922 4689 1057 4756 Quid
1097 4702 1272 4746 autem
1320 4693 1667 4762 impediebat,
1724 4699 2007 4766 quominus
2050 4699 2149 4753 luic
2201 4717 2289 4754 ve-

719 4778 879 4844 nires.
913 4797 1112 4851 musque
1141 4782 1207 4838 de
1233 4783 1315 4838 bis
1341 4785 1497 4839 rebus
1514 4789 1788 4841 consiliuzu
1815 4805 1915 4843 uua
1943 4794 2289 4860 caperemus?

716 4869 985 4940 Siquidem
1015 4873 1202 4928 scribis
1229 4885 1279 4930 te
1306 4891 1589 4945 numquam
1642 4880 1827 4932 borum
1859 4896 2072 4935 sensum
2120 4885 2285 4938 ullum

716 4970 986 5030 capturam
1028 4962 1222 5030 fuisse,
1275 4968 1318 5020 si
1351 4966 1400 5021 id
1446 4971 1770 5039 contigisset.
1819 4972 2002 5042 Magna
2055 4975 2288 5031 admira-

717 5051 858 5106 tione
884 5068 946 5107 ac
986 5066 1201 5124 stupore
1250 5067 1453 5122 teneor,
1503 5076 1672 5130 neque
1703 5063 1860 5116 ullam
1889 5067 2043 5119 aliam
2071 5084 2285 5122 causam

719 5153 824 5196 tam
853 5143 1116 5199 diuturna)
1165 5157 1267 5201 tua:
1303 5166 1334 5202 a
1365 5152 1515 5204 nobis
1568 5154 1820 5209 absentia:
1865 5161 2098 5226 reperio.
2127 5177 2284 5229 quam

719 5239 1088 5309 negligentiam
1118 5255 1181 5294 ac
1215 5242 1500 5312 pigritiam.
1531 5244 1659 5297 Nam
1687 5257 1738 5299 ct
1764 5249 1952 5318 exiguo
1975 5251 2174 5306 itineris
2202 5255 2281 5307 in-

782 5373 796 5402 ¹
832 5370 1037 5431 Coislin..
1061 5387 1269 5424 carcere.

954 5444 1145 5510 ‘tiraaco.
1172 5450 1227 5510 lxi
1248 5450 1379 5495 τιεξιτηυ
1402 5450 1628 5510 frey-siqvis
1650 5457 1912 5510 ρεῖαν-τάν.
1955 5451 2172 5510 \_‘crtct‘at
2195 5451 2285 5498 Bil-

717 5492 934 5571 lius-{rm}
950 5502 994 5544 te
1016 5501 1082 5571 (ut
1104 5499 1226 5571 hunc
1249 5492 1502 5550 sacerdotii
1525 5492 1801 5571 άὲᾐηὶιαιξιὶι
1819 5492 2286 5571 ξινοιιειιενῖᾴῖιὲἀιξὶ;

715 5556 801 5629 sed
829 5557 952 5603 nullo
978 5560 1083 5629 aid
1122 5561 1431 5629 Qtlifll‘gfm
1470 5556 1894 5629 nounexpritnuhti
1928 5577 1978 5616 et
2021 5556 2284 5621 Getiielluni

717 5616 842 5691 hunc
865 5632 927 5667 ex
947 5616 1314 5691 viris-primariis
1329 5632 1466 5691 ιιι-εχ
1489 5616 1792 5691 senatoribus
1809 5630 1953 5677 inisse
1969 5616 2286 5691 constatltuvni

719 5690 795 5756 ea”
808 5681 1174 5756 cmiijiell_:_itione
1199 5683 1476 5756 liquot-illini.
1494 5685 1762 5748 "mgni/ica,
1780 5699 1879 5756 tum
1900 5693 2061 5748 etiam,
2085 5681 2284 5756 quodin

720 5738 827 5809 aliis
850 5752 893 5800 οι
914 5738 1064 5790 istolis
1084 5743 1145 5791 70
1169 5753 1219 5794 et
1244 5745 1332 5792 124
1354 5738 1680 5808 tiuigistra'itun
1703 5738 1916 5809 gessisse
1938 5738 2285 5806 (transierunt;

717 5801 890 5880 itaque
900 5815 1009 5880 cum
1035 5811 1266 5880 Frontone
1287 5801 1458 5858 υιιςωό
1478 5809 1552 5859 bic
1573 5810 1634 5857 de
1660 5801 1892 5873 baptismo
1907 5801 2000 5877 agi,
2020 5801 2285 5880 quoniam:

718 5870 914 5922 ceperat
939 5865 1196 5916 tietuellus.

1387 431 1444 486 S.
1483 427 1758 487 JOANNB
1789 427 2256 488 CHRYSOSTOII
2296 428 2612 486 ABCIIIEP.
2650 427 3204 500 CONSTANTINOP."

3843 427 3946 483 ς·ιί

2370 540 2591 596 tervallo
2618 540 2943 606 divellimur,
2974 549 3028 596 et
3051 541 3173 594 anni
3220 556 3340 610 pars
3379 539 3444 596 ad
3495 540 3943 612 peregrinandum

2366 647 2617 704 perquam
2647 633 2837 688 idonea
2882 643 2998 699 est,
3023 643 3079 688 ut
3101 648 3219 703 qua:
3251 647 3348 686 nee
3388 632 3616 702 frigore.
3673 647 3774 686 nec
3816 643 3943 683 a~stn

2365 727 2584 781 molesta
2613 728 2704 781 sit.
2730 726 2927 783 Verum
2955 743 3136 781 rursus
3161 726 3405 790 fortasse.
3433 742 3553 797 quze
3585 727 3677 780 tibi
3707 728 3940 780 omnium

2367 817 2626 872 malorum
2653 832 2846 888 parens
2873 816 3110 882 exsistit.
3140 817 3240 872 hoc
3263 828 3346 872 est
3371 833 3547 872 rerum
3579 817 3800 885 liuju~ce
3828 819 3940 869 vita-

2363 923 2522 972 cura.
2555 907 2742 963 eadem
2769 923 2908 963 nunc
2943 923 3153 980 quoque
3182 908 3275 962 tibi
3303 907 3740 978 impedimentum
3771 906 3938 960 affert.

2367 997 2479 1069 Ego
2533 1012 2660 1053 vero
2705 999 2752 1053 si
2806 999 3022 1065 venias,
3076 999 3340 1069 ingentem
3392 998 3616 1068 gratiam
3670 997 3942 1051 habiturus

2366 1104 2519 1154 sum;
2551 1090 2596 1144 si
2624 1105 2729 1144 non
2754 1090 2972 1156 venias,
3025 1104 3128 1144 non
3162 1099 3438 1160 propterea
3468 1100 3521 1145 te
3561 1091 3855 1147 accusabo.
3883 1104 3941 1140 ac

2368 1180 2591 1237 moleste
2629 1179 2792 1236 feram
2819 1199 2834 1237 :
2858 1196 3041 1237 verum
3067 1197 3184 1236 eam
3209 1182 3421 1252 quidem
3446 1181 3725 1236 caritatem
3742 1221 3757 1244 ,
3788 1195 3940 1248 quam

2370 1289 2582 1344 semper
2609 1273 2702 1327 tibi
2727 1274 2981 1349 pmtiti,
3011 1273 3266 1343 integram
3304 1287 3366 1327 ac
3393 1273 3676 1328 florentem
3721 1269 3934 1325 retineo.

2372 1364 2501 1420 Illud
2527 1375 2705 1420 autem
2743 1365 2927 1437 iniquo
2953 1374 3112 1435 atque
3139 1364 3333 1420 acerbo
3353 1363 3535 1419 animo
3565 1363 3711 1426 fero.
3745 1376 3867 1417 cum
3895 1370 3945 1415 te

2369 1456 2664 1512 innumeris
2701 1457 2932 1527 negotiis
2975 1455 3292 1524 implicatam
3336 1457 3503 1508 teneri
3525 1493 3540 1512 .
3564 1469 3628 1508 ac
3665 1460 3943 1506 sexcentas

2367 1562 2614 1603 curarum
2640 1545 2861 1617 hujusce
2889 1545 3011 1601 vita:
3038 1546 3277 1600 sarcinas
3303 1542 3645 1600 eiimmfem
3671 1542 3848 1595 audio.
3875 1544 3946 1594 Ac

2371 1639 2471 1692 nisi
2517 1653 2602 1693 me
2633 1637 2805 1692 exsilii
2837 1637 3126 1693 necessitas
3157 1645 3426 1706 tamquam
3465 1632 3816 1704 compedibus
3851 1639 3944 1684 ait-

2370 1731 2613 1786 strictum
2654 1739 2884 1797 teneret,
2915 1731 3005 1785 tibi
3029 1731 3296 1801 negotium
3330 1745 3435 1784 non
3465 1729 3790 1785 facesserem
3812 1769 3828 1793 ,
3857 1742 3941 1781 ve.

2371 1837 2489 1877 rum
2508 1864 2524 1888 ,
2555 1821 2763 1877 etiamsi
2791 1823 3035 1892 graviore
3071 1821 3280 1887 adhuc,
3309 1837 3467 1890 quam
3498 1836 3598 1890 qua
3630 1834 3776 1874 nunc
3803 1834 3946 1879 sum.

2371 1916 2614 1987 corporis
2639 1913 3000 1970 imbecillitate
3024 1913 3352 1978 laborarem,
3386 1913 3502 1981 ipse
3530 1925 3663 1967 sane
3689 1910 3756 1964 ad
3787 1919 3838 1964 te
3865 1927 3951 1964 cx-

2373 2009 2684 2071 currissem.
2716 2021 2889 2078 neque
2917 2006 3063 2076 prius
3083 2004 3292 2077 quidvis
3315 2019 3472 2075 agere
3494 2019 3558 2058 ac
3579 2004 3762 2058 moliri
3789 2003 3949 2057 desu-

2375 2103 2578 2168 tissem,
2595 2115 2752 2172 quam
2769 2111 2822 2155 te
2849 2115 2914 2155 ex
2929 2098 3030 2154 hac
3047 2106 3359 2168 tempestate
3369 2106 3530 2166 atque
3552 2095 3950 2150 innumerorqu

2375 2194 2635 2248 malorum
2655 2209 2812 2248 ceno
2837 2202 2892 2248 et
2914 2192 3142 2247 colluvie
3169 2192 3540 2246 extraxissem.
3571 2188 3836 2257 Quoniam
3864 2206 3952 2240 au-

2377 2298 2485 2342 tem
2513 2287 2564 2340 id
2591 2287 2806 2342 minime
2832 2287 2957 2342 licet
2974 2328 2988 2349 .
3017 2301 3264 2356 cuperem
3293 2300 3422 2340 sane
3449 2293 3502 2340 te
3528 2285 3630 2339 huc
3650 2284 3836 2339 venire
3857 2324 3870 2342 .
3896 2298 3954 2336 ac

2375 2380 2443 2434 de
2481 2379 2564 2434 bis
2592 2380 2748 2435 rebus
2780 2379 2848 2434 ad
2877 2393 2975 2434 nos
2999 2378 3221 2435 referre.
3247 2379 3398 2447 Quod
3427 2379 3471 2432 si
3520 2393 3620 2432 nec
3648 2376 3788 2431 istud
3842 2393 3954 2445 pro-

2375 2473 2510 2528 clive
2530 2482 2612 2528 est
2632 2513 2648 2537 ,
2679 2487 2862 2526 verum
2889 2470 3128 2536 difficile,
3153 2487 3248 2540 per
3273 2471 3454 2526 literas
3484 2479 3535 2523 te
3556 2485 3779 2524 monere
3803 2480 3955 2537 atque

2377 2565 2577 2619 hortari
2603 2581 2708 2619 non
2736 2565 2979 2620 desinam
3002 2606 3017 2627 .
3051 2574 3107 2617 ut
3135 2575 3188 2617 tu
3215 2561 3370 2618 funes
3393 2577 3456 2616 ac
3480 2575 3650 2616 nexus
3671 2560 3950 2630 pra-cidas.

2375 2658 2674 2727 animasque
2700 2656 2984 2726 compedes
3003 2655 3250 2726 eﬂringas
3271 2697 3286 2720 ,
3316 2668 3612 2722 magnaque
3642 2667 3763 2707 cum
3793 2653 3954 2706 facili-

2378 2757 2486 2802 tate
2507 2757 2562 2803 et
2587 2747 2829 2802 libertate
2845 2748 3121 2817 gradiaris.
3145 2746 3255 2802 Hac
3272 2747 3413 2802 enim
3436 2746 3641 2801 ratione
3669 2760 3774 2800 noli
3804 2744 3957 2798 modo

2381 2838 2538 2907 hujus
2573 2839 2695 2892 vita:
2734 2839 2968 2893 Iustitiam
2993 2839 3373 2908 consequeris.
3420 2837 3514 2892 sed
3565 2837 3726 2892 etiam
3773 2837 3955 2890 c:v:ltttn

2382 2933 2521 2987 facili
2571 2933 2786 3003 negotio
2826 2933 3076 3003 accipies.
3121 2932 3476 3000 Quamobrem
3502 2931 3568 2984 da
3609 2945 3865 3000 operam.
3905 2939 3959 2983 ut

2381 3041 2500 3095 qua:
2545 3023 2818 3094 aliquanto
2856 3033 2972 3095 post
2994 3066 3009 3089 .
3041 3039 3162 3078 cum
3189 3023 3309 3078 hinc
3344 3021 3678 3092 migrandum
3706 3024 3806 3074 erit
3832 3063 3844 3080 .
3885 3025 3956 3073 iu-

2384 3119 2486 3171 vita
2520 3118 2766 3171 relictura
2796 3133 2886 3181 es,
2916 3131 2980 3170 ea
3007 3123 3196 3186 sponte
3226 3115 3277 3169 in
3318 3113 3508 3170 aeraria
3537 3113 3607 3167 ab
3627 3114 3778 3167 omni
3807 3115 3957 3166 latro-

2383 3224 2508 3262 num
2532 3207 2722 3277 injuria
2755 3207 2918 3262 libera
2951 3216 3006 3262 ct
3047 3206 3300 3261 immunia
3333 3207 3659 3276 prmmittas.
3685 3223 3748 3260 ac
3782 3221 3873 3274 per
3900 3220 3956 3260 c.-

2381 3301 2710 3357 iminortalcs
2729 3341 2747 3368 ,
2776 3315 2877 3358 nec
2905 3316 3156 3372 umquam
3186 3311 3582 3356 marcescentes
3615 3316 3848 3355 coronas
3874 3300 3956 3353 tibi

2384 3391 2714 3464 prmeoudas.

2583 3481 2890 3539 CXXXIV.
2920 3481 3157 3553 Diogeni.
3189 3482 3421 3546 (Cucuso
3450 3496 3591 3536 anno
3615 3481 3771 3547 ιοι.)

2457 3577 2752 3646 Permagno
2770 3618 2784 3640 .
2811 3575 3026 3631 domine
3059 3576 3127 3628 mi
3158 3573 3501 3638 admirando.
3530 3573 3672 3628 istud
3693 3575 3940 3627 emi~sem

2386 3679 2442 3723 ut
2471 3668 2600 3723 milii
2628 3668 2942 3722 suavitatem
2968 3676 3110 3720 tuam
3140 3663 3321 3720 videre
3357 3665 3576 3728 liceret,
3624 3664 3786 3733 idque
3811 3668 3962 3718 elisus

2388 3762 2501 3831 ipse
2524 3769 2649 3815 ante
2674 3759 2853 3814 literas
2882 3767 3094 3813 nostras
3114 3757 3448 3827 exploratum
3477 3755 3642 3810 babes
3679 3775 3692 3808 :
3725 3756 3958 3824 quando-

2387 3852 2606 3923 quidem
2633 3851 2726 3906 tibi
2755 3865 2967 3921 quoque
3010 3864 3160 3904 meus
3203 3863 3328 3918 erga
3376 3858 3428 3904 te
3463 3863 3616 3903 amor
3657 3857 3963 3916 pcrsjuctus

2386 3953 2490 4000 est.
2518 3944 2777 4013 Quoniam
2808 3953 2989 3998 autem
3020 3942 3070 3996 id
3101 3942 3318 3996 minime
3343 3942 3467 3995 licet
3495 3941 3645 4010 (nam
3670 3953 3724 3996 et
3757 3941 3962 4009 longum

2389 4038 2491 4094 iter
2535 4039 2673 4093 inter
2712 4052 2810 4090 nos
2854 4037 3184 4103 interjectum
3231 4042 3351 4096 est,
3399 4046 3499 4088 nec
3543 4033 3712 4086 nostri
3758 4031 3965 4100 quidem

2387 4129 2589 4184 arbitrii
2615 4137 2718 4193 est,
2741 4142 2848 4197 quo
2868 4126 3047 4190 libeat,
3075 4141 3171 4180 uos
3187 4124 3452 4190 conferre.
3477 4139 3541 4179 ac
3570 4124 3803 4193 denique
3835 4125 3968 4178 Isau-

2389 4222 2618 4276 riciruiu
2665 4221 3024 4274 iucursionum
3069 4218 3306 4288 quotidie
3355 4229 3529 4271 metus
3580 4216 3964 4285 ingravescit).

2388 4315 2483 4368 abs
2514 4324 2565 4367 te
2605 4323 2762 4383 peto.
2795 4321 2884 4375 ut.
2917 4311 3055 4380 quod
3099 4309 3385 4363 maximum
3427 4308 3580 4363 nobis
3611 4320 3722 4361 tum
3758 4307 3967 4376 liujusee

2389 4403 2714 4468 solitudinis,
2743 4413 2852 4455 tum
2879 4414 3234 4454 aerumnarum
3265 4400 3501 4454 omnium
3530 4409 3586 4454 et
3609 4399 3965 4453 calamitatuni

2390 4494 2636 4550 solatium
2671 4502 2755 4547 est
2777 4534 2790 4557 ,
2827 4508 2984 4563 quam
3023 4491 3318 4562 saepissime
3345 4507 3374 4544 a
3402 4500 3454 4545 te
3485 4491 3666 4547 literas
3693 4491 3968 4560 accipiam,

2391 4588 2583 4658 quibus
2605 4587 2674 4640 de
2699 4597 2784 4640 tua
2808 4587 3074 4656 totiusque
3097 4587 3288 4640 domus
3312 4594 3416 4640 tua:
3444 4584 3749 4640 valetudine
3772 4585 3964 4640 certior

2395 4683 2514 4736 tiam
2544 4700 2557 4734 :
2591 4681 2641 4735 id
2665 4681 2856 4744 velim,
2904 4681 2947 4735 si
2992 4679 3216 4734 facultas
3253 4679 3410 4735 detur
3434 4719 3448 4741 .
3486 4694 3645 4748 quam
3681 4680 3971 4748 sepissime

2395 4775 2544 4828 nobis
2569 4773 2851 4828 concedas.
2908 4772 3089 4843 Neque
3113 4773 3257 4827 enim
3297 4771 3449 4827 facile
3475 4782 3558 4826 est
3595 4787 3694 4828 nos
3721 4775 3859 4826 istud
3882 4789 3970 4827 eo-

2393 4867 2539 4937 piose
2565 4865 2802 4920 obtinere
2824 4907 2838 4930 ,
2873 4865 3014 4935 quod
3042 4863 3177 4918 haud
3209 4862 3363 4918 facile
3391 4863 3669 4934 quisquam
3714 4866 3870 4918 istinc
3910 4863 3968 4916 ad

2391 4973 2491 5012 nos
2525 4959 2717 5012 veniat.
2747 4956 3012 5012 Cmtcrum
3030 4998 3044 5019 ,
3073 4955 3171 5010 etsi
3196 4956 3419 5010 arduum
3447 4964 3534 5010 est
3554 4955 3696 5025 quod
3722 4957 3968 5025 petimus.

2394 5059 2568 5103 tamen
2591 5047 2764 5116 quoad
2790 5047 2905 5115 ejus
2929 5046 3040 5101 fieri
3068 5044 3264 5115 poterit
3282 5085 3298 5110 ,
3325 5045 3483 5100 velim
3507 5044 3606 5101 des
3630 5060 3854 5115 ope-am
3880 5089 3894 5106 .
3922 5056 3970 5099 ut

2391 5141 2607 5196 crebras
2635 5139 2700 5194 ad
2741 5154 2838 5194 nos
2879 5140 3060 5193 literas
3086 5138 3263 5192 mittas
3281 5180 3298 5204 ,
3325 5153 3446 5208 qua:
3477 5137 3632 5192 nobis
3659 5138 3970 5193 valetudinis

2394 5244 2495 5287 tuze
2537 5243 2732 5286 statum
2775 5240 3064 5299 exponant.
3109 5229 3177 5286 Ut
3215 5240 3424 5294 autem,
3467 5229 3593 5300 quid
3636 5231 3736 5299 ipsi
3769 5245 3971 5297 quoque

2391 5340 2637 5396 geramus
2659 5367 2672 5389 ,
2705 5324 3000 5394 intelligere
3041 5339 3224 5394 queas.
3255 5324 3364 5379 otio
3386 5334 3544 5394 atque
3572 5324 3769 5392 ingenti
3801 5326 3970 5393 quieta

2392 5419 2614 5471 fruimur
2635 5457 2651 5482 ,
2693 5433 2882 5487 magna
2909 5417 3322 5488 tranquillitate,
3363 5432 3429 5472 ac
3451 5416 3707 5472 mediocri
3735 5418 3970 5486 corporis

2391 5509 2616 5562 sanitate
2640 5525 2653 5573 ;
2684 5507 2784 5562 hoc
2807 5525 2966 5563 unum
2987 5510 3222 5563 animum
3249 5518 3488 5564 nostrum
3507 5506 3812 5574 conturbat,
3835 5507 3967 5578 quod

2391 5615 2419 5652 a
2447 5598 2624 5665 vobis,
2668 5615 2696 5653 a
2725 5601 2916 5670 quibus
2953 5617 3227 5667 amamur,
3266 5599 3494 5670 sejuncti
3536 5614 3742 5655 sumus.
3777 5597 3966 5655 Verum

2393 5701 2563 5760 potest
2592 5701 2676 5745 tua
2704 5692 3004 5762 prudentia,
3029 5708 3089 5746 ca
3115 5692 3353 5756 ratione.
3380 5706 3540 5759 quam
3565 5689 3820 5753 diximus.
3855 5687 3972 5746 huic

2390 5802 2599 5856 quoque
2635 5787 2772 5840 malo
2797 5787 3043 5840 solatium
3074 5786 3350 5840 adhibere.
3385 5784 3642 5852 Quocirca
3673 5783 3774 5838 hoc
3802 5782 3962 5847 nobis

2391 5893 2594 5945 quaso,
2629 5878 2942 5936 beneficium
2963 5879 3028 5936 da
3051 5920 3067 5948 ,
3098 5895 3201 5951 quo
3219 5919 3232 5946 .
3265 5877 3391 5935 licet
3417 5888 3564 5932 tanto
3587 5878 3684 5932 abs
3723 5887 3778 5933 te
3806 5883 3962 5933 ιιι.-
