4152 6486
769 409 875 465 δ’τδ

766 525 983 579 eiamsi
1015 541 1118 580 non
1149 523 1340 579 scribat
1367 543 1378 578 :
1413 537 1513 592 ego
1540 533 1716 578 tamen
1748 535 1847 576 nec
1875 518 2108 574 scribere
2134 517 2346 580 destiti,

771 627 867 668 nec
896 629 1077 670 amare
1101 613 1308 671 desino.
1343 617 1512 684 Atque
1539 623 1593 666 ut
1621 608 1779 666 etiam
1802 621 2009 678 tempus
2035 608 2181 672 illud,
2209 607 2348 676 quod

767 717 795 754 a
831 704 1071 776 digressu
1101 716 1282 758 nostro
1313 704 1486 769 fluxit,
1527 705 1732 772 longius
1772 700 1948 756 adhuc
1991 699 2346 770 protrahatur,

778 805 935 866 atque
961 801 1012 851 itt
1035 799 1380 852 desertiorem
1405 797 1576 850 adhuc
1595 795 1768 850 locum
1789 794 2148 862 deportentur,
2177 803 2350 844 tamen

782 902 880 942 nec
905 896 956 941 te
981 904 1043 940 ex
1075 888 1253 939 animo
1295 896 1478 942 nostro
1520 887 1712 955 ejicere
1740 899 2019 953 possumus
2039 924 2053 944 ,
2100 898 2195 935 nec
2233 883 2348 934 elli-

780 996 902 1032 cvre
922 1019 935 1038 .
965 980 1090 1048 quin
1132 989 1367 1032 tt0.~tratn
1399 994 1522 1048 erga
1562 987 1614 1033 te
1651 976 2066 1032 benevolentiam
2097 981 2353 1043 perpetuo

782 1069 1058 1125 ﬂorentem
1075 1087 1469 1126 conservemus.
1492 1070 1614 1124 “:l‘c
1627 1085 1749 1123 cum
1765 1069 1900 1122 scias
1917 1107 1931 1130 ,
1951 1068 2015 1120 de
2036 1076 2119 1119 tua
2151 1067 2353 1119 valetu-

781 1161 906 1216 dine
926 1177 1083 1231 quam
1108 1162 1402 1230 saepissime
1424 1161 1489 1214 ad
1517 1175 1614 1214 nos
1643 1160 1833 1212 scribe.
1862 1159 1913 1211 Id
1936 1159 2075 1212 enim
2096 1157 2184 1211 tibi
2215 1155 2352 1210 factu

785 1254 989 1308 facilius
1010 1263 1111 1318 est,
1143 1269 1298 1323 quam
1325 1255 1494 1307 nobis.
1525 1252 1672 1320 Quod
1715 1251 1757 1305 si
1786 1252 1907 1303 anni
1939 1262 2164 1316 tempus,
2198 1259 2356 1318 atque

785 1344 1133 1398 lauricorum
1182 1343 1439 1398 malorum
1487 1342 1748 1398 acerbitas
1797 1342 1846 1394 id
1898 1340 2188 1409 prohibeat,
2233 1353 2351 1390 cum

783 1435 936 1489 nobis
977 1443 1099 1489 tuus
1137 1451 1259 1504 erga
1303 1450 1398 1487 nos
1438 1435 1644 1486 animus
1672 1433 1976 1499 exploratus
2002 1431 2104 1495 sit,
2148 1429 2356 1481 abunde

782 1524 1011 1593 amplam
1024 1524 1254 1578 diuturni
1271 1525 1462 1578 silentii
1478 1523 1892 1579 consolationem
1913 1521 2136 1574 habituri
2155 1535 2352 1571 stttttus.

809 1653 1004 1710 CXXX
1021 1654 1180 1709 VIII.
1220 1655 1423 1724 Elpidio
1453 1657 1709 1725 episcopo.
1744 1654 1985 1724 (Cucnso
2015 1670 2151 1704 anno
2186 1651 2325 1720 lilii).

858 1786 969 1841 Non
991 1803 1104 1839 sum
1139 1783 1368 1847 nescius,
1392 1803 1476 1840 tne
1507 1802 1627 1840 raro
1652 1785 1717 1838 ad
1740 1794 1792 1839 te
1817 1785 2091 1851 scripsisse.
2125 1801 2137 1838 :
2171 1794 2220 1834 ,ιι
2251 1797 2354 1836 non

787 1880 839 1934 id
866 1880 1066 1934 lubenti
1093 1883 1288 1944 animo,
1312 1895 1493 1933 verum
1523 1877 1662 1948 quod
1690 1893 1865 1931 rerum
1895 1875 2148 1944 angustiis
2176 1875 2356 1942 probi-

789 1972 962 2024 lterer.
995 1969 1123 2023 Nam
1148 1979 1200 2024 et
1229 1970 1350 2023 anni
1380 1981 1623 2038 tempus,
1657 1976 1709 2021 et
1743 1967 1875 2029 loci,
1922 1966 1973 2020 in
2015 1982 2121 2033 quo
2147 1964 2358 2031 gravius

787 2075 942 2129 quam
965 2061 1016 2113 in
1048 2062 1154 2113 ullo
1182 2073 1396 2114 carcere
1423 2058 1661 2113 conclusi
1693 2067 1936 2112 tenemur
1961 2096 1976 2120 ,
2014 2055 2240 2109 solitudo
2261 2097 2274 2116 ,
2303 2065 2358 2108 et

787 2167 996 2215 eorum,
1027 2151 1115 2219 qui
1143 2150 1244 2204 huc
1274 2150 1508 2215 veniunt,
1543 2148 1889 2217 infrequentia
1913 2188 1926 2205 .
1955 2146 2202 2216 quodque
2233 2146 2355 2199 item

792 2242 889 2294 bos
919 2256 1112 2310 paul-os
1137 2257 1240 2296 neu
1267 2256 1455 2294 omnes
1477 2243 1715 2295 s‘ncerus
1734 2253 1796 2292 ac
1825 2238 1956 2292 fidos
1981 2237 2354 2302 nanciscinmr,

789 2348 849 2384 ac
873 2331 1098 2399 denique
1123 2333 1363 2400 corporis
1389 2333 1635 2390 morbus.
1665 2331 1753 2399 qul
1787 2344 1884 2382 nos
1917 2327 2256 2381 vehementer
2276 2336 2359 2378 at-

790 2424 954 2484 trivit,
984 2432 1037 2476 et
1064 2439 1195 2492 pene
1227 2423 1493 2484 confecit,
1539 2437 1601 2477 ac
1630 2437 1722 2490 per
1753 2431 1916 2475 totam
1961 2421 2189 2474 hiemem
2222 2420 2358 2474 lecto

792 2514 995 2580 :tﬂlxit,
1028 2515 1238 2584 longum
1272 2513 1371 2568 hoc
1399 2513 1666 2568 silentium
1710 2511 1840 2566 mihi
1879 2512 2055 2565 attulit
2087 2528 2100 2563 :
2138 2521 2192 2563 at
2233 2510 2358 2562 illttd

789 2606 1062 2659 dumtaxat
1088 2603 1353 2660 silentium
1375 2645 1391 2668 ,
1421 2604 1561 2674 quod
1608 2606 1658 2657 in
1702 2603 1876 2672 lingua
1902 2643 1918 2667 ,
1949 2617 2052 2655 non
2099 2600 2150 2653 itt
2184 2602 2361 2653 animo

788 2696 1049 2749 coitsistit.
1095 2694 1203 2750 Nec
1233 2710 1356 2749 vero
1385 2693 1656 2748 existimes
1693 2701 1744 2747 te
1768 2700 1846 2745 tot
1873 2693 2042 2745 solum
2072 2691 2357 2759 epistolas,

787 2798 918 2856 quot
944 2789 1202 2848 misimus.
1235 2787 1523 2855 accepisse,
1553 2800 1735 2840 verum
1768 2786 1936 2838 multo
1962 2783 2162 2852 plures.
2193 2781 2245 2836 Id
2269 2796 2363 2834 au-

790 2889 896 2930 tem
939 2891 1060 2931 esse
1106 2877 1462 2942 existimabis,
1510 2877 1554 2929 si
1597 2890 1702 2929 non
1747 2889 1838 2928 eas
1877 2874 2183 2932 dumtaxat.
2229 2887 2362 2942 quas

789 2968 988 3021 t-ltartze
1048 2976 1208 3036 atque
1255 2967 1534 3021 atramenti
1583 2982 1685 3035 ope
1735 2967 2085 3034 scripsimus,
2135 2964 2229 3019 sed
2273 2979 2364 3017 eas

791 3061 972 3124 etiam,
1000 3075 1118 3126 qua!
1143 3059 1210 3111 ab
1235 3060 1411 3112 animo
1435 3068 1484 3109 et
1511 3059 1785 3112 voluntate
1812 3056 2233 3124 proficiscuntur,
2269 3071 2365 3107 nu-

792 3162 988 3202 meres.
1011 3149 1278 3217 Siquidem
1305 3149 1484 3203 animo
1504 3163 1788 3216 numquam
1831 3145 1895 3199 ad
1923 3155 1976 3201 te
2012 3146 2246 3200 scribere
2274 3149 2365 3199 de-

796 3239 1025 3291 stitintus
1050 3279 1063 3298 .
1096 3253 1416 3305 semperque
1459 3247 1632 3292 tecum
1664 3251 1941 3291 versantur
1975 3253 1986 3288 :
2019 3250 2082 3289 ac
2125 3250 2221 3288 nec
2267 3235 2364 3288 via:

803 3329 1095 3399 longitudo,
1120 3344 1220 3383 nec
1245 3329 1498 3397 temporis
1520 3328 1860 3393 diuturnitas,
1890 3342 1989 3381 nec
2018 3342 2192 3380 rerum
2221 3326 2362 3379 dim-

794 3419 1038 3483 cultatea,
1065 3431 1260 3474 nostra:
1281 3435 1403 3489 erga
1431 3429 1482 3473 te
1504 3419 1885 3473 benevolentia:
1911 3419 2251 3472 obscuritatis
2271 3419 2367 3471 ali-

797 3510 923 3580 quld
949 3511 1256 3565 attulerunt.
1289 3512 1480 3566 Verum
1513 3514 1786 3565 ﬂorentem
1818 3526 1934 3565 cam
1965 3522 2216 3581 perpetuo
2243 3511 2366 3564 reti-

798 3618 1004 3667 nemus,
1038 3614 1191 3672 teque
1215 3605 1302 3672 qui
1342 3605 1504 3656 nostri
1533 3617 1714 3656 amore
1739 3601 1928 3665 ardes,
1955 3602 2161 3656 etiamsi
2191 3603 2241 3654 itt
2272 3603 2367 3655 de-

796 3695 1074 3748 sertiorem
1115 3695 1288 3746 adhuc.
1333 3695 1504 3748 locum
1542 3694 1830 3760 abeamus,
1877 3693 1928 3747 in
1965 3693 2145 3747 animo
2186 3704 2367 3747 nostro

798 3785 1116 3853 insculptum
1158 3786 1351 3852 passim
1393 3784 1850 3837 circuutfercmus.
1893 3782 1966 3837 Ea
2004 3784 2143 3836 enim
2173 3782 2366 3837 sinceri

795 3875 992 3928 amoris
1019 3883 1198 3928 natura
1226 3886 1308 3926 est
1333 3867 1352 3936 ξ
1381 3885 1436 3926 ιιι
1482 3890 1578 3928 nec
1617 3885 1857 3944 tempore
1880 3915 1895 3938 ,
1941 3889 2039 3929 nec
2068 3874 2185 3927 loco
2208 3913 2222 3936 ,
2271 3888 2370 3926 nec

797 3967 895 4019 vite
945 3967 1360 4035 longinquitate,
1411 3981 1508 4020 nec
1553 3965 1711 4020 rebus
1752 3965 1991 4020 adversis
2034 3964 2365 4018 obliteretur.

799 4057 960 4128 quue
983 4059 1095 4128 ipse
1119 4073 1327 4128 quoque
1357 4058 1517 4124 nosti,
1539 4055 1961 4127 quandoquidem
1983 4055 2143 4111 etiam
2165 4056 2371 4110 sincere

800 4163 984 4203 amare
1011 4149 1173 4202 nosti.

795 4238 1098 4295 CXXXIX.
1127 4239 1388 4294 Theodoro
1417 4239 1586 4308 Syria:
1618 4241 1893 4294 consulari.
1928 4240 1947 4310 (
1972 4239 2050 4293 Ab
2078 4253 2218 4294 anno
2265 4239 2370 4293 4οι

1463 4330 1526 4383 ηιι
1558 4331 1718 4399 ιον.)

874 4421 953 4477 Tu
983 4422 1195 4492 quidctn
1227 4420 1363 4474 istud
1397 4422 1627 4475 maximo
1655 4429 1965 4490 argumento
1993 4419 2083 4476 tibi
2113 4418 2224 4472 fore
2254 4419 2332 4472 ais
2352 4461 2368 4486 ,

806 4528 890 4567 res
920 4520 1036 4566 tuas
1063 4512 1214 4565 nobis
1239 4527 1382 4565 curat
1405 4525 1527 4566 esse
1547 4553 1562 4576 ,
1594 4511 1639 4564 si
1672 4519 1788 4580 post
1817 4511 2142 4579 superiorem
2171 4510 2371 4578 episto-

807 4603 908 4656 lam
941 4604 1160 4656 alteram
1190 4617 1372 4656 rursus
1414 4617 1443 4654 a
1474 4603 1626 4657 nobis
1653 4603 1923 4671 acceperis
1953 4603 1992 4654 ⁸.
2039 4600 2146 4655 Nos
2189 4609 2370 4656 autem

806 4693 851 4747 si
881 4693 1144 4758 homines,
1173 4693 1262 4761 qui
1287 4691 1353 4747 ad
1382 4691 1623 4747 eamdem
1653 4707 1762 4746 rem
1794 4693 1947 4746 nobis
1975 4706 2191 4762 operam
2221 4707 2376 4745 nava-

807 4795 944 4846 rent.
976 4795 1168 4854 praesto
1195 4784 1531 4845 haberemus,
1561 4783 1627 4837 ad
1659 4793 1710 4836 te
1728 4824 1742 4845 ,
1775 4782 1874 4836 hoc
1903 4791 1987 4837 est
2009 4782 2073 4836 ad
2102 4782 2373 4838 hominem

807 4885 948 4928 tanta
978 4875 1236 4943 probitate
1283 4889 1346 4927 ac
1376 4888 1583 4927 morum
1627 4871 1876 4927 facilitate
1916 4872 2230 4941 praeditum,
2275 4889 2373 4926 nc-

806 4968 1007 5037 strique
1029 4981 1212 5019 amore
1248 4965 1557 5036 flagrantem
1592 5009 1606 5028 ,
1638 4974 1886 5034 tantaque
1927 4979 2046 5019 cum
2089 4965 2376 5034 cupiditate

805 5057 1053 5126 epistolas
1078 5068 1286 5112 nostras
1311 5057 1654 5125 accipientem
1676 5098 1691 5120 ,
1735 5056 2034 5110 sexcenties
2071 5059 2374 5126 SCI'lpSlSsc-

809 5165 944 5204 mus.
974 5151 1234 5219 Quoniam
1262 5160 1438 5203 autem
1467 5149 1517 5201 id
1545 5148 1762 5203 tniniute
1803 5148 1922 5204 licet
1942 5189 1957 5211 ,
1992 5149 2086 5202 abs
2112 5159 2162 5202 te
2193 5157 2374 5218 postu-

811 5244 1020 5302 lamus.
1064 5257 1132 5296 ne
1165 5241 1440 5296 caritatem
1483 5249 1718 5295 nostram
1768 5241 2110 5316 epistularum
2157 5257 2378 5296 numero

811 5334 1094 5388 metiaris:
1138 5347 1319 5386 verum
1365 5331 1479 5385 sive
1522 5340 1790 5386 taceamus
1817 5375 1830 5396 ,
1882 5317 2373 5398 sive-scribamus,

810 5421 951 5491 quod
976 5421 1044 5476 de
1072 5436 1132 5476 ea
1162 5421 1303 5490 prius
1331 5419 1566 5475 habebas
1589 5461 1604 5487 ,
1636 5420 1774 5476 idem
1802 5420 2378 5491 eoustauterjudicium

817 5516 1044 5572 retineas
1074 5532 1086 5567 :
1122 5513 1249 5568 illud
1279 5525 1451 5568 tecum
1484 5521 1733 5583 reputans
1755 5557 1770 5580 ,
1804 5513 2058 5584 longioris
2103 5515 2268 5569 nostri
2310 5517 2381 5569 si-

877 5663 888 5691 ‘
925 5661 1065 5732 savii.
1089 5661 1227 5711 sicin
1251 5662 1661 5732 textilium..."
1699 5675 1776 5710 res
1807 5668 1914 5712 tua:
1953 5663 2088 5732 nobis
2126 5679 2216 5712 non
2251 5677 2384 5713 cura:

811 5735 930 5785 ossi.
957 5725 1092 5772 τᾶν...
1118 5725 1374 5785 acroteria.
1403 5730 1448 5770 tu
1468 5725 1684 5785 margine
1717 5733 1877 5771 autem
1901 5727 2106 5779 um'ieit,
2134 5739 2224 5774 non
2246 5739 2385 5776 ncce-

813 5784 956 5894 p'ruris,
983 5796 1086 5849 pro.
1110 5783 1351 5847 acceperis
1371 5798 1386 5844 ,'
1412 5795 1456 5832 et
1483 5786 1551 5834 sic
1573 5783 1630 5834 ad
1663 5799 1857 5834 sensum
1883 5797 2048 5836 textus
2074 5791 2220 5837 uosttl
2245 5802 2383 5840 auce-

1556 408 1614 466 8.
1645 407 1923 465 ιυΑΝΝιδ
1959 404 2428 463 αιιιιιςυκιυιιι
2471 406 2782 462 ΜὶιῖΙΙΙΙυζΡ.
2824 404 3352 462 flleSTANTleW.

3934 405 4041 458 ‘i‘Jb

2458 518 2602 570 lentii
2644 535 2856 570 causam
2885 560 2898 580 ,
2945 534 3047 570 non
3086 519 3384 587 pigritiam,
3414 518 3507 572 sed
3548 518 3650 571 loci
3696 518 4038 572 Solitudine-

2453 624 2590 661 esse.

2583 699 2741 754 CXL.
2780 700 3034 754 Theodoto
3062 701 3292 754 diacono.
3329 701 3561 763 (Cucuso
3582 714 3728 754 anno
3755 699 3909 768 605.)

2527 791 2642 845 Non
2675 808 2890 858 parvum
2923 795 2972 844 itt
3004 803 3143 845 tanta
3165 793 3449 846 solitudine
3473 791 3727 846 solatium
3757 793 3914 844 nobis
3942 791 4036 844 huc

2457 895 2592 942 erat.
2622 885 2760 950 quod
2789 885 2853 937 ad
2877 898 3018 938 tnatu
3047 887 3360 939 suavitatem
3389 899 3532 953 sarpe
3560 885 3800 939 scribere
3828 896 4038 952 patera-

2459 991 2575 1027 ntus
2609 992 2623 1027 :
2660 974 2841 1028 verum
2875 977 3100 1028 lsanriea
3130 977 3264 1028 mala
3298 973 3399 1029 huc
3427 989 3641 1044 quoque
3671 975 3825 1028 nobis
3851 975 4035 1028 abxtu-

2462 1064 2655 1118 lerunt.
2704 1067 2899 1140 Exorto
2923 1069 3066 1120 euint
3095 1082 3217 1119 vere
3240 1108 3256 1130 ,
3295 1065 3504 1118 illorum
3547 1081 3764 1134 quoque
3810 1065 4040 1134 impetus

2461 1159 2651 1209 florere
2692 1161 2894 1222 erepit,
2941 1173 3003 1211 ac
3034 1173 3128 1224 per
3155 1171 3343 1210 omnes
3384 1158 3496 1209 vias
3539 1157 3695 1209 equsi
3739 1166 3858 1209 sunt
3889 1197 3905 1217 .
3947 1174 4037 1210 cas

2457 1248 2704 1300 omnibus
2731 1265 2946 1313 prorsus
2974 1249 3144 1302 invias
3173 1247 3475 1303 reddentcs.
3503 1246 3643 1301 Sane
3668 1247 3780 1314 jam
3809 1255 3862 1300 et
3891 1245 4038 1314 inge-

2461 1356 2579 1390 mur
2619 1350 2874 1393 matrona:
2901 1349 3070 1407 capta
3093 1347 3216 1393 sunt
3234 1380 3250 1402 ,
3277 1347 3333 1393 et
3359 1340 3455 1392 viri
3502 1338 3822 1392 obtruncati.
3860 1338 4036 1406 Quare

2462 1430 2616 1481 velint
2645 1431 2775 1483 tttilti
2803 1445 3078 1496 agnoscas,
3110 1429 3250 1498 quod
3281 1443 3386 1482 non
3417 1428 3727 1498 frrquentcr
3746 1430 3811 1482 ad
3839 1441 3894 1484 te
3915 1444 4035 1482 scrt-

2464 1523 2679 1584 pserim.
2715 1521 2974 1587 Quoniam
3004 1531 3181 1573 autem
3220 1535 3325 1573 non
3351 1519 3535 1572 dubito
3561 1519 3689 1588 quin
3719 1518 3788 1572 de
3829 1521 4031 1573 vaietuo

2461 1610 2585 1664 dine.
2611 1624 2788 1665 nostra
2816 1614 3012 1666 certior
3049 1611 3162 1665 fieri
3195 1611 3380 1681 cupias
3405 1652 3420 1674 ,
3457 1611 3595 1664 scito
3638 1625 3736 1663 nos
3773 1611 4032 1678 superiori

2463 1705 2639 1758 hieme
2677 1706 2973 1772 graviorem
2997 1705 3052 1762 in
3081 1703 3295 1757 modum
3325 1711 3634 1772 a~grotasse,
3678 1716 3820 1754 nunc
3861 1711 4032 1754 autem

2463 1797 2676 1859 paulum
2707 1805 2981 1849 recreatos
3003 1809 3144 1850 esse.
3174 1794 3474 1862 Quinetiam
3504 1793 3646 1846 aeris
3687 1793 4031 1846 incomtantia

2461 1899 2648 1938 rursus
2693 1887 2983 1951 perturbati
3017 1885 3180 1955 (nam
3223 1898 3362 1938 nunc
3390 1899 3601 1953 quoque
3645 1883 3817 1938 hiems
3843 1883 3933 1938 hic
3960 1886 4033 1932 ti-

2461 1979 2582 2044 get)
2603 2017 2615 2034 .
2645 1987 2820 2030 tamen
2848 1992 3125 2043 speramus
3154 1975 3269 2031 fore
3290 2018 3306 2037 ,
3335 1985 3390 2030 ut
3419 1977 3727 2029 cnm'zstas
3768 1975 3923 2045 plane
3951 1976 4030 2027 ef-

2462 2070 2686 2134 fulserit,
2709 2071 2876 2124 morbi
2908 2070 3158 2140 reliquias
3180 2069 3527 2138 deponamus.
3555 2067 3736 2137 Neque
3756 2070 3901 2120 enim
3918 2083 4036 2121 cor-

2463 2179 2561 2232 pus
2592 2173 2828 2217 nostrum
2858 2164 2960 2216 ulla
2993 2178 3050 2216 re
3079 2177 3229 2232 :eque
3271 2159 3616 2232 labefactatur
3636 2199 3653 2223 ,
3705 2170 3759 2212 ιιι
3804 2157 3994 2225 frigore
4019 2177 4032 2220 ;

2464 2272 2560 2308 nec.
2594 2272 2776 2308 tut-sus
2805 2256 2903 2308 ulla
2933 2271 2989 2310 rc
3009 2269 3159 2324 aeque
3179 2254 3417 2324 juvatur,
3449 2262 3503 2304 ιιι
3529 2261 3734 2312 :cstate,
3771 2260 3818 2302 et
3848 2251 4036 2304 cal-uris

2464 2350 2670 2401 solatio.

2501 2480 2588 2535 (ΣΧ
2597 2482 2666 2534 ιι
2682 2525 2689 2533 .
2716 2482 2975 2536 Theodoto
2995 2499 3056 2535 ex
3081 2482 3444 2536 (Ollallerlblﬂ.
3477 2485 3657 2551 (.tnuo
3688 2485 3822 2537 forte
3848 2483 3998 2550 ιιιιι.)

2537 2618 2696 2671 Multa
2726 2618 2820 2672 tibi
2854 2619 2987 2671 bona
3013 2618 3280 2684 eveniant,
3303 2619 3392 2687 qui
3420 2627 3525 2672 tam
3557 2619 3848 2674 honorifice
3879 2621 4038 2674 lilium

2464 2711 2757 2777 cxcepcris.
2789 2709 2843 2764 Id
2869 2709 3010 2762 enim
3041 2711 3152 2777 ipse
3175 2709 3330 2762 nobis
3363 2710 3639 2778 exposuit,
3671 2725 3770 2764 nee
3800 2714 4034 2764 occulta-

2472 2803 2564 2864 vit,
2600 2812 2708 2853 tum
2736 2816 2888 2854 suum
2919 2815 3040 2869 erga
3072 2808 3270 2868 patrem
3300 2800 3545 2854 allectum
3576 2800 3868 2856 ostendens
3888 2845 3904 2866 ,
3937 2812 4038 2856 tum

2472 2909 2569 2947 nos
2599 2894 2796 2962 ingenti
2829 2892 3006 2946 laetitia
3031 2892 3325 2946 cumulans.
3355 2890 3626 2962 Siquidem
3655 2894 3754 2948 hac
3781 2895 3831 2948 in
3859 2909 3922 2949 re
3946 2894 4040 2948 du-

2468 2986 2588 3055 plici
2620 3001 2716 3039 nos
2744 2986 2944 3040 honore
2967 2984 3107 3038 allici
3141 3000 3420 3038 censemus
3438 3027 3452 3046 ,
3482 2993 3592 3039 tnnt
3616 2987 3762 3055 quia,
3791 2987 4040 3058 quidquid

2468 3077 2555 3131 ille
2584 3076 2822 3132 beneficii
2853 3078 3121 3146 acceperit
3144 3119 3158 3140 ,
3207 3077 3345 3131 idem
3397 3078 3552 3131 nobis
3593 3079 3894 3148 impensum
3927 3081 4044 3134 feri.

2468 3182 2607 3230 mus,
2631 3176 2741 3220 tum
2763 3167 2920 3221 etiam
2945 3168 3069 3237 quia
3095 3185 3124 3219 a
3151 3167 3320 3220 literis
3344 3168 3540 3220 nostris
3562 3167 3867 3236 huiusmodi
3889 3169 4043 3224 bem-

2468 3259 2716 3315 volentize
2761 3260 3146 3314 incrementum
3188 3260 3456 3330 accepisse
3485 3260 3726 3328 contigit.
3771 3260 3850 3315 Tu
3881 3277 4038 3324 vero.

2467 3351 2684 3406 domine
2727 3350 2798 3405 mi
2847 3351 3165 3422 conprimis
3234 3350 3534 3405 venerande
3571 3365 3634 3405 ac
3677 3351 4041 3415 nobilissime.

2471 3443 2746 3511 pulchram
2766 3439 2907 3498 hanc
2931 3442 3149 3512 stirpem
3176 3441 3353 3496 colere
3383 3457 3562 3511 perge.
3591 3441 3848 3509 Quanam
3872 3453 4041 3498 autem

2473 3535 2636 3601 ipsius
2675 3532 2911 3588 colenda:
2945 3534 3083 3588 ratio
3124 3531 3267 3587 erit?
3308 3532 3563 3586 Nimirum
3595 3533 3638 3586 si
3680 3533 4044 3602 pulcherrima

2473 3626 2689 3695 hujusce
2717 3625 3100 3696 philosopbim,
3132 3640 3289 3694 quam
3332 3640 3473 3678 nunc.
3505 3634 3846 3680 consectatur
3872 3668 3888 3691 ,
3939 3638 4044 3680 stu-

2469 3719 2615 3774 dittm
2643 3731 2802 3789 atque.
2828 3735 3064 3774 antorem
3092 3727 3344 3789 perpetuo
3375 3719 3424 3772 itt
3458 3721 3572 3789 ἰρδο
3591 3721 3705 3774 alas
3724 3733 3776 3775 et
3804 3733 4008 3793 vegetes
4033 3743 4042 3776 τ

2471 3809 2547 3864 sic
2577 3810 2715 3861 enirn
2755 3811 2956 3863 celeres
2985 3809 3184 3862 fruetus
3221 3809 3371 3863 nobis
3403 3808 3553 3864 feret.
3582 3810 3858 3880 Siquidem
3891 3829 4041 3880 genr-

2474 3902 2582 3955 rosi
2608 3903 2794 3965 animi,
2824 3903 3068 3972 stirpium
3103 3905 3311 3965 harum,
3341 3918 3458 3971 qum
3489 3913 3643 3958 terra!
3669 3908 3878 3974 gremio
3906 3923 4045 3960 utau-

2474 3993 2686 4056 dnntur,
2715 3993 3013 4047 tarditatem
3060 4008 3164 4048 non
3207 3993 3402 4048 imitari
3430 3995 3603 4049 solent
3632 4014 3646 4048 :
3679 4012 3866 4049 verum
3899 3998 4044 4051 simul

2474 4094 2630 4154 atque
2658 4085 2708 4139 in
2736 4085 3134 4155 prmclarissima
3169 4086 3328 4154 hujus
3357 4086 3565 4139 virtutis
3591 4088 3885 4155 cupiditate
3933 4106 4049 4143 con-

2474 4185 2742 4241 seruntur,
2766 4177 2830 4231 ad
2854 4178 3025 4247 ipsum
3055 4193 3265 4247 quoque
3289 4177 3476 4231 ca-lnm
3497 4178 3822 4243 evehuntur,
3851 4189 4046 4233 tantus-

2475 4288 2578 4342 que
2623 4271 2820 4325 fructus
2884 4269 3068 4333 edunt,
3117 4277 3176 4322 ttt
3217 4278 3271 4322 et
3317 4270 3466 4338 c0pia
3515 4281 3567 4322 et
3612 4278 3804 4325 natura
3850 4271 4049 4326 divitias

2474 4379 2660 4417 omnes
2689 4370 2962 4432 superent.
2994 4359 3173 4430 Neque
3195 4362 3339 4414 enim
3373 4375 3473 4413 una
3520 4375 3640 4415 cum
3672 4365 3927 4430 prmsenti
3957 4365 4048 4415 vita

2475 4456 2882 4521 exstinguuntur
2908 4494 2924 4519 ,
2967 4467 3149 4507 verum
3177 4451 3244 4505 ad
3293 4449 3525 4505 futurum
3567 4467 3738 4506 :cvum
3783 4454 4049 4508 uobiscum

2477 4549 2764 4599 excedunt.

2514 4633 2738 4689 CXLII.
2790 4634 2992 4703 Elpidio
3019 4636 3273 4704 episcopo.
3316 4635 3587 4706 (Anno,ut
3617 4644 3847 4702 putatur.
3864 4637 4017 4703 ωδ.)

2551 4727 2748 4797 Lingua
2783 4726 2993 4796 quidem
3027 4742 3146 4778 raro
3166 4767 3182 4791 ,
3212 4726 3391 4778 animo
3414 4734 3590 4778 autem
3621 4724 3688 4780 ad
3731 4734 3785 4778 te.
3828 4742 4052 4795 [wrsaspe

2479 4820 2806 4887 scripsimus,
2833 4817 3170 4887 quotidieque
3199 4827 3369 4869 locum
3393 4831 3689 4869 venamur.
3723 4817 3903 4886 Atque
3930 4819 4051 4870 hunc

2479 4927 2820 4982 congressum
2852 4910 3002 4979 nobis
3034 4924 3129 4961 nec
3168 4908 3420 4977 temporis
3449 4907 3768 4961 diuturnitas
3788 4951 3804 4973 ,
3849 4924 3951 4964 nec
3978 4910 4051 4962 ἰιιο

2483 5006 2625 5056 ueris
2657 5001 3008 5071 longinquitas
3031 5043 3043 5058 .
3078 5015 3173 5054 nee
3203 5015 3376 5052 rerum
3409 4998 3703 5052 adversitas
3727 4999 3942 5066 eripere
3970 5014 4052 5068 pu-

2484 5105 2602 5150 test.
2636 5095 2765 5148 Nam
2807 5109 2868 5146 ea
2897 5094 3131 5146 caritatis
3163 5102 3346 5145 natura
3375 5102 3489 5153 est,
3520 5103 3572 5145 ut
3607 5091 3734 5145 nulli
3769 5091 4053 5161 hujusmntlt

2485 5191 2558 5243 rei
2607 5188 2782 5252 cedat,
2833 5202 3014 5240 verum
3063 5195 3202 5243 stet.
3251 5183 3536 5253 omniaque
3586 5193 3822 5252 superet,
3871 5182 4055 5252 Quam.

2485 5285 2667 5339 obrem
2686 5324 2700 5345 ,
2734 5279 3177 5335 reverendissime
3204 5279 3268 5331 ac
3297 5277 3700 5347 religiosissime
3730 5276 3806 5330 mi
3831 5275 4056 5333 domine.

2487 5375 2593 5432 noli
2622 5372 2963 5443 epistolarum
2994 5386 3216 5424 numero
3245 5384 3420 5422 meum
3446 5383 3568 5437 erga
3601 5377 3652 5421 te
3681 5381 3922 5422 amorem
3951 5382 4054 5437 poo-

2487 5470 2676 5522 derare
2703 5483 2717 5518 :
2751 5480 2954 5526 verum,
2981 5478 3102 5516 cttm
3133 5461 3224 5516 tibi
3250 5461 3460 5514 animus
3486 5473 3638 5514 meus
3661 5473 3725 5512 ac
3753 5458 3938 5514 benev.
3961 5458 4053 5512 leu-

2490 5560 2558 5613 tia
2581 5601 2595 5623 ,
2621 5571 2778 5628 quam
2805 5553 2985 5624 pietati
3014 5563 3118 5608 tua:
3146 5566 3357 5621 semper
3386 5550 3603 5620 pratiti
3625 5592 3641 5616 ,
3671 5548 3769 5604 tibi
3794 5561 4053 5619 comperta

2490 5652 2577 5716 sit,
2611 5649 2739 5705 nihil
2785 5648 2854 5701 ob
2877 5647 3180 5700 diuturnunt
3226 5645 3492 5699 silentium
3529 5643 3730 5697 sinistri
3761 5644 4057 5714 suspiceris.

2491 5740 2929 5810 Quandoquidem
2961 5755 3029 5794 ne
3071 5753 3169 5793 nos
3211 5737 3460 5808 quidem.
3508 5739 3608 5794 etsi
3655 5739 3840 5794 literas
3888 5740 3983 5794 aha
4020 5749 4057 5792 ιο

2498 5849 2619 5890 raro
2648 5844 3028 5900 acceperimus,
3077 5838 3356 5908 propterea
3385 5830 3691 5901 segniorem
3737 5841 3794 5886 te
3823 5847 3943 5905 erga
3977 5845 4058 5886 nu
