4152 6496
162 429 270 484 697

159 540 436 598 redditum
479 538 642 598 fuisse
668 539 1038 596 existimamus
1069 553 1084 592 :
1110 548 1297 590 verum
1329 532 1458 587 illud
1490 545 1586 602 pro
1609 539 1757 585 certo

165 631 454 696 habemus,
503 633 761 702 nobisque
800 628 1184 701 persuademus
1206 668 1222 692 ,
1251 635 1303 680 te
1329 623 1755 679 benevolentiam

159 739 286 778 eam
310 766 324 791 ,
360 738 466 795 qua
493 738 590 778 nos
621 725 877 779 hactenus
905 723 1216 790 complexus
1239 732 1297 772 cs
1322 716 1603 771 florentem
1631 714 1760 768 reti-

161 832 301 872 nere
319 858 335 884 ,
363 828 524 888 alque
558 817 628 872 ob
653 817 985 872 calamitates
1008 854 1024 879 ,
1055 827 1173 882 qua:
1200 810 1353 865 nobis
1377 808 1590 864 assidue
1620 804 1757 862 infe-

163 917 362 963 runtur
381 949 397 973 ,
427 924 534 963 non
565 907 724 963 modo
749 920 854 961 non
881 890 1245 966 constérnari,
1277 899 1372 955 sed
1401 899 1562 954 etiam
1592 897 1753 951 vehe-

165 998 438 1054 mentiore
465 1012 589 1069 erga
620 1011 718 1051 nos
762 1009 947 1050 amore
989 992 1170 1047 affici:
1207 991 1326 1046 ideo
1367 990 1632 1060 ingentem
1666 987 1757 1042 tibi

166 1087 400 1157 gratiam
429 1087 707 1141 habemus.
740 1085 874 1152 Quia
912 1092 1090 1139 autem
1119 1080 1285 1152 probe
1313 1080 1426 1134 scio
1457 1090 1509 1134 te
1546 1091 1760 1148 quoque

164 1177 236 1234 de
284 1179 448 1233 rebus
484 1177 682 1232 nostris
709 1176 994 1232 certiorem
1036 1173 1151 1228 ﬁeri
1199 1187 1435 1243 cupere,
1477 1167 1757 1225 commoda

163 1268 474 1324 valetudine
502 1283 687 1323 sumus
706 1307 723 1334 ,
756 1266 1061 1338 ingentique
1087 1265 1197 1318 otio
1224 1272 1279 1318 et
1301 1261 1482 1333 quiete
1512 1260 1755 1326 fruimur,

163 1371 329 1430 atque
373 1361 426 1413 in
462 1361 748 1415 securitate
785 1357 1058 1426 (legimus,
1105 1354 1350 1410 lsauricis
1379 1352 1629 1407 nimirum
1671 1359 1757 1404 tu-

161 1449 429 1505 multibus
477 1449 706 1504 liberati.
753 1446 886 1502 Nam
925 1444 1066 1516 quod
1107 1445 1174 1500 ad
1215 1444 1483 1499 Armeniae
1527 1441 1756 1496 hiemem

163 1539 380 1603 attinet,
413 1553 533 1594 eam
576 1538 686 1608 jam
718 1551 816 1591 usu
863 1537 980 1606 ipso
1015 1534 1155 1591 ferre
1197 1533 1378 1589 didici.
1424 1533 1756 1600 Quamquam

165 1632 309 1686 enim
343 1630 542 1702 frigore
569 1646 674 1686 non
719 1629 851 1684 nihil
892 1627 1167 1695 offendor,
1197 1636 1256 1683 ut
1294 1627 1433 1682 solet
1462 1627 1505 1681 is
1531 1624 1624 1696 qui
1650 1634 1756 1679 tam

161 1721 422 1776 imbecilli
468 1735 694 1792 corpore
740 1718 993 1790 praeditus
1025 1718 1095 1772 sit
1123 1735 1137 1772 :
1169 1716 1415 1788 superior
1442 1725 1619 1771 tamen
1659 1730 1756 1770 ex-

162 1811 320 1878 sisto,
371 1811 499 1866 dum
537 1810 684 1866 domi
729 1825 817 1866 me
867 1817 1159 1880 perpetuo,
1209 1823 1332 1863 cum
1375 1807 1542 1877 frigus
1585 1807 1756 1873 saevit,

163 1903 404 1966 iucludo,
429 1919 661 1974 raroque
687 1917 719 1960 e
747 1903 932 1958 limine
957 1901 1146 1973 pedem
1167 1900 1353 1956 ell'ero.
1381 1899 1515 1955 Nam
1536 1909 1759 1955 crateras

159 1996 381 2066 quidem
410 1995 536 2051 anni
579 2006 758 2066 partes
799 1995 871 2049 ita
908 1993 1176 2064 iucundas
1218 2007 1282 2048 ac
1322 2007 1515 2048 suaves
1559 1993 1754 2057 sentio,

158 2097 222 2140 ut
249 2101 376 2142 eum
409 2087 568 2143 etiam
614 2086 879 2150 morbum,
913 2099 1072 2156 quem
1118 2100 1186 2140 ex
1233 2084 1423 2139 hiemis
1469 2085 1757 2154 asperitate

159 2177 430 2243 contraxi,
460 2177 712 2247 perfacile
743 2177 1014 2247 depellere
1039 2191 1252 2248 queam.

379 2267 639 2326 CXLIII.
674 2268 910 2340 Polybio.
946 2268 1190 2342 (Cucuso
1211 2283 1354 2325 anno
1379 2269 1543 2340 401.)

233 2357 400 2415 Urbis
435 2359 649 2430 quidem
693 2359 834 2426 solo,
879 2375 944 2416 ac
969 2360 1138 2414 muris
1177 2368 1232 2414 et
1270 2359 1561 2429 parietibus
1600 2359 1755 2430 ejecti

160 2465 397 2505 sumus:
428 2466 614 2506 verum
658 2466 724 2506 ex
775 2451 928 2518 urbe,
975 2466 1093 2521 qua:
1135 2452 1350 2520 proprie
1393 2451 1496 2506 hoc
1540 2453 1756 2507 nomine

159 2541 391 2612 gaudet,
422 2543 640 2599 minime
666 2543 1034 2615 migravimus.
1079 2543 1212 2597 Nam
1243 2543 1288 2598 si
1319 2557 1417 2598 vos
1448 2544 1576 2598 urbs
1603 2545 1752 2609 estis,

158 2650 296 2690 sane
320 2650 441 2690 cum
472 2638 750 2693 vobiscum
794 2646 954 2707 atque
999 2637 1051 2691 in
1082 2636 1233 2692 vobis
1260 2645 1519 2706 perpetuo
1563 2635 1751 2702 simus,

158 2728 292 2782 illud
337 2729 676 2798 perspicuth
723 2737 846 2796 est,
894 2743 991 2784 nos
1020 2729 1178 2783 etiam
1209 2727 1294 2782 hic
1334 2737 1750 2796 commorantes,

159 2819 354 2874 urbem
404 2819 548 2874 illam
592 2820 854 2875 habitare.
901 2819 1086 2890 Neque
1128 2819 1271 2874 enim
1317 2819 1502 2874 dubito
1529 2820 1656 2890 quin
1699 2820 1750 2874 in

159 2909 356 2963 animis
400 2911 587 2966 vestris
632 2911 933 2967 habitemus
976 2929 990 2964 :
1030 2925 1094 2967 ac
1134 2911 1366 2966 vicissim
1415 2926 1753 2982 quocumque

155 2999 486 3065 abierimus,
533 3015 631 3056 vos
673 3015 903 3068 omnes,
948 3002 1040 3072 qui
1068 3003 1235 3058 nostri
1263 3016 1449 3057 amore
1490 3001 1749 3072 ﬂagratis,

155 3091 342 3144 animo
367 3091 808 3147 circumferimus.
853 3091 967 3147 lloc
1003 3107 1162 3162 porro
1190 3106 1288 3147 nos
1313 3107 1414 3147 nec
1444 3091 1601 3162 hujus
1646 3093 1749 3148 loci

157 3179 506 3237 solitudinem
533 3183 656 3250 (est
684 3192 862 3237 autem
890 3183 1050 3238 totius
1083 3182 1229 3238 orbis
1258 3191 1418 3238 terra:
1441 3182 1750 3239 desertissi-

156 3273 326 3342 mus),
373 3289 473 3329 nec
500 3274 809 3344 prtedouum
837 3275 1171 3330 obsidionem
1203 3277 1362 3347 (nam
1391 3277 1626 3347 quotidie
1653 3278 1749 3333 ob-

156 3362 413 3435 sidetur),
448 3380 548 3420 nec
570 3363 800 3435 denique
827 3364 1042 3430 famem,
1069 3379 1188 3436 quae
1211 3366 1334 3422 hinc
1359 3379 1536 3422 ortum
1565 3367 1745 3435 trahit,

156 3453 466 3522 perspicere
490 3453 654 3509 sinit:
681 3453 1114 3524 quandoquidem
1155 3470 1350 3527 corpus
1391 3457 1477 3514 hic
1515 3459 1746 3515 defixum

153 3551 272 3605 est,
320 3543 497 3598 anima
538 3559 668 3600 vero
711 3545 850 3613 apud
891 3562 988 3601 vos
1031 3547 1234 3602 versari
1277 3562 1384 3603 non
1423 3549 1639 3605 desinit.
1678 3551 1747 3605 At

154 3635 413 3704 quoniam
443 3635 528 3700 lis,
573 3637 662 3706 qui
714 3637 816 3692 hoc
842 3638 1027 3693 animo
1068 3639 1274 3709 praediti
1317 3650 1460 3706 sunt,
1502 3643 1746 3713 corporis

154 3740 371 3796 quoque
410 3730 697 3798 praesentia
722 3745 1048 3802 magnopere
1075 3745 1199 3786 cara
1235 3739 1289 3787 et
1317 3735 1613 3804 expetenda
1639 3746 1742 3802 est,

153 3831 464 3890 maerorque
488 3821 662 3888 adest,
689 3838 812 3878 cum
837 3839 898 3880 ea
943 3834 1184 3895 negatur,
1230 3825 1281 3881 id
1323 3841 1484 3897 porro
1524 3829 1745 3886 minime

155 3907 275 3964 neri
317 3919 514 3980 potest,
539 3911 667 3968 huic
689 3915 765 3969 rei
793 3916 1082 3970 maximum
1107 3916 1406 3972 remedium
1433 3918 1588 3974 all'ert
1615 3936 1745 3977 con-

153 4016 376 4072 gressus
416 4004 528 4072 ille,
570 4006 661 4077 qui
703 4007 908 4062 mutuis
949 4007 1190 4078 epistolis
1229 4020 1608 4082 comparatur:
1637 4029 1744 4085 quo

153 4094 199 4148 si
243 4095 400 4150 nubis
440 4111 539 4166 per
560 4113 658 4152 vos
680 4099 899 4168 copiose
936 4098 1038 4155 frui
1071 4101 1362 4172 contingat,
1407 4102 1507 4159 hac
1531 4120 1743 4176 quoque

153 4185 409 4241 hestitia
439 4187 692 4243 liberatos
735 4204 834 4245 nos
872 4190 1187 4246 sentiemus.
1230 4192 1391 4248 Potes
1418 4196 1560 4250 enim
1602 4197 1738 4268 ipse,

149 4276 371 4334 domine
411 4279 484 4335 mi
521 4279 837 4350 cumprimis
886 4282 1231 4352 admirande,
1260 4288 1561 4355 prmsentia:
1590 4290 1741 4345 volu—

151 4377 352 4438 ptatum
384 4384 479 4438 per
504 4370 683 4426 literas
705 4372 1044 4430 adumbrare.

367 4461 614 4516 CXLIV.
646 4463 882 4534 Diogeni.
919 4465 1163 4537 (Scripta
1192 4483 1334 4524 anno
1362 4470 1526 4542 404-.)

224 4552 480 4608 Desertus
507 4554 721 4625 quidem
765 4557 914 4612 locus
941 4567 1025 4613 est
1061 4557 1332 4629 Cucusus,
1364 4571 1418 4618 et
1444 4563 1641 4636 alioqui
1670 4566 1737 4622 ad

145 4640 497 4699 habitandum
540 4647 869 4716 periculosus
892 4690 908 4714 ,
940 4658 997 4704 ut
1036 4651 1125 4720 qui
1165 4662 1423 4722 perpetuo
1467 4655 1733 4713 latronum

147 4743 296 4789 metu
323 4733 548 4793 infestus
569 4739 640 4794 sit
671 4756 684 4792 :
717 4749 772 4794 tu
802 4753 954 4806 vero,
981 4741 1142 4797 etiam
1171 4743 1365 4801 absens
1383 4787 1398 4813 ,
1430 4761 1553 4804 eum
1582 4751 1737 4807 nobis

146 4823 200 4878 in
233 4824 656 4882 ammnissimum
702 4829 877 4885 locum
920 4833 1282 4892 oommutasti.
1326 4835 1461 4893 Nam
1489 4853 1608 4895 cum
1650 4843 1735 4896 in-

139 4927 362 4988 gentem
389 4928 534 4975 tuum
560 4923 731 4978 selum
754 4965 769 4987 ,
793 4925 1161 4998 sinceramque
1197 4943 1260 4984 ac
1284 4927 1579 4988 ferventem
1608 4949 1733 5006 erga

142 5022 246 5064 nos
287 5009 562 5067 caritatem
605 5014 850 5068 audimus
879 5015 1053 5085 (nihil
1093 5019 1236 5074 enim
1276 5021 1463 5090 nobis,
1491 5027 1732 5094 quamvis

142 5111 255 5155 tam
289 5099 447 5172 longe
487 5103 722 5173 dissitis,
751 5108 1076 5178 incognitum
1116 5112 1233 5174 est)
1257 5155 1274 5182 ,
1305 5113 1728 5174 benevolentiam

139 5201 324 5258 tuam,
371 5203 636 5266 tamquam
681 5200 992 5269 amplissimi
1037 5203 1314 5272 cujusdam
1357 5208 1633 5277 thesauri,
1667 5227 1730 5268 ac

138 5285 576 5344 inenarrabilium
605 5289 906 5346 divitiarum
949 5293 1115 5349 instar
1142 5295 1428 5366 habentes,
1461 5302 1532 5357 ita
1555 5304 1727 5361 affici-

139 5391 286 5437 mur.
311 5386 366 5431 ut
389 5378 542 5434 nobis
567 5381 664 5450 ipsi
689 5383 739 5436 in
771 5384 1029 5440 tutissima
1058 5387 1188 5444 urbe
1207 5393 1405 5446 versari
1431 5393 1724 5467 videamur,

137 5473 287 5520 tanta
316 5466 562 5524 videlicet
583 5470 763 5527 latitia
795 5476 980 5541 erecti,
1011 5479 1407 5552 maximumque
1435 5485 1558 5542 hinc
1580 5466 1725 5544 solaé

135 5555 272 5610 tium
303 5557 596 5626 capientes.
628 5561 742 5630 Quo
772 5564 932 5634 igitur
968 5567 1107 5625 alter
1133 5571 1350 5643 insuper
1390 5575 1545 5632 nobis
1570 5580 1722 5635 volu-

132 5646 299 5716 ptatis
343 5651 590 5706 cumulus
640 5655 893 5722 accedat,
951 5659 1107 5714 velim
1160 5661 1327 5718 literis
1369 5681 1579 5738 quoque
1627 5686 1725 5728 nos

132 5749 370 5804 recrees,
396 5739 590 5809 quibus
609 5741 675 5798 de
700 5753 786 5799 tua
807 5746 1106 5806 valetudine
1125 5754 1384 5811 certiores
1403 5757 1719 5819 efficiamur.

130 5826 264 5888 Nam
291 5832 393 5890 etsi
423 5831 642 5889 difficile
682 5835 820 5894 istud
850 5850 965 5907 est,
1000 5851 1109 5898 tum
1138 5845 1208 5902 ob
1234 5848 1332 5905 via:
1360 5849 1721 5923 longinquita-

471 5940 741 6004 Panos.
788 5945 903 6006 Gn.
952 5949 1078 6009 Lll.

1621 416 2003 477 ειηετοωῖ.

3370 405 3471 469 019,

1872 541 2002 598 tem,
2034 537 2144 585 tum
2171 530 2316 600 quod
2350 529 2437 585 hic
2467 529 2618 584 locus
2645 543 2675 582 a
2706 527 2920 598 publica
2948 526 3034 582 via
3058 525 3211 582 valde
3235 535 3474 581 semotus

1867 621 1958 685 sit,
1991 629 2169 674 tamen
2216 619 2421 674 homini
2453 621 2524 674 ita
2566 619 2789 684 amanti,
2834 627 2891 673 ut
2927 618 3042 688 ipse
3081 631 3265 672 amare
3308 616 3474 681 nosti,

1867 712 2028 765 etiam
2059 725 2178 780 qua:
2207 709 2374 765 ardua
2417 718 2543 765 sunt
2582 709 2758 764 facilia
2798 709 3116 764 redduntur.
3148 708 3283 764 Cum
3314 707 3475 779 igitur

1867 799 2284 866 animadvertas,
2309 811 2561 871 quantam
2588 801 2893 871 bujusmodi
2921 801 3193 855 literarum
3222 799 3472 870 frequen-

1868 894 1936 950 tia
1967 895 2194 965 gratiam
2220 909 2250 949 a
2280 893 2434 950 nobis
2457 893 2686 949 initurus
2707 895 2803 962 sis,
2829 893 2966 949 hanc
2992 907 3205 963 quoque
3232 892 3471 946 laetitiam

1866 986 2022 1041 nobis
2063 985 2242 1055 praebe
2271 1003 2284 1038 :
2315 983 2579 1055 siquidem
2611 983 2744 1039 illud
2783 983 3011 1039 moleste
3041 981 3296 1050 ferimus,
3329 981 3470 1052 quml

1865 1093 1987 1133 cum
2014 1079 2210 1134 iterum
2234 1078 2344 1148 jam
2373 1077 2441 1133 ad
2477 1086 2530 1133 te
2554 1077 2965 1148 scripserimus,
2999 1087 3178 1132 tamen
3204 1091 3272 1131 ne
3302 1074 3472 1131 semel

1865 1171 2082 1242 quidem
2111 1171 2293 1227 literas
2320 1185 2351 1224 a
2382 1179 2434 1226 te
2462 1171 2789 1240 accepimus.

1935 1291 2044 1362 οἵ
2032 1305 2147 1361 LV.
2175 1306 2393 1362 Nicoloo
2428 1306 2739 1378 presbytero.
2796 1305 2814 1377 (
2838 1307 2992 1359 Anno
3018 1302 3233 1360 circiter
3261 1302 3368 1358 405

2522 1419 2604 1474 vel
2637 1418 2795 1490 suo.)

1937 1553 2201 1624 Cuperem
2223 1554 2436 1624 quidem
2468 1555 2584 1625 ipse
2598 1568 2831 1624 quoque,
2861 1562 2914 1608 et
2939 1552 3153 1624 quidem
3171 1550 3465 1606 vehemen-

1866 1654 1946 1700 tcr
1977 1661 2231 1715 cuperem
2289 1656 2340 1700 te
2371 1646 2555 1701 videre
2585 1655 2743 1716 atque
2786 1645 3111 1714 complecti:
3151 1644 3309 1713 idque
3354 1643 3469 1712 ipse

1862 1737 2023 1791 etiam
2055 1745 2181 1792 autc
2231 1747 2440 1792 nostras
2471 1747 2719 1806 acceptas
2747 1737 2928 1791 literas
2959 1736 3180 1791 minimc
3231 1737 3465 1805 ignoras.

1861 1827 1992 1883 Nam
2019 1845 2141 1883 cum
2172 1829 2384 1884 sincero
2413 1831 2594 1884 animo
2624 1843 2806 1886 amare
2857 1830 3006 1884 noris
3031 1872 3045 1893 ,
3104 1843 3199 1884 eos
3246 1839 3460 1898 quoque

1861 1921 1950 1990 qui
1982 1920 2196 1976 sincero
2249 1923 2430 1976 animo
2456 1930 2660 1992 amant,
2708 1935 3004 1993 agnoscere
3051 1921 3214 1976 nosti.
3271 1920 3466 1974 Verum

1863 2012 1985 2082 quia
2011 2013 2061 2066 id
2092 2030 2196 2067 non
2227 2014 2371 2081 licet,
2406 2015 2645 2082 interim,
2679 2015 2821 2086 quod
2854 2015 2996 2079 licet,
3032 2014 3170 2070 facio
3201 2033 3213 2068 :
3239 2012 3419 2068 scribo
3447 2053 3464 2074 ,

1863 2104 2058 2170 saluto,
2111 2105 2314 2172 literas,
2362 2121 2481 2175 qua:
2532 2107 2687 2163 nobis
2742 2107 3063 2162 valetudinis
3114 2117 3216 2160 tua:
3266 2114 3464 2159 statum

1863 2196 2056 2250 crebro
2081 2206 2372 2267 exponant,
2428 2197 2662 2267 postulo.
2714 2197 3078 2266 Quamobrem
3123 2197 3262 2252 hanc
3312 2195 3467 2250 nobis

1858 2289 2082 2356 gratiam
2107 2288 2364 2343 concede.
2389 2288 2523 2344 Nam
2545 2303 2867 2360 quamquam
2905 2289 2972 2343 ad
3020 2303 3138 2343 cam
3184 2301 3297 2342 rem
3343 2288 3466 2340 ho'r-

1861 2389 2031 2436 tatorc
2059 2381 2190 2435 nihil
2218 2381 2443 2452 indiges,
2478 2391 2658 2437 tamen
2687 2381 2756 2437 de
2806 2381 2905 2437 hac
2953 2396 3014 2435 re
3061 2389 3117 2436 te
3138 2380 3464 2435 submonere

1859 2472 2078 2526 minime
2107 2471 2453 2528 desistemus.
2487 2471 2673 2543 Neque
2703 2475 2846 2528 enim
2877 2474 3124 2544 exiguam
3178 2473 3343 2528 animi
3371 2471 3455 2530 le-

1862 2561 2153 2626 vationem,
2180 2572 2343 2631 atque
2372 2573 2484 2617 tum
2517 2562 2847 2629 solitudinis,
2881 2573 2990 2619 tum
3022 2564 3461 2634 quotidianarum

1861 2662 2150 2720 termrum,
2198 2655 2288 2724 qui
2320 2670 2389 2710 ex
2419 2655 2733 2724 praedonum
2766 2656 3074 2711 incursione
3100 2656 3254 2710 nobis
3279 2657 3462 2711 oriun-

1859 2756 1965 2810 tur,
1992 2754 2101 2800 tum
2133 2745 2307 2800 morbi
2336 2747 2600 2816 corporis,
2624 2745 3084 2818 adversarumque
3106 2748 3333 2802 aliarum
3368 2760 3460 2803 re-

1857 2851 1974 2890 rum
2005 2837 2434 2892 consolationem
2463 2837 2596 2891 illud
2625 2837 2782 2892 nobis
2809 2839 3094 2894 allaturum
3117 2849 3198 2894 est
3226 2880 3239 2902 ,
3298 2839 3344 2894 si
3389 2854 3456 2894 ex

1855 2927 2025 2993 vobis,
2050 2927 2243 2997 quibus
2270 2929 2380 2984 cari
2403 2943 2608 2992 sumus,
2635 2929 2737 2984 hoc
2767 2930 3148 3001 intelligamus,
3177 2943 3272 2985 vos
3299 2930 3453 2984 firma

1855 3020 2160 3076 valetudine
2186 3035 2327 3089 esse,
2358 3023 2646 3094 omniaque
2666 3025 2819 3078 vobis
2867 3039 2935 3078 ex
2984 3025 3145 3078 animi
3191 3026 3456 3080 sententia

1855 3095 2101 3180 evenire,
2138 3114 2346 3168 etiamsi
2375 3115 2573 3185 alioqui
2616 3127 2898 3171 scxccntas
2928 3116 3082 3172 nobis
3110 3126 3457 3186 tempestates

1853 3216 2269 3259 commemores.
2297 3203 2396 3273 Qui
2427 3207 2642 3262 tandem
2671 3206 2852 3262 istud?
2879 3207 3140 3276 Quoniam
3189 3209 3320 3264 nihil
3348 3209 3455 3264 lm-

1854 3293 2019 3364 pedit,
2051 3293 2359 3364 quominus,
2393 3298 2482 3368 qui
2535 3300 2786 3368 generosi
2831 3309 2886 3354 et
2937 3301 3236 3369 experrecti
3292 3310 3455 3371 atque

1850 3385 2041 3441 attenti
2067 3387 2229 3442 animi
2285 3398 2398 3455 est,
2448 3389 2610 3444 etiam
2658 3392 2708 3444 in
2759 3392 3073 3461 perturbato
3115 3392 3451 3463 negotiorum

1851 3477 1986 3531 mari
2018 3477 2245 3534 feliciter
2281 3480 2533 3550 naviget:
2567 3482 3022 3552 quemadmodum
3067 3493 3253 3539 contra
3283 3525 3300 3551 ,
3357 3486 3452 3556 qui

1852 3565 2028 3638 ignavi
2056 3582 2120 3622 ac
2141 3571 2468 3625 consternati
2495 3573 2779 3643 supinique
2804 3575 2969 3629 animi
2995 3583 3098 3639 est,
3162 3575 3451 3647 tranquillo

1849 3672 2062 3730 quoque
2097 3661 2230 3715 mari
2277 3662 2617 3732 perturbetur
2640 3671 2799 3735 atque
2821 3666 2873 3720 in
2914 3667 3146 3722 tumultu
3184 3677 3450 3724 versetur.

1919 3794 2169 3852 CXLVI.
2196 3797 2483 3864 Theodoto,
2513 3799 2568 3855 Ν
2573 3801 2757 3870 icolao,
2786 3802 3044 3872 Charm,
3079 3805 3380 3878 presbyteris

2159 3898 2206 3944 et
2235 3892 2516 3946 monachis.
2549 3890 2784 3962 (Cucuso
2803 3909 2946 3952 anno
2973 3894 3130 3970 405.)

1923 4020 2032 4078 Vos
2056 4023 2273 4095 quidem
2295 4023 2598 4083 Isaurorum
2623 4028 2986 4088 incursionem
3007 4042 3167 4103 atque
3187 4032 3446 4105 impetum

1846 4115 2107 4172 absentia:
2135 4127 2328 4174 vestrae
2355 4134 2572 4175 causam
2601 4137 2722 4178 esse
2758 4123 2936 4179 dicitis
2961 4142 2975 4179 :
3023 4134 3081 4180 at
3114 4141 3214 4197 ego
3241 4142 3337 4182 vos
3388 4138 3446 4184 et

1846 4205 2061 4274 adesse,
2088 4216 2145 4264 et
2164 4209 2442 4265 nobiscum
2474 4213 2678 4268 versari
2713 4212 2836 4268 dico
2858 4255 2873 4279 ,
2927 4230 3103 4286 neque
3137 4216 3446 4286 bujusmodi

1845 4312 1982 4362 rem,
2003 4299 2131 4369 quin
2146 4299 2212 4354 ad
2235 4315 2333 4354 nos
2345 4302 2624 4371 veneritis,
2660 4303 3044 4374 impedimento
3072 4308 3224 4363 vobis
3257 4307 3442 4364 fuisse.

1844 4387 1978 4443 Nam
2010 4405 2088 4445 ea:
2113 4391 2354 4447 caritatis
2381 4408 2571 4463 penna:
2617 4404 2784 4463 sunt,
2839 4407 2899 4452 ut
2927 4399 3134 4455 etiamsi
3191 4412 3446 4458 sexcenta

1844 4480 2222 4550 impedimenta
2241 4497 2301 4538 se
2337 4484 2614 4553 obiiciant,
2653 4496 2876 4557 repente
2917 4498 3094 4546 tamen
3140 4506 3204 4548 ac
3247 4509 3440 4565 magna

1842 4583 1964 4624 cum
1997 4569 2252 4627 facilitate
2282 4573 2480 4644 ubique
2503 4573 2665 4631 adsit.
2695 4577 2848 4646 Quod
2878 4580 2921 4634 si
2972 4595 3233 4652 corporea
3262 4592 3440 4640 vestra

1843 4662 2129 4730 praesentia
2154 4677 2424 4730 caremus,
2448 4667 2657 4735 precari
2686 4683 2752 4723 ne
2774 4668 3107 4726 intermittite
3135 4688 3151 4726 :
3183 4687 3248 4728 ac
3298 4674 3442 4730 Deus

1840 4764 1960 4806 eam
1984 4767 2080 4822 pro
2133 4767 2228 4808 sua
2254 4753 2587 4825 benignitate
2633 4756 2802 4813 dabit.
2831 4759 3272 4833 Quandoquidem
3324 4765 3439 4834 ipse

1840 4859 2053 4916 quoque
2105 4847 2287 4903 animo
2313 4863 2410 4904 vos
2437 4849 2652 4907 assidue
2681 4867 2894 4923 gerens,
2946 4870 3293 4926 congressum
3342 4875 3437 4913 ve-

1839 4945 2010 4991 strum
2042 4937 2184 4993 haud
2220 4939 2497 5011 vulgarem
2523 4941 2576 4996 in
2596 4944 2814 4998 modum
2841 4946 3092 5003 desidero
3113 4966 3124 5002 :
3145 4965 3318 5020 neque
3333 4950 3439 5005 du-

1837 5026 1968 5091 bito,
1991 5029 2118 5098 quin
2151 5028 2291 5085 istud
2323 5031 2455 5087 mihi
2481 5035 2778 5106 contingat,
2808 5036 3101 5093 dummodo
3127 5054 3252 5096 eum
3275 5083 3290 5107 ,
3343 5043 3437 5111 qui

1839 5129 2213 5192 tempestatem
2231 5137 2445 5181 omnem
2465 5125 2755 5194 discutere,
2783 5139 3084 5201 cunctaque
3111 5133 3162 5186 in
3186 5148 3433 5205 magnam

1837 5215 2276 5285 tranquillitatem
2304 5217 2572 5276 adducere
2595 5229 2794 5291 potest,
2847 5224 3045 5279 obnixe
3069 5225 3236 5282 oretis
3254 5236 3310 5283 et
3332 5228 3432 5282 oh-

1834 5307 2083 5362 secretis.
2115 5305 2191 5364 Ut
2217 5319 2398 5366 autem
2450 5325 2631 5367 rerum
2675 5328 2887 5384 quoque
2938 5326 3241 5372 nostrarum
3293 5328 3432 5376 statu

1833 5398 2049 5468 cognito
2077 5399 2354 5469 laetemini,
2387 5402 2586 5472 ingenti
2615 5407 2796 5475 quiete
2822 5416 2983 5476 atque
3012 5408 3124 5464 otio
3160 5409 3387 5466 fruimur
3414 5454 3428 5479 ,

1831 5505 2134 5561 corpusque
2154 5504 2420 5562 nostrum,
2451 5497 2553 5551 etsi
2582 5497 2780 5569 alioqui
2813 5500 2981 5555 multa
3002 5502 3244 5573 sintqus
3265 5503 3432 5575 ipsius

1834 5587 2194 5646 valetudinem
2221 5591 2562 5660 labefaCIent,
2616 5595 2748 5650 satis
2803 5597 3086 5654 commode
3137 5613 3196 5654 se
3248 5599 3427 5656 habet.

1831 5674 2164 5750 Quamquam
2215 5682 2358 5736 enim
2407 5692 2462 5738 et
2497 5683 2829 5741 medicorum
2886 5688 3097 5758 inopia,
3148 5699 3203 5744 et
3248 5704 3430 5748 rerum

1833 5770 2256 5827 necessariarum
2303 5775 2525 5843 penuria
2577 5775 2755 5847 (nihil
2794 5780 2937 5833 enim
2969 5779 3057 5834 hic
3085 5783 3276 5837 venale
3299 5796 3386 5838 est
3408 5823 3426 5850 ,

1838 5874 1935 5917 nec
1949 5860 2336 5922 malieamenta
2354 5867 2463 5923 ulla
2481 5871 2838 5944 suppetunt),
2867 5880 2924 5928 et
2945 5873 3063 5928 caeli
3081 5874 3424 5946 intemperies

2994 5991 3072 6052 20
