4152 6488
783 422 885 480 G99

785 537 990 606 (neque
1009 530 1150 587 enim
1173 534 1331 584 restas
1365 523 1516 580 nobis
1543 522 1722 577 minus
1749 533 1906 590 quam
1937 517 2100 588 frigus
2125 515 2343 570 molesta

785 633 884 688 cst,
917 631 972 676 ut
996 635 1114 690 quae
1134 617 1344 687 frigoris
1372 613 1712 668 acrimoniam
1743 611 1795 665 in
1822 608 2140 664 contrarium
2171 606 2346 658 imite-

788 711 933 783 tur),
967 719 1021 764 et
1040 708 1214 781 gravis
1242 720 1304 762 ac
1333 714 1581 775 perpetua
1611 700 1838 767 obsidio,
1883 697 2157 766 crebrique
2196 692 2342 748 Isau-

787 805 1014 855 ricarum
1041 797 1397 853 incursionum
1424 799 1631 857 metus;
1659 791 1792 854 haec,
1818 790 2048 857 inquam,
2078 783 2276 848 omnia,
2293 791 2347 838 et

789 892 887 943 alia
913 891 1064 960 plura
1083 896 1205 942 sunt
1222 901 1339 956 qua:
1363 881 1716 939 valetudinem
1741 888 1969 932 nostram
1992 871 2344 937 labefactent;

788 995 928 1034 nunc
955 988 1130 1034 tamen
1149 977 1297 1048 gravi
1325 973 1580 1044 periculo,
1601 979 1758 1040 atque
1789 964 2085 1037 hujusmodi
2117 963 2300 1018 morbo
2330 964 2345 994 ⁸

789 1071 994 1126 liberati
1039 1084 1225 1125 sumus
1279 1081 1342 1122 ac
1385 1063 1705 1120 mediocrem
1760 1058 2039 1124 quamdam
2069 1054 2346 1110 sanitatem

785 1161 1133 1216 obtinuimus.
1168 1157 1276 1212 Vos
1302 1168 1428 1210 vero
1453 1165 1666 1222 operam
1699 1148 1857 1203 etiam
1879 1145 2022 1211 date,
2052 1153 2109 1198 ut
2146 1141 2211 1196 ad
2253 1155 2349 1194 nos

786 1265 927 1319 saepe
955 1248 1216 1311 scribatis,
1241 1260 1303 1300 ac
1321 1244 1388 1299 de
1409 1250 1581 1297 vestra
1599 1238 1900 1294 valetudine
1919 1237 2035 1290 sine
2067 1234 2167 1287 ulla
2184 1237 2348 1285 inter-

785 1340 1038 1394 missione
1057 1337 1314 1392 certiores
1338 1349 1434 1389 nos
1456 1331 1677 1386 faciatis.
1704 1328 1975 1397 Siquidem
2005 1323 2245 1379 maxima:
2267 1321 2346 1374 le-

785 1429 1041 1493 vationis,
1093 1425 1414 1494 maximique
1445 1421 1654 1485 solatii,
1695 1429 1853 1486 atque
1905 1413 2346 1483 amplissimorum

785 1521 1148 1574 thesaurorum
1173 1518 1359 1580 instar,
1377 1521 1609 1568 vestram
1636 1511 1910 1564 caritatem
1935 1519 2052 1558 esse
2071 1503 2343 1556 ducimus:

785 1625 847 1664 ac
876 1626 995 1664 cum
1017 1611 1239 1663 sincera:
1266 1613 1455 1661 vestra:
1481 1599 1885 1661 benevolentiae,
1937 1595 2198 1663 animique
2223 1605 2347 1645 eon-

784 1703 1015 1765 stanti-az,
1042 1713 1102 1752 ac
1132 1698 1296 1752 firma:
1322 1693 1557 1750 caritatis
1583 1690 1832 1762 cogitatio
1862 1686 2014 1741 nobis
2039 1685 2091 1738 in
2118 1691 2347 1737 mentem

790 1793 931 1844 \cnit
957 1796 1260 1857 (numquam
1282 1795 1456 1840 autem
1472 1799 1576 1839 non
1599 1779 1782 1849 venit),
1812 1788 2076 1847 tamquam
2108 1774 2158 1827 in
2188 1773 2347 1825 latum

788 1881 1065 1952 quemdam
1093 1889 1248 1952 atque
1278 1876 1613 1949 tranquillum
1642 1883 1850 1938 portum
1881 1886 1944 1926 ex
1987 1867 2165 1923 multis
2208 1865 2350 1919 cala-

791 1977 1055 2031 mitatibus
1080 1974 1414 2043 appellimus.

992 2110 1129 2165 CXL
1144 2108 1210 2163 γι
1221 2108 1245 2161 Ι
1256 2147 1269 2159 .
1285 2106 1563 2161 Anthemio.
1589 2103 1822 2175 (Cucuso
1839 2113 1980 2154 anno
1995 2097 2142 2166 405.)

861 2246 962 2300 Alii
992 2245 1083 2298 tibi
1112 2243 1418 2298 consulatus
1443 2249 1600 2309 atque
1641 2237 1968 2306 praefectura:
1994 2233 2207 2288 nomine
2231 2245 2351 2300 gra-

794 2339 1024 2391 tnlanlur
1075 2337 1188 2406 (a);
1223 2348 1321 2404 ego
1365 2342 1541 2386 autem
1591 2327 1998 2399 magnificentia:
2045 2337 2148 2379 tua:
2199 2337 2357 2376 causa

792 2433 922 2501 ipsis
948 2442 1156 2500 quoque
1180 2423 1577 2495 magistratibus
1604 2420 1943 2490 imperiisque
1971 2416 2224 2487 gratulor.
2255 2412 2358 2467 Ne.

789 2538 892 2592 que
916 2522 1056 2576 enim
1101 2528 1152 2574 te
1176 2525 1449 2580 amarunt,
1506 2527 1688 2567 verum
1737 2513 1832 2565 abs
1885 2519 1936 2564 te
1980 2516 2167 2563 ornata
2209 2513 2353 2560 sunt.

787 2610 1222 2684 Quandoquidem
1254 2609 1413 2664 etiam
1439 2621 1499 2661 ea
1528 2605 1736 2659 virtutis
1765 2609 1946 2658 natura
1976 2611 2080 2667 est,
2109 2599 2344 2654 utbouo-

791 2721 876 2760 res
920 2719 1023 2758 non
1065 2700 1274 2756 aliunde
1298 2706 1588 2764 mutuetur,
1620 2709 1802 2749 verum
1835 2694 1944 2762 ipsa
1995 2706 2089 2746 eos
2137 2692 2187 2744 in
2242 2703 2359 2744 sese

789 2793 1172 2855 circumferat,
1255 2788 1504 2843 nimirum
1570 2785 1717 2840 hisce
1787 2783 2128 2854 dignitatibus
2189 2780 2360 2834 bono-

791 2900 902 2940 rem
953 2885 1191 2954 praebens
1220 2922 1236 2950 ,
1286 2895 1391 2934 non
1442 2887 1618 2932 autem
1660 2877 1776 2945 ipsa
1814 2875 1882 2929 ab
1927 2873 2032 2928 illis
2077 2874 2360 2944 accipiens.

792 2976 972 3044 anue
992 2973 1060 3028 de
1085 2987 1242 3028 causa
1273 2985 1339 3025 ne
1359 2969 1525 3023 amori
1538 2966 1752 3038 quidem
1775 2979 1897 3036 erga
1926 2975 1977 3020 te
2002 2974 2186 3020 nostro
2210 2963 2363 3034 quid-

791 3080 948 3135 quam
979 3078 1120 3118 nunc
1149 3061 1502 3131 adjunximus.
1534 3057 1675 3113 Nihil
1696 3058 1837 3112 enim
1869 3057 1962 3111 tibi
1991 3057 2220 3127 amplius
2261 3070 2356 3111 ac-

791 3158 981 3221 cessit;
1017 3170 1114 3211 nec
1140 3170 1236 3209 nos
1266 3151 1573 3224 pnefectum
1595 3160 1755 3220 atque
1781 3147 2052 3204 consulem
2080 3162 2320 3202 amamus
2339 3188 2354 3213 ,

791 3249 884 3305 sed
901 3249 1172 3304 dominum
1200 3261 1376 3302 meum
1403 3244 1775 3299 suavissimum
1821 3241 2186 3307 Anthemium,
2236 3255 2359 3296 cum

794 3353 981 3408 magna
1006 3335 1305 3407 prudentia,
1335 3343 1444 3388 tum
1465 3334 1622 3389 etiam
1655 3332 1853 3402 ingenti
1906 3331 2242 3401 philosophia
2272 3347 2358 3386 re-

793 3428 1004 3482 fertum.
1046 3429 1123 3480 Ac
1157 3424 1377 3495 proinde
1402 3433 1453 3478 te
1494 3437 1705 3494 quoque
1729 3424 1941 3478 beatum
1970 3422 2318 3493 prazdicamus
2341 3465 2358 3490 ,

793 3535 897 3574 non
917 3517 1055 3588 quod
1083 3516 1148 3572 ad
1179 3518 1282 3571 hoc
1303 3516 1494 3571 solium
1522 3525 1738 3571 evectus
1760 3514 1853 3581 sis,
1885 3514 1978 3569 sed
1999 3515 2120 3585 quia
2151 3515 2359 3570 uberio-

794 3627 905 3667 rem
936 3610 1226 3681 prudentia:
1253 3618 1354 3664 tua:
1381 3617 1537 3678 atque
1566 3606 1906 3662 humanitatis
1929 3605 2359 3662 demonstranda:

790 3703 1066 3761 materiam
1093 3701 1362 3772 accepisti.
1380 3705 1553 3770 Atque
1568 3699 1632 3754 iis
1652 3699 1922 3766 omnibus,
1941 3699 2131 3768 quibus
2169 3698 2359 3766 injuria

795 3795 871 3860 fit,
904 3794 1250 3866 gratulamur,
1283 3793 1443 3846 latum
1481 3790 1682 3845 scilicet
1702 3791 1891 3847 animm
1921 3798 2023 3844 tua
2049 3799 2257 3859 portum
2284 3789 2363 3841 iu-

793 3897 1020 3954 tuentes,
1047 3887 1136 3956 qui
1163 3886 1330 3956 possit
1355 3885 1628 3939 innumera
1655 3882 1929 3954 naufragia
1965 3882 2254 3954 depellere,
2281 3890 2363 3936 at-

791 3995 895 4049 que
919 3977 1166 4044 efficere,
1189 3987 1246 4030 ut
1266 3977 1322 4042 ii,
1370 3977 1458 4047 qui
1500 3977 1551 4030 in
1581 3975 1965 4030 atrocissimam
1998 3982 2362 4044 tempestatem

795 4072 1115 4134 inciderunt,
1147 4069 1389 4124 exanimi
1445 4067 1707 4122 sententia
1753 4068 2026 4137 navigenl.
2077 4066 2363 4135 Propterea

792 4165 1124 4220 essultamus
1151 4171 1206 4218 et
1228 4162 1408 4215 laetitia
1453 4159 1835 4222 diffundimur,
1884 4159 2162 4230 imperium
2214 4166 2361 4212 tuum

793 4270 1074 4310 commune
1102 4267 1311 4317 eorum,
1335 4251 1423 4322 qui
1449 4250 1641 4320 injuria
1667 4248 1972 4304 afficiuntur
1990 4288 2004 4313 ,
2026 4249 2214 4304 festum
2243 4263 2362 4304 esse

794 4346 1176 4401 existimantes.
1207 4343 1322 4411 Quo
1347 4341 1506 4397 etiam
1537 4354 1677 4394 nunc
1697 4339 1796 4409 ipsi
1812 4338 2056 4404 fruimur,
2089 4349 2147 4392 ut
2171 4340 2258 4409 qui
2290 4355 2358 4393 ex

793 4439 1042 4492 virtutum
1074 4446 1279 4490 tuarum
1305 4430 1666 4504 magnitudine
1701 4432 1967 4502 propriam
2019 4431 2173 4486 nobis
2213 4431 2362 4486 volu-

797 4540 994 4600 ptatem
1016 4530 1296 4600 fingamus.

866 4665 1177 4726 CXLVIII.
1198 4666 1428 4738 Cyriaco,
1452 4665 1719 4733 Demetrio,
1749 4663 2005 4728 Palladio,
2026 4661 2292 4733 Eulysio’,

1145 4759 1409 4830 episcopis.
1445 4757 1674 4829 (Cucuso
1701 4770 1841 4810 anno
1860 4754 2012 4824 £05.)

868 4898 1012 4954 Beati
1039 4910 1152 4964 vos,
1184 4910 1246 4950 ac
1275 4904 1354 4950 ter
1373 4891 1532 4960 beati,
1565 4892 1863 4962 saepiusque
1897 4889 2076 4955 beati,
2132 4888 2200 4946 ob
2232 4902 2366 4960 prai-

874 5029 891 5060 ¹
928 5025 1137 5082 Fabric,
1160 5020 1442 5086 hujusmodi
1455 5018 1747 5086 afﬁnitate.

875 5090 898 5120 ⁸
929 5089 1050 5147 Reg.
1092 5076 1143 5134 ei.
1186 5076 1370 5147 Fabric.
1406 5076 1600 5147 Sutrino
1635 5076 1914 5147 (Ῑςίὺλτές-ίιρ),
1939 5077 2112 5147 et‘hoc
2143 5079 2250 5123 erat
2282 5084 2367 5121 ve-

815 5160 925 5194 rum
949 5137 1055 5203 ejus
1076 5157 1270 5193 nomen.
1298 5137 1711 5205 Morel.,"Eclysio
1737 5141 1751 5196 (
1769 5137 2045 5199 Ἐίκυσίῳ).

860 5212 933 5273 (a)
969 5217 1014 5259 In
1041 5211 1168 5260 hunc
1187 5207 1345 5257 locmn
1366 5208 1469 5258 hac
1486 5204 1624 5273 notat
1637 5212 2070 5273 mntonucaaus;
2094 5204 2261 5273 Bittius
2282 5217 2366 5255 oo-

797 5265 926 5324 rcﬁr'
944 5283 1186 5336 grwcam,
1212 5273 1416 5336 ἐπαίτης
1433 5309 1446 5327 .
1476 5268 1774 5319 intellexerat
1795 5266 1858 5316 de
1881 5265 2118 5336 ιιῃρενὶολ
2147 5267 2233 5336 sed
2258 5278 2368 5336 cum

797 5326 1032 5402 ιηηοςέπς
1059 5326 1219 5389 «ιλιι-ξ.
1242 5326 1484 5402 etwa».
1519 5349 1588 5381 τεν
1602 5341 1826 5402 δρα-ην
1842 5326 2215 5402 »βίίρτωίεςίιφδ
2239 5326 2364 5402 εινθιν

796 5403 841 5465 et
859 5387 1110 5465 pitefe'ctus
1133 5387 1375 5458 prdatorio,
1399 5387 1778 5455 sic'prcfe'cturn
1800 5387 2133 5462 urbmiuupitd
2151 5388 2364 5459 Ambros.

799 5457 880 5526 lib.
901 5460 933 5507 ὃ
955 5458 1088 5521 alltc.
1114 5472 1159 5506 c.
1183 5455 1214 5503 8
1235 5469 1246 5504 :
1270 5452 1642 5526 et‘praafecturze
1663 5449 2363 5526 urbanasublmiefastigium.

803 5511 1171 5583 heauq'izmta,
1203 5511 1421 5579 praefecti
1696 5514 1873 5583 dicitur
1887 5526 1927 5582 ,α
1951 5511 2194 5583 {iphilinq
2212 5511 2262 5560 in
2284 5520 2362 5562 Se-

799 5571 945 5648 rerfi',
968 5571 1013 5632 et
1030 5571 1122 5632 'hic
1707 5578 1835 5648 enim
1855 5571 2100 5648 siverhimc
2126 5575 2194 5644 ad
2227 5585 2366 5648 quem

801 5635 962 5708 εει-εδει
984 5648 1163 5708 αιιςιρτ.
1188 5635 1284 5708 εἶξε
1305 5635 1453 5708 (ἐσΨέ
1476 5637 1620 5708 fuisse
1632 5637 1928 5708 ρτωιεειευη.
1941 5635 2166 5708 regem
2187 5635 2366 5708 ςρησιαι

803 5716 865 5752 ex
885 5705 983 5771 tege
1006 5705 1067 5771 1}
1088 5696 1172 5753 tib".
1199 5702 1277 5771 ῃ,
1301 5702 1370 5771 tit.
1398 5701 1457 5750 12
1476 5696 1668 5771 hodie-is
1704 5696 2010 5771 Theodosium
2037 5705 2158 5759 Imp.
2176 5705 2362 5771 71191101}

801 5773 848 5815 et
889 5757 1108 5818 illeodos.
1136 5757 1423 5817 imitationi
1461 5761 1622 5814 consul
1662 5773 1773 5813 cum
1809 5757 2025 5811 Stilicone
2067 5757 2191 5810 anno
2225 5758 2364 5810 chri-

802 5828 989 5880 αἱιοῦ.

1531 410 1582 466 S.
1627 405 1899 464 JOANNIS
1931 401 2402 464 CHRYSOSTOHI
2441 401 2749 459 ARCIIIEP.
2791 401 3311 460 CONSTANTINOP.

3929 405 4025 460 τοο

2453 516 2625 572 claros
2651 519 2746 574 hos
2771 521 3011 585 sudores,
3035 528 3345 592 certamina,
3365 537 3722 598 etaerumnas,
3745 548 3809 590 ac
3824 535 4025 593 labores

2453 617 2506 660 et
2533 609 2792 677 pericula,
2824 627 2942 680 qua:
2969 629 3066 682 pro
3102 618 3346 674 omnibus
3372 622 3516 678 orbis
3560 632 3720 680 terra:
3779 625 4025 684 Ecclesiis

2455 699 2708 764 subiistis,
2745 701 2970 772 hincque
2997 713 3106 759 tum
3132 708 3184 761 in
3212 718 3374 776 terra,
3409 723 3518 768 tum
3546 715 3598 768 in
3626 716 3778 772 czells
3803 719 4024 787 gloriam

2455 799 2508 844 et
2527 791 2862 860 splendorem
2903 802 3215 866 consequuti
3259 802 3408 856 esus.
3465 802 3740 874 Siquidem
3784 808 4026 866 homines

2456 896 2659 949 omnes,
2689 883 2774 952 qui
2793 886 2986 940 mentis
3001 899 3273 957 compotes
3294 901 3434 958 sunt,
3465 908 3562 950 vos
3598 897 3918 965 pradicant,
3971 913 4026 953 ac

2456 977 2669 1026 coronis
2691 983 2900 1041 ornant,
2931 977 3089 1031 animi
3114 983 3274 1034 vestri
3303 983 3485 1049 robur,
3517 985 3912 1056 fortitudinem,
3947 1001 4025 1046 to-

2459 1059 2755 1126 lerantiam,
2779 1073 2939 1134 atque
2963 1071 3333 1136 constantiam,
3357 1073 3422 1127 ad
3440 1084 3710 1146 stuporem
3743 1094 3916 1151 usque
3943 1089 4026 1136 mi-

2459 1162 2658 1208 rantes.
2687 1155 2953 1226 Bcnignus
2977 1168 3154 1214 autem
3201 1161 3358 1227 Deus,
3408 1167 3497 1235 qui
3541 1167 3814 1226 laboribus
3867 1173 4022 1243 longe

2454 1243 2707 1333 ampliora
2741 1247 2952 1314 praemia
2975 1263 3184 1318 semper
3207 1255 3500 1322 constituit,
3537 1267 3612 1314 tot
3639 1268 3895 1333 tantaque
3921 1264 4014 1320 bo-

2454 1344 2518 1383 na
2548 1331 2696 1386 vobis
2716 1335 2986 1401 rependet,
3015 1349 3143 1408 quot
3167 1352 3471 1412 quantaque
3492 1348 3556 1403 iis
3585 1364 3613 1402 a
3643 1351 3756 1407 Deo

2458 1437 2553 1491 par
2575 1434 2677 1488 est,
2699 1427 2786 1495 qui
2813 1443 2908 1495 pro
2934 1431 3163 1487 universi
3193 1435 3337 1492 orbis
3359 1453 3486 1508 pace
3501 1449 3606 1496 tam
3629 1453 3850 1502 strenue
3871 1447 4025 1503 dinu-

2457 1526 2597 1568 cant.
2623 1515 2745 1572 Ideo
2775 1534 2871 1574 nos
2897 1537 3104 1594 quoque
3126 1525 3310 1584 beatos
3333 1545 3426 1586 vos
3458 1536 3752 1603 praedicare
3795 1555 3908 1594 non
3935 1542 4023 1596 de-

2456 1605 2697 1670 sinimus,
2725 1610 3044 1679 voluptatem
3075 1630 3141 1670 ex
3167 1621 3324 1674 vestri
3354 1624 3725 1682 recordatione
3775 1640 4026 1700 perpetuo

2457 1703 2744 1772 capientes,
2777 1721 2995 1777 vosque,
3019 1710 3224 1766 etiamsi
3249 1712 3442 1784 alioqui
3487 1716 3647 1789 longo
3694 1720 3901 1777 itineris
3953 1725 4028 1778 in-

2459 1795 2682 1849 tervallo
2707 1811 2736 1849 a
2766 1797 2914 1851 vobis
2943 1799 3193 1870 disjuncti
3222 1803 3408 1871 simus,
3431 1807 3610 1863 animo
3639 1810 4020 1870 circumferen-

2456 1894 2556 1940 tes.
2587 1887 2662 1940 Ac
2688 1888 2936 1957 Cyriacus
2962 1891 3172 1959 quidem
3194 1895 3666 1956 reverendissfmus
3690 1902 3946 1960 diaconus
3957 1907 4026 1976 (ej

2458 1993 2596 2032 nunc
2622 1982 2871 2050 navigare
2899 1996 3002 2036 non
3039 1986 3224 2052 potuit,
3255 1989 3396 2057 quod
3427 1991 3593 2046 multo
3642 1993 3825 2052 labore
3849 1999 4027 2053 confe-

2461 2079 2578 2123 ctus
2592 2080 2750 2125 esset.
2775 2073 2844 2126 At
2890 2087 3016 2127 vero
3063 2075 3262 2132 domini
3298 2080 3401 2136 mei
3438 2081 3868 2152 religiosissimus
3907 2105 4023 2159 pre-

2461 2159 2641 2230 sbyter
2659 2159 2910 2229 Joannes,
2933 2174 2986 2219 et
3014 2167 3488 2226 reverendissimus
3519 2173 3777 2231 diaconus
3796 2177 3986 2233 Paulus
4009 2221 4023 2244 .

2463 2264 2584 2303 cum
2612 2251 2842 2321 undzque
2867 2265 3203 2324 vexarentur,
3237 2275 3335 2315 nec
3361 2277 3580 2332 usquam
3619 2269 3946 2324 consistendi
3972 2285 4028 2324 ac

2463 2342 2802 2398 delitescendi
2826 2355 3059 2414 potestas
3079 2359 3252 2415 esset,
3307 2356 3661 2411 necessarium
3711 2373 3830 2415 esse
3879 2369 4026 2429 puta-

2464 2443 2603 2499 runt,
2632 2443 2690 2489 ut
2713 2436 2776 2490 ad
2795 2439 3067 2494 caritatem
3094 2451 3324 2498 vestram
3373 2459 3494 2501 sese
3521 2449 3850 2516 conferrent,
3888 2453 4026 2508 istic-

2462 2543 2564 2596 que
2587 2528 2860 2582 vobiscum
2890 2539 3086 2585 essent.
3119 2532 3475 2600 Quamobrem
3507 2539 3654 2610 ipsos
3673 2556 3794 2596 cum
3813 2546 4026 2600 caritate

2463 2619 2710 2763 exii-pie,
2736 2634 2980 2692 eamque,
3011 2638 3168 2694 quam
3197 2641 3291 2696 par
3305 2637 3405 2692 est,
3434 2629 3858 2690 benevolentiam
3911 2637 4030 2707 ipsis

2463 2721 2528 2762 cx
2571 2724 2585 2762 t
2660 2716 2730 2763 te.

2463 2716 2730 2764 exhibete.

2535 2844 2758 2901 CXLIX
2767 2887 2778 2899 .
2803 2848 3004 2903 Aurelio
3016 2850 3332 2922 Carthaginis
3344 2856 3596 2927 episwpo.
3612 2858 3792 2927 (Anno
3814 2860 3965 2929 406.)

2536 2985 2710 3056 Papae,
2730 2997 2924 3058 quanta
2948 3003 3037 3044 res
3059 2998 3142 3045 est
3163 3005 3455 3060 generosus
3487 2994 3716 3061 animus,
3749 3005 3914 3065 atque
3953 3012 4028 3051 ca-

2465 3076 2634 3132 ritatis
2663 3091 2727 3131 ac
2754 3077 2959 3138 pietatis
2991 3078 3246 3136 fructibus
3289 3083 3565 3138 abundans
3613 3103 3627 3138 :
3671 3086 3874 3156 quippe
3917 3101 4029 3143 cum

2466 3168 2578 3238 ipse
2594 3177 2741 3225 tanto
2767 3170 2970 3225 itineris
2990 3170 3270 3227 intervallo
3289 3187 3318 3227 a
3337 3175 3490 3229 nobis
3509 3175 3754 3242 dissitas,
3774 3187 4030 3248 tamquam

2465 3273 2702 3328 praesens
2749 3275 2810 3315 ac
2839 3261 3112 3317 nobiscum
3143 3262 3363 3333 degens,
3409 3280 3506 3321 nos
3535 3269 3745 3336 ceperis
3768 3310 3784 3334 ,
3845 3270 4033 3337 tibique

2464 3350 2784 3407 devinxeris.
2811 3353 3084 3422 Siquidem
3105 3356 3342 3411 caritatis
3371 3365 3473 3411 tute
3499 3357 3679 3422 ardor,
3712 3373 3890 3429 eaque
3909 3361 4030 3415 odo-

2464 3447 2539 3502 ris
2568 3446 2819 3509 suavitas,
2840 3461 2956 3517 qua:
2977 3461 3042 3501 ex
3065 3455 3150 3501 tua
3179 3447 3427 3518 loquendi
3482 3449 3727 3505 libertate
3759 3465 3824 3506 ac
3853 3452 4033 3520 pielalc

2464 3548 2664 3602 manat,
2691 3538 2758 3592 ad
2799 3552 2896 3594 nos
2923 3552 3108 3607 usque,
3149 3541 3239 3609 qui
3277 3539 3329 3594 in
3359 3549 3597 3594 extremo
3637 3541 3789 3595 orbis
3828 3558 4031 3596 ret-essu

2462 3632 2708 3687 collocati
2740 3645 2946 3696 sumus,
2973 3632 3292 3699 penetravit.
3316 3631 3599 3702 Propterea
3647 3634 3897 3703 ingentes
3953 3637 4032 3688 tibi

2465 3725 2659 3793 gratias
2684 3725 2922 3793 agimus;
2954 3731 3252 3792 propterea,
3279 3723 3513 3795 inquam,
3535 3735 3589 3780 te
3614 3725 3830 3780 beatum
3858 3727 4034 3797 pra-di-

2466 3832 2666 3884 camus,
2695 3818 2836 3887 quod
2864 3833 2983 3872 cum
3009 3833 3253 3889 magnum
3283 3820 3515 3875 laborem
3563 3837 3624 3875 ac
3665 3823 3922 3878 sudorem
3954 3841 4033 3892 pro

2466 3910 2712 3965 omnibus
2738 3910 2884 3965 orbis
2927 3920 3083 3965 terra:
3127 3911 3379 3966 Ecclesiis
3416 3915 3737 3984 susceperis,
3787 3919 4034 3971 maximas

2469 4001 2564 4056 tibi
2592 4001 2729 4071 apud
2761 4001 3044 4071 benignum
3066 4002 3231 4057 Deum
3257 4018 3482 4058 coronas
3521 4005 3829 4061 condidisti.
3866 4008 4034 4078 Teque

2469 4095 2762 4160 hortamur,
2793 4103 2848 4148 ut
2872 4096 2922 4149 in
2947 4094 3047 4149 hoc
3080 4096 3336 4164 prmclaro
3361 4098 3653 4152 certamine
3681 4111 3993 4169 perseveres
4019 4119 4028 4147 :

2467 4200 2638 4255 neque
2658 4185 2799 4241 enim
2833 4193 2886 4240 te
2913 4184 3064 4256 fugit,
3095 4201 3337 4255 quzenam
3369 4187 3496 4241 hinc
3534 4189 3751 4257 praemia
3783 4192 4029 4245 oriantur.

2466 4279 2596 4334 Nam
2626 4279 2671 4332 si
2697 4277 2956 4348 quispiam
2984 4293 3148 4330 unum
3177 4277 3408 4347 aliquem
3458 4278 3646 4348 injuria
3694 4279 3948 4336 allectum
3981 4297 4034 4334 ac

2469 4378 2660 4439 praeter
2679 4368 2765 4437 jus
2782 4368 2964 4421 Izesum
2985 4368 3284 4434 sublevans,
3314 4368 3610 4424 mercedem
3628 4367 4032 4426 inenarrabile":

2468 4478 2497 4515 a
2527 4461 2634 4515 Deo
2665 4460 2867 4513 obtinet
2893 4475 2906 4511 :
2939 4458 3139 4528 cogites
3164 4458 3611 4530 velim,quantum
3635 4460 3753 4530 ipse
3765 4464 4030 4531 prmmium

2469 4560 2782 4621 accepturus
2809 4551 2902 4617 sis,
2934 4552 3020 4620 qui
3069 4559 3147 4606 tot
3196 4549 3461 4607 Ecclesias
3513 4552 3891 4621 perturbatas,
3951 4569 4032 4624 per

2469 4643 2735 4713 egregium
2764 4641 3064 4712 hujusmodi
3084 4641 3339 4710 studium,
3365 4643 3675 4699 tumultibus
3724 4658 3791 4699 ac
3838 4655 4034 4716 pertur-

2472 4734 2680 4790 batione
2703 4734 2924 4801 liberes,
2959 4743 3116 4805 atque
3162 4734 3218 4788 in
3265 4735 3606 4805 tranquillum
3637 4735 3786 4804 paeb
3826 4744 4031 4807 portum

2471 4825 2735 4898 appellere
2756 4827 2988 4882 studeas.

2749 4961 2855 5016 CL.
2876 4960 3103 5015 Haciin
3123 4960 3374 5031 (piscatio.
3402 4959 3422 5031 (
3443 4959 3763 5030 Δηηοιοϐ.)

2539 5100 2670 5156 Cum
2703 5099 2910 5152 labores
2934 5111 3026 5152 eos
3039 5111 3104 5152 ac
3117 5095 3360 5164 sudores,
3382 5110 3516 5167 quos
3532 5095 3785 5151 diuturno
3803 5106 4029 5167 tempore

2471 5195 2726 5260 subiistis,
2755 5193 2932 5248 animo
2956 5189 3307 5260 contemplor,
3338 5203 3444 5243 non
3465 5188 3758 5258 vulgarem,
3807 5188 3905 5244 sed
3929 5205 4025 5242 am-

2473 5288 2765 5357 plissimam
2790 5282 3072 5354 quamdam
3117 5281 3430 5352 injuriarum
3457 5293 3641 5334 earn
3662 5319 3678 5345 ,
3703 5279 3902 5351 quibus
3945 5296 4028 5350 per

2470 5395 2735 5438 summum
2767 5378 2940 5434 scelus
2986 5377 3206 5432 affectus
3225 5389 3362 5440 sum,
3407 5372 3824 5429 consolationem
3867 5375 4030 5442 capio,

2470 5480 2700 5527 vestram
2728 5468 2976 5522 nimirum
2998 5481 3165 5537 usque
3193 5465 3326 5521 adeo
3339 5464 3615 5520 ardentem
3647 5477 3709 5519 ac
3731 5477 4030 5534 gemmam

2469 5563 2765 5624 caritatem,
2788 5561 3046 5614 sinceram
3072 5570 3279 5621 curam,
3307 5555 3729 5624 aeerrimamque
3755 5553 3811 5609 in
3838 5555 3905 5609 iis
3929 5568 4027 5608 ma-

3879 5699 4029 5739 ἴω

2531 5697 2605 5763 (a)
2637 5697 2710 5746 ste
2731 5692 2902 5757 legunt
2921 5692 3110 5743 Ooislin.
3138 5699 3191 5742 et
3219 5690 3443 5764 Savillus,
3479 5691 3862 5804 hancque.”
3879 5699 4026 5739 velut

2531 5774 2581 5813 se
2620 5757 2881 5808 lectionem
2904 5770 2916 5806 :
2943 5768 3054 5806 nam
3093 5756 3170 5806 hic
3199 5761 3417 5817 Cymaeus
3451 5753 3681 5805 diaconus
3843 5760 4026 5817 ququo

2468 5753 2598 5813 ess'e'
2620 5753 2881 5808 lectionem
2904 5770 2916 5806 :
2943 5768 3054 5806 nam
3093 5756 3170 5806 hic
3199 5755 3417 5817 Cyriacus
3451 5753 3681 5805 diaconus

2471 5827 2779 5876 memoratur.
