4218 6496
230 581 329 634 καὶ
364 578 526 650 ἀέρος
571 577 871 650 δυσκρασία
902 571 1268 647 (τοῦκρυμοῦ
1313 572 1420 641 γάρ
1459 571 1558 623 οὐκ
1594 567 1815 622 ἔλαττον

229 684 382 754 ἡμᾶς
405 697 467 735 το
492 681 648 752 θέρος
682 681 862 748 λυπεῖ,
883 678 1213 740 ἀπεναντίας
1235 674 1331 728 τοῦ
1367 671 1579 744 κρυμοῦ
1613 670 1815 743 μιμού-

230 804 397 859 μενον
437 804 537 858 την
585 782 977 854 σφοδρότητα),
1018 782 1114 836 καὶ
1147 778 1431 850 πολιορκία
1470 774 1678 847 χαλεπὴ
1720 774 1816 826 κα)⁵

225 888 509 960 διηνεκὴς,
547 886 656 938 ’καὶ
712 887 956 954 συνεχεῖς
998 883 1093 938 καὶ
1144 881 1436 950 ἐπάλληλοι
1488 879 1642 948 φόϐοι
1703 877 1812 930 τῶν

239 988 559 1060 ’Ῑσαυρικῶν
590 986 792 1056 ἐφόδων
819 1002 833 1018 ο
859 985 1063 1038 τούτων
1089 985 1266 1037 τοίνυν
1291 984 1386 1036 καὶ
1418 982 1618 1053 ἐτέρων
1645 980 1805 1033 πλειό

227 1111 339 1147 νων
366 1094 535 1145 δντων
567 1091 674 1144 τῶν
708 1090 1132 1161 διαφθειρόντων
1156 1090 1256 1159 τὴν
1289 1088 1454 1160 ρῶσιν
1482 1089 1645 1158 ἡμῖν,
1675 1086 1813 1148 τέως

226 1197 324 1252 τοῦ
341 1198 440 1268 μὲν
457 1197 702 1250 κινδύνου
725 1195 818 1248 τοῦ
850 1194 1109 1266 χαλεποῦ,
1131 1193 1338 1262 καὶτῆς
1354 1191 1606 1260 τοιαύτης
1636 1189 1814 1260 ἀπηλ-

227 1297 484 1370 λάγμεθα
503 1298 816 1371 ἀρρωστίας
838 1310 886 1362 ι,
909 1297 1224 1368 ὑγιαίνομεν
1241 1295 1296 1348 δέ
1316 1312 1438 1347 τινα
1458 1294 1644 1360 ὑγείαν
1673 1294 1812 1364 σύμ-

231 1419 454 1474 μετρον.
497 1399 585 1472 Μὴ
619 1401 683 1472 δὴ
733 1401 1016 1469 διαλίπητε
1066 1402 1159 1454 καὶ
1202 1400 1354 1452 αὐτοὶ
1399 1398 1635 1468 συνεχῶς
1679 1399 1811 1468 ἡμῖν

228 1504 658 1567 ἐπιστέλλοντες,
686 1501 779 1558 καὶ
807 1502 874 1556 τά
896 1504 1025 1574 περὶ
1055 1505 1153 1573 τῆς
1180 1503 1366 1571 ὑγείας
1408 1502 1511 1572 τῆς
1539 1501 1811 1572 ὑμετέρας

230 1609 732 1679 εὐαγγελιζόμενοι.
770 1609 875 1660 Καὶ
908 1608 1012 1678 γάρ
1033 1608 1380 1678 παράκλησιν
1409 1606 1692 1675 μεγίστην,
1719 1605 1814 1659 καὶ

230 1711 610 1784 παραμυθίαν,
639 1711 732 1763 καὶ
766 1709 1037 1780 θησαυρὸν
1073 1709 1281 1763 πολλῶν
1304 1709 1544 1779 γέμοντα
1568 1707 1807 1775 ἀγαθῶν,

226 1819 331 1891 τὴν
361 1815 632 1887 ὑμετέραν
655 1814 877 1884 ἀγάπην
907 1809 1046 1868 εἶναι
1079 1813 1372 1884 νομίζομεν
1393 1829 1406 1844 ·
1437 1813 1530 1866 καί
1556 1811 1681 1864 ὅταν
1711 1811 1810 1882 τὴν

228 1920 472 1978 διάθεσιν
501 1916 654 1989 ὑμῶν
680 1917 777 1988 τὴν
807 1918 1034 1989 γνησίαν
1051 1959 1064 1983 ,
1091 1918 1185 1970 καὶ
1201 1916 1263 1970 τὸ
1289 1915 1690 1987 ἀπερίτρεπτον
1713 1913 1811 1984 τῆς

229 2024 460 2096 γνώμης
477 2062 493 2089 ,
529 2022 624 2077 καὶ
642 2021 742 2092 τὴν
766 2021 960 2089 ἀκλινῆ
989 2023 1082 2074 καὶ
1104 2020 1340 2092 στερρὰν
1374 2018 1526 2091 ὑμῶν
1549 2019 1814 2089 ἐννοήσω-

231 2143 336 2198 μεν
400 2126 624 2195 ἀγάπην
678 2125 785 2195 (ἀεὶ
834 2124 891 2178 δὲ
942 2124 1112 2194 αὐτὴν
1171 2123 1481 2186 ἐννοοῦντες
1537 2121 1686 2194 [686]
1750 2123 1810 2174 οὐ

227 2232 566 2303 παυόμεθα),
609 2231 803 2303 ὥσπερ
843 2232 922 2294 είς
957 2247 1079 2284 τινα
1110 2231 1305 2301 λιμένα
1344 2231 1508 2300 εὐρὺν
1550 2231 1645 2284 καὶ
1685 2229 1815 2283 ἀκύ-

233 2355 438 2411 μαντον
457 2338 564 2392 ἀπδ
586 2338 691 2391 τῶν
712 2335 921 2389 πολλῶν
947 2334 1326 2405 καταπλέομεν
1358 2334 1608 2403 θλίψεων.

763 2450 950 2502 PMZ'.
995 2447 1295 2514 ’Arﬂeuhp.

196 2550 198 2552 ⁷
299 2564 489 2620 Ἄλλοι
521 2563 619 2635 μέν
653 2579 749 2616 σου
771 2565 835 2633 τῇ
863 2561 1258 2630 θαυμασιότητι
1290 2561 1384 2613 καὶ
1411 2559 1513 2629 τῆς
1547 2559 1812 2623 ὑπατείας

226 2670 322 2724 καὶ
370 2668 472 2738 τῆς
525 2666 894 2738 ἐπαρχότητος
955 2664 1320 2733 συνήδονται·
1362 2662 1472 2728 ἐγὼ
1513 2663 1569 2716 δὲ
1621 2663 1810 2726 αὐταῖς

222 2777 349 2840 ταῖς
376 2774 574 2846 ἀρχαῖς
592 2771 691 2842 τῆς
720 2770 819 2840 σῆς
846 2770 1031 2823 ἕνεκεν
1061 2769 1558 2839 μεγαλοπρεπείας.
1591 2769 1665 2823 Οὐ
1705 2769 1810 2839 γὰρ

227 2881 290 2934 σε
346 2877 800 2947 κατεκόσμησαν,
869 2872 982 2926 ἀλλ’
1045 2872 1428 2942 ὲκοσμήθησαν
1482 2871 1635 2942 παρὰ
1691 2871 1807 2924 σοῦ.

235 2981 458 3050 Ἐπειδὴ
484 2982 578 3034 καὶ
602 2979 842 3033 τοιοῦτον
866 2980 898 3048 ἡ
921 2980 1089 3048 ἀρετή
1117 2993 1128 3005 '
1157 2977 1255 3029 οὐκ
1278 2976 1476 3040 ἔξωθεν
1497 2975 1806 3041 δανείζεται

222 3089 324 3152 τὰς
368 3062 575 3156 τιμάς,
601 3084 714 3138 ἀλλ’
752 3083 892 3153 αὐτὴ
940 3084 997 3136 ὲν
1045 3084 1211 3152 ἑαυτῇ
1252 3082 1539 3153 περιφέρει
1583 3081 1807 3144 ταύτας.

221 3191 392 3262 τιμὴν
417 3192 528 3253 τοῖς
574 3187 844 3259 ἀξιώμασι
886 3187 1097 3250 τούτοις
1138 3189 1493 3258 παρέχουσα,
1535 3187 1634 3238 οὐκ
1669 3187 1806 3257 αὐτὴ

221 3297 357 3367 παρ’
385 3293 608 3348 ἐκείνων
633 3291 1007 3362 λαμϐάνουσα.
1042 3291 1143 3344 Διὰ
1175 3291 1240 3361 δὴ
1289 3290 1444 3344 τοῦτο
1481 3290 1601 3344 οὐδέ
1637 3305 1807 3360 προσ-

219 3400 503 3470 εθήκαμεν
535 3395 614 3465 τῷ
648 3395 856 3466 φίλτρῳ
888 3393 982 3448 νῦν
1006 3392 1084 3464 τῷ
1115 3394 1245 3466 περὶ
1278 3395 1359 3448 σέ.
1391 3393 1552 3450 Οὐδὲν
1588 3391 1698 3463 γάρ
1727 3410 1808 3446 σοι

220 3499 562 3576 προσγέγονε
600 3496 762 3551 πλέον
802 3514 815 3527 ·
863 3496 984 3550 οὐδὲ
1031 3498 1124 3550 τὸν
1176 3497 1418 3569 ὐπαρχον
1463 3499 1559 3553 καὶ
1606 3498 1808 3553 ῦπατον

221 3607 386 3677 ἡμεῖς
415 3602 676 3672 φιλοῦμεν
695 3642 712 3670 ,
740 3601 876 3656 ἀλλά
900 3601 990 3654 τὸν
1018 3602 1286 3672 δεσπότην
1324 3620 1424 3673 μου
1462 3604 1554 3658 τὸν
1593 3604 1810 3675 ἡμερώ-

220 3725 385 3763 τατον
432 3705 731 3774 Ἀνθέμιον,
764 3705 856 3758 τὸν
885 3704 1086 3775 πολλῆς
1121 3705 1218 3774 μὲν
1253 3706 1518 3770 συνέσεως
1542 3746 1557 3772 ,
1607 3708 1808 3778 πολλῆς

219 3814 281 3867 δέ
309 3812 549 3883 γέμοντα
570 3810 909 3881 φιλοσοφίας.
939 3809 1030 3862 Διό
1055 3826 1113 3862 σε
1137 3810 1230 3863 καὶ
1263 3812 1637 3883 μακαρίζομεν
1659 3854 1674 3881 ,
1707 3815 1805 3867 οὐκ

221 3915 415 3985 ἐπειδὴ
437 3914 573 3986 πρὸς
616 3913 706 3966 τὸν
744 3914 932 3984 θρόνον
970 3913 1172 3983 ἀνέϐης
1204 3915 1394 3969 τοῦτον
1416 3957 1430 3982 ,
1466 3917 1581 3970 ἀλλ’
1619 3919 1804 3988 ἐπειδὴ

217 4019 618 4088 δαψιλεστέραν
663 4015 851 4079 ἔλαϐες
889 4015 1022 4086 ὓλην
1051 4055 1065 4081 ,
1107 4018 1186 4078 εἰς
1227 4018 1288 4069 τὸ
1315 4018 1414 4088 τὴν
1450 4019 1663 4074 σύνεσίν
1709 4038 1802 4072 σου

218 4127 317 4179 καὶ
352 4127 452 4196 τὴν
501 4122 911 4194 φιλανθρωπίαν
954 4123 1347 4187 ἐπιδείξασθαι.
1387 4127 1497 4179 Καὶ
1545 4131 1658 4191 τοῖς
1687 4127 1802 4180 ἀδι-

218 4226 513 4297 κουμένοις
540 4226 674 4278 πᾶσι
701 4224 1040 4294 συνηδόμεθα
1065 4263 1080 4289 ,
1110 4225 1202 4278 τὸν
1240 4227 1445 4280 πλατύν
1477 4245 1570 4281 σου
1608 4229 1802 4299 λιμένα

214 4331 318 4402 τῆς
346 4329 528 4399 ψυχῆς
549 4327 804 4398 ὁρῶντες,
838 4328 1008 4398 μυρία
1039 4329 1337 4400 δυνάμενον
1359 4331 1516 4384 λῦσαι
1545 4334 1800 4402 ναυάγια,

215 4435 315 4486 καὶ
340 4431 467 4492 τοὺς
501 4431 581 4491 είς
604 4426 829 4498 ἔσχατον
850 4428 1142 4484 κλυδωνίου
1167 4434 1587 4504 κατενεχθέντας
1620 4453 1800 4506 παρα·

217 4533 488 4587 σκευάσαι
510 4532 760 4604 ἐξουρίας
797 4532 971 4587 πλεῖν.
1023 4534 1121 4588 Διά
1148 4537 1321 4590 ταῦτα
1352 4541 1680 4610 σκιρτῶμεν,
1713 4542 1802 4595 διὰ

213 4638 391 4693 ταῦτα
431 4636 696 4708 χαίρομεν
722 4675 738 4701 ,
782 4636 879 4707 τὴν
912 4639 1010 4707 σὴν
1037 4639 1213 4712 ἀρχὴν
1241 4643 1424 4712 κοινὴν
1466 4645 1661 4716 ἑορτὴν
1688 4647 1798 4701 τῶν

214 4743 679 4816 ιπηρεαξομένων
719 4738 860 4796 εἶναι
888 4744 1221 4814 νομίζοντες.
1257 4741 1366 4813 ’Ἧς
1395 4751 1486 4802 καὶ
1518 4751 1671 4805 αὐτοὶ
1703 4750 1798 4804 νῦν

211 4849 588 4919 ἀπολαύομεν,
619 4848 826 4901 οἰκείαν
857 4848 1047 4922 ἡδονὴν
1077 4846 1217 4905 εἶναι
1252 4853 1524 4925 τιθέμενοι
1547 4856 1656 4909 τῶν
1688 4856 1796 4911 σῶν

215 4953 658 5026 κατορθωμάτων
691 4951 752 5003 τὸ
789 4954 1035 5022 μέγεθος.

212 5066 407 5118 I’MH'.
439 5061 732 5130 Κιφιακῷ,
761 5065 1086 5134 Δημητρίῳ,
1119 5071 1458 5139 Παλλαδίῳ,
1486 5074 1794 5141 Εὺλυσίῳ,

797 5156 1171 5224 ἐπισκόποις.

283 5267 564 5339 Μακάριοι
602 5272 698 5324 καὶ
731 5274 1157 5344 τρισμακάριοι,
1207 5276 1302 5326 καὶ
1336 5275 1593 5339 πολλάκις
1636 5277 1794 5330 τοῦτο

211 5369 372 5440 ὑμεῖς
394 5372 504 5425 τῶν
533 5373 713 5428 καλῶν
749 5376 955 5429 τούτων
994 5377 1230 5448 ἱδρώτων
1262 5380 1354 5432 καὶ
1387 5379 1616 5447 ἀγώνων
1636 5421 1650 5447 ,
1685 5381 1794 5434 τῶν

214 5474 454 5547 μόχθων,
477 5480 572 5531 καὶ
607 5480 782 5534 πόνων
807 5520 820 5546 ,
853 5481 1077 5537 καὶτῶν
1103 5484 1384 5550 κινδύνων,
1406 5484 1498 5548 οὓς
1526 5485 1666 5558 ὑπὲρ
1685 5486 1794 5542 τῶν

223 5577 564 5651 Ἑκκλησιών
583 5585 689 5637 τῶν
717 5586 858 5640 κατά
887 5587 986 5656 τὴν
1011 5589 1332 5660 οἰκουμένην
1358 5591 1629 5663 κειμένων
1659 5594 1793 5648 ὑπο-

211 5686 583 5758 μεμενὴκεῖε,
610 5688 853 5762 λαμπροὶ
878 5693 976 5760 μὲν
993 5695 1050 5746 ἐν
1082 5697 1173 5764 γῇ,
1195 5694 1439 5768 λαμπροὶ
1469 5699 1524 5752 δὲ
1551 5699 1608 5755 ὲν
1628 5699 1791 5770 οὐράν

275 5819 306 5851 ⁸
332 5818 521 5872 Fabric.
543 5823 878 5888 ἀπηλλάγμεθα
896 5828 1107 5892 ἀπορίας.

1688 445 2075 506 EPISTOLAI.

3403 444 3505 500 700

1924 569 2033 630 νοῖς
2053 565 2141 619 διά
2170 563 2377 618 τούτων
2406 561 2709 632 γενόμενοι.
2741 558 2847 614 Καὶ
2868 558 2978 630 γάρ
3006 557 3283 628 ἄνθρωποι
3308 557 3508 619 πάντες

1921 675 1970 727 οί
2001 671 2125 725 νοῦν
2149 671 2364 743 ἔχοντες
2386 667 2855 738 ἀνακηρύττουσιν
2885 667 3052 736 ὑμᾶς,
3087 665 3183 718 καὶ
3214 663 3508 733 στεφανοῦ-

1923 793 2028 840 σιν,
2065 771 2492 842 ἐκπληττόμενοι
2515 769 2614 840 τὴν
2634 769 2880 821 εὐτονίαν
2906 767 3084 837 ὑμῶν,
3112 767 3210 836 τὴν
3233 766 3509 834 ἀνδρείαν,

1921 880 2017 951 τὴν
2051 878 2368 950 καρτερίαν,
2404 875 2504 944 τὴν
2536 872 2918 943 προσεδρείαν.
2951 872 3023 922 ’Ὀ
3041 888 3101 924 τε
3127 869 3514 941 φιλάνθρωπος

1921 985 2052 1049 Θεὸς
2077 1028 2091 1050 ,
2122 985 2150 1037 ὁ
2186 981 2436 1053 μείζονας
2465 983 2530 1033 ἐκ
2560 978 2757 1033 πολλοῦ
2791 976 2885 1030 τοῦ
2914 976 3195 1048 περιόντος
3221 975 3389 1038 τιθεὶς
3425 975 3512 1028 ἀεὶ

1921 1089 2030 1143 τῶν
2053 1088 2230 1159 πόνων
2251 1087 2351 1151 τὰς
2371 1085 2627 1157 ἀμοιϐάς,
2649 1083 2923 1146 τοσούτοις
2942 1081 3239 1152 ἀμείψεται
3262 1079 3510 1147 ἀγαθοῖς,

1923 1196 2067 1257 ὅσοις
2098 1193 2422 1266 ἀμείϐεσθαι
2467 1191 2588 1262 Θεῷ
2642 1190 2852 1262 πρέπον
2894 1190 3022 1251 τοὺς
3065 1187 3208 1241 οῦτω
3247 1187 3513 1256 γενναίως

1923 1297 2360 1369 ἀγωνιζομένους
2379 1296 2518 1368 ὑπὲρ
2533 1299 2632 1367 τῆς
2656 1296 2796 1350 κατά
2812 1295 2911 1364 τὴν
2939 1295 3090 1347 οίκου
3098 1293 3269 1363 μένην
3294 1293 3513 1346 ἃπασαν

1924 1407 2164 1478 εἰρήνης.
2207 1404 2308 1458 Διά
2344 1404 2501 1457 τοῦτο
2540 1403 2635 1457 καὶ
2674 1403 2836 1474 ἡμεῖς
2862 1403 2924 1455 οὐ
2960 1400 3245 1471 παυόμεθα
3275 1399 3513 1471 μακαρίο

1923 1509 2108 1573 ζοντες
2136 1509 2304 1580 ὑμᾶς,
2333 1508 2710 1578 ἐντρυφῶντες
2739 1506 2894 1577 ὑμῶν
2913 1508 2980 1577 τῇ
3007 1506 3197 1577 μνήμῃ
3221 1504 3509 1575 διηνεκῶς.

1921 1615 2014 1667 ἐπὶ
2051 1613 2288 1678 διανοίας
2311 1615 2727 1686 περιφέροντες,
2759 1615 2806 1666 εί
2837 1612 2932 1666 καὶ
2962 1610 3143 1683 πολλῷ
3171 1611 3512 1681 διῳκίσμεθα

1924 1716 2171 1790 [68ηξτῷ
2194 1711 2434 1790 τῆςίόδοῦ
2457 1718 2641 1789 μήκει.
2661 1719 2718 1770 '0
2741 1718 2840 1788 μὲν
2855 1713 2950 1771 οὖν
2963 1714 3290 1786 τιμιώτατος
3310 1717 3512 1786 Κυριαο

1923 1822 2015 1887 κὸς
2061 1824 2088 1876 ὁ
2119 1820 2365 1886 διάκονος
2413 1824 2513 1876 οὐκ
2542 1822 2786 1894 ἠδυνήθη
2815 1822 2911 1876 νῦν
2943 1819 3242 1875 ἐκπλεῦσαι
3268 1861 3282 1886 ,
3327 1819 3416 1874 διὰ
3449 1821 3510 1872 τδ

1923 1927 2101 1999 πολλῷ
2131 1927 2528 1999 κατειργάσθαι
2567 1927 2735 1999 πόνῳ.
2772 1928 2836 1980 Οί
2869 1927 3050 1997 μέντοι
3086 1925 3264 1996 κύριοί
3309 1943 3432 1996 μου,
3482 1928 3511 1978 ὁ

1923 2032 2316 2095 εὐλαϐέστατος
2343 2031 2711 2104 πρεσϐύτερος
2752 2032 3005 2102 Ἰωάννης
3029 2072 3042 2096 ,
3082 2030 3175 2084 καὶ
3194 2033 3222 2084 ό
3247 2029 3510 2100 τιμιώτα-

1922 2156 2016 2201 τος
2045 2137 2260 2199 Παῦλος
2289 2139 2318 2191 ό
2348 2137 2615 2201 διάκονος,
2651 2137 3002 2209 ἐλαυνόμενοι
3030 2135 3388 2206 πανταχόθεν,
3416 2134 3509 2188 καὶ

1923 2239 2173 2312 μηδαμοῦ
2207 2239 2438 2310 στῆναι,
2485 2239 2619 2311 μηδὲ
2673 2239 2858 2293 λαθεῖν
2901 2239 3152 2309 ἔχοντες,
3211 2240 3513 2307 ἀναγκαῖον

1920 2346 2178 2416 ἐνόμισαν
2195 2345 2533 2399 ’καταλαϐεῖν
2573 2344 2728 2416 ὐμῶν
2762 2345 2861 2416 τὴν
2891 2344 3112 2415 ἀγάπην
3139 2388 3154 2411 ,
3184 2345 3278 2398 καὶ
3321 2343 3508 2398 αὐτόθι

1924 2452 2041 2521 μεθ’
2071 2451 2226 2521 ὑμῶν
2256 2447 2416 2504 εῖναι.
2445 2450 2740 2520 Δεξάμενοι
2771 2448 2948 2502 τοίνυν
2973 2451 3170 2516 αὐτοὺς
3200 2450 3336 2521 μετά
3371 2450 3510 2518 ἀγά-

1921 2573 2049 2627 πης,
2085 2558 2185 2628 τὴν
2212 2556 2530 2627 πρέπουσαν
2562 2557 2691 2626 ὑμῖν
2725 2553 2936 2609 εὔνοιαν
2983 2557 3110 2627 περὶ
3147 2556 3344 2619 αὐτοὺς
3384 2555 3508 2608 ἐπι-

1918 2660 2184 2725 δείξασθε.

2058 2778 2246 2829 PMG’.
2286 2776 2563 2843 Αὑρηλίῳ
2603 2775 2912 2842 ἐπισκόπει)
2960 2774 3364 2843 Καρθαγένης.

1988 2883 2202 2949 Βαϐαὶ,
2258 2882 2442 2953 ἡλίκον
2492 2883 2609 2935 ἐστὶ
2663 2883 2887 2951 γενναία
2943 2882 3126 2952 ψυχὴ,
3182 2883 3277 2935 καὶ
3329 2880 3510 2952 πολλῷ

1918 2987 2156 3058 βρύουσα
2209 2986 2289 3056 τῷ
2346 2988 2446 3054 τῆς
2499 2987 2721 3057 ἀγάπης
2777 2988 2874 3041 καὶ
2937 2985 3016 3056 τῷ
3069 2987 3166 3056 τῆς
3220 2986 3509 3049 εὐλαϐείας

1917 3092 2114 3162 καρπῴ
2136 3133 2150 3158 ,
2189 3093 2323 3145 ὅπου
2372 3108 2437 3159 γε
2484 3092 2579 3145 καὶ
2624 3092 2789 3155 αὐτὸς
2826 3091 3080 3145 τοσοῦτον
3111 3092 3266 3163 ὴμῶν
3295 3095 3508 3166 ἀπῳκι-

1917 3197 2112 3268 σμένος
2141 3194 2264 3249 ὁδοῦ
2292 3196 2465 3266 μῆκος
2493 3238 2507 3261 ,
2559 3198 2636 3259 ὡς
2676 3195 2868 3266 παρὼν
2910 3196 3006 3248 καὶ
3044 3197 3162 3264 μεθ’
3208 3197 3365 3267 ἡμῶν
3408 3196 3504 3264 ὢν,

1920 3299 2102 3364 οὕτως
2137 3301 2285 3371 ἡμᾶς
2313 3297 2478 3366 εἷλες,
2511 3303 2604 3355 καὶ
2635 3302 2932 3372 ἐχειρώσω.
2983 3301 3097 3372 Τῆς
3138 3301 3246 3372 γὰρ
3284 3303 3510 3373 ἀγάπης

1917 3425 2008 3460 σου
2029 3408 2090 3461 τὸ
2112 3406 2342 3478 θερμὸν,
2379 3408 2472 3461 καὶ
2506 3409 2605 3479 τῆς
2631 3407 2946 3480 παρρησίας
2973 3409 3066 3462 καὶ
3089 3408 3188 3479 τῆς
3218 3408 3508 3472 εὐλαϐείας

1912 3514 1946 3580 ἡ
1984 3510 2180 3564 εὐωδία
2216 3511 2378 3584 μέχρι
2407 3512 2476 3566 τὰ
2511 3512 2671 3584 ἡμῶν
2698 3513 2808 3566 τῶν
2841 3515 2898 3566 ὲν
2931 3514 3157 3585 ἐσχατιᾷ
3196 3515 3294 3586 τῆς
3322 3516 3506 3569 οίκου-

1921 3617 2090 3688 μένης
2121 3617 2445 3689 καθημένων
2488 3618 2742 3687 ἔφθασεν.
2791 3620 2891 3674 Διά
2934 3621 3104 3674 ταῦτά
3149 3637 3230 3675 σοι
3275 3622 3506 3692 χάριτας

1915 3709 2114 3772 πολλάς
2145 3711 2321 3780 ῐσμεν,
2353 3709 2441 3764 διὰ
2479 3711 2653 3765 ταῦτά
2696 3729 2788 3766 σου
2823 3713 3200 3784 μακαρίζομεν
3219 3713 3317 3784 τὴν
3341 3715 3506 3768 εὐλά-

1912 3814 2182 3879 ϐειαν,ὃτι
2198 3815 2358 3868 πόνον
2385 3815 2551 3869 πολὺν
2575 3816 2668 3870 καὶ
2700 3817 2898 3887 ίδρῶτα
2930 3817 3070 3890 ὑπὲρ
3096 3818 3204 3873 τῶν
3237 3820 3380 3872 κατὰ
3407 3818 3506 3892 τὴν

1911 3919 2238 3989 οἰκουμένην
2301 3919 2640 3990 Ἐκκλησιῶν
2697 3921 3134 3993 ἀναδεχόμενος,
3213 3923 3503 3994 μεγίστους

1913 4022 2093 4091 ἑαυτῷ
2134 4021 2288 4094 παρά
2324 4023 2404 4093 τῷ
2447 4024 2816 4096 φιλανθρώπῳ
2850 4025 2970 4096 Θεῷ
3017 4027 3331 4098 προαπέθου
3376 4030 3503 4093 τοὺς

1917 4126 2235 4194 στεφάνους.
2259 4128 2368 4181 Καί
2419 4145 2477 4182 σε
2521 4130 2950 4201 παρακαλοῦμεν
2998 4134 3178 4202 μεῖναι
3206 4134 3298 4186 τὸν
3337 4133 3505 4188 καλὸν

1915 4229 2103 4283 τοῦτον
2147 4230 2334 4298 ἀγῶνα
2364 4233 2765 4303 ἀγωνιζόμενον
2791 4250 2804 4264 ο
2833 4229 2990 4288 οἶσθα
3022 4235 3130 4306 γάρ
3155 4235 3222 4289 τά
3252 4235 3502 4291 ἐντεῦθεν

1914 4336 2157 4408 βραϐεἰα.
2210 4339 2273 4394 Εί
2303 4339 2411 4410 γάρ
2453 4340 2549 4395 ἕνα
2589 4359 2674 4405 τις
2715 4342 3072 4412 ἀδικούμενον
3115 4343 3208 4398 καὶ
3259 4361 3502 4416 παρανο-

1914 4440 2182 4512 μούμενον
2224 4442 2431 4513 ἀνέχων
2474 4444 2681 4512 ἄφατον
2729 4445 2843 4516 ἔχει
2887 4448 3038 4517 παρὰ
3086 4447 3178 4500 τοῦ
3231 4448 3367 4502 Θεοῦ
3408 4448 3501 4504 τὸν

1912 4542 2104 4611 μισθὸν
2131 4584 2146 4608 ,
2188 4544 2440 4614 ἐννόησον
2487 4544 2620 4616 ὅσην
2671 4546 2834 4609 αὐτὸς
2882 4546 3028 4619 λήψῃ
3073 4547 3170 4618 τὴν
3227 4548 3498 4620 ἀμοιϐὴν,

1921 4645 2249 4716 Ἐκκλησίας
2287 4648 2558 4711 τοσαύτας
2599 4650 3013 4719 ταρασσομένας
3059 4650 3145 4704 διά
3183 4652 3284 4722 τῆς
3326 4654 3500 4721 καλῆς

1908 4750 2115 4821 ταύτης
2154 4753 2392 4824 σπουδῆς
2421 4752 2782 4808 ἀπαλλάττων
2816 4757 2917 4825 μὲν
2939 4757 3184 4827 θορύϐων
3212 4760 3304 4811 καὶ
3327 4770 3515 4831 ταρα-’

1907 4854 2030 4924 χῆς,
2063 4858 2140 4918 εἰς
2162 4857 2218 4909 δέ
2240 4857 2474 4928 γαληνὸν
2505 4858 2702 4929 λιμένα
2733 4863 2956 4931 εἰρήνης
2989 4864 3215 4934 ὁρμίσαι
3243 4865 3269 4904 ὶσ
3302 4866 3491 4918 ἐσπου-

1905 4958 2101 5022 δακώς.

2043 5060 2050 5064 ⁷
2296 5077 2429 5130 PN.
2472 5077 2721 5146 Μαξιζιιῳ
2767 5081 3098 5146 ἑπισκόπῳ.

1984 5179 2149 5235 Ὅταν
2180 5184 2421 5254 ἐννοήσω
2449 5187 2578 5250 τούς
2611 5188 2806 5252 πόνους
2836 5191 3013 5261 ὐμῶν,
3049 5194 3143 5245 καὶ
3175 5195 3302 5257 τοὺς
3339 5195 3495 5267 ἱδρῶ-

1902 5305 2022 5352 τας,
2063 5289 2188 5350 τοὺς
2226 5290 2318 5342 ἐπὶ
2366 5292 2564 5363 μακρῷ
2607 5295 2783 5365 χρόνῳ
2828 5298 3227 5369 γεγενημένους
3252 5338 3266 5363 ,
3307 5301 3366 5354 οὐ
3396 5303 3495 5373 τὴν

1902 5394 2192 5463 τυχοῦσαν,
2220 5393 2360 5448 ἀλλὰ
2384 5396 2477 5451 καὶ
2497 5398 2762 5470 μεγίστην
2789 5401 3106 5472 καρποῦμαι
3126 5404 3493 5477 παράκλησιν,

1903 5497 1987 5567 ἐφ’
2022 5491 2104 5561 οἷς
2145 5497 2306 5562 αὐτὸς
2349 5499 2595 5554 πέπονθα
2648 5505 2980 5578 παρανόμως
3005 5547 3020 5571 ,
3074 5510 3174 5580 τὴν
3217 5511 3491 5584 ὑμετέραν

1902 5601 2125 5673 ἀγάπην
2151 5602 2249 5672 τὴν
2278 5603 2420 5658 οὐτω
2447 5604 2658 5678 θερμὴν
2686 5608 2780 5662 καὶ
2814 5611 3044 5682 γνησίαν
3065 5654 3079 5678 ,
3105 5615 3205 5686 τὴν
3232 5616 3490 5686 πρόνοιαν

1900 5707 2001 5778 τὴν
2035 5706 2324 5779 εἰλικρινῆ.
2357 5709 2454 5780 τὴν
2487 5712 2798 5783 ἀγρυπνίαν
2831 5713 2933 5786 τὴν
2964 5716 3105 5788 ὑπὲρ
3134 5719 3232 5791 τῆς
3268 5719 3492 5794 διορθώ-

1968 5844 1998 5883 b
2022 5842 2156 5894 Unus
2179 5845 2401 5906 ὁρμῆσαι.
