4152 6492
194 462 292 520 τοι

194 579 283 646 lis,
303 593 423 648 qua:
442 578 798 648 contigerunt,
832 574 1163 647 corrigendis
1180 569 1526 670 vigilantiam,
1562 567 1778 670 maximi

190 670 372 725 solatii
407 671 531 730 loco
571 670 795 726 ducens.
841 668 1115 739 Siquidem
1146 665 1198 721 id
1226 679 1332 719 non
1362 661 1618 717 mediocri
1646 659 1777 714 mihi

187 762 546 818 consolationi
576 763 693 828 fuit,
727 777 849 818 cum
887 760 1012 816 illud
1041 774 1250 815 meeum
1289 766 1594 828 reputarem
1619 795 1632 818 ,
1684 768 1781 807 vos

190 861 345 907 tanto
371 853 652 908 intervallo
679 868 710 907 a
744 851 1160 922 medisjunctos,
1189 864 1314 906 cum
1369 862 1470 903 nec
1521 863 1608 902 tne
1661 861 1780 899 um-

184 959 351 1014 quam
378 943 664 1009 vidissetis.
694 959 794 1000 nec
842 959 872 998 a
924 959 1011 998 me
1056 941 1154 997 visi
1197 940 1388 996 essetis
1414 980 1432 1008 ,
1465 953 1563 994 nec
1614 937 1783 993 ullum

187 1049 444 1104 umquam
479 1049 790 1098 sermonem,
821 1050 1028 1090 meeum
1070 1031 1388 1088 habuissetis
1410 1069 1426 1096 ,
1456 1039 1783 1101 perpetrato-

187 1139 310 1179 rum
335 1124 626 1179 facinorum
657 1125 932 1195 iniquitate
966 1130 1513 1196 repentecommotos,
1533 1130 1783 1192 quantam

188 1223 374 1284 patres
385 1229 510 1286 erga
524 1214 742 1284 liberos,
758 1224 954 1271 tantam
969 1231 1092 1286 erga
1109 1231 1196 1272 me
1223 1215 1497 1271 caritatem
1523 1214 1785 1269 ostendis-

187 1320 273 1373 se,
289 1306 397 1361 imo
425 1307 584 1362 etiam
596 1321 738 1363 cura:
759 1322 821 1364 ac
842 1307 1208 1366 sollicitudinis
1229 1307 1590 1379 magnitudine
1613 1317 1786 1379 pater-

189 1410 322 1450 num
348 1412 586 1454 amorem
615 1413 914 1469 superasse.
945 1402 1024 1455 Ac
1065 1410 1347 1470 propterea
1386 1400 1569 1470 pietati
1593 1409 1784 1456 vestra:

187 1488 422 1556 gratiam
455 1489 648 1558 habeo,
677 1506 876 1562 vosque
919 1491 1161 1549 miriﬁcis
1203 1493 1447 1549 laudibus
1489 1493 1542 1548 in
1594 1493 1784 1550 caelum

191 1578 334 1646 fero,
365 1591 591 1654 petoque
610 1598 638 1637 a
666 1583 837 1651 vobis,
868 1593 925 1639 ut
945 1585 1043 1654 ipsi
1058 1585 1574 1652 vosmetimitcmini,
1597 1601 1787 1656 quam.-

190 1686 303 1742 que
331 1676 556 1728 antehac
583 1689 798 1746 semper
826 1676 988 1729 animi
1015 1677 1484 1746 promptitudinem
1512 1677 1784 1733 exhibuis-

193 1764 287 1829 tis,
316 1779 432 1818 eam
462 1763 528 1819 ad
560 1774 857 1821 extremum
889 1767 1214 1836 perducatis.
1268 1769 1338 1826 Ut
1385 1771 1528 1825 enim
1568 1769 1634 1825 ad
1678 1785 1739 1825 ca
1767 1810 1782 1836 ,

191 1871 319 1925 qua:
344 1856 670 1925 acciderunt,
708 1859 982 1914 sarciendo
1012 1860 1144 1915 nihil
1197 1861 1319 1917 hinc
1373 1862 1613 1917 utilitatis
1663 1877 1798 1932 νιος

191 1947 487 2017 grediatur,
546 1965 650 2005 non
681 1965 842 2021 parva
871 1961 1070 2019 tamen,
1103 1953 1284 2022 utjam
1309 1953 1438 2017 dixi,
1489 1953 1640 2009 nobis
1671 1954 1786 2010 ha:c

190 2039 494 2095 consolatio
524 2041 698 2096 futura
727 2051 829 2108 est,
859 2043 998 2113 quod
1030 2053 1229 2099 tantam
1254 2060 1284 2099 a
1313 2045 1460 2101 vobis
1507 2048 1782 2102 caritatem

191 2132 542 2200 obtiunerim,
571 2143 731 2206 atque
751 2136 1041 2192 etiamnum
1067 2136 1360 2194 obtineant.

497 2265 636 2322 CLI.
662 2268 832 2324 Asello
851 2270 1105 2341 episcOpo.
1139 2270 1316 2341 (Anno
1341 2272 1487 2342 406.)

264 2391 392 2448 Scio
439 2406 536 2447 vos
564 2391 736 2449 literis
761 2393 890 2448 nihil
921 2393 1161 2465 indigere
1180 2435 1194 2457 .
1222 2395 1415 2467 quibus
1439 2399 1744 2454 excitemini
1763 2440 1782 2467 ,

188 2492 354 2554 atque
386 2498 448 2538 ea
477 2484 616 2540 mala
636 2525 652 2551 ,
682 2501 800 2556 qua:
828 2485 1116 2542 orientales
1145 2487 1410 2544 Ecclesias
1437 2489 1743 2546 invaserunt
1761 2531 1779 2558 ,

187 2575 476 2630 sarcienda
508 2577 828 2648 suscipiatis.
861 2578 1023 2650 quue
1047 2594 1146 2651 per
1173 2595 1237 2635 ea
1260 2622 1275 2647 ,
1307 2597 1426 2651 quae
1451 2597 1482 2637 a
1514 2584 1661 2638 vobis
1685 2599 1783 2654 ge-

187 2673 274 2718 sta
317 2676 475 2732 sunt,
519 2667 732 2737 planum
772 2669 971 2726 fecistis
1002 2687 1015 2724 :
1047 2671 1241 2742 quippe
1269 2674 1357 2743 qui
1387 2685 1560 2730 vestra
1589 2687 1781 2744 sponte

191 2764 399 2811 tantum
445 2759 606 2814 studii
651 2775 716 2816 ac
753 2761 1040 2832 diligentiae
1080 2764 1381 2833 praebentis.
1417 2765 1610 2823 Verum
1641 2784 1777 2838 quo-

188 2847 336 2906 niam
380 2850 678 2920 hujusmodi
709 2854 844 2908 mala
865 2897 880 2921 ,
913 2866 1130 2928 propter
1158 2872 1346 2913 eorum
1375 2859 1462 2930 qui
1489 2875 1551 2915 ea
1585 2875 1777 2930 perpe-

190 2946 404 2994 trarunt
425 2943 709 2997 amentiam
732 2985 746 3009 ,
770 2960 875 2999 non
902 2945 1076 3003 adhuc
1096 2948 1377 3005 ernendata
1399 2959 1526 3006 sunt
1543 2993 1557 3016 ,
1582 2951 1782 3008 idcirco

189 3034 553 3089 necessarium
604 3035 853 3094 duximus
901 3054 996 3095 vos
1042 3040 1276 3108 hortari,
1327 3047 1384 3099 ut
1424 3060 1493 3100 ne
1520 3045 1779 3117 defatige-

189 3121 325 3176 mini
345 3163 360 3185 .
393 3139 576 3179 verum
607 3135 878 3183 strenuam
903 3131 1065 3186 animi
1092 3133 1420 3190 alacritatem
1441 3132 1776 3203 adhibeatis',

188 3224 352 3282 atque
377 3232 408 3269 a
438 3217 586 3274 vobis
607 3219 735 3290 ipsis
761 3237 946 3280 rursus
970 3227 1148 3281 omnia
1175 3227 1482 3284 conferatis.
1515 3230 1645 3286 Nam
1673 3248 1781 3303 quo

189 3306 576 3374 periculosiore
629 3327 692 3367 ac
741 3312 1114 3374 incurabiliore
1161 3319 1352 3375 morbo
1397 3321 1642 3378 laborant
1690 3326 1780 3394 qui

187 3393 457 3452 adversus
492 3399 850 3460 Ecclesiarum
889 3416 1085 3463 statum
1129 3409 1422 3468 seditiones
1451 3415 1686 3484 agitant,
1715 3432 1782 3473 eo

188 3501 405 3560 quoque
423 3495 636 3562 gravius
658 3497 890 3568 ipsorum
912 3501 1170 3570 judicium
1196 3506 1298 3560 erit
1326 3522 1341 3560 :
1369 3521 1434 3563 ac
1456 3507 1628 3576 vobis,
1652 3525 1784 3565 con-

190 3588 302 3646 tra,
348 3597 574 3652 quorum
612 3590 776 3646 animi
817 3592 1034 3649 minime
1082 3594 1421 3668 franguntur,
1465 3599 1784 3658 luculentior

187 3685 402 3728 merces
431 3683 484 3730 et
505 3677 735 3749 majores
759 3697 995 3740 coronae.

351 3833 524 3892 CLII.
559 3793 848 3907 Episcopi;
881 3838 1080 3910 (Anno,
1110 3849 1168 3896 ut
1192 3851 1428 3914 putatur,
1461 3845 1613 3917 £06.)

261 3967 326 4022 Et
372 3969 616 4039 privatim
661 3971 915 4041 singulis,
947 3983 1002 4030 et
1030 3977 1320 4034 universim
1351 3981 1600 4037 omnibus
1629 3983 1780 4040 vobis

183 4059 388 4127 gratias
435 4059 637 4115 referre
686 4061 978 4132 debemus,
1027 4081 1131 4122 non
1181 4083 1276 4124 nos
1324 4070 1635 4141 dumtaxat,
1684 4075 1779 4130 sed

183 4150 351 4202 etiam
383 4164 571 4207 omnes
589 4151 876 4210 orientales
904 4157 1139 4229 episcopi
1159 4200 1175 4224 ,
1203 4160 1534 4219 diversarum
1566 4167 1779 4222 urbium

187 4237 415 4305 clerici,
461 4256 524 4297 ac
565 4242 682 4298 laici
712 4245 860 4301 vario
888 4247 1048 4304 modo
1079 4250 1250 4319 pulsi,
1281 4253 1422 4322 quod
1451 4265 1671 4324 paterna
1700 4261 1782 4314 vi-

182 4345 341 4385 scera
370 4331 703 4403 exhibentes,
734 4337 902 4393 vicem
932 4349 1167 4395 nostram
1180 4341 1443 4411 doluistis,
1465 4346 1782 4421 fortiterque

183 4419 433 4476 stetistis.
461 4422 592 4478 Nam
619 4425 876 4498 quidquid
900 4439 1197 4488 vestrarum
1227 4437 1453 4505 partium
1475 4450 1609 4504 erat,
1641 4419 1778 4512 pra:-

183 4510 421 4568 stitistis.
464 4515 542 4570 Ac
579 4526 859 4587 propterea
889 4523 1064 4578 cuncti
1097 4539 1193 4580 vos
1221 4528 1545 4599 praedicant,
1577 4510 1778 4590 corona

181 4601 424 4670 donant,
468 4615 752 4680 vestraque
796 4612 1005 4684 egregia
1049 4613 1283 4672 facinora
1323 4619 1378 4674 in
1417 4637 1514 4678 ore
1556 4622 1775 4681 habent.

182 4693 342 4763 Quod
377 4696 423 4752 si
450 4700 580 4754 tanti
611 4699 843 4758 honores
868 4704 1019 4761 vobis
1047 4707 1116 4762 ab
1145 4708 1450 4769 hominibus
1479 4715 1778 4787 habentur,

181 4787 419 4858 Cogitate
456 4801 649 4861 quanta
689 4793 841 4849 vobis
880 4811 910 4851 a
941 4798 1174 4869 benigno
1201 4801 1310 4857 Deo
1340 4807 1557 4873 prtemia
1583 4824 1764 4879 exspe-

181 4879 381 4935 ctanda
410 4881 536 4937 sint.
565 4883 697 4950 Qua:
724 4900 844 4941 cum
875 4887 974 4958 ipsi
1003 4904 1108 4944 non
1129 4890 1412 4963 ignoretis,
1439 4901 1777 4958 reverendis-

182 4969 313 5024 simi
341 4986 404 5026 ac
431 4973 815 5045 religiosissimi
841 4978 1040 5035 domini
1065 4984 1202 5052 mei,
1227 4986 1438 5044 etiamsi
1465 4989 1536 5059 ii,
1559 4993 1650 5063 qui
1679 4994 1779 5051 Ec-

184 5061 385 5117 clesias
435 5067 774 5133 uerturbant,
823 5071 1098 5130 iueurabili
1141 5078 1331 5135 morbo
1366 5091 1678 5155 teneantur,
1711 5106 1780 5147 ue

187 5163 404 5220 tamen,
450 5160 590 5228 quod
641 5165 894 5231 potestis,
937 5169 1233 5226 remedium
1282 5173 1476 5233 ;ﬂ‘erre
1503 5179 1780 5239 desinatis.

185 5246 321 5300 Nam
363 5265 471 5318 quo
518 5251 665 5319 plura
707 5254 1081 5325 impedimenta
1125 5262 1250 5329 ',ac
1284 5269 1456 5337 major
1493 5270 1780 5331 difficultas

189 5337 386 5404 fuerit,
428 5354 493 5394 eo
533 5357 746 5414 quoque
788 5348 958 5418 major
995 5352 1150 5409 vobis
1183 5370 1391 5414 merces
1421 5363 1542 5417 erit.
1573 5363 1706 5421 Nam
1733 5369 1777 5422 si

187 5429 280 5498 qui
316 5431 562 5499 poculum
590 5449 742 5504 aqua:
769 5436 972 5508 frigidae
997 5441 1123 5511 dat,
1157 5461 1264 5502 non
1291 5450 1406 5506 sine
1436 5455 1682 5512 mercede
1708 5457 1779 5513 ob

187 5522 576 5579 humanitatem
601 5525 713 5582 abit
733 5527 947 5598 (Matth.
980 5533 1067 5589 l0.
1089 5537 1204 5608 42):
1221 5543 1551 5615 perpendite,
1574 5563 1778 5620 qnmso,

258 5718 273 5748 ε
301 5717 822 5804 (ἶιηηοςὶλιμῗλιιοςιι-ἰ,
842 5737 938 5804 quo
959 5729 1121 5798 plures
1141 5737 1436 5804 tempestates
1459 5740 1557 5804 (gr.
1581 5743 1774 5793 «Move

183 5779 252 5844 ,τὰ
295 5779 521 5865 lupanar).
571 5781 720 5838 Edit..
765 5779 865 5865 (lito,

207 5853 339 5919 Luam
361 5843 648 5919 ductionem
699 5843 1020 5919 prmferebattt
1051 5843 1252 5919 aliquot
1286 5843 1770 5919 Ῑηίὲόὶιιὸὶιῖζῦὖὶῖέὶ

193 5899 309 5948 llas.
339 5904 491 5954 Sari].
520 5902 671 5956 etiam
694 5899 743 5957 in
767 5915 912 5960 textu
938 5899 1196 5977 “aqua
1214 5899 1378 5972 habet:

1644 450 1683 504 l'.
1691 447 1906 506 IPISTUI
1913 448 2018 504 ΑΞ.

3381 457 3488 511 702.

1892 573 2143 633 quantam
2189 578 2320 629 vos,
2371 563 2460 631 qui
2514 577 2609 633 pro
2647 564 2970 632 perturbatis
3009 566 3266 626 Ecclesiis
3314 581 3393 626 tot
3426 587 3488 630 ac

1891 662 2036 707 tanta
2061 663 2118 709 et
2145 657 2319 709 lacere
2343 664 2399 708 et
2428 656 2628 725 perpeti
2659 656 2712 710 in
2735 657 2971 713 animum
3001 659 3307 728 induxistis,
3341 682 3484 720 mer-

1889 745 2075 801 cedem
2105 745 2377 815 accepturi
2404 746 2523 800 sitis
2541 788 2554 811 ,
2583 757 2888 821 quantaque
2917 767 3012 808 vos
3041 754 3381 826 egregiorum
3410 757 3491 812 la-

1890 836 2080 892 borum
2109 838 2324 906 prtemia
2353 850 2621 893 maneant.

2068 927 2276 984 CLIII.
2304 927 2519 984 Iisdem.
2547 933 2750 1002 (Almo,
2779 947 2836 989 ut
2857 945 3093 1005 putatur,
3124 939 3275 1010 $06.)

1960 1018 2260 1089 Numquam
2289 1021 2442 1077 vobis
2468 1023 2666 1094 gratias
2696 1023 2896 1081 habere
2927 1027 3342 1088 intermittimus.
3376 1034 3486 1090 Etsi

1890 1112 2032 1167 enim
2072 1113 2268 1169 multas
2304 1115 2374 1170 ab
2419 1114 2660 1171 hostibus
2684 1116 2910 1186 injurias
2935 1123 3273 1192 accepimus,
3307 1135 3486 1182 tamen

1891 1204 2176 1274 plurimum
2221 1207 2402 1262 auxilii
2445 1217 2606 1278 atque
2645 1209 2867 1264 subsidii
2913 1227 2945 1266 a
2987 1215 3168 1282 vobis,
3212 1217 3484 1288 ingentem

1890 1295 2211 1364 caritatem,
2251 1297 2514 1354 sinceram
2547 1299 2932 1358 humanitatem
2956 1345 2972 1371 ,
3002 1304 3487 1367 ferventissimum-

1890 1402 1994 1456 que
2023 1389 2258 1444 studium
2288 1391 2554 1446 sensimus
2584 1409 2598 1445 :
2625 1407 2690 1447 ex
2717 1393 2886 1464 iisque
2913 1397 3074 1454 rebus
3099 1415 3204 1454 non
3234 1404 3486 1472 exiguum

1893 1489 2003 1535 tum
2037 1483 2338 1553 gravissimi
2379 1484 2582 1551 exsilii,
2613 1501 2721 1556 quo
2750 1486 3085 1558 detinemnr,
3120 1501 3231 1547 tum
3261 1494 3488 1552 aliorum

1880 1572 2151 1647 .malorum
2171 1612 2188 1640 ,
2225 1589 2344 1643 qua:
2380 1574 2533 1630 nobis
2564 1575 2708 1632 illata
2733 1588 2857 1633 sunt
2879 1621 2893 1645 ,
2925 1582 3174 1638 solatium
3203 1584 3486 1643 habemus.

1893 1664 2017 1720 Ideo
2052 1681 2145 1721 vos
2190 1683 2441 1737 rogamus
2462 1709 2476 1731 .
2518 1679 2576 1724 ut
2605 1672 2849 1750 eamdem
2879 1675 3034 1731 nobis
3060 1678 3488 1739 benevolentiam

1893 1755 2142 1826 idemque
2168 1758 2402 1814 studium
2430 1759 2684 1818 exhibere
2710 1766 2965 1843 pergatis.
2991 1768 3177 1840 Neque
3199 1773 3342 1827 enim
3363 1774 3487 1829 oili-

1891 1849 2033 1903 cium
2060 1850 2214 1905 nubis
2237 1860 2440 1907 tantum
2471 1854 2832 1924 prmstabitnr,
2857 1874 3040 1914 verum
3066 1862 3224 1918 etiam
3249 1865 3315 1920 ad
3338 1882 3488 1924 com-

1891 1954 2108 1994 munem
2140 1941 2502 1999 Eeclesiarum
2536 1946 2819 2002 utilitatem
2849 1949 3165 2008 dimanabit.
3196 1953 3312 2010 Non
3343 1960 3486 2014 cnitn

1896 2045 1997 2083 una
2016 2072 2031 2096 ,
2061 2041 2154 2084 aut
2183 2033 2348 2088 altera
2370 2075 2384 2099 ,
2416 2045 2512 2088 aut
2540 2045 2648 2092 tres
2669 2038 2858 2105 urbes,
2893 2055 3075 2097 veinm
3109 2046 3330 2118 integra:
3356 2066 3490 2121 gen—

1892 2130 1975 2177 tes
1996 2124 2188 2193 ubique
2214 2135 2472 2180 tcrrarmu
2499 2130 2898 2196 perturbantur.
2926 2135 3003 2189 At:
3030 2137 3254 2205 proinde
3284 2149 3487 2198 tantum

1889 2229 1920 2268 τι
1975 2215 2125 2272 vobis
2183 2218 2415 2273 studium
2473 2220 2716 2278 adhiberi
2773 2229 3062 2292 convenit,
3110 2242 3366 2301 quantum
3419 2237 3488 2292 ab

1891 2306 1955 2360 iis
1997 2307 2236 2364 adhiberi
2285 2325 2380 2380 par
2426 2310 2541 2378 est,
2568 2315 2659 2383 qui
2712 2330 2807 2386 pro
2853 2327 2930 2372 tot
2979 2321 3275 2380 animarum
3318 2329 3489 2386 salute

1892 2399 2128 2455 laborem
2187 2403 2504 2474 suscipiunt.
2560 2407 2714 2475 Quod
2764 2411 2807 2464 si
2864 2412 3059 2468 multos
3112 2417 3224 2486 jam
3279 2420 3489 2479 labores

1893 2493 2217 2562 pertulistis,
2279 2499 2578 2568 vestrisque
2643 2503 2881 2571 partibus
2945 2508 3109 2564 iuncti
3171 2514 3337 2583 estis,
3393 2533 3490 2572 nos

1889 2600 2102 2655 quoque
2151 2587 2200 2642 id
2245 2590 2580 2660 exploratum
2612 2593 2901 2666 habemus,
2933 2616 3104 2672 eoque
3128 2607 3346 2663 nomine
3374 2611 3492 2667 sine

1887 2678 1991 2732 ulla
2043 2679 2437 2739 intermissione
2484 2687 2636 2743 vobis
2690 2691 2889 2760 gratias
2945 2696 3152 2766 agimus
3198 2717 3212 2753 :
3260 2703 3491 2769 petimus

1887 2781 2069 2826 autem
2101 2788 2132 2827 a
2163 2775 2344 2845 vobis,
2379 2794 2446 2833 ne
2474 2777 2574 2835 hoc
2600 2781 2780 2840 facere
2801 2785 3078 2844 desinatis.
3107 2791 3383 2863 Siquidem
3411 2807 3491 2852 to-

1888 2862 2147 2934 lerantia,
2181 2869 2431 2936 patientia
2453 2912 2469 2939 ,
2502 2883 2557 2928 et
2581 2885 2836 2932 constans
2863 2884 3125 2940 sententia
3158 2862 3363 2957 vestra,
3395 2906 3491 2948 eos

1887 2955 2049 3010 etiam
2090 2957 2180 3028 qui
2226 2961 2490 3028 pervicaci
2529 2966 2710 3021 animo
2750 2979 2910 3038 sunt,
2954 2988 3018 3030 ac
3048 2990 3184 3044 pene
3208 2955 3488 3039 incurabili

1889 3048 2078 3102 morbo
2110 3058 2360 3107 tenentur
2386 3095 2399 3119 ,
2430 3055 2496 3110 ab
2525 3071 2619 3120 ea,
2648 3075 2751 3130 qua
2784 3077 2924 3118 nunc
2951 3064 3230 3139 laborant,
3263 3073 3490 3130 demen-

1891 3138 1958 3192 tia
1985 3139 2255 3197 abdncere
2285 3146 2503 3213 poterit.
2537 3147 2596 3203 Si
2625 3165 2751 3205 vero
2782 3151 3158 3215 immedicabili
3189 3138 3378 3224 morbo
3409 3167 3491 3221 la-

1890 3228 2082 3286 borent
2105 3274 2119 3298 ,
2165 3243 2221 3289 at
2253 3235 2406 3293 vobis
2446 3249 2595 3297 certe
2631 3245 2899 3303 cumulata
2927 3264 3167 3322 merces,
3197 3255 3491 3315 bonorum-

1887 3337 1993 3394 que
2024 3325 2216 3382 horum
2246 3329 2261 3360 ¹
2289 3344 2488 3388 corona
2514 3333 2718 3408 integra
2748 3340 2871 3395 erit.

2101 3437 2296 3494 CLIV.
2322 3441 2533 3500 Iisdem.
2551 3446 2753 3520 (Anno,
2779 3463 2836 3508 ut
2858 3465 3096 3528 putatur,
3119 3461 3274 3537 406.)

1961 3549 2070 3606 Nos
2098 3554 2319 3624 quidem
2349 3561 2592 3630 corporis
2616 3565 2778 3620 etiam
2809 3571 2978 3628 oculis
3003 3589 3097 3630 vos
3124 3578 3307 3637 videre
3329 3595 3494 3655 cupe-

1889 3658 2111 3711 rcmus;
2153 3651 2404 3717 quoniam
2434 3665 2613 3712 autem
2645 3657 2694 3714 id
2722 3661 2944 3721 minime
2969 3666 3092 3724 licet
3115 3710 3130 3733 ,
3163 3673 3286 3742 quia
3314 3651 3488 3735 exsilii

1888 3735 2114 3792 vinculis
2155 3743 2432 3798 constricti
2466 3755 2710 3804 tenemur
2730 3793 2744 3816 ,
2775 3754 3014 3813 caritatis
3039 3735 3208 3818 oculis
3234 3780 3331 3822 vos
3359 3784 3496 3840 quo-

1890 3827 2021 3882 tidie
2058 3830 2329 3887 cernimus
2364 3845 2524 3906 atque
2553 3841 2928 3910 amplectimur
2948 3889 2961 3909 .
2997 3850 3291 3925 plausuque
3317 3827 3493 3916 et'ad-

1889 3919 2176 3978 miratione
2207 3929 2458 3996 prosequi
2483 3944 2590 3984 non
2614 3932 2928 4002 desinimus,
2947 3941 3090 4009 quod
3110 3919 3308 4001 tantam
3327 3952 3491 4008 animi

1888 4009 2217 4072 alacritatem
2243 4029 2307 4070 ac
2328 4017 2562 4074 studium
2593 4036 2689 4091 pro
2709 4023 2943 4085 Orientis
2970 4031 3225 4091 Ecclesiis
3246 4037 3314 4093 ab
3340 4040 3493 4099 initio

1888 4101 1953 4157 ad
1980 4102 2081 4160 hoc
2120 4121 2289 4178 usque
2319 4117 2528 4182 tempus
2555 4126 2862 4176 constanter
2891 4124 3210 4184 exhibuistis
3243 4150 3256 4186 :
3289 4149 3490 4207 vosque

1887 4211 2140 4267 rogamus
2161 4241 2176 4265 ,
2218 4210 2274 4255 ut
2304 4217 2485 4272 parem
2512 4205 2675 4263 initiis
2706 4210 2866 4268 tinem
2893 4221 3177 4284 prmstetis.
3207 4222 3339 4279 Nam
3366 4205 3489 4284 cum

1889 4287 1922 4342 ii
1947 4290 2036 4360 qui
2067 4293 2247 4347 omnia
2273 4297 2657 4365 perturbarunt
2676 4319 2738 4359 ac
2765 4309 3077 4369 tumultibus
3101 4314 3488 4388 impleverunt,

1891 4391 2031 4438 tanta
2063 4389 2408 4446 contentione
2431 4407 2495 4448 ac
2513 4396 2808 4463 pervicacia
2836 4402 2915 4455 nsi
2945 4405 3052 4459 sint
3072 4448 3085 4470 ,
3117 4410 3285 4466 multo
3307 4414 3490 4484 utique

1890 4475 2150 4542 majorem
2193 4493 2323 4544 vos,
2352 4483 2442 4552 qui
2488 4483 2842 4546 incommodis
2886 4498 3117 4566 acceptis
3147 4501 3348 4558 mederi
3375 4475 3493 4563 stu-

1888 4565 2062 4632 dctis,
2113 4573 2422 4637 patientiam
2474 4590 2540 4632 ac
2582 4579 2917 4640 tolerantiam
2965 4565 3027 4642 in
3061 4589 3491 4662 hujusmodico-

1887 4666 2015 4712 natu
2040 4659 2298 4717 adhibere
2317 4669 2590 4722 convenit.
2616 4669 2726 4727 Hac
2750 4674 2890 4729 enim
2915 4659 3314 4756 ratione'tnajor
3333 4692 3493 4749 vobis

1889 4763 2099 4805 merces
2152 4754 2430 4826 majusque
2481 4762 2759 4828 praemium
2815 4767 3049 4838 erit,si,
3093 4754 3492 4850 licet'impedi-

1887 4853 2065 4897 menta
2111 4846 2274 4900 multa
2314 4863 2434 4904 sese
2466 4852 2615 4908 vobis
2653 4855 2938 4929 objiciant,
2969 4879 3065 4919 vos
3093 4875 3269 4925 tamen
3301 4846 3491 4943 pedem

1889 4936 2111 4992 minime
2156 4939 2434 5009 referatis,
2484 4959 2671 5002 verum
2718 4965 2898 5006 rerum
2943 4955 3312 5020 diﬂicnltatem
3358 4967 3494 5040 vigi-

1889 5027 2051 5084 lantia
2084 5042 2259 5087 vestra
2287 5036 2534 5092 ctstudio
2559 5051 2872 5100 constanter
2901 5047 3289 5112 intercludatis.

1890 5142 2050 5198 CLV.
2095 5142 2390 5202 Chromatio
2424 5149 2503 5221 (α)
2529 5151 2774 5222 Aquileiae
2818 5159 3075 5233 cpiswpo.
3109 5164 3292 5235 (Anno
3329 5171 3490 5243 406.)

1961 5256 2270 5313 Clarissima
2314 5257 2576 5318 ferventis
2619 5273 2722 5320 tua:
2757 5282 2820 5324 ac
2847 5270 3072 5329 sincerae
3099 5279 3338 5336 caritatis
3366 5286 3492 5343 tuba

1888 5347 1954 5402 ad
1983 5363 2081 5404 nos
2111 5365 2277 5420 usque
2301 5367 2493 5408 sonum
2521 5372 2675 5412 suum
2701 5358 2938 5429 dilfudit,
2957 5380 3208 5438 magnum
3235 5375 3491 5443 quiddam

1955 5443 1969 5473 ι
2007 5449 2106 5491 Duo
2131 5449 2238 5492 Mss.
2263 5443 2447 5494 addunt
2464 5485 2478 5504 ,
2505 5446 2739 5500 laborum.

1954 5504 2028 5567 (ιι)
2063 5506 2145 5554 ttic
2166 5505 2548 5594 Chromatilt'tslad
2570 5515 3232 5594 Joannemhlcbrysostomum
3269 5532 3493 5594 scripsit,

1889 5567 2574 5657 2E.S°“3f§‘£§::?ftt.‘33§!idi&%
2591 5574 2645 5657 ἀρ
2669 5567 3242 5657 ξρἓέεεὶλςιεδξῐόίίιῖὧῐὶο
3269 5567 3496 5657 mai;

1892 5630 2038 5720 etiam
2061 5631 2242 5720 mentio
2267 5630 2474 5720 habetur
2498 5647 2645 5720 supra
2669 5637 2718 5685 iu
2745 5630 3242 5720 e‘pistolallnnoeentii
3261 5630 3321 5701 ad

1889 5698 2172 5769 sostomum.
2200 5694 2528 5769 [inindemque
2560 5694 2890 5769 Chromatium
2931 5703 3004 5769 Aq
3017 5694 3321 5763 eiiciensem‘

1891 5754 2024 5802 rilice
2044 5763 2392 5831 commemorat
2413 5754 2733 5831 tlieronymus
2766 5754 3004 5831 Praefatio;
3019 5754 3123 5819 eiii

1893 5828 2136 5903 [mninenon
2163 5823 2214 5864 et
2237 5817 2512 5903 iu‘tspistola
2533 5817 2612 5870 66'.
2628 5825 2748 5893 .Ituic
2769 5827 2992 5903 epistola:
3015 5817 3494 5903 nigraiu's'ﬁiijﬁ'ﬁii

1893 5879 2098 5955 :ﬁavilinf
2115 5917 2127 5936 ,
2152 5892 2263 5940 qum
2289 5889 2452 5955 tamen
2492 5885 2682 5955 nonnisi
2707 5879 2924 5948 pauculis
2962 5879 3130 5946 verbis

1893 5939 1981 5990 hac
2006 5943 2166 5992 ditlrrl
2186 5976 2200 6001 ,
2229 5952 2282 5994 et
2307 5945 2535 5996 eumdem
2557 5939 2754 5999 omnino
2787 5939 3238 6009 sensum'e'xh'ibe‘t.
