4218 6486
208 429 320 483 ’1θῦ

201 540 493 611 διωλύγιον
534 539 600 592 ὲκ
648 534 903 592 τοσούτου
955 540 1235 592 πνεύσασα
1282 538 1375 592 τοῦ
1408 537 1792 608 διαστήματος,

205 635 305 691 καὶ
337 632 470 706 πρὸς
512 632 653 686 αὑτά
695 630 1000 702 ἀφικομένη
1032 630 1131 701 τῆς
1176 630 1281 701 γῆς
1321 631 1390 682 τὰ
1436 629 1668 700 πέρατα.
1690 629 1799 681 Kal

202 725 320 779 τῶν
347 721 631 795 ⁴παρόντων
662 721 763 774 οὑκ
800 720 1021 776 ἔλαττον
1052 721 1213 791 ἴσμεν
1240 719 1405 789 ἡμεῖς
1425 758 1440 783 ,
1472 720 1522 771 οί
1548 716 1800 771 τοσοῦτον

206 810 588 883 ἀπῳκισμένοι
634 810 813 883 μῆκος
839 809 960 864 ὁδοῦ
981 850 995 875 ,
1049 810 1146 881 τὴν
1178 808 1547 881 σφοδροτάτην
1587 825 1681 861 σου
1710 809 1803 860 καὶ

206 897 364 972 [G90]
396 900 569 972 πυρὸς
622 899 899 970 γέμουσαν
943 899 1207 971 ἀγάπην,
1252 898 1352 970 τὴν
1404 898 1669 971 εἰλικρινῆ
1708 897 1805 951 καὶ

206 990 523 1062 ἐλευθερίας
571 988 774 1060 πολλῆς
833 989 930 1044 καὶ
972 990 1285 1062 παρρησίας
1336 989 1804 1060 ἐμπεπλησμένην

206 1083 482 1152 γλῶτταν,
528 1066 625 1151 τὴν
656 1080 906 1135 ἔνστασιν
958 1082 1058 1154 τὴν
1118 1082 1402 1152 ἀδάμαντα
1436 1082 1801 1153 μιμουμένην.

206 1173 306 1228 Διδ
331 1175 428 1229 καὶ
456 1174 662 1246 σφόδρα
688 1172 1063 1244 ἐπιθυμοῦμεν
1091 1172 1180 1227 καὶ
1206 1173 1303 1244 τῆς
1344 1172 1488 1227 κατά
1514 1172 1805 1241 πρόσωπον

208 1263 521 1319 ἀπολαῦσαί
572 1281 666 1317 σου
702 1264 1013 1335 συντυχίας.
1077 1262 1217 1317 Ἀλλ’
1272 1262 1456 1336 ἐπειδὴ
1503 1265 1595 1319 καὶ
1650 1262 1806 1319 τοῦτο

209 1355 364 1427 ἡμᾶς
391 1356 426 1427 ἡ
480 1356 686 1429 ἐρημία
718 1354 860 1427 αῦτη
892 1354 1203 1426 παρείλετο,
1308 1355 1402 1409 νῦν
1440 1356 1609 1426 ἐσμεν
1639 1374 1806 1410 πεπε-

209 1447 478 1519 δημένοι,
541 1446 792 1519 εὑρόντες
842 1446 935 1500 τὸν
974 1446 1160 1517 κύριόν
1219 1464 1318 1518 μου
1354 1446 1679 1518 τιμιώτατον
1715 1448 1807 1501 καὶ

211 1536 609 1591 εύλαϐέστατον
634 1536 1020 1609 πρεσϐύτερον,
1053 1536 1236 1603 καθὼς
1261 1538 1359 1605 ἔνι,
1387 1538 1485 1610 τὴν
1513 1538 1809 1610 ἐπιθυμίαν

211 1625 535 1698 πληροῦμεν
555 1627 653 1699 τὴν
673 1627 905 1694 ἑαυτῶν,
928 1628 1232 1700 γράφοντες
1258 1632 1352 1684 καὶ
1373 1633 1808 1704 προσαγορεύον-

211 1734 349 1782 τες,
403 1718 632 1790 χάριτας
687 1718 1074 1790 ὁμολογοῦντες
1108 1722 1236 1792 ὑμῖν
1285 1722 1485 1788 πολλὰς
1520 1725 1658 1799 ὑπὲρ
1709 1727 1809 1798 τῆς

216 1809 459 1881 σπουδῆς
482 1849 498 1876 ,
532 1810 599 1880 ἢν
620 1809 707 1864 διά
735 1810 935 1875 παντὸς
966 1810 1059 1864 τοῦ
1095 1810 1307 1883 μακροῦ
1326 1812 1516 1867 τούτου
1551 1816 1807 1885 χρόνουα,

218 1900 363 1971 μετά
380 1899 582 1970 πολλῆς
606 1900 950 1966 ἐπεδείξασθε
978 1902 1076 1973 τῆς
1115 1903 1379 1967 εὐτονίας.
1412 1906 1524 1959 Kal
1559 1924 1810 1978 napum.-

213 1996 421 2067 λοῦμεν
440 1998 604 2067 ἡνίκα
626 1997 693 2051 ἂν
719 1996 953 2070 ἐπανίῃ,
992 1997 1086 2050 καὶ
1125 1996 1314 2051 τούτου
1350 2000 1547 2070 χωρὶς,
1581 2000 1669 2053 διὰ
1701 2001 1810 2055 τῶν

216 2088 604 2159 ἐμπιπτόντων
632 2088 1140 2159 γραμματηφόρων,
1165 2088 1219 2140 εῖ
1239 2088 1302 2157 γέ
1351 2105 1496 2154 τινες
1538 2090 1810 2161 εὑρεθεῖεν

215 2179 273 2233 οί
304 2178 444 2251 πρὸς
465 2177 564 2250 τὴν
609 2178 847 2251 ἐρημίαν
895 2178 1100 2249 ταύτην
1130 2180 1555 2251 ἀφικνούμενοι,
1585 2181 1654 2235 τά
1683 2185 1812 2256 περὶ

215 2268 322 2338 τῆς
355 2267 544 2335 ὑγείας
574 2270 708 2339 ημῖν
760 2268 1094 2322 ἐπιστέλλειν
1146 2271 1247 2341 τῆς
1293 2270 1584 2341 ὑμετέρας.
1642 2266 1811 2325 Οἶσθα

216 2357 332 2430 γὰρ
372 2359 505 2429 ὅσην
555 2356 803 2412 εντεῦθεν
862 2357 1268 2430 καρπωσόμεθα
1301 2359 1397 2430 τὴν
1451 2359 1671 2430 ἡδονὴν,
1706 2363 1813 2415 τῶν

216 2448 367 2504 οὑτω
408 2449 629 2520 θερμῶς
667 2449 796 2522 περὶ
848 2451 997 2521 ἡμᾶς
1062 2450 1417 2522 διακειμένων
1467 2448 1568 2517 τὴν
1625 2452 1812 2522 ὑγείαν

218 2541 573 2611 πυκνοτέρως
601 2541 1100 2613 εὐαγγελιζόμενοι.

695 2678 887 2744 ΡΝς’.
928 2677 1334 2745 Ἔπισκόποις.

296 2786 406 2860 Bo;
463 2787 561 2858 μὲν
610 2787 884 2859 πανταχοῦ
935 2789 1027 2842 καὶ
1055 2789 1194 2860 αὑτὴ
1240 2790 1347 2843 τῶν
1398 2793 1738 2863 πραγμάτων
1780 2796 1812 2865 ἡ

222 2880 389 2950 φύσις
410 2920 426 2943 ,
463 2881 761 2950 σάλπιγγος
792 2881 1178 2954 λαμπροτέραν
1214 2884 1432 2951 ἀφιεῖσα
1464 2885 1682 2955 φωνὴν,
1722 2886 1813 2940 τὸν

221 2972 509 3027 κάλλιστον
544 2971 700 3043 ὑμῶν
748 2971 945 3043 ζῆλον,
977 2974 1072 3026 καὶ
1091 2973 1187 3044 τὴν
1224 2973 1365 3044 ὑπὲρ
1409 2974 1507 3044 τῆς
1556 2975 1813 3046 ἀληθείας

222 3062 534 3136 προθυμίαν
558 3103 574 3127 ,
601 3062 668 3133 ἢν
693 3062 793 3133 οὑχ
821 3060 943 3116 όδοῦ
980 3063 1151 3134 μῆκος
1172 3104 1186 3127 ,
1233 3064 1295 3117 ού
1342 3063 1537 3134 χρόνου
1586 3066 1809 3137 πλῆθος,

219 3154 286 3209 ού
319 3154 429 3208 τῶν
461 3155 653 3208 ἀνίατα
701 3154 1000 3209 νοσούντων
1055 3156 1087 3225 ἡ
1148 3155 1457 3227 παράλογος
1492 3157 1811 3226 φιλονεικία,

220 3250 327 3303 οὑκ
354 3248 483 3304 ἄλλο
500 3249 607 3302 τῶν
634 3249 892 3303 τοιούτων
918 3247 1071 3302 οὐδὲν
1094 3249 1408 3314 κατέλυσεν,
1432 3250 1552 3323 οὐδὲ
1578 3250 1606 3291 b
1636 3252 1815 3323 ἀμαυ-

224 3341 458 3414 ροτέραν
503 3341 746 3412 ἐποίησε.
798 3342 907 3394 Kal
943 3342 1107 3412 ἡμεῖς
1145 3341 1203 3395 δέ
1257 3342 1317 3395 ού
1380 3343 1815 3415 διαλιμπάνομεν

222 3431 427 3495 πολλὰς
450 3431 579 3501 ὑμῖν
600 3429 813 3501 ἔχοντες
844 3431 1096 3502 χάριτας,
1125 3432 1219 3486 καὶ
1247 3434 1639 3506 μακαρίζοντες
1671 3436 1816 3505 ὑμᾶς

221 3524 286 3578 οὑ
314 3522 601 3593 παυόμεθα
627 3561 643 3586 ,
695 3521 803 3575 τῶν
838 3524 932 3577 ἐπὶ
967 3525 1079 3586 τοῖς
1130 3524 1315 3589 καλοῖς
1362 3525 1574 3592 τούτοις
1608 3528 1814 3597 ἀγῶσιν

222 3614 605 3683 ἀποκειμένων
635 3614 762 3683 ὑμῖν
793 3612 1073 3682 στεφάνων
1105 3616 1254 3686 παρά
1297 3614 1391 3669 τοῦ
1430 3616 1813 3689 φιλανθρώπου

223 3706 384 3763 Θεοῦ.
421 3706 533 3758 Kal
570 3701 943 3774 ἐπιθυμοῦμεν
993 3704 1137 3774 ὑμᾶς
1182 3706 1277 3758 καὶ
1328 3708 1449 3759 κατ’
1493 3706 1615 3777 ὄψιν
1666 3709 1811 3763 ἰδεῖν.

236 3795 459 3865 Ἐπειδὴ
492 3794 548 3847 δὲ
590 3793 750 3847 τοῦτο
786 3794 889 3847 οὐκ
947 3793 1024 3848 ενι
1056 3794 1279 3850 δυνατὸν
1326 3797 1405 3868 τῷ
1452 3799 1549 3869 τῆς
1601 3801 1815 3872 ὲξορίας

219 3887 408 3959 δεσμῷ
455 3885 887 3957 πεπεδημένοις,
931 3884 1310 3959 ἐπιλαϐόμενοι
1357 3888 1452 3943 τοῦ
1490 3890 1676 3962 κυρίου
1713 3910 1813 3962 μου

220 3979 317 4033 τοῦ
346 3978 676 4048 τιμιωτάτου
726 3979 819 4031 καὶ
865 3976 1259 4033 εύλαϐεστάτου
1307 3980 1677 4055 πρεσϐυτέρου
1700 4025 1715 4049 ,
1747 3985 1813 4039 δι’

221 4070 389 4127 αὑτοῦ
426 4068 708 4141 γράφομεν
735 4112 748 4134 ,
810 4069 906 4122 καὶ
951 4070 1051 4140 τὴν
1101 4070 1457 4145 ὀφειλομένην
1512 4077 1814 4147 πρόσρησιν

219 4162 584 4233 ἀποδιδόαμεν
610 4163 738 4233 ὑμῖν
767 4161 1051 4232 δηλοῦντες
1081 4162 1155 4227 ώς
1186 4164 1404 4218 ἃπασαν
1430 4167 1811 4238 ἀνηρτήσασθε

218 4254 300 4326 τῷ
325 4252 476 4323 πόθῳ
504 4251 603 4323 τὴν
635 4252 920 4323 ἀνατολὴν,
951 4252 1046 4305 καὶ
1072 4253 1334 4325 σφοδροὺς
1363 4255 1517 4326 ὑμῶν
1551 4262 1815 4330 κατεστή-

221 4362 356 4399 σατε
412 4343 681 4415 ἐραστὰς,
742 4343 838 4397 καὶ
900 4343 1128 4413 μυρίους
1187 4343 1341 4413 ἔχετε
1402 4347 1527 4409 τοὺς
1583 4365 1814 4417 συναγα-

220 4430 555 4496 νακτοῦντας
610 4432 739 4502 ὑμῖν
776 4430 876 4502 τὴν
907 4430 1124 4486 δικαίαν
1175 4433 1380 4505 ταύτην
1440 4438 1813 4508 ἀγανάκτησιν

220 4526 316 4579 ἐπὶ
345 4526 467 4587 ταῖς
496 4523 888 4595 γεγενημέναις
918 4525 1303 4597 παρανομίαις.
1334 4527 1441 4581 Καὶ
1469 4530 1814 4600 παρακαλοῦ-

224 4634 327 4688 μεν
354 4616 454 4687 τὴν
477 4614 650 4685 αὑτὴν
671 4613 1039 4679 ἐπιδείξασθαι
1068 4616 1228 4688 μέχρι
1260 4617 1449 4681 τέλους
1479 4619 1809 4691 προθυμίαν.

224 4710 371 4763 Ἰστε
393 4708 501 4779 γὰρ
525 4708 679 4770 ὅσους
693 4704 1054 4778 καρπώσεσθε
1074 4709 1370 4777 στεφάνους
1388 4710 1497 4763 ἀπὸ
1511 4713 1620 4765 τῶν
1644 4731 1813 4784 προσ-

226 4803 440 4874 καίρων
490 4800 694 4855 τούτων
732 4802 908 4855 πόνων
932 4844 947 4867 ,
1004 4802 1102 4867 τὰς
1151 4802 1451 4867 ἀθανάτους
1499 4805 1627 4875 ὑμῖν
1676 4808 1813 4877 μετὰ

221 4895 431 4966 πολλῆς
484 4892 764 4963 δαψιλείας
797 4894 1283 4967 προαποτιθέμενοι
1335 4896 1487 4967 παρά
1518 4896 1596 4967 τῷ
1624 4898 1812 4967 φιλαν-

229 4988 435 5060 θρώπῳ
470 4986 590 5059 Θεῷ
620 4986 877 5057 ἀμοιϐάς.

263 5102 447 5156 PNZ’.
490 5100 879 5166 Ἐπισκόποις
916 5100 1204 5155 ἐλθοῦσιν
1229 5102 1348 5155 ἀπὸ
1382 5103 1491 5171 τῆς
1514 5107 1771 5171 Δύσείυς.

296 5208 408 5262 Kal
429 5206 735 5278 ἔμπροσθεν
762 5209 862 5278 μὲν
883 5207 1320 5279 ὲξεπληττόμεθα
1344 5210 1498 5281 ὑμῶν
1520 5215 1618 5283 τὴν
1647 5232 1812 5269 σπουη

221 5297 357 5370 δὴν,
386 5297 487 5367 τὴν
512 5297 821 5369 προθυμίαν
865 5300 964 5370 τὴν
1005 5300 1145 5371 ὑπὲρ
1185 5303 1283 5372 τῆς
1338 5302 1675 5374 διορθώσεως
1704 5309 1812 5360 τῶν

236 5387 574 5459 Ἐκκλησιῶν
606 5392 998 5462 γεγενημένην,
1054 5392 1151 5463 τὴν
1186 5392 1424 5465 στερρὰν
1456 5397 1550 5447 καὶ
1584 5398 1812 5467 γνησίαν

224 5478 466 5535 διάθεσιν
490 5520 507 5547 ,
551 5480 651 5551 τὴν
706 5482 957 5553 ἀνδρείαν
989 5485 1080 5537 καὶ
1126 5485 1523 5556 ἀπερίτρεπτον
1562 5490 1807 5560 γνώμην,

225 5570 327 5643 τὴν
363 5570 657 5643 καρτερίαν
682 5615 697 5634 .
740 5573 806 5642 ἠν
849 5574 941 5627 ἐπὶ
988 5574 1240 5629 τοσοῦτον
1288 5576 1633 5645 ἐπεδείξασθε
1661 5580 1808 5653 [69H

286 5742 317 5815 ξ
566 5746 834 5815 διαπαντὸς
859 5751 1031 5815 μικροῦ
1055 5750 1150 5815 δεῖν
1179 5752 1259 5815 τοῦ
1282 5754 1471 5815 χρόνον.

286 5802 549 5873 δ-Οοιειῖιξ.
571 5807 706 5873 ούδζν
725 5802 1105 5873 κατασϐεσθῆναι
1132 5802 1328 5870 ἐποίηᾶἳ
1350 5814 1429 5862 καὶ
1455 5816 1622 5873 οὐδείς,
1649 5820 1787 5873 Vatia

226 5872 283 5918 et
305 5866 429 5933 Reg,
450 5868 585 5921 οὐδὲν
602 5870 919 5936 ῥᾳθυμοτέραν
942 5866 1153 5929 ἐποίησε.

1666 416 2048 478 EI’ISTOUE.

3396 428 3503 485 τοι.

1903 537 2113 607 χρόνον.
2140 538 2399 594 Μάλιστα
2419 541 2477 595 δὲ
2507 540 2885 613 ἐξεπλάγημεν
2912 540 3006 595 νῦν
3034 540 3128 597 τὸν
3156 542 3321 597 πολὺν
3349 543 3505 617 ὑμῶν

1903 643 2053 697 τόνον
2078 683 2092 707 ,
2136 642 2280 699 οὕτω
2312 645 2531 718 μακρὰν
2560 648 2657 701 καὶ
2705 646 3011 703 διαπόντιον
3042 648 3354 720 ἀποδημίαν
3387 648 3507 704 ἐλο-

1907 749 2105 818 μένων,
2148 750 2243 803 καὶ
2277 750 2457 807 πόνων
2486 752 2580 805 καὶ
2611 750 2850 824 ίδρώτων
2883 752 3181 823 γέμουσαν,
3216 752 3359 825 ὑπὲρ
3396 752 3509 808 τῶν

1905 858 2023 919 ταῖς
2057 855 2407 928 Ἐκκλησίαις
2436 858 2846 930 συμφερόντων.
2882 858 2992 912 Kal
3026 856 3363 929 ἐϐουλόμεθα
3405 858 3508 930 μὲν

1906 963 2002 1015 καὶ
2040 960 2376 1017 ἐπιστέλλειν
2416 964 2657 1035 συνεχῶς
2682 1007 2697 1032 ,
2747 966 2841 1019 καὶ
2875 966 2975 1037 τὴν
3026 966 3386 1038 ὀφειλομένην
3437 966 3506 1036 τῇ

1906 1066 2162 1140 εὐλαϐείᾳ
2212 1067 2368 1138 ὑμῶν
2397 1069 2708 1123 ἀποδιδόναι
2757 1070 3084 1142 πρόσρησιν.
3138 1070 3280 1148 ’Δλλξ
3313 1068 3504 1141 ἐπειδὴ

1907 1170 2063 1224 τοῦτο
2090 1170 2191 1225 οὑκ
2223 1169 2301 1225 ένι
2333 1171 2542 1243 (σχεδὸν
2577 1172 2686 1244 γὰρ
2718 1172 2919 1228 ἄϐατον
2946 1176 3061 1239 τοῖς
3081 1173 3296 1239 πολλοῖς
3323 1173 3507 1229 οἰκοῦ-

1912 1296 2011 1350 μεν
2037 1278 2258 1350 χωρίον,
2296 1278 2503 1371 έρημῑίᾳ
2525 1278 2791 1333 πάντοθεν
2815 1282 3387 1353 ἀποτετειχισμένον),
3409 1278 3507 1335 νῦν

1909 1387 2293 1458 ἐπιλαϐόμενοι
2338 1386 2434 1440 τοῦ
2490 1386 2681 1457 κυρίου
2734 1402 2833 1456 μου
2886 1383 2981 1439 τοῦ
3032 1383 3367 1455 τιμιωτάτου
3412 1382 3508 1436 καὶ

1909 1493 2305 1547 εῦλαϐεστάτου
2362 1490 2739 1563 πρεσϐυτέρου
2762 1534 2776 1555 ,
2824 1489 3307 1562 προσαγορεύομεν
3350 1487 3507 1560 ὑμῶν

1908 1599 2006 1671 τὴν
2035 1599 2280 1669 ἀγάπην,
2305 1598 2399 1653 καὶ
2429 1595 2860 1670 παρακαλοῦμεν
2893 1599 3007 1660 τοῖς
3037 1594 3346 1667 προοιμίοις
3375 1610 3507 1667 συμ-

1911 1703 2091 1758 ϐαῖνον
2113 1702 2380 1758 ἐπιθεῖναι
2401 1702 2575 1767 τέλος.
2616 1703 2761 1755 Ἰστε
2790 1700 2901 1772 γὰρ
2919 1701 3045 1765 ὅσος
3076 1700 3208 1770 ὑμῖν
3227 1700 3378 1753 ἐσται
3405 1699 3506 1771 τῆς

1913 1808 2189 1879 ὑπομονῆς
2217 1809 2245 1861 ό
2281 1806 2471 1878 μισθὸς
2494 1847 2508 1873 ,
2545 1808 2640 1860 καὶ
2668 1806 2791 1861 ὅσαι
2817 1803 2967 1875 παρά
2998 1803 3092 1858 τοῦ
3120 1803 3507 1875 φιλανθρώπου

1913 1916 2049 1972 θεοῦ
2097 1917 2152 1969 αἱ
2187 1914 2479 1979 ἀντιδόσεις
2508 1913 2649 1985 ὑπὲρ
2680 1913 2780 1985 τῆς
2828 1914 3016 1984 κοινῆς
3062 1912 3286 1985 εἰρήνης
3314 1926 3509 1966 πονουσ

1918 2022 2126 2093 μένοις,
2155 2020 2251 2075 καὶ
2275 2018 2527 2073 τοσοῦτον
2555 2017 2972 2089 ἀναδεχομένοις
2997 2016 3208 2087 αγῶνα.

2406 2136 2593 2193 PNH'.
2633 2135 2763 2202 Τοῖς
2788 2135 3014 2202 αὐτοῖς.

1987 2252 2061 2305 Οὑ
2111 2249 2316 2322 μικρὰν
2368 2248 2466 2303 καὶ
2499 2249 2628 2320 ὑμῖν
2673 2247 2860 2309 αὐτοῖς
2912 2242 3199 2315 στεφάνων
3226 2240 3506 2304 ὑπόθεσιν,

1916 2357 2009 2409 καὶ
2038 2355 2167 2425 ἡμῖν
2195 2350 2594 2423 παρακλήσεως
2640 2346 2895 2421 ἀφορμὴν
2944 2346 3053 2401 ἀπὸ
3088 2348 3189 2417 τῆς
3214 2344 3509 2414 καλλίστης

1916 2459 2072 2531 ὑμῶν
2098 2457 2304 2528 ταύτης
2330 2455 2586 2527 σπουδῆς,
2622 2455 2718 2508 καὶ
2744 2452 2853 2506 τῶν
2875 2453 3074 2519 πόνων,
3096 2451 3192 2506 καὶ
3216 2451 3324 2506 τῶν
3350 2448 3508 2523 ἱδρώ-

1914 2582 2022 2618 των
2054 2560 2518 2619 κατεσκευάσατε.
2548 2559 2641 2613 Διὸ
2675 2558 2770 2613 καὶ
2820 2559 2884 2612 ἐκ
2919 2556 3174 2612 τοσούτου
3205 2555 3502 2627 καθήμενοι

1914 2670 2279 2740 διαστήματος
2303 2708 2317 2731 .
2354 2665 2801 2737 ἀνακηρύττομεν
2834 2664 3012 2735 ὑμᾶς,
3058 2663 3287 2734 χάριτας
3319 2660 3511 2731 ὁμολο-

1916 2774 2159 2846 γοῦμεν,
2208 2774 2303 2827 καὶ
2355 2769 2765 2841 στεφανοῦμεν,
2819 2769 2915 2822 καὶ
2961 2765 3361 2839 μακαρίζομεν.
3397 2763 3509 2818 Kal

1915 2878 2252 2950 ἐϐουλόμεθα
2289 2878 2388 2949 μὲν
2437 2875 2533 2929 καὶ
2567 2874 2954 2945 συνεχέστερον
2987 2870 3324 2925 ἐπιστέλλειν
3350 2885 3363 2898 ’
3413 2868 3511 2923 καὶ

1915 2981 2025 3054 γάρ
2050 2982 2312 3053 μεγίστην
2355 2978 2605 3034 ἐντεῦθεν
2630 2978 2697 3033 ἂν
2725 2973 3173 3050 ἐκαρωσάμεθα
3207 2986 3230 3015 ε
3261 2974 3360 3045 τὴν
3398 2990 3512 3027 πα·

1920 3084 2212 3159 ραμυθίαν,
2268 3084 2324 3137 εῐ
2364 3100 2428 3153 γε
2471 3082 2580 3137 τῶν
2630 3080 2700 3136 τά
2730 3081 3037 3154 γράμματα
3083 3074 3513 3149 διακομιζόντωυ

1916 3190 2380 3262 ὲπετυγχάνομεν.
2410 3188 2629 3259 Ἐπειδὴ
2652 3188 2709 3241 δέ
2733 3186 2795 3240 οὑ
2826 3187 3007 3258 ρᾲδιον
3034 3186 3167 3257 ἡμῖν
3190 3182 3349 3237 τοῦτο
3372 3181 3511 3256 πρὸς

1916 3298 2085 3361 αὑτάς
2120 3296 2219 3359 τὰς
2262 3292 2520 3367 ἐσχατιὰς
2568 3292 2669 3364 τῆς
2720 3291 3047 3363 οἰκουμένης
3082 3285 3511 3360 ἀπῳκισμένοις,

1918 3403 2012 3458 καὶ
2048 3402 2261 3466 ούδενδς
2310 3402 2442 3472 ⁴ἡμῖν
2498 3398 2709 3469 ταχέως
2757 3397 3142 3468 ἐπιχωριάζειν
3191 3395 3510 3465 δυναμένου,

1918 3508 2013 3563 νῦν
2038 3510 2126 3561 ὅτε
2163 3503 2499 3575 ἐπετύχομεν
2543 3499 2639 3555 τοῦ
2671 3503 2859 3572 κυρίου
2911 3518 3008 3572 μου
3044 3500 3134 3553 τοῦ
3184 3500 3509 3568 τιμιωτάτου

1919 3613 2013 3666 καὶ
2073 3609 2469 3664 εῦλαϐεστάτου
2531 3607 2943 3679 πρεσϐυτέρου,
3002 3612 3093 3673 ’τὴν
3154 3604 3512 3675 ὀφειλομένην

1918 3720 2337 3789 ἀποδεδώκαμεν
2384 3718 2723 3788 πρόσρησιν,
2768 3718 2861 3770 καὶ
2904 3714 3332 3786 παρακαλοῦμεν
3356 3713 3513 3785 ὑμῶν

1916 3825 2014 3895 τὴν
2034 3822 2341 3883 εὐλάϐειαν,
2378 3821 2693 3883 ἐννοοῦντας
2727 3821 2819 3874 τοῦ
2863 3822 3287 3892 κατορθώματος
3314 3820 3376 3873 τὸ
3410 3820 3511 3890 μέ-

1919 3929 2074 3997 γεθος
2097 3970 2111 3995 ,
2142 3932 2190 3982 εί
2219 3930 2313 3981 καλ¹
2340 3928 2503 3990 πολὺς
2528 3930 2555 3980 ὁ
2581 3927 2867 3999 παρελθὼν
2897 3926 3149 4000 ἀνηλώθη
3179 3929 3391 3999 χρόνος,
3416 3929 3513 3983 καὶ

1917 4020 2011 4090 ἐπὶ
2052 4036 2113 4089 τὸ
2140 4038 2321 4108 χεῖρον
2344 4034 2451 4088 τῶν
2478 4034 2907 4104 ἐναντιουμένων
2947 4032 3171 4102 αὔξεται
3198 4038 3231 4106 η
3276 4036 3509 4104 φιλονει-

1917 4142 2009 4195 κία
2036 4182 2050 4205 ,
2092 4141 2185 4194 καὶ
2237 4140 2457 4211 μένουσι
2496 4137 2779 4203 νοσοῦντες
2831 4139 3046 4206 ἀνίατα,
3085 4139 3153 4193 τά
3201 4139 3332 4208 γοῦν
3380 4140 3511 4214 παρ’

1919 4245 2072 4313 ὑμῶν
2104 4246 2179 4315 μὴ
2234 4244 2501 4298 διαλιπεῖν
2539 4246 2619 4307 εἰς
2671 4242 2957 4314 διόρθωσιν
2990 4244 3098 4297 τῶν
3127 4248 3513 4320 γεγενημένων

1918 4349 2291 4419 εἰσφέροντας.
2327 4344 2480 4417 Ὄσῳ
2514 4346 2622 4416 γὰρ
2657 4346 2858 4400 πλείων
2892 4349 2924 4418 ἡ
2953 4346 3243 4418 δυσκολία,
3269 4352 3511 4422 τοσούτῳ

1922 4450 2121 4524 μείζων
2155 4450 2249 4504 καὶ
2302 4448 2664 4519 δαψιλεστέρα
2713 4449 2869 4504 ἔσται
2920 4450 3030 4505 τῶν
3077 4436 3257 4507 καλῶν
3305 4456 3513 4512 τούτων

1918 4556 2142 4624 ἀγώνων
2168 4556 2298 4626 ὑμῖν
2329 4556 2361 4625 ἡ
2392 4553 2596 4625 ἀμοιϐὴ
2623 4554 2777 4623 παρὰ
2817 4554 2908 4608 τοῦ
2939 4556 3322 4629 φιλανθρώπου
3348 4560 3511 4621 Θεοῦ.

2418 4675 2599 4729 ΡΝΘ.
2632 4672 2761 4740 Τοῖς
2790 4675 3015 4742 αὐτοῖς.

1988 4787 2061 4840 Οὐ
2107 4784 2309 4857 μικρὰν
2333 4784 2528 4856 ἔχομεν
2565 4784 2920 4856 παραμυθίαν
2958 4785 3069 4839 τῶν
3101 4789 3511 4860 κατειληφότων

1914 4892 1982 4946 τὰ
2008 4890 2240 4945 ἐνταῦθα
2266 4891 2473 4955 κακῶν,
2501 4893 2602 4963 τῆς
2624 4890 2896 4963 ὑμετέρας
2922 4893 3157 4965 σπουδῆς
3175 4894 3234 4947 τὸ
3257 4896 3506 4966 μέγεθος.

1929 4996 2111 5051 Ἰκανά
2139 4997 2237 5067 μὲν
2265 4997 2373 5068 γὰρ
2401 4998 2496 5050 καὶ¹
2517 4997 2584 5049 τά
2609 4996 2921 5068 ἔμπροσθεν
2950 5001 3083 5071 παρ’
3108 5001 3264 5070 ὑμῶν
3289 5018 3511 5075 γεγενη.

1920 5105 2089 5173 μένα,
2134 5105 2166 5173 η
2216 5102 2525 5175 ἀγρυπνία,
2558 5104 2653 5157 καὶ
2687 5105 2721 5173 ἡ
2762 5104 3005 5173 σπουδὴ,
3052 5108 3147 5159 καὶ
3186 5110 3219 5179 ἡ
3271 5108 3507 5181 τοσαύτη

1916 5206 2170 5275 φροντὶς,
2209 5204 2411 5275 πολλὴν
2450 5207 2584 5276 ἡμῖν
2621 5209 2926 5277 παρασχεῖν
2976 5209 3077 5277 τὴν
3122 5209 3468 5280 παράκλησιν
3492 5228 3505 5242 .

1915 5313 1943 5364 ὃ
1970 5312 2026 5365 δέ
2062 5310 2157 5365 νῦν
2192 5309 2567 5382 προσεθήκατε
2587 5350 2600 5374 ,
2637 5310 2699 5363 τὸ
2750 5310 2969 5381 μακρὰν
2996 5309 3171 5377 οῦτως
3200 5314 3512 5385 ἀποδημίαν

1920 5414 2266 5479 στείλασθαι,
2314 5414 2456 5485 ὑπὲρ
2488 5411 2596 5466 τῶν
2646 5416 2767 5477 ταῖς
2811 5414 3164 5485 Ἐκκλησίαις
3205 5418 3507 5486 συμφερόν-

1916 5537 2043 5586 των,
2070 5519 2272 5590 0:966”
2305 5520 2513 5583 πάντας
2540 5520 2693 5590 ἡμᾶς
2721 5519 3063 5574 ἀναπνεῦσαι
3093 5519 3381 5590 πεποίηκε.
3405 5522 3513 5575 Καὶ

1915 5629 2067 5699 κοινῇ
2098 5627 2298 5691 πάντες
2340 5628 2466 5693 ὑμῖν
2498 5625 2654 5698 [692]
2706 5628 2936 5699 χάριτας
2968 5625 3341 5699 ὁμολογοῦμεν
3386 5628 3514 5683 πολ-

1913 5732 2011 5797 λάς
2050 5732 2190 5803 ὑπὲρ
2238 5732 2346 5785 τῶν
2385 5732 2655 5786 τοσούτων
2711 5732 2925 5796 πόνων,
2972 5734 3066 5787 καὶ
3100 5731 3208 5787 τῶν
3245 5731 3513 5806 ιδρώτων,

1979 5891 2001 5919 ⁸
2026 5889 2132 5939 Duo
2154 5900 2262 5937 m‘s‘
2288 5887 2509 5950 μεγίστη-ι
2538 5887 2739 5939 ivra-30¢»
2767 5890 3135 5956 καρπωσὸμεθα.
