4218 6484
760 436 867 492 ’ἰθὸ

759 554 855 608 καὶ
885 553 992 606 τῶν
1039 553 1215 606 καλῶν
1261 551 1462 604 τούτων
1505 550 1732 619 ἀγώνων
1755 592 1770 615 ,
1807 551 1900 604 καὶ
1936 548 2326 621 μακαρίζοντες

759 645 903 716 ὑμᾶς
935 645 994 697 οὑ
1017 643 1442 712 διαλιμπάνομεν
1463 642 1559 710 τῆς
1593 641 1765 713 καλῆς
1788 642 1990 712 ταύτης
2025 639 2328 714 προθυμίας

757 753 817 790 τε
846 737 939 790 καὶ
969 736 1218 806 σπουδῆς.
1246 735 1338 788 Διὸ
1365 734 1456 790 καὶ
1482 735 1574 788 τὸν
1611 733 1796 804 κύριόν
1825 751 1923 804 μου
1956 733 2046 786 τὸν
2065 731 2326 803 τιμιώτα-

757 844 846 882 ττν
879 828 973 882 καὶ
1019 827 1409 881 εὐλαϐέστατον
1460 827 1829 896 πρεσϐύτερον
1878 823 2327 895 παρεκαλέσαμεν

755 919 983 989 δραμεῖν
1004 919 1108 983 ἐως
1134 919 1309 989 ὑμῶν.
1342 918 1632 989 Δεξάμενοι
1660 919 1837 972 τοίνυν
1870 917 2028 972 αὐτὸν
2070 915 2207 988 μετά
2229 915 2327 987 τῆς

755 1008 884 1079 ὑμῖν
911 1009 1228 1080 πρεπούσης
1257 1009 1683 1079 φιλοφροσύνης.
1709 1008 1856 1072 ἀξιον
1885 1009 1994 1070 τοῖς
2021 1006 2325 1077 προοιμίοις

753 1099 816 1152 τὸ
847 1098 1002 1162 τέλος
1029 1099 1296 1153 ἐπιθεῖναι
1333 1097 1740 1170 παρακλήθητε.
1779 1097 1841 1150 El
1869 1095 1980 1164 γάρ
2008 1095 2102 1149 καὶ
2130 1095 2326 1148 ἀνίατα

756 1190 971 1244 νοσοῦσι
1013 1192 1148 1254 τέως
1177 1193 1226 1244 οί
1281 1191 1564 1254 τοσούτους
1615 1187 1886 1258 χειμῶνας
1923 1187 2016 1241 καὶ
2057 1186 2324 1256 πολέμους

753 1285 873 1345 ταῖς
897 1282 1244 1352 Ἐκκλησίαις
1279 1281 1643 1352 ἐργασάμενοι
1672 1319 1687 1343 ,
1736 1278 1988 1332 τοσοῦτον
2021 1276 2322 1341 ταλανίζειν

756 1375 854 1446 μέν
882 1375 1120 1437 ἐκείνους
1141 1374 1234 1427 καὶ
1259 1373 1514 1444 δακρύειν
1533 1371 1662 1442 χρὴ,
1682 1372 1826 1441 ὑμᾶς
1849 1370 1906 1424 δέ
1929 1368 2322 1434 ἐκπλήττεσθαι

753 1466 846 1522 καὶ
879 1464 1269 1534 ἀνακηρύττειν
1293 1502 1310 1528 ,
1341 1464 1422 1517 δτι
1473 1464 1564 1517 καὶ
1613 1462 1722 1516 τῶν
1769 1461 1954 1522 κακῶν
1990 1460 2319 1531 αὐξομένων,

754 1556 975 1627 μείζονα
999 1556 1083 1609 ἀεὶ
1112 1556 1392 1628 προϊόντες
1419 1555 1518 1625 τήν
1557 1554 1696 1624 ὐπέρ
1721 1553 1810 1607 τοῦ
1839 1554 1908 1608 τά
1938 1551 2159 1607 τοιαῦτα
2188 1551 2322 1622 διορ-

753 1647 922 1701 θῶσαι
946 1646 1181 1716 σπουδήν
1211 1643 1603 1699 ἐπιδείκνυσθε.

943 1760 1048 1815 ΡΞ
1111 1761 1447 1826 Ἐπισκόπῳ
1470 1759 1704 1813 ἐλθόντι
1735 1757 1855 1814 ἀπὸ
1884 1759 2140 1823 Δύσεως.

821 1875 989 1927 Ὅταν
1023 1873 1260 1943 ἐννοήσω
1294 1873 1384 1924 τὸν
1415 1871 1613 1943 ἱδρῶτα
1637 1911 1652 1936 ,
1683 1871 1741 1925 δν
1770 1871 2033 1941 ἴδρωσας,
2063 1870 2158 1924 καὶ
2181 1871 2319 1924 οῐκοι

751 1963 1055 2034 καθήμενος
1077 2005 1094 2030 ,
1124 1964 1218 2017 καὶ
1249 1962 1466 2034 μακράν
1495 1962 1638 2016 οῦτω
1662 1964 1754 2018 καὶ
1783 1963 2086 2017 διαπόντιον
2113 1963 2311 2028 ἀποδιηο

754 2055 882 2130 μίαν
915 2055 1258 2121 στειλάμενος
1279 2095 1294 2115 .
1326 2055 1464 2125 ὑπὲρ
1501 2055 1608 2108 τῶν
1638 2058 1755 2118 ταῖς
1796 2053 2143 2125 Ἐκκλησίαις
2180 2071 2317 2126 συμο

750 2148 1020 2216 φερόντων
1049 2147 1406 2216 πραγμάτων,
1436 2145 1530 2200 καὶ
1557 2145 1664 2216 πρὸ
1689 2145 1782 2200 τοῦ
1805 2145 1991 2206 τέλους
2025 2162 2085 2198 σε
2122 2162 2315 2215 στεφα·

748 2235 855 2287 νῶν
905 2237 997 2288 καὶ
1023 2235 1410 2307 ἀνακηρύττων
1444 2235 1539 2288 καὶ
1587 2234 1904 2306 μακαρίζων
1944 2234 2003 2287 οὐ
2053 2237 2312 2305 παύομαι.

753 2328 852 2379 ’Λν
876 2343 933 2378 τε
964 2327 1071 2397 γάρ
1100 2327 1322 2396 γένηταί
1343 2344 1394 2379 τι
1422 2326 1584 2380 πλέον
1607 2326 1716 2380 ἀπὸ
1744 2328 1842 2396 τῆς
1868 2326 2132 2398 ὑμετέρας
2159 2343 2316 2379 σπου-

747 2417 844 2484 δῆς
865 2457 880 2480 ,
913 2415 1144 2470 δέσποτά
1171 2433 1271 2486 μου
1322 2416 1616 2487 τιμιώτατε
1641 2456 1656 2478 .
1686 2417 1751 2471 ἀν
1800 2434 1860 2470 τε
1888 2418 1979 2469 ἐπὶ
2011 2420 2110 2488 τῆς
2146 2419 2313 2490 αὐτῆς

751 2509 955 2576 μένωσι
983 2507 1310 2573 φιλονεικίας
1338 2510 1386 2562 οί
1415 2508 1514 2571 τάς
1539 2509 1782 2578 ταραχάς
1817 2508 1967 2580 παρά
2011 2509 2110 2578 τὴν
2141 2508 2313 2580 ἀρχὴν

748 2597 1076 2667 ἐμϐαλόντες
1102 2638 1117 2663 ,
1151 2599 1342 2653 ἀνίατα
1374 2598 1651 2663 νοσοῦντες
1677 2642 1692 2668 ,
1727 2602 1854 2670 ὐμτν
1873 2603 1902 2654 ό
1932 2601 2120 2671 μισθός
2165 2603 2312 2656 ἐστιν

747 2690 1154 2760 ἀπηρτισμένος
1185 2691 1293 2744 ἀπὸ
1321 2690 1421 2760 τῆς
1448 2690 1671 2763 γνώμης
1713 2692 1922 2746 καὶτοῦ
1950 2693 2018 2746 τά
2042 2695 2170 2766 παρ’
2190 2695 2312 2749 ἐαυ-

746 2779 855 2838 ιεῶν
883 2780 1097 2834 ἅπαντα
1133 2783 1478 2849 είσενεγκείν.
1523 2783 1623 2852 Διά
1649 2781 1806 2835 τοῦτο
1836 2783 1980 2853 ὑμᾶς
2017 2785 2313 2854 μακαρίζο-

750 2888 869 2941 μεν,
896 2871 1262 2942 θαυμάζομεν,
1295 2874 1525 2944 χάριτας
1542 2874 1670 2944 ὑμῖν
1694 2874 2078 2944 ὁμολογοῦντες
2107 2877 2168 2930 οὐ
2194 2876 2310 2932 δια·

746 2963 1106 3034 λιμπάνομεν.
1156 2965 1265 3018 Καὶ
1296 2965 1623 3036 ἐϐουλόμεθα
1665 2966 1764 3035 μέν
1803 2968 1892 3021 καὶ
1932 2970 2312 3040 συνεχέστερον

747 3055 1078 3109 ἐπιστέλλειν
1095 3073 1109 3088 ο
1141 3056 1328 3127 ἐπειδὴ
1354 3058 1412 3111 δὲ
1436 3057 1592 3112 τοῦτο
1620 3059 1767 3129 ἡμᾶς
1794 3059 2079 3130 παρείλετο
2099 3071 2126 3102 ι
2156 3061 2188 3131 ή
2217 3061 2309 3120 τοῦ

747 3148 946 3218 χωρίου
979 3147 1169 3201 τούτου
1195 3187 1210 3211 ,
1237 3151 1295 3202 ἐν
1327 3142 1371 3217 ᾧ
1394 3150 1765 3222 καθείργμεθα
1793 3193 1807 3217 ,
1833 3153 2033 3223 ἐρημία
2058 3193 2073 3220 ,
2107 3152 2200 3206 νῦν
2221 3154 2308 3207 ὅτε

747 3238 1079 3310 ἐπετύχομεν
1122 3239 1214 3292 τοῦ
1250 3239 1436 3310 κυρίου
1482 3258 1583 3310 μου
1613 3241 1704 3295 τοῦ
1735 3245 2060 3313 τιμιωτάτου
2095 3245 2187 3298 καὶ
2219 3245 2310 3298 εὐ-

746 3327 1076 3382 λαϐεστάτου
1127 3329 1495 3400 πρεσϐυτέρου
1521 3371 1536 3396 ,
1579 3331 1670 3386 καὶ
1722 3333 2037 3404 γράφομεν,
2074 3336 2164 3388 καὶ
2211 3336 2310 3405 τὴν

747 3420 1099 3492 ὀφειλομένην
1151 3421 1278 3490 ὑμῖν
1335 3423 1690 3495 ἀποδιδόαμεν
1743 3427 2062 3497 πρόσρησιν.
2114 3426 2310 3498 Γνώμη

751 3510 850 3580 μὲν
879 3511 986 3580 γάρ
1020 3512 1112 3564 καὶ
1133 3509 1367 3564 διαθέσει
1396 3513 1651 3578 πολλάκις
1672 3517 2081 3580 ἐπεστάλκαμεν
2099 3559 2113 3583 ,
2138 3519 2311 3590 χάρτῃ

748 3600 805 3652 δὲ
835 3603 926 3652 καὶ
950 3599 1136 3669 μέλανι
1161 3600 1371 3670 πρῶτον
1396 3601 1511 3666 νῦν,
1538 3602 1725 3674 ἐπειδὴ
1753 3608 1844 3657 καὶ
1870 3605 1963 3658 νῦν
1989 3606 2202 3678 πρῶτον
2220 3607 2312 3661 τὸν

749 3692 882 3763 πρὸς
906 3693 1048 3761 ὑμᾶς
1073 3692 1462 3763 ἀφικνούμενον
1481 3695 1810 3766 εὑρήκαμεν.
1830 3696 2118 3768 Δεξάμενοι
2135 3698 2311 3753 τοίνυν

747 3783 907 3836 αὑτὸν
933 3783 1008 3844 ὡς
1060 3783 1187 3853 ύμῖν
1217 3783 1422 3852 πρέπον
1467 3783 1623 3848 ἐστὶ,
1676 3786 1769 3838 καὶ
1800 3785 1897 3858 τὴν
1929 3789 2310 3859 προσήκουσαν

747 3871 877 3943 περὶ
907 3872 1067 3925 αὐτὸν
1092 3870 1488 3942 ἐπιδειξάμενοι
1517 3875 1757 3945 ἀγάπην,
1791 3875 1906 3929 δότε
1932 3878 2260 3949 ἐντρυφῆσαι
2282 3880 2310 3920 δ

747 3961 898 4031 ὑμῶν
928 3965 993 4032 τῇ
1017 3961 1272 4014 διαθέσει.
1307 3963 1382 4015 Ob
1417 3963 1526 4032 γάρ
1555 3962 1756 4035 μικράν
1779 3965 1888 4030 ἐξει
1928 3967 2025 4036 τῆς
2045 3967 2312 4038 τοσαύτης

744 4050 1146 4121 ταλαιπωρίας,
1177 4051 1277 4119 τῆς
1319 4053 1458 4105 κατά
1479 4053 1576 4124 τὴν
1601 4055 1936 4126 ὁδοιπορίαν,
1961 4059 2312 4130 παραμυθίαν

745 4142 841 4197 καί
870 4142 1233 4212 παράκλησιν,
1271 4143 1446 4215 τὸτῆς
1481 4145 1689 4210 εὐνοίας
1711 4147 2016 4202 ἀπολαῦσαι
2049 4153 2148 4221 τῆς
2180 4152 2313 4223 ὑμε-

744 4234 926 4304 τέρας.
957 4235 1080 4286 Ὅτι
1110 4236 1218 4304 γάρ
1245 4235 1381 4307 ὺπέρ
1409 4235 1504 4289 τοῦ
1529 4239 1981 4313 ἐρρωμενεστάτῃ
2007 4243 2311 4312 χρήσασθαι

743 4327 809 4394 τῇ
833 4323 1032 4393 σπουδῇ
1061 4322 1168 4376 τῶν
1190 4327 1308 4386 ταῖς
1344 4323 1689 4395 Ἐκκλησίαις
1712 4327 1899 4382 ἐνεκεν
1928 4330 2310 4400 συμφερόντων
2382 4373 2386 4377 -

743 4414 893 4468 οὐδὲν
915 4412 1167 4484 δεήσεᾶθε
1195 4414 1295 4484 τῆς
1315 4407 1515 4486 ἐτέρων
1541 4416 1897 4489 ὑπομνήσεως
1915 4457 1930 4484 ,
1958 4420 2194 4486 ἐδείξατε
2220 4421 2310 4476 διά

744 4506 851 4558 τῶν
876 4505 1213 4576 πραγμάτων
1235 4506 1432 4560 αὐτῶν.

745 4618 920 4673 ΡΞΑ’.
951 4619 1726 4746 Πρεσσυτέροιςὲ
1747 4621 1994 4680 ἐλθοῦσι
2015 4625 2164 4696 μετὰ
2191 4625 2304 4682 τῶν

815 4824 986 4878 Πολὺν
1019 4827 1471 4898 ὑπομεμενήκατε
1511 4827 1708 4892 πόνον,
1761 4828 1978 4898 μακράν
2025 4829 2168 4884 οῦτω
2214 4834 2308 4886 καὶ

741 4918 1043 4971 διαπόντιον
1065 4919 1373 4989 ἀποδημίαν
1405 4919 1763 4986 στειλάμενοι,
1784 4921 1949 4976 πολὺν
1972 4924 2064 4978 τὸν
2085 4925 2304 4996 ἱδρῶτα,

742 5002 854 5060 ἀλλ’
867 5009 961 5078 οὐχ
973 5009 1110 5082 ὐπέρ
1123 5010 1231 5064 τῶν
1246 5010 1513 5081 βιωτικῶν
1534 5017 1626 5066 καὶ
1643 5015 1922 5084 ἐπικήρων
1941 5019 2282 5088 πραγμάτων

743 5099 892 5170 [693]
915 5100 1027 5153 ἀλλ’
1057 5102 1196 5172 ὐπέρ
1220 5101 1326 5155 τῶν
1359 5105 1477 5166 ταῖς
1528 5105 1874 5168 Ἐκκλησίαις
1900 5110 2300 5179 συμφερόντων,

742 5189 881 5258 ὑπὲρ
920 5183 994 5242 ὧν
1049 5191 1141 5245 καὶ
1167 5191 1344 5261 πολλῷ
1369 5193 1590 5262 μείζονα
1637 5195 1746 5247 τῶν
1775 5195 1956 5250 πόνων
1980 5197 2212 5267 λήψεσθε
2235 5202 2303 5255 τά

741 5281 969 5352 βραδεῖα
999 5283 1149 5352 παρὰ
1167 5282 1261 5336 τοῦ
1295 5283 1676 5354 φιλανθρώπου
1701 5284 1854 5340 Θεοῦ.
1891 5287 1966 5339 υύ
1999 5287 2169 5358 μικρά
2197 5291 2306 5342 τοί-

739 5391 830 5425 νυν
863 5373 957 5426 καὶ¹
1000 5375 1126 5444 ὑμῖν
1165 5373 1257 5427 καὶ
1309 5376 1439 5444 ἡμῖν
1486 5375 1636 5428 ἔσται
1684 5375 2025 5446 παράκλησις
2069 5379 2098 5430 ὁ
2143 5379 2304 5442 πόνος

739 5464 892 5534 ὑμῶν
930 5465 1022 5517 καὶ
1055 5466 1090 5534 ή
1148 5465 1346 5535 σπουδή
1384 5483 1396 5495 ο
1440 5466 1568 5535 ύμῖν
1613 5467 1710 5535 μὲν
1737 5506 1750 5529 ,
1801 5467 1880 5519 ὄτι
1915 5469 2052 5539 ὑπὲρ
2084 5471 2304 5543 είρήνης

737 5559 1004 5613 τοσούτων
1043 5560 1373 5630 Ἐκκλησιῶν
1401 5563 1428 5614 ὁ
1459 5560 1616 5625 καλὸς
1643 5554 1796 5624 οὗτος
1826 5563 1951 5633 ὑμῖν
1993 5562 2142 5632 ἀγὼν
2163 5606 2178 5632 ,
2211 5568 2304 5622 καὶ

799 5717 824 5781 ξ
848 5716 984 5781 ynus
1000 5723 1124 5779 ἡμᾶς
1142 5719 1414 5781 περιείλετο.

801 5777 825 5816 b
848 5775 955 5849 ἰξυο
1117 5775 1214 5837 τὴν
1233 5782 1565 5841 προσήκουσαν
1595 5784 1688 5844 mp?
1720 5783 1855 5830 αὐτὸν
1877 5783 2159 5840 ἐπιδείξασθε
2187 5787 2299 5848 ἀγοὶ-

735 5853 844 5899 τιην,
865 5838 1015 5898 δόντες
1037 5838 1330 5904 ἐντρυφῆσαι.

1439 412 1496 468 S.
1531 408 1815 472 JOANNIS
1855 414 2346 475 CBRISOSTOII
2385 417 2706 484 ARCHIEP.
2754 428 3298 490 CONSTANTINOP.

3895 443 4010 500 706

2437 550 2530 604 ἐπὶ
2563 551 2742 623 πολλῷ
2782 551 2990 623 μείζοσι
3029 552 3310 620 στεφάνοις
3359 551 3720 622 ἠάντίδοτιςο
3761 556 3896 626 ήμῐν
3922 557 4003 625 ει,

2431 645 2515 699 δτι
2540 643 2806 715 τοσαύτης
2838 645 2967 716 παρ’
3006 644 3160 715 ὐμῶν
3186 645 3579 715 ἀπηλαύσαμεν
3619 647 3839 719 ἀγάπης
3861 689 3878 713 ,
3910 656 4008 704 καὶ

2432 736 2586 808 παρὰ
2609 736 2718 789 τῶν
2765 735 3034 790 τοσούτων
3070 736 3166 788 καὶ
3194 735 3526 806 τηλικούτων
3555 737 3764 810 ἀνδρῶν
3801 740 4006 811 πολλῆς

2428 829 2808 901 τετυχήκαμεν
2835 828 2933 899 τῆς
2961 827 3194 898 σπουδῆς
3214 867 3228 892 ,
3257 828 3353 880 καὶ
3395 827 3474 898 τῷ
3513 827 3723 900 σώματι
3750 829 4008 886 τοσοῦτον

2427 920 2818 990 διῳκισμένους
2848 917 2970 973 ὀδοῦ
3001 922 3173 990 μῆκος
3203 922 3270 990 τῇ
3289 917 3392 989 τῆς
3418 918 3638 989 ἀγάπης
3656 918 3847 974 ἁλύσει
3875 919 4005 990 ύμῖν

2429 1012 2615 1073 αὐτοῖς
2657 1009 2981 1080 συνεδήσατε
3041 1006 3178 1078 μετά
3204 1007 3404 1078 πολλῆς
3444 1006 3546 1077 τῆς
3573 1005 3877 1077 ἀκριϐείας.
3905 1004 4013 1059 Διά

2429 1101 2604 1156 ταῦτα
2627 1101 2853 1172 χάριτας
2885 1099 3015 1170 ύμῖν
3038 1098 3196 1168 ίσμεν
3217 1095 3416 1159 πολλάς
3439 1135 3454 1159 ,
3481 1097 3575 1150 καὶ
3597 1095 4000 1166 ἀνακηρύττον-

2426 1210 2517 1257 τες
2545 1191 2696 1262 ὑμῶν
2723 1190 2819 1263 τήν
2856 1189 3056 1260 πολλὴν
3079 1187 3290 1242 εὖνοιαν
3313 1186 3376 1240 οὐ
3419 1186 3726 1257 παυόμεθα.
3759 1186 3869 1256 Βοᾷ
3897 1185 4000 1256 μιν

2426 1284 2535 1353 γάρ
2553 1283 2719 1355 αὐτὴν
2739 1283 2833 1336 καὶ
2855 1281 2994 1352 αὐτὴ
3022 1279 3130 1334 τῶν
3155 1278 3496 1349 πραγμάτων
3518 1279 3551 1348 ή
3581 1279 3752 1347 φωνὴ,
3779 1278 3844 1330 ού
3883 1276 4000 1330 δια-

2426 1373 2764 1444 λιμπάνομεν
2793 1372 2850 1426 δέ
2873 1370 2966 1427 καὶ
2991 1371 3152 1442 ἡμεῖς
3178 1369 3266 1424 διά
3284 1369 3384 1438 τῆς
3413 1369 3689 1440 ήμετέρας
3711 1367 3870 1422 τοῦτο
3905 1368 4000 1438 ἐρ-

2425 1466 2714 1536 γαζόμενοι
2741 1464 3004 1537 γλώττης.
3033 1465 3095 1518 El
3125 1463 3182 1518 δέ
3213 1463 3307 1516 νῦν
3337 1463 3554 1529 πρῶτον
3586 1463 3713 1533 ὑμῖν
3737 1462 4001 1517 ἐπεστάλο

2425 1574 2635 1628 καμεν,
2674 1555 2774 1610 οὐκ
2811 1556 2922 1609 ἀπὸ
2967 1556 3065 1626 τῆς
3099 1553 3372 1626 ῥᾳθυμίας
3394 1593 3408 1618 ,
3456 1552 3569 1607 ἀλλ’
3615 1552 3724 1606 ἀπὸ
3761 1552 3862 1623 τῆς
3902 1551 3997 1606 τοῦ

2423 1651 2590 1703 τόπου
2625 1647 2860 1718 ἐρημίας
2890 1645 3049 1700 τοῦτο
3079 1645 3426 1716 πεπόνθαμεν
3446 1686 3460 1699 .
3499 1643 3615 1697 Νῦν
3647 1643 3776 1712 γοῦν
3806 1643 3997 1700 ἐπιλαυ

2423 1739 2640 1811 ϐόμενοι
2669 1739 2764 1792 τοῦ
2789 1739 2980 1810 κυρίου
3002 1737 3096 1792 τοῦ
3120 1738 3448 1808 τιμιωτάτου
3474 1737 3567 1790 καὶ
3599 1735 3995 1790 εύλαϐεστάτου

2422 1831 2814 1904 πρεσϐυτέρου,
2842 1830 3205 1894 διαϐαίνοντος
3225 1823 3278 1884 οἷ
3302 1828 3516 1897 διάγετε
3533 1868 3548 1891 ,
3573 1829 3671 1897 τήν
3694 1845 3756 1880 τε
3787 1827 3995 1896 ὀφειλο-

2423 1922 2592 1992 μένην
2631 1922 2760 1992 ὑμῖν
2787 1920 3146 1991 ἀποδιδόαμεν
3167 1919 3466 1990 πρόσρησιν
3485 1958 3500 1978 ,
3524 1918 3618 1970 καὶ
3646 1916 3992 1988 παρακαλοῦ.

2423 2027 2521 2081 μεν
2549 2012 2692 2082 ὑμᾶς
2737 2011 2879 2080 μετά
2923 2010 3021 2080 τῆς
3057 2009 3372 2082 πρεπούσης
3406 2009 3533 2078 ὑμῖν
3569 2009 3789 2077 ἀγάπης
3833 2007 3992 2061 αὐτὸν

2420 2101 2817 2166 ὐποδέξασθαι,
2858 2101 2953 2156 καὶ
2986 2093 3330 2164 ἐπανιόντος,
3377 2100 3446 2154 τά
3497 2101 3622 2171 περὶ⁵
3670 2099 3768 2168 τῆς
3807 2099 3996 2168 ὑγείας

2419 2194 2550 2263 ήμῐν
2587 2192 2825 2262 δηλῶσαι
2861 2192 2962 2263 τῆς
2991 2192 3259 2264 ὑμετέρας
3280 2229 3297 2255 ,
3339 2192 3467 2263 περὶ
3492 2187 3560 2264 ἧς
3598 2189 3802 2262 σφόδρα
3836 2207 3991 2262 περι-

2419 2283 2750 2341 σπούδαστον
2787 2286 2918 2355 ήμῖν
2942 2282 3250 2352 μανθάνειν.
3297 2282 3468 2353 ’Υπὲρ
3493 2282 3548 2336 δέ
3572 2281 3668 2335 τοῦ
3695 2281 3797 2352 τὴν
3822 2298 3992 2354 προσο

2417 2378 2656 2445 ήκουσαν
2691 2375 2926 2446 σπουδὴν
2970 2374 3337 2440 ἐπιδείξασθαι
3377 2375 3457 2438 είς
3491 2373 3589 2444 τήν
3621 2372 3714 2426 τοῦ
3736 2373 3992 2446 πράγμα-

2415 2485 2506 2533 τος
2535 2469 2810 2532 ὑπόθεσιν,
2838 2469 2919 2532 είς
2943 2469 3013 2538 ἢν
3043 2468 3165 2520 ἐστε
3189 2465 3502 2537 ἀφιγμένοι,
3524 2464 3676 2518 οὐδὲν
3705 2458 3859 2536 οἶμαι
3883 2463 3989 2516 δει-

2418 2559 2540 2615 σθαι
2568 2562 2666 2632 τήν
2698 2559 2980 2614 εὐλάϐειαν
3009 2558 3164 2628 ὑμῶν
3185 2557 3282 2628 τῆς
3310 2555 3575 2628 ἑτέρωθεν
3596 2555 3954 2625 ὑπομνήσεως
3973 2569 3988 2585 ο

2418 2649 2511 2707 καὶ
2541 2652 2699 2707 τοῦτο
2728 2652 2886 2723 δῆλον
2919 2652 3255 2719 πεποιήκατε
3281 2648 3368 2704 διά
3399 2648 3499 2719 τῆς
3524 2648 3791 2720 σπουδῆς,
3813 2648 3882 2718 ήν
3903 2647 3992 2703 διά

2417 2744 2618 2808 παντὸς
2649 2743 2998 2808 ἐπεδείξασθε
3029 2741 3124 2796 τοῦ
3157 2741 3373 2815 χρόνου,

2549 2879 2729 2934 μεθ’.
2772 2878 3020 2946 Ἁνυσίῳ
3051 2876 3364 2943 Mundam
3397 2874 3866 2942 Θεσσαλονίκης.

2498 3013 2623 3084 ὀψι
2645 3014 2744 3084 μιν
2765 3013 2856 3066 και
2878 3011 3121 3084 βραδέως
3145 3007 3557 3080 mnam“
3577 3024 3674 3062 σου
3689 3009 3758 3080 τι
3776 3006 3986 3079 ἀγάπη·

2412 3105 2529 3159 ἀλλ’
2559 3104 2656 3174 οὐχ
2681 3103 2942 3167 ἐκουσίως
2969 3103 3129 3174 ημῶν
3151 3104 3185 3171 ή
3212 3099 3400 3173 μακρά
3419 3099 3559 3170 αῦτη
3590 3098 3717 3169 σιγὴ
3741 3096 3984 3166 γέγονεν,

2413 3194 2550 3248 ἀλλά
2575 3193 2667 3248 διὰ
2688 3194 2788 3265 τὴν
2818 3192 2914 3247 τοῦ
2938 3193 3138 3265 χωρίου
3161 3192 3418 3263 ἐρημίαν,
3453 3184 3568 3258 ἐνῷ
3595 3185 3988 3260 καθείργμεθα,

2411 3287 2474 3346 οὐ
2507 3285 2596 3340 διά
2619 3287 2717 3357 τήν
2751 3284 3021 3358 ρᾳθυμίαν
3047 3285 3144 3354 τὴν
3173 3283 3300 3354 περὶ
3327 3281 3426 3352 τὴν
3449 3280 3720 3352 ὑμετέραν
3747 3278 3984 3349 ἀγάπην.

2414 3378 2528 3433 Νῦν
2556 3377 2686 3447 γοῦν
2706 3376 3088 3447 ἐπιλαϐόμενοι
3115 3375 3208 3431 ⁴ιιοῦ
3243 3373 3433 3444 κυρίου
3467 3389 3569 3444 μου
3612 3371 3706 3424 τοῦ
3731 3369 3988 3442 τιμιωτά-

2413 3487 2507 3524 του
2536 3470 2632 3524 καὶ
2667 3467 3059 3522 εὐλαϐεστάτου
3085 3465 3485 3539 πρεσϐυτέρου,
3509 3463 3608 3534 τήν
3643 3461 3813 3517 πάλαι
3845 3462 3989 3531 ὀφει-

2414 3561 2646 3632 λομένην
2674 3559 3090 3629 ἀποδεδώκαμεν
3123 3557 3424 3629 πρόσρησιν
3450 3558 3516 3626 τῇ
3552 3551 3827 3624 τιμιότητί
3869 3568 3982 3614 σου,

2414 3657 2645 3730 χάριτας
2666 3656 2868 3720 πολλάς
2898 3654 3283 3726 ὁμολογοῦντές
3327 3671 3421 3706 σου
3459 3655 3528 3723 τῇ
3560 3650 3814 3722 εὐλαϐείᾳ
3849 3651 3988 3710 ὑπὲρ

2413 3751 2512 3821 τῆς
2551 3749 2856 3813 ἐνστάσεως
2873 3791 2888 3814 ,
2919 3749 3014 3802 καὶ
3038 3747 3136 3817 τῆς
3163 3747 3414 3818 ἀνδρείας
3443 3744 3540 3814 τῆς
3569 3743 3708 3813 ὑπὲρ
3735 3741 3846 3796 τῶν
3869 3743 3988 3796 ἐκ-

2414 3846 2674 3918 κλησιῶν.
2712 3845 3013 3916 Δεξάμενος
3050 3843 3225 3898 τοίνυν
3265 3842 3426 3897 αὐτὸν
3454 3881 3469 3907 ,
3506 3840 3740 3896 δέσποεά
3765 3857 3870 3912 μου
3905 3859 3985 3895 τι·

2419 3937 2675 4008 μιώτατε,
2708 3936 2784 4000 ὥς
2811 3952 2892 3990 σοι
2919 3936 3128 4006 πρέπον
3159 3935 3298 4000 ἐστὶ,
3339 3936 3432 3988 καὶ
3469 3932 3566 4004 τὴν
3605 3932 3989 4004 προσήκουσαν

2416 4021 2546 4092 περὶ
2576 4021 2735 4074 αὐτὸν
2763 4021 3158 4092 φιλοφροσύνην
3183 4020 3588 4092 ἐπιδειξάμενος
3613 4059 3628 4084 ,
3668 4020 3744 4091 μὴ
3776 4021 3986 4075 ἀποκά-

2420 4127 2527 4185 μῃς
2561 4111 2632 4166 τά
2661 4112 3014 4166 συντελοῦντα
3035 4115 3101 4184 τῇ
3129 4115 3278 4182 κοινῇ
3303 4108 3584 4183 διορθώσει
3613 4110 3723 4164 τῶν
3756 4111 3987 4180 Ἐκκλη-

2417 4201 2548 4256 σιῶν
2560 4203 2728 4261 ποιῶν
2747 4204 2840 4257 καὶ
2860 4205 3392 4275 πραγματευόμενος.
3415 4199 3584 4258 Οἶσθα
3607 4203 3715 4275 γάρ
3737 4203 3835 4258 τοῦ
3856 4221 3988 4258 κατ-

2413 4293 2734 4365 ορθώματος
2784 4296 2846 4349 τὸ
2877 4295 3104 4367 μέγεθος
3128 4335 3145 4361 ,
3174 4297 3267 4351 καὶ
3298 4297 3437 4371 ὺπέρ
3467 4297 3608 4351 ὅσων
3652 4297 3988 4369 Ἐκκλησιῶν

2413 4387 2504 4441 τὸν
2535 4387 2698 4441 καλὸν
2731 4385 2919 4441 τοῦτον
2949 4386 3136 4456 ἀγῶνα
3168 4386 3488 4454 ἀνεδέξασθε
3512 4426 3528 4452 ,
3563 4387 3657 4442 καὶ
3683 4389 3799 4442 δσοι
3843 4388 3986 4462 ὑπὲρ

2413 4480 2512 4548 τῆς
2557 4480 2743 4550 κοινῆς
2793 4479 3015 4552 εἰρήνης
3069 4478 3464 4549 πονησαμένοις
3510 4478 3638 4550 ὑμῖν
3668 4478 3986 4536 ἀπόκεινται

2414 4571 2566 4643 παρά
2598 4569 2676 4641 τῷ
2715 4569 3079 4643 φιλανθρώπῳ
3107 4569 3226 4641 Θεῷ
3274 4570 3322 4623 οί
3359 4569 3630 4642 στέφανοι.

2417 4703 2565 4777 [691]
2600 4704 2779 4777 ΡΞΡ.
2819 4707 3097 4772 Ἀνναίῳ,
3123 4708 3426 4776 Νουμερίφ
3449 4746 3464 4772 ,
3488 4707 3784 4776 Θεοδοσίῳ
3802 4749 3818 4776 ,
3865 4712 3983 4766 Εὐ-

2484 4776 2733 4848 ερδπίφ,
2759 4777 3105 4848 Εὐσεαθίῳ,
3135 4777 3502 4848 μαρκέμφ,
3529 4778 3830 4848 Εὑσεϐίφ,
3860 4783 3984 4837 ua-

2486 4843 2764 4921 ειμιανῷρ
2792 4845 3089 4921 εὺπγζφο
3125 4843 3444 4921 mimae.
3461 4848 3589 4921 ml,
3606 4843 3838 4921 βύρσὼί
3884 4851 3986 4905 και

2484 4914 2792 5036 Ζᾶσιετοῑς
2822 4915 2972 4969 κατὰ
2982 4914 3355 4970 Μακεδονίαν
3383 4914 3724 4987 ὀρθοδόξοις
3743 4914 3983 4976 ἐπισκό-

2530 5001 2618 5049 οις
2677 5021 2695 5039 .

2483 5141 2661 5212 Πολλὴ
2717 5143 2815 5212 μὲν
2864 5141 3018 5213 ὑμῶν
3044 5143 3145 5214 τῆς
3193 5143 3415 5214 ἀγάπης
3459 5147 3553 5200 καὶ
3595 5147 3630 5218 ή
3672 5147 3984 5218 ἐμπροσθεν

2411 5235 2614 5306 σπουδὴ
2635 5276 2649 5300 ,
2680 5235 2774 5289 καὶ
2807 5236 3032 5306 χάριτας
3054 5235 3192 5307 ύπέρ
3223 5237 3426 5290 τούτων
3466 5238 3870 5310 ὁμολογοῦμεν,
3898 5243 3980 5296 ὅτι

2408 5331 2467 5381 ἐν
2493 5329 2636 5382 οῦτω
2664 5328 2838 5400 χρόνῳ
2863 5328 3060 5400 μακρῷ
3084 5328 3273 5398 ἔστητε
3306 5329 3446 5400 μετά
3471 5331 3571 5400 τῆς
3600 5334 3982 5405 προσηκούσης

2410 5420 2538 5490 ύμῖν
2568 5418 2818 5490 ἀνδρείας
2837 5457 2851 5482 ,
2875 5419 3062 5489 μηδενὶ
3087 5420 3325 5482 εἴκοντες
3341 5418 3450 5472 τῶν
3471 5421 3836 5493 συναρπάζειν
3861 5426 3980 5478 ἐπι-

2409 5511 2734 5582 χειρούντων
2755 5527 2769 5541 ·
2803 5510 3227 5581 παρακαλοῦμεν
3254 5511 3310 5565 δέ
3331 5512 3424 5565 καὶ
3450 5511 3512 5565 τὸ
3530 5513 3682 5578 τέλος
3715 5516 3980 5572 ἐπιθεῖναι

2407 5596 2518 5654 οἷον
2553 5601 2828 5671 προσῆκόν
2871 5603 3034 5656 ἐατιν.
3077 5602 3227 5671 Ὀσῳ
3254 5599 3361 5671 γάρ
3387 5601 3609 5656 πλείονα
3635 5602 3705 5657 τά
3741 5603 3852 5660 τῶν
3885 5623 3981 5662 κα-

2412 5696 2597 5765 μάτων
2629 5695 2756 5764 ὑμῖν
2781 5737 2796 5759 ,
2832 5694 3050 5764 μείζονα
3103 5695 3196 5747 καὶ
3220 5694 3287 5747 τὰ
3321 5693 3428 5748 τῶν
3453 5695 3774 5751 ἀντιδόσεων
3804 5697 3982 5762 ἔσται,

2473 5855 2495 5885 ⁸
2540 5853 2645 5903 Duo
2671 5866 2780 5903 mss.
2808 5853 3064 5915 ὸρίθοὸύξοις
3089 5856 3372 5912 κοινωνικοῖς
3396 5856 3553 5904 Ξπισκ.
