4152 6490
230 457 340 516 705

232 570 320 625 his
344 569 727 626 certaminibus
765 565 962 638 gratias
987 563 1138 618 vobis
1165 561 1392 633 agimus,
1417 573 1514 614 nec
1550 572 1646 628 pro
1679 571 1822 626 egreo

229 661 324 732 gio
354 661 456 715 hoc
476 659 640 714 animi
665 656 843 712 studio
865 656 1050 711 beatos
1067 669 1165 708 vos
1194 651 1483 722 praedicare
1503 649 1820 712 desinimus.

232 752 466 822 Ideoque
485 750 761 805 dominum
788 763 965 807 meum
990 743 1497 801 reverendissinmm
1527 748 1586 796 et
1619 740 1824 811 religio-

230 842 511 897 sissimum
537 838 928 910 presbyterum,
962 849 1020 892 ut
1047 836 1113 891 ad
1145 850 1241 890 vos
1271 848 1438 903 usque
1467 839 1777 887 exeurrerct
1804 871 1820 898 ,

227 932 650 988 obsceravimus.
679 932 756 986 Eo
791 930 950 1001 igitur
975 930 1046 984 ita
1075 939 1132 983 ut
1151 928 1378 983 comitas
1402 935 1578 981 vestra
1608 924 1780 994 poscit
1800 965 1815 988 ,

227 1033 479 1093 excepto,
524 1022 679 1078 velim
706 1036 924 1092 operam
950 1020 1109 1084 detis,
1152 1029 1211 1074 ut
1238 1017 1397 1072 finem
1419 1015 1696 1088 principiis
1733 1014 1823 1074 di-

226 1129 393 1182 gnum
446 1114 750 1183 imponatis.
782 1111 914 1167 Nam
944 1126 1067 1170 cum
1098 1109 1378 1166 incurabili
1425 1108 1604 1168 adhuc
1632 1109 1824 1166 morbo

228 1204 522 1270 laborent,
547 1204 641 1274 qui
668 1211 747 1258 tot
771 1211 1116 1273 tempestates
1136 1215 1199 1256 ac
1226 1199 1374 1263 bella
1389 1202 1645 1260 Ecclesiis
1682 1211 1823 1259 attu-

228 1296 431 1365 lerunt,
474 1311 568 1352 eos
596 1296 811 1369 quidem
845 1294 948 1350 hoc
977 1302 1194 1357 nurnine
1219 1299 1446 1354 miseros
1476 1298 1820 1362 existimare,

225 1389 590 1461 lacrymisque
639 1390 894 1460 prosequi
921 1406 1021 1475 par
1069 1400 1172 1457 est,
1198 1405 1296 1446 vos
1343 1399 1524 1446 autem
1566 1388 1826 1444 admirari

223 1493 292 1536 ac
323 1478 653 1550 pradicant,
701 1482 844 1555 quod
893 1483 1066 1538 etiam~
1105 1481 1592 1553 ingravescentibus
1634 1479 1819 1546 malis,

224 1577 408 1647 majus
438 1587 650 1646 semper
676 1576 742 1630 ad
769 1591 833 1632 ea
862 1574 1177 1646 depellenda
1203 1573 1437 1628 studium
1456 1573 1822 1644 majoremque

227 1665 560 1736 diligentiam
586 1681 871 1738 progressu
902 1666 1156 1738 temporis
1179 1664 1462 1722 adhibetis.

227 1797 394 1856 CLX.
435 1797 712 1870 Episcopo,
763 1801 850 1872 qui
878 1801 941 1854 ab
969 1799 1240 1855 Occidente
1279 1811 1500 1856 venerat.
1529 1801 1732 1872 (Anno,
1763 1811 1820 1858 ut

811 1903 1043 1962 putatur,
1065 1892 1215 1962 406.)

298 2025 437 2080 Cum
462 2025 689 2082 sudores
716 2039 830 2093 eos,
883 2041 1017 2096 quos
1043 2035 1097 2082 et
1126 2026 1297 2093 domi,
1329 2035 1384 2081 et
1412 2025 1463 2081 in
1519 2036 1624 2082 tam
1664 2029 1819 2098 longa

224 2131 294 2172 ac
317 2117 520 2171 marina
549 2117 979 2188 peregrinatione
1009 2133 1105 2187 pro
1131 2119 1387 2173 Ecclesiae
1416 2118 1712 2174 commodis
1739 2135 1822 2174 su-

223 2207 399 2274 biisti,
436 2224 645 2264 mecum
699 2208 996 2279 perpendo,
1036 2209 1197 2264 etiam
1249 2220 1374 2265 ante
1422 2210 1584 2264 finem
1632 2209 1824 2266 laudes

223 2309 348 2363 tuas
384 2301 710 2372 przedicare,
751 2311 910 2372 teque
953 2317 1151 2357 corona
1192 2302 1465 2370 redimire,
1492 2317 1557 2360 ac
1601 2301 1821 2361 beatum

218 2396 409 2452 dicere
433 2411 540 2454 non
566 2397 774 2453 desino.
798 2396 931 2453 Nam
956 2398 1071 2454 sive
1100 2407 1192 2453 tuo
1217 2398 1395 2453 studio
1438 2413 1502 2454 ac
1542 2398 1816 2470 diligentia

218 2487 427 2559 aliquid
449 2488 780 2564 perﬁciatur,
812 2487 1029 2545 domine
1066 2490 1139 2546 mi
1189 2489 1637 2546 reverendissime
1658 2531 1675 2556 ,
1704 2491 1818 2546 sive

224 2581 283 2634 in
313 2579 501 2634 eadem
523 2579 686 2635 animi
711 2580 1003 2651 pertinacia
1025 2580 1104 2635 illi
1126 2581 1384 2648 luereant,
1406 2596 1471 2636 ac
1495 2581 1815 2638 medicinam

222 2687 443 2734 omnem
469 2683 841 2742 aspernentur,
873 2673 960 2744 qui
995 2673 1096 2729 hos
1133 2684 1311 2730 motus
1356 2675 1584 2746 primum
1621 2674 1818 2745 injcce-

223 2773 375 2827 runt,
404 2763 496 2818 tibi
522 2774 668 2820 certe
694 2764 765 2820 ob
791 2765 934 2821 hunc
977 2766 1214 2822 animum
1241 2807 1256 2833 ,
1280 2777 1336 2824 et
1383 2767 1526 2838 quod
1547 2783 1612 2826 ea
1637 2769 1815 2823 omnia

221 2869 349 2925 qua:
381 2854 454 2909 tui
476 2855 714 2912 muneris
749 2864 901 2911 erant
926 2857 1219 2916 contuleris
1241 2899 1258 2924 ,
1285 2857 1443 2929 plena
1468 2868 1523 2914 et
1546 2860 1814 2914 cumulata

221 2960 435 3001 merces
475 2947 595 3001 erit.
621 2948 699 3002 Ac
719 2958 1005 3018 propterea
1031 2950 1147 3005 sine
1175 2950 1279 3004 ulla
1327 2951 1724 3008 intermissione
1765 2963 1816 3008 te

220 3038 442 3093 beatum
470 3039 700 3108 ιπωῶεο
737 3055 800 3098 ac
832 3039 1090 3111 suspicio,
1122 3041 1428 3112 gratiasque
1452 3043 1541 3096 tibi
1565 3057 1684 3114 ago.
1714 3044 1815 3099 At-

217 3146 330 3207 que
349 3132 509 3186 etiam
537 3131 726 3188 vellent
753 3133 993 3190 crebrius
1023 3134 1152 3189 mihi
1174 3135 1409 3192 scribere
1431 3137 1613 3193 liceret
1641 3157 1655 3194 :
1683 3154 1818 3209 quo-

220 3222 369 3276 niam
388 3231 565 3276 autem
592 3223 750 3294 hujus
774 3224 875 3281 loci
902 3267 918 3291 ,
949 3241 1056 3297 quo
1077 3229 1360 3284 conclusus
1391 3243 1594 3296 teneor,
1624 3231 1815 3287 solitu-

219 3312 296 3370 do
317 3313 445 3369 mihi
477 3314 579 3371 hoc
605 3315 833 3383 ademit,
880 3319 1079 3376 ideirco
1132 3337 1304 3389 nunc,
1333 3337 1454 3378 cum
1499 3325 1628 3380 mihi
1661 3341 1816 3383 reve-

221 3404 530 3461 reudissimi
589 3424 651 3462 ac
687 3408 1077 3480 religiosissimi
1115 3411 1316 3468 dotnini
1363 3415 1469 3470 mei
1518 3416 1816 3488 presbyteri

221 3506 463 3565 potestas
490 3499 626 3553 facta
654 3509 766 3565 est,
813 3511 868 3556 et
904 3503 1102 3568 scribo,
1131 3513 1184 3558 et
1212 3519 1373 3574 quam
1414 3505 1584 3561 debeo
1610 3508 1814 3562 saluta-

221 3588 427 3644 tionem
456 3591 548 3645 tibi
583 3593 844 3660 persolvo.
873 3593 1428 3667 Namanimoquidcm
1453 3613 1516 3652 ac
1546 3599 1816 3655 voluntate

221 3695 466 3752 persa'pe
486 3684 673 3753 scripsi
696 3701 709 3740 :
730 3685 929 3741 charta:
954 3696 1130 3742 autem
1161 3699 1320 3759 atque
1345 3691 1626 3746 atramenti
1651 3706 1816 3761 opera

220 3787 368 3830 nunc
404 3773 668 3842 primum:
695 3778 946 3846 quoniam
972 3780 1177 3834 scilicet
1205 3797 1344 3837 nunc
1382 3783 1540 3838 etiam
1580 3783 1811 3853 primum

222 3862 538 3931 hominem,
582 3866 672 3936 qui
699 3866 765 3921 ad
809 3883 906 3924 vos
933 3869 1376 3940 proﬁcisceretur,
1435 3885 1622 3930 nactus
1670 3891 1811 3931 sum.

219 3955 357 4014 Cum
380 3956 536 4027 igitur
556 3957 715 4025 hunc,
740 3970 795 4014 ut
823 3960 1124 4022 humanitas
1152 3973 1239 4018 tua
1291 3967 1481 4035 poscit,
1513 3969 1811 4038 exceperis,

219 4064 471 4119 eamque,
499 4066 657 4120 quam
679 4055 948 4120 convenit,
976 4070 1100 4125 erga
1128 4071 1250 4110 eum
1269 4058 1547 4112 caritatem
1590 4059 1815 4114 demon-

221 4140 501 4204 straveris,
534 4140 636 4197 hoc
660 4143 709 4198 ei
731 4143 847 4210 des,
898 4161 1101 4215 quaeso,
1126 4157 1182 4201 ut
1227 4163 1294 4203 ex
1326 4157 1413 4204 tua
1441 4149 1812 4206 benevolentia

221 4231 429 4301 ingenti
457 4233 728 4303 voluptate
774 4236 1053 4292 afficiatur.
1097 4237 1212 4294 Non
1248 4239 1390 4294 enim
1422 4256 1628 4311 magnae
1658 4242 1814 4312 hujus

218 4337 499 4389 turumme,
542 4340 700 4395 quam
755 4326 806 4380 in
850 4327 1038 4383 itinere
1082 4329 1355 4387 subiturus
1409 4340 1491 4385 est
1519 4374 1533 4398 ,
1566 4333 1812 4402 exiguam

217 4412 647 4469 consolationem
698 4413 946 4485 habebit,
981 4418 1025 4472 si
1055 4420 1104 4473 ei
1159 4428 1245 4473 tua
1294 4421 1665 4477 benevolentia
1710 4423 1814 4479 frui

218 4503 516 4573 contingat.
543 4503 677 4559 Nam
703 4506 844 4576 quod
870 4507 998 4562 nihil
1025 4525 1243 4566 necesse
1264 4512 1332 4566 sit
1355 4511 1630 4568 admoneri
1659 4530 1756 4570 vos
1781 4529 1815 4569 a

222 4593 381 4648 nobis
407 4635 424 4660 ,
473 4603 531 4649 ut
557 4595 624 4651 ad
652 4596 1011 4654 Ecclesiarum
1065 4601 1346 4658 utilitatem
1392 4605 1810 4672 promovendam

219 4701 496 4745 summum
542 4687 775 4744 studium
819 4705 883 4746 ac
932 4691 1262 4763 diligentiam
1307 4696 1625 4765 adhibeatis,
1651 4698 1814 4756 rebus

221 4778 357 4850 ipsis
387 4781 602 4850 planum
627 4781 848 4841 fecistis.

221 4910 420 4968 CLXI.
451 4912 695 4972 Romanis
722 4919 1024 4991 presbyteris
1048 4963 1063 4989 ,
1109 4924 1195 4994 qui
1220 4940 1337 4978 cum
1385 4928 1637 5000 episcOpis
1663 4946 1815 4985 uene-

559 5017 698 5062 rant.
721 5008 742 5080 (
766 5013 943 5079 Anno,
971 5023 1030 5068 ut
1055 5023 1286 5084 putatur,
1305 5018 1429 5074 ωδ.
1453 5020 1472 5090 )

297 5141 592 5199 Plurimum
623 5144 824 5201 laboris
854 5161 918 5203 ac
967 5149 1180 5207 sudoris
1227 5155 1487 5224 subiistis,
1519 5165 1626 5214 tam
1656 5160 1810 5233 longa

223 5242 276 5288 et
307 5234 512 5289 marina
555 5237 981 5307 peregrinatione
1001 5253 1246 5315 suscepta
1279 5264 1292 5300 :
1323 5263 1509 5306 verum
1562 5268 1669 5309 non
1717 5271 1815 5327 pro

219 5326 443 5382 caducis
484 5342 549 5382 ac
580 5325 856 5399 fragilibus
902 5331 1127 5404 hujusce
1175 5339 1299 5394 vita:
1347 5344 1540 5411 rebus,
1572 5346 1669 5402 sed
1716 5325 1814 5419 pro

223 5417 588 5476 Ecclesiarum
618 5421 846 5477 utilitate
870 5463 885 5491 ,
907 5440 1006 5496 pro
1030 5443 1134 5498 qua
1180 5433 1396 5501 praemia
1423 5452 1635 5510 quoque
1659 5457 1690 5494 a
1716 5417 1815 5499 be-

223 5511 394 5578 nigno
446 5509 558 5566 Deo
609 5512 880 5570 laboribus
915 5520 1084 5576 multo
1116 5524 1318 5594 majora
1361 5539 1522 5600 atque
1549 5536 1808 5607 ampliora

225 5601 491 5658 referetis.
524 5604 882 5669 Quamobrem
910 5619 964 5664 et
1012 5613 1162 5670 vobis
1209 5627 1265 5672 et
1316 5621 1472 5678 nobis
1521 5601 1700 5683 vester
1727 5602 1815 5686 hic

228 5696 401 5762 labor,
423 5704 768 5767 vestrumque
796 5701 1028 5759 studium
1077 5723 1182 5762 non
1238 5727 1416 5780 parva:
1455 5720 1813 5778 consolationi

224 5800 346 5842 est:
374 5787 524 5842 vobis
553 5785 801 5843 nimirum
821 5831 838 5858 ,
862 5796 1005 5863 quod
1048 5813 1145 5867 pro
1176 5810 1254 5855 tot
1282 5803 1639 5865 Ecclesiarum
1683 5829 1812 5884 pace

225 5880 542 5953 pt‘wclat‘um
575 5881 678 5939 hoc
696 5891 964 5945 certamen
989 5893 1316 5966 suscepistis,
1349 5899 1622 5974 multoque
1643 5880 1811 5977 majo-

1657 437 2032 498 EPISTOLZE.

3431 463 3533 525 τρο

1938 570 2024 611 res
2045 571 2279 616 coronas
2313 567 2588 634 accepturi
2615 570 2783 625 estis:
2815 571 2970 627 nobis
2991 584 3192 641 autem,
3227 576 3370 646 quod
3413 588 3532 636 lan-

1936 655 2043 702 tam
2091 663 2122 702 a
2152 651 2306 707 vobis
2353 659 2631 714 caritatem
2657 663 2971 732 consequuti
3000 679 3204 731 sumus,
3237 667 3532 740 ingensque

1934 748 2010 795 tot
2038 751 2094 798 et
2121 750 2392 804 tantorum
2416 751 2652 832 virorum
2675 754 2907 809 studium
2934 756 3295 815 obtinuimus:
3327 778 3534 832 nosque

1930 833 2051 896 etsi,
2079 849 2341 907 quantum
2369 843 2435 896 ad
2463 829 2657 913 corpus
2684 847 2876 901 attinet
2895 890 2909 911 ,
2943 857 3092 904 tanto
3124 851 3328 908 itineris
3361 829 3530 908 inter-

1934 925 2123 983 valloa
2152 931 2304 987 vobis
2331 933 2650 1005 disjunctos,
2697 940 3012 998 arctissimis
3036 944 3276 999 caritatis
3305 947 3531 1004 vinculis

1931 1018 2209 1083 vobiscum
2252 1024 2638 1083 adstrinxisus.
2690 1031 3030 1103 Quapropter
3077 1036 3322 1107 ingentes
3376 1042 3530 1098 vobis

1930 1114 2127 1182 gratias
2175 1115 2470 1186 habemus,
2528 1133 2866 1195 vestramque
2917 1143 3042 1198 erga
3074 1145 3174 1185 nos
3203 1131 3528 1190 benevolen-

1931 1204 2057 1258 tiam
2082 1207 2380 1276 praedicare
2400 1226 2507 1271 non
2526 1213 2842 1272 desinimus.
2865 1216 3199 1292 Quamquam
3231 1225 3373 1279 enim
3406 1242 3526 1284 eam

1929 1294 2042 1366 ipsa
2067 1313 2278 1370 quoque
2301 1317 2482 1359 rerum
2513 1321 2615 1360 vox
2646 1307 2843 1362 clamat
2873 1328 2886 1364 :
2913 1321 3091 1368 tamen
3140 1330 3238 1370 nos
3270 1317 3394 1372 item
3417 1319 3519 1375 lin-

1927 1400 2039 1455 gua.
2057 1397 2239 1443 nostra
2269 1390 2412 1447 idem
2443 1393 2658 1452 efficere
2685 1414 2794 1461 non
2842 1400 3262 1460 intermittimus.
3286 1407 3440 1474 Quod
3478 1411 3525 1466 si

1927 1479 2070 1533 nunc
2099 1478 2328 1547 primam
2355 1483 2422 1538 ad
2462 1499 2559 1542 vos
2585 1489 2918 1558 scripsimus,
2954 1491 3057 1551 hoc
3104 1511 3212 1551 nou
3243 1499 3522 1571 negligen-

1929 1569 2136 1639 tia,sed
2158 1572 2262 1627 loci
2282 1575 2570 1634 solitudine
2594 1578 2788 1635 factum
2811 1591 2913 1638 est.
2937 1584 3088 1641 Nunc
3115 1588 3333 1660 quippe,
3366 1569 3514 1662 ρόει-

1925 1673 2151 1730 eaquatn
2188 1667 2696 1725 reverendissimum
2738 1687 2802 1727 ac
2842 1674 3304 1745 religiosissimum
3343 1682 3520 1738 domi.-

1928 1767 2055 1808 num
2099 1770 2278 1811 meum
2311 1759 2686 1831 presbyterum
2714 1778 2780 1819 eo
2812 1765 2901 1821 ubi
2937 1767 3131 1839 degitis
3177 1774 3525 1841 proﬁciscen—

1928 1851 2035 1900 tem
2064 1847 2204 1901 nacti
2234 1862 2441 1916 sumus,
2499 1861 2607 1906 tum
2661 1870 2804 1922 eam,
2853 1874 3014 1926 quam
3047 1861 3197 1917 vobis
3223 1863 3481 1923 debemus
3504 1909 3521 1935 ,

1925 1934 2302 1993 salutationem
2351 1941 2732 2008 persolvimus,
2769 1955 2878 2000 tum
2931 1964 3026 2004 vos
3062 1967 3302 2022 oramus,
3356 1966 3413 2012 ut
3457 1975 3520 2015 ca

1924 2029 2148 2084 caritate
2176 2071 2193 2097 ,
2250 2047 2371 2102 quae
2413 2034 2563 2090 vobis
2617 2036 2778 2108 digna
2808 2049 2928 2105 est,
2984 2042 3156 2112 ipsum
3203 2049 3520 2118 excipiatis:

1923 2133 2154 2190 cumque
2177 2133 2498 2192 revertetur,
2526 2128 2594 2184 de
2626 2143 2799 2186 vestra
2823 2135 3148 2205 valetudine,
3176 2139 3242 2195 dc
3266 2157 3369 2212 qua
3419 2145 3523 2200 ali-

1923 2209 2050 2279 quid
2083 2212 2386 2286 iutelligcre
2417 2233 2761 2292 summopere
2802 2226 3051 2295 cupimus
3077 2268 3092 2292 ,
3137 2209 3397 2288 certiores
3425 2249 3528 2293 nos

1923 2297 2150 2357 faciatis.
2181 2304 2251 2364 Ut
2271 2315 2450 2364 autem
2477 2325 2617 2376 cam,
2651 2330 2809 2384 quant
2833 2319 3084 2375 conveuit
3115 2321 3428 2379 industriam
3458 2342 3524 2386 ac

1923 2392 2254 2465 diligentiam
2297 2400 2364 2454 ad
2389 2417 2508 2457 eam
2550 2420 2685 2471 rem,
2712 2407 2784 2462 ob
2808 2425 2964 2479 quam
2993 2413 3236 2480 venistis,
3268 2418 3525 2474 adhibea~

1924 2485 2012 2549 tis,
2045 2487 2243 2544 nullius
2267 2491 2668 2552 submouitione
2697 2499 2851 2556 vobis
2897 2518 3034 2572 opus
3079 2521 3198 2563 esse
3226 2510 3476 2567 existimo
3504 2530 3520 2567 :

1923 2575 2082 2647 idque
2108 2594 2203 2649 per
2229 2581 2280 2636 id
2311 2584 2571 2657 studium,
2600 2589 2743 2660 quod
2774 2603 3034 2665 perpetuo
3060 2611 3172 2667 pra:
3201 2600 3352 2655 vobis
3395 2602 3521 2658 tuli-

1920 2667 2038 2736 stis,
2071 2673 2352 2743 perspicue
2379 2676 2710 2736 declarastis.

1921 2781 2150 2846 CLXII.
2181 2787 2373 2860 Anysio
2426 2789 2866 2853 Thessalonicensi
2905 2801 3164 2872 episcopo.
3210 2803 3232 2876 (
3261 2807 3440 2870 Anno,
3465 2818 3522 2864 ut

2513 2893 2752 2954 putatur,
2767 2888 2924 2960 406.)

1992 2991 2128 3048 Sero
2151 2993 2470 3064 quidemac
2501 2998 2654 3055 tarde
2707 3000 2775 3056 ad
2822 3011 2874 3058 te
2923 3005 3242 3076 scripsimus
3274 3018 3368 3065 :at
3411 3027 3522 3069 non

1921 3094 2115 3153 sponte
2142 3097 2324 3141 nostra
2371 3087 2627 3145 diuturno
2655 3091 2760 3148 hoc
2797 3095 3016 3152 silentio
3063 3099 3144 3155 usi
3170 3115 3380 3170 sumus,
3429 3119 3524 3160 vc~

1921 3191 2036 3235 rum
2063 3178 2135 3232 ob
2163 3179 2300 3245 loci,
2345 3195 2455 3251 quo
2480 3181 2672 3239 inclusi
2700 3193 2970 3255 tenemur,
3004 3189 3375 3262 solitudinem,
3409 3211 3520 3253 non

1919 3278 2098 3326 autem
2143 3271 2214 3327 ob
2255 3274 2560 3330 socordiam
2602 3276 2654 3331 in
2699 3286 2750 3333 te
2803 3279 2966 3334 ullam
3020 3297 3084 3337 ac
3123 3285 3519 3355 negligentiam.

1919 3357 2071 3415 Nunc
2123 3362 2322 3433 quippe
2382 3365 2893 3424 reverendissimum
2945 3385 3010 3426 ac
3057 3374 3521 3444 religiosissimum

1919 3450 2196 3508 dominum
2217 3469 2400 3511 meum
2426 3457 2802 3530 presbyterum
2828 3463 2993 3528 nacti,
3020 3480 3178 3534 quam
3196 3467 3520 3538 jampridem

1918 3541 2179 3599 debemus
2208 3545 2588 3603 salutationem
2621 3549 2712 3605 tibi
2741 3555 3098 3622 persolvimus
3125 3597 3140 3624 ,
3168 3557 3523 3631 ingentesque

1919 3650 2016 3705 pro
2036 3650 2098 3690 ea
2128 3638 2478 3695 contentione
2505 3655 2568 3696 ac
2595 3640 2932 3710 fortitudine,
2965 3661 3123 3716 quam
3158 3648 3521 3708 Ecclesiarum

1917 3743 2082 3783 causa
2111 3732 2454 3800 praestitisti,
2499 3737 2698 3806 gratias
2739 3739 2967 3808 agimus.
3013 3739 3146 3796 Cum
3190 3744 3348 3814 igitur
3373 3763 3520 3816 cum,

1919 3821 2370 3878 reverendissitne
2395 3826 2468 3879 mi
2490 3824 2726 3894 domine,
2767 3839 2824 3883 ut
2848 3829 3153 3890 humanitas
3182 3845 3268 3890 tua
3299 3841 3473 3906 poscit
3500 3883 3516 3905 ,

1918 3911 2234 3981 cxceperis,
2285 3928 2511 3986 eamque
2535 3958 2550 3982 ,
2601 3934 2761 3986 quam
2806 3923 3084 3992 convenit,
3118 3927 3426 3985 comitatem
3467 3944 3523 3988 ot

1920 3999 2308 4059 humanitatem
2361 4021 2488 4076 erga
2541 4023 2663 4063 eum
2716 4012 3060 4080 ostenderis,
3113 4033 3181 4072 ne
3236 4019 3418 4077 labore
3467 4035 3519 4080 te

1919 4092 2090 4165 h-angi
2120 4112 2183 4151 ac
2204 4097 2473 4154 debilitari
2494 4101 2662 4171 sinas,
2695 4112 2856 4175 atque
2877 4110 3164 4176 quominus
3194 4128 3279 4179 ca,
3307 4131 3426 4185 qua:
3450 4119 3518 4173 ad

1918 4201 2261 4244 communem
2293 4191 2654 4249 Ecclesiarum
2689 4199 3080 4254 correctionem
3119 4205 3366 4272 attinent,
3398 4208 3521 4263 efti-

1918 4278 2030 4332 cias
2049 4293 2113 4336 ac
2133 4279 2391 4346 moliaris,
2418 4282 2688 4354 impediri.
2737 4285 2856 4341 Scis
2881 4289 3026 4344 enim
3073 4303 3266 4360 quanta
3297 4296 3522 4367 hujusce

1919 4369 2018 4435 rei,
2051 4369 2095 4425 si
2118 4372 2374 4427 succedat
2408 4415 2422 4440 ,
2464 4374 2776 4446 magnitudo
2805 4378 2875 4433 sit
2899 4419 2914 4442 ,
2937 4395 3203 4452 quamque
3233 4388 3517 4445 multarum

1919 4458 2282 4517 Ecclesiarum
2311 4478 2471 4520 causa
2498 4468 2815 4536 prazelarum
2843 4468 2945 4526 boc
2974 4481 3248 4530 certamen
3281 4492 3310 4531 a
3337 4488 3388 4534 te
3428 4497 3520 4536 su-

1917 4560 2160 4620 sceptum
2192 4554 2294 4608 sit:
2321 4569 2384 4609 ac
2405 4554 2637 4626 denique
2661 4570 2874 4628 quanta:
2902 4575 2997 4630 pro
3040 4563 3316 4624 laboribus
3344 4572 3519 4640 publi~

1917 4655 1998 4696 ea:
2028 4644 2176 4712 pacis
2195 4658 2356 4699 causa
2409 4646 2606 4703 subitis
2651 4664 2867 4707 corona:
2898 4652 2993 4708 tibi
3041 4671 3072 4708 a
3122 4655 3358 4730 benigno
3404 4662 3516 4722 Deo

1919 4732 2300 4794 recondantur.

1919 4849 2186 4907 CLXIII.
2223 4853 2416 4926 Anysio
2443 4897 2460 4924 ,
2514 4856 2797 4925 Numer-io,
2846 4860 3164 4934 Theodosio,
3219 4869 3471 4946 Eam-apio
3502 4920 3517 4943 ,

1991 4943 2286 5011 Eustathio,
2320 4946 2569 5004 Marcello
2593 4991 2609 5016 ,
2661 4949 2902 5021 Eusebio,
2963 4955 3281 5017 Maximiano
3302 5006 3316 5027 ,
3342 4943 3519 5038 Euge-

1992 5037 2098 5102 nio,
2129 5036 2369 5094 Gerontio
2401 5040 2444 5108 ¹,
2467 5049 2514 5094 et
2538 5040 2757 5113 Thyrea,
2801 5055 2954 5116 atque
3002 5050 3236 5107 omnibus
3267 5036 3515 5114 Macedo-

1990 5129 2091 5183 nii:
2113 5130 2413 5187 orthodoxi:
2433 5133 2681 5202 episcopis
2706 5148 2729 5190 .°
2748 5135 2926 5204 (Auno
2961 5151 3010 5192 ut
3041 5150 3277 5210 putatur,
3293 5147 3446 5220 606.)

1995 5243 2186 5314 Ingens
2215 5254 2365 5300 certe
2387 5245 2671 5314 pristinum
2699 5263 2911 5320 quoque
2940 5261 3136 5310 vestra:
3158 5259 3395 5315 caritatis
3417 5274 3520 5319 stu-

1921 5337 2068 5394 dium
2106 5339 2331 5395 exstitit.
2360 5339 2546 5412 quue
2569 5343 2788 5398 nomine
2811 5345 3008 5414 gratias
3037 5347 3188 5404 vobis
3213 5351 3472 5410 habemus
3501 5399 3516 5420 ,

1920 5431 2061 5502 quod
2085 5439 2194 5488 tam
2236 5431 2492 5488 diuturno
2539 5442 2805 5505 tempore,
2855 5452 2981 5494 cum
3037 5455 3130 5509 ea,
3158 5458 3277 5512 qua:
3305 5461 3334 5500 a
3367 5451 3520 5505 vobis

1923 5526 2316 5596 postulabatur,
2367 5525 2685 5584 fortitudine
2736 5530 2982 5597 stetistis,
3038 5537 3239 5591 nemini
3299 5556 3511 5608 eorum,

1922 5617 2012 5687 qui
2039 5633 2136 5674 vos
2155 5618 2222 5675 ad
2252 5634 2312 5674 se
2341 5619 2582 5690 arripere
2618 5621 2975 5688 conabantur,
3007 5626 3283 5684 cedentes.
3331 5630 3517 5704 itaque

1921 5726 2019 5767 vos
2049 5710 2349 5780 hortamur,
2394 5721 2453 5767 ut
2480 5728 2603 5768 cum
2656 5716 2816 5770 etiam
2842 5757 2857 5782 ,
2890 5733 3052 5788 quem
3083 5736 3179 5790 par
3205 5733 3310 5790 est,
3354 5726 3515 5779 tinem

1924 5804 2225 5874 imponatis.
2260 5803 2391 5858 Nam
2420 5820 2526 5876 quo
2552 5805 2735 5875 plures
2756 5811 2920 5866 vestri
2963 5810 3174 5869 labores
3203 5811 3422 5888 fuerint,
3444 5837 3511 5880 ου

1984 5927 1995 5954 '
2026 5922 2245 5988 Coelio,
2273 5924 2480 5990 ECOI‘giO
2501 5931 2764 5995 ([’μωργίιιιὶ
