4152 6480
684 530 838 590 uiam
862 522 1030 594 major
1058 531 1263 576 merces
1288 523 1446 587 atque
1487 513 1746 584 ampliora
1779 512 1995 583 pramia
2027 525 2055 564 a
2094 509 2244 566 beni-

683 635 788 692 gno
818 620 926 673 Deo
958 613 1270 669 referentur.
1302 609 1380 665 Ac
1417 605 1608 663 vellem
1631 604 1843 676 quidem
1877 601 2030 659 nobis
2066 610 2244 658 vestro

682 723 888 780 quoque
912 712 1197 772 conspectu
1217 699 1317 755 frui
1343 699 1576 754 daretur.
1608 696 1869 765 Quoniam
1898 703 2071 750 autem
2093 694 2238 750 exsi-

682 801 734 854 lii
759 796 967 852 vincula
997 795 1097 848 hoc
1119 791 1272 846 nobis
1308 789 1640 844 abstulerunt
1661 829 1675 853 ,
1707 796 1865 856 atque
1896 786 1946 839 in
1975 798 2079 840 uno
2118 784 2237 838 loco

681 890 1078 950 ceucluserunt,
1109 881 1612 940 reverendissimum
1635 895 1697 935 ae
1729 878 2115 950 pientissimum
2144 875 2245 930 do-

684 981 879 1034 miuum
911 991 1085 1031 meum
1129 974 1492 1045 presbyterum
1520 971 1779 1037 misimus,
1811 983 1873 1024 ac
1912 983 2008 1038 per
2032 968 2203 1038 ipsum
2227 1006 2245 1033 ,

682 1083 842 1140 quam
871 1066 1148 1130 debemus,
1174 1064 1545 1121 salutationem
1574 1060 1725 1115 vobis
1753 1057 2107 1129 persolvimus
2139 1075 2152 1111 :
2179 1056 2245 1111 il-

684 1160 878 1231 ludque
915 1157 1066 1212 vobis
1101 1155 1476 1227 signiﬁcamus,
1508 1165 1605 1206 nos
1651 1149 1904 1220 plurimas
1956 1156 2115 1219 atque
2163 1147 2247 1202 in-

685 1257 872 1322 gentes
911 1247 1028 1303 sine
1068 1245 1174 1300 ulla
1213 1243 1605 1299 intermissione
1629 1240 1780 1296 vobis
1829 1239 2028 1311 gratias
2053 1253 2245 1310 agere:

686 1349 846 1411 atque
869 1354 898 1393 a
927 1337 1074 1393 vobis
1103 1345 1301 1406 petere,
1339 1343 1399 1390 ut
1442 1348 1538 1404 pro
1577 1332 1826 1388 diuturno
1872 1331 2081 1387 silentio
2103 1372 2117 1394 .
2145 1345 2250 1400 quo

685 1429 910 1485 antehac
940 1427 1020 1483 nsi
1053 1441 1235 1482 sumus
1258 1465 1274 1489 ,
1321 1427 1527 1479 veniam
1581 1422 1737 1478 nobis
1782 1421 2045 1476 tribuatis.
2073 1419 2252 1490 Neque

686 1522 829 1576 enim
860 1518 1021 1573 vestri
1069 1523 1374 1585 contemptu
1414 1523 1570 1584 atque
1611 1512 1928 1582 negligentia
1952 1509 2147 1564 tamdiu
2174 1511 2251 1565 si-

685 1609 875 1665 luimus
905 1627 916 1662 :
945 1607 1040 1662 sed
1067 1606 1186 1676 quia
1217 1621 1355 1660 nunc
1385 1605 1610 1674 primum
1635 1602 1903 1657 hominem
1931 1601 2018 1670 qui
2050 1615 2134 1664 eo,
2163 1600 2252 1655 ubi

688 1713 830 1754 nunc
858 1699 1005 1752 vobis
1031 1697 1184 1751 sedes
1211 1704 1313 1759 est,
1353 1694 1795 1764 proficisceretur,
1827 1699 2138 1760 nostrasque
2184 1689 2253 1744 li-

689 1800 833 1843 teras
857 1787 992 1842 ferre
1021 1794 1220 1854 posset,
1248 1786 1385 1838 nacti
1416 1799 1617 1848 sumus,
1651 1783 1861 1836 tandem
1906 1781 1971 1834 ad
2001 1795 2095 1833 vos
2123 1781 2254 1834 scri-

690 1877 884 1942 bimus,
916 1875 1147 1945 quidque
1176 1889 1354 1928 rerum
1385 1885 1650 1942 geramus,
1675 1871 2009 1939 exponimus.
2038 1869 2254 1924 Postea-

690 1982 846 2038 quam
870 1968 1026 2036 igitur
1051 1981 1170 2020 eum
1217 1965 1428 2020 sincero
1469 1963 1628 2017 animi
1669 1962 1860 2017 aﬂectu
1894 1961 2207 2030 exceperitis
2236 2001 2252 2025 ,

689 2058 845 2112 velim
870 2056 936 2112 de
965 2056 1265 2111 valetudine
1299 2067 1474 2110 vestra
1501 2069 1597 2109 nos
1622 2054 1878 2108 certiores
1911 2053 2134 2108 faciatis.
2175 2051 2255 2107 Si-

683 2147 902 2218 quidem
931 2163 997 2203 ex
1037 2146 1336 2216 hujusmodi
1368 2147 1556 2211 literis,
1585 2145 1742 2201 etiam
1771 2146 1823 2200 in
1856 2147 1953 2201 bac
1975 2145 2257 2201 solitudine

688 2239 986 2307 constituti,
1019 2239 1299 2292 maximam
1348 2237 1766 2293 consolationem
1790 2235 2019 2291 Itabituri
2051 2249 2255 2292 sumus.

759 2373 925 2429 CLXI
941 2372 1000 2428 γ.
1032 2374 1315 2430 Alexandro
1331 2373 1557 2430 Corinthi
1572 2375 1822 2445 episcopo.
1839 2373 2014 2446 (Anno
2033 2373 2184 2445 ‘06.)

763 2504 904 2560 Nosti
935 2522 1090 2576 quam
1116 2521 1237 2577 erga
1279 2516 1329 2562 te
1370 2507 1640 2562 caritatem
1687 2521 1794 2578 prie
1823 2522 1908 2563 me
1944 2508 2176 2574 tulerim,
2204 2515 2259 2562 et

690 2610 797 2665 quo
843 2605 1016 2664 pacto,
1063 2596 1268 2650 etiamsi
1321 2597 1445 2652 milii
1490 2599 1672 2667 exigua
1720 2607 1890 2652 tecum
1933 2599 2258 2654 consuetudo

693 2687 867 2750 fuerit,
901 2687 970 2740 tui
1002 2696 1172 2742 tamen
1217 2703 1397 2744 amore
1425 2697 1668 2758 tanquam
1694 2691 1912 2744 vinculis
1941 2691 2255 2760 quibusdam

692 2779 972 2835 adstrictus
996 2781 1112 2834 sim.
1149 2782 1324 2851 anue
1354 2782 1418 2836 de
1438 2797 1592 2836 causa
1618 2783 1902 2851 permirum
1934 2783 2060 2837 mihi
2089 2784 2256 2838 visum

691 2877 793 2934 est,
826 2876 876 2922 te
902 2879 1005 2923 tam
1038 2869 1192 2938 longo
1225 2880 1462 2940 tempore
1509 2887 1574 2926 ne
1621 2872 1788 2926 semel
1835 2873 2046 2941 quidem
2077 2872 2141 2927 ad
2172 2887 2258 2928 me

692 2959 926 3014 scribere
951 2961 1280 3016 sustinuisse.
1314 2963 1389 3016 Ac
1419 2971 1470 3017 tu
1501 2962 1729 3032 quidem,
1755 2974 1838 3016 sat
1876 2963 2008 3028 scio,
2042 2963 2258 3018 tabella-

693 3049 888 3103 riorum
914 3051 1184 3118 penuriam
1215 3051 1534 3116 causaberis,
1583 3067 1755 3121 neque
1804 3053 1855 3106 id
1895 3054 2124 3107 alienum
2154 3063 2253 3108 est.

692 3137 821 3192 Nam
862 3139 959 3192 etsi
1007 3140 1153 3193 multi
1198 3140 1353 3194 istinc
1397 3142 1633 3206 veniunt,
1675 3157 1832 3196 nemo
1861 3151 2032 3197 tamen
2071 3157 2257 3198 eorum

693 3227 815 3289 buc,
847 3228 932 3282 ubi
961 3244 1098 3285 nunc
1126 3229 1366 3299 degimus
1397 3233 1434 3294 ⁸,
1466 3231 1614 3287 facile
1644 3231 1897 3288 accedere
1926 3242 2115 3302 potest.
2139 3233 2258 3288 Cae-

691 3325 885 3383 terum,
912 3332 1030 3372 cum
1063 3335 1126 3374 ne
1160 3321 1322 3377 semel
1350 3322 1565 3392 quidem
1606 3323 1784 3378 literas
1818 3324 1910 3378 abs
1947 3332 1998 3379 te
2038 3338 2257 3394 accepe

694 3409 813 3471 ritu,
845 3409 941 3464 hac
969 3411 1305 3467 excusatione
1346 3413 1558 3468 minime
1585 3428 1702 3467 sum
1742 3423 2041 3469 contentus.
2077 3414 2256 3485 Neque

691 3501 831 3554 enim
863 3501 992 3568 ipse,
1024 3516 1142 3554 cum
1175 3501 1238 3556 ad
1268 3503 1508 3557 eamdem
1537 3503 1930 3559 excusationem
1960 3505 2086 3558 milii
2129 3519 2259 3559 con-

693 3588 872 3659 fugere
898 3590 1101 3657 liceret,
1129 3591 1295 3656 tacui;
1320 3607 1496 3646 verunt
1525 3593 2021 3647 reverendissimum
2045 3608 2105 3647 ac
2133 3595 2259 3665 piis-

689 3681 879 3734 simum
907 3681 1097 3748 virum,
1125 3681 1391 3737 dominum
1422 3699 1595 3738 meum
1626 3687 1985 3755 presbyterum
2010 3688 2255 3753 excitavi,

689 3779 742 3824 et
768 3769 832 3822 ad
860 3779 910 3825 te
953 3771 1091 3834 misi,
1124 3782 1178 3826 ut
1208 3780 1258 3826 te
1301 3775 1624 3840 conveniret,
1655 3787 1811 3844 atque
1854 3775 1987 3844 hanc
2021 3786 2255 3830 nostram

689 3859 1052 3913 salutationem
1091 3861 1384 3929 perferret,
1435 3840 1854 3934 valettidinisque
1884 3840 2016 3929 .ture,
2059 3865 2125 3920 de
2154 3880 2256 3935 qua

688 3947 882 4015 aliquid
926 3949 1215 4018 intelligere
1254 3967 1588 4021 summopere
1629 3955 1802 4021 cupio,
1835 3963 2026 4007 statum
2063 3968 2258 4025 cogno.

687 4047 876 4092 sceret.
919 4037 1261 4107 Posteaquam
1293 4041 1448 4109 igitur
1489 4056 1607 4095 eum
1651 4043 1821 4096 amico
1862 4044 2059 4108 animo,
2090 4058 2257 4113 eaque

689 4142 790 4196 qua
820 4132 1064 4182 convenit
1096 4129 1435 4194 humanitate,
1468 4139 1710 4200 tanquam
1752 4133 2046 4186 membrum
2078 4149 2252 4187 meum

688 4219 1045 4286 conspexeris,
1066 4236 1184 4272 cum
1215 4222 1277 4273 ad
1309 4237 1392 4275 me
1420 4237 1477 4275 se
1503 4223 1716 4288 referet,
1750 4222 1814 4276 de
1844 4231 1927 4276 tua
1959 4225 2256 4280 valetudine

688 4313 963 4361 certiorem
1009 4326 1091 4362 me
1132 4310 1301 4364 facere
1333 4327 1418 4377 ne,
1447 4327 1647 4381 quazso,
1684 4313 1941 4382 graveris.
1982 4311 2254 4382 Siquidem

688 4400 854 4452 litera:
891 4411 990 4452 tua:
1037 4403 1315 4455 maximam
1348 4402 1494 4467 mihi,
1527 4404 1681 4457 etiam
1716 4404 1767 4457 in
1809 4404 2091 4459 solitudine
2127 4419 2254 4459 con-

688 4490 890 4553 stituto,
923 4492 1331 4546 consolationem
1359 4493 1592 4548 allaturm
1620 4505 1760 4549 sunt.

690 4621 827 4676 CLX
844 4621 903 4674 V.
935 4622 1194 4694 Episcopi:
1218 4628 1427 4694 quicum
1444 4628 1828 4682 occidentalibus
1850 4640 2100 4686 venerant.
2128 4631 2252 4700 (An-

1170 4729 1259 4780 no,
1289 4724 1344 4768 ut
1371 4724 1604 4784 putatur,
1633 4717 1785 4787 406.)

762 4847 1038 4903 Pristinam
1068 4849 1280 4918 quidem
1303 4859 1531 4903 vestram
1563 4851 1720 4904 animi
1765 4853 2244 4922 promptitudiuem,

689 4950 846 5010 atque
869 4940 1118 5005 studium,
1147 4941 1286 5009 quod
1319 4957 1410 5010 pro
1442 4942 1792 4996 Ecclesiarum
1823 4945 2111 4998 commodis
2141 4961 2250 5015 pra:

691 5031 840 5085 vobis
861 5031 1068 5094 tulistis,
1093 5030 1332 5084 admirati
1355 5047 1553 5086 sumus.
1579 5032 1924 5102 Posteaquam
1948 5044 2120 5089 autem
2145 5046 2248 5088 tam

689 5123 896 5191 longam
925 5122 1392 5191 peregrinationem
1437 5124 1648 5191 insuper
1684 5124 1971 5192 adjecistis,
2001 5127 2249 5195 omnique

684 5213 1022 5267 cunctatione
1051 5211 1274 5280 abjecta,
1305 5211 1442 5277 forti,
1471 5222 1525 5266 ut
1549 5228 1642 5267 vos
1669 5213 1909 5280 decebat,
1941 5215 2116 5270 animo
2143 5225 2246 5269 tam

688 5304 899 5372 longum
946 5303 1044 5356 iter
1087 5302 1414 5372 suscepistis,
1460 5318 1562 5359 non
1599 5305 1884 5375 vulgariter
1911 5305 2013 5361 hoc
2039 5323 2251 5378 quoque

690 5408 900 5447 nonnne
934 5408 1027 5448 vos
1051 5393 1366 5464 suspicimus
1389 5411 1401 5447 :
1427 5410 1523 5450 nec
1552 5396 1720 5459 vobis.
1765 5407 1872 5450 tum
1903 5414 2042 5453 nunc
2066 5415 2160 5468 per
2184 5400 2249 5453 li-

688 5492 844 5547 teras,
876 5493 984 5537 tum
1008 5483 1138 5538 citra
1163 5485 1362 5548 literas,
1391 5485 1585 5554 gratias
1617 5501 1772 5555 agere
1803 5486 2113 5542 desinimus.
2143 5487 2248 5543 Nec

687 5587 810 5625 vero
840 5590 934 5626 nus
961 5573 1253 5640 dumtaxat,
1294 5573 1389 5628 sed
1427 5575 1584 5629 etiam
1629 5577 1914 5632 orientales
1942 5593 2126 5634 omnes
2150 5579 2246 5634 ad-

696 5663 974 5719 miratione
1012 5673 1260 5720 tenentur
1286 5676 1580 5736 vestraeque
1623 5669 1879 5726 firmitatis
1932 5682 2088 5742 atque
2117 5686 2247 5728 cono

752 5792 762 5823 '
797 5793 1014 5861 Coislin.,
1039 5797 1119 5852 ubi
1139 5811 1262 5851 nunc
1285 5799 1634 5860 concitaturum

1477 401 1533 459 S.
1564 398 1840 458 JOANNIS
1874 394 2248 456 CHRYSOS’I'.
2287 393 2605 453 ARCHIEP.
2645 393 3178 453 CONSTANTINOP.

2352 510 2578 576 stantize,
2607 508 2969 581 ferventisque
3003 509 3240 566 caritatis
3284 517 3339 565 et
3380 510 3618 566 immota
3647 511 3925 566 sententia

2351 619 2621 675 praecones
2646 613 2785 661 sunt.
2817 606 2895 661 Ac
2937 619 3034 660 nec
3077 604 3278 659 itineris
3324 604 3784 674 longinquitatem,
3825 618 3924 660 nec

2351 695 2789 774 peregrinationis
2831 709 3119 749 :erumnam
3146 695 3254 749 ullo
3283 694 3441 749 modo
3465 709 3682 764 gravem
3715 705 3771 750 et
3808 710 3926 750 mo-

2353 784 2538 839 lestam
2565 800 2684 840 esse
2711 785 2927 849 ducunt,
2952 795 3009 840 ut
3036 785 3104 839 ad
3131 800 3223 842 vos
3250 795 3536 841 excurrant
3560 801 3624 842 ac
3652 795 3926 843 totaestra

2353 876 2606 946 pmlara
2643 875 2779 945 facta
2806 876 3152 945 conspiciant.
3197 875 3423 946 Ideoque
3448 875 3930 932 reverendissimus

2353 975 2406 1021 et
2439 966 2707 1036 piissimus
2731 965 2976 1030 dominus
2998 980 3147 1021 meus
3171 967 3464 1038 presbyter,
3493 967 3703 1022 etiamsi
3730 968 3925 1038 alioqtu'

2355 1071 2538 1126 parum
2570 1057 2722 1111 firmo
2745 1069 2969 1126 corpore
3009 1056 3279 1126 praiditus,
3309 1057 3440 1112 nihil
3470 1073 3576 1112 non
3621 1057 3721 1114 sibi
3754 1057 3926 1128 perfe-

2355 1146 2578 1202 rendum
2621 1147 2852 1216 putavit,
2893 1157 2952 1202 ut
2991 1147 3057 1202 ad
3087 1163 3180 1203 vos
3208 1163 3268 1204 se
3309 1147 3598 1214 conferret,
3645 1158 3932 1221 vestroque

2355 1245 2641 1308 conspectu
2693 1247 2849 1308 atque
2893 1253 3179 1308 congressu
3234 1239 3519 1295 frueretur.
3578 1240 3928 1312 Posteaquam

2355 1328 2512 1398 igitur
2537 1329 2730 1399 ipsum,
2770 1338 2828 1384 ut
2853 1338 3030 1384 vestra
3073 1330 3265 1385 caritas
3308 1331 3560 1399 postulat,
3589 1332 3929 1401 exceperitis,

2358 1417 2484 1475 illud
2507 1433 2535 1472 a
2565 1419 2716 1474 vobis
2745 1420 2990 1489 petimus,
3016 1427 3074 1473 ut
3111 1420 3318 1475 etiamsi
3363 1421 3499 1475 mala
3538 1421 3928 1491 ingravescant,

2359 1527 2454 1567 vos
2483 1522 2656 1567 tamen
2684 1513 2747 1566 iis
2774 1512 3090 1567 medicinam
3111 1511 3300 1567 aderre
3320 1527 3388 1568 ne
3412 1512 3730 1582 gravemini,
3749 1529 3930 1570 verum

2360 1617 2538 1672 parem
2569 1602 2733 1656 initiis
2777 1603 2934 1656 linem
2963 1603 3262 1672 imponatis.
3313 1602 3471 1658 Scitis
3499 1605 3642 1658 enim
3685 1614 3930 1673 quantam

2361 1693 2508 1747 vobis
2535 1693 2790 1763 benignus
2837 1693 2974 1748 Deus
3000 1693 3296 1749 mercedem
3335 1695 3597 1749 relaturus
3632 1695 3724 1761 sit,
3757 1697 3803 1750 si
3843 1711 3932 1765 pro

2362 1793 2438 1838 tot
2467 1783 2717 1840 Ecclesiis
2743 1785 3060 1854 perturbatis
3093 1785 3367 1850 laboretis,
3396 1785 3636 1854 nihilque
3656 1787 3930 1850 omittatis,

2360 1890 2465 1946 quo
2495 1891 2584 1932 eas
2611 1875 2674 1930 ad
2707 1877 3047 1947 tranquillum
3077 1882 3286 1947 portum
3307 1875 3606 1947 appellatis.

2361 2029 2606 2086 CLXVI.
2652 2029 2933 2101 Episcopis,
2987 2031 3074 2102 qui
3118 2046 3230 2084 cum
3257 2030 3647 2085 occidualibus
3692 2030 3933 2101 episcopis

2609 2132 2841 2176 venerant
2868 2123 2905 2175 '.
2945 2120 3141 2193 (Anno,
3170 2128 3226 2176 ut
3253 2128 3486 2191 putatur,
3514 2120 3671 2188 ιοϐ.)

2434 2275 2619 2346 Magna
2649 2274 2863 2345 quidem
2904 2289 2966 2331 ac
3003 2274 3256 2346 pmclara
3290 2289 3353 2330 ea
3384 2289 3594 2346 quoque
3621 2286 3769 2342 sunt,
3820 2291 3934 2348 qua:

2364 2368 2509 2438 prius
2535 2368 2756 2432 fecistis,
2788 2382 2979 2437 nempe
3009 2368 3150 2438 quod
3185 2367 3382 2438 justam
3420 2369 3707 2440 virtutique
3748 2379 3934 2426 vestra:

2362 2467 2792 2526 consentaneam,
2824 2459 2894 2514 ob
2916 2473 2982 2514 ea
3023 2458 3160 2513 mala
3195 2473 3315 2528 quae
3358 2467 3435 2514 tot
3474 2457 3745 2514 Ecclesiae
3780 2473 3934 2516 occu-

2363 2559 2574 2621 parunt,
2632 2550 3046 2622 indignationem
3090 2551 3410 2620 conccpistis
3447 2565 3738 2621 earumque
3773 2551 3934 2609 vicem

2364 2641 2607 2697 doluistis
2648 2660 2662 2697 :
2695 2655 2866 2712 neque
2901 2641 2986 2696 bic
3033 2640 3252 2711 gradum
3304 2639 3510 2707 fixistis,
3557 2656 3741 2696 verum
3782 2643 3934 2698 etiam

2364 2748 2481 2802 quae
2507 2732 2741 2787 muneris
2759 2733 2921 2787 vestri
2947 2733 3079 2786 ratio
3107 2730 3426 2800 postulabat,
3458 2730 3557 2800 ipsi
3587 2732 3930 2800 prastitistis.

2365 2825 2494 2880 Illud
2524 2834 2699 2880 autem
2728 2825 2882 2895 longe
2902 2826 3185 2879 maximum
3208 2837 3270 2878 ac
3291 2823 3776 2894 praeclarissimum,
3800 2825 3934 2894 quod

2367 2931 2507 2971 nunc
2529 2931 2559 2970 a
2588 2916 2735 2971 vobis
2766 2915 2960 2970 factum
2991 2925 3091 2980 est,
3125 2915 3372 2970 nimirum
3401 2913 3544 2984 quod
3570 2915 3930 2984 unusquisque

2367 3015 2598 3062 vestrum
2623 3006 2926 3062 domesticis
2956 3005 3173 3061 sedibus
3202 3005 3398 3061 relicus
3421 3015 3526 3060 tam
3552 3005 3761 3076 longam
3790 3021 3933 3075 pere-

2365 3099 2721 3168 grinationem
2749 3098 2883 3162 iniit,
2917 3106 3078 3168 atque
3109 3097 3160 3151 in
3187 3106 3368 3152 extera
3395 3098 3613 3166 regione
3636 3111 3933 3152 commora-

2366 3197 2468 3253 tur,
2501 3203 2563 3244 ac
2605 3203 2700 3258 pro
2731 3188 3084 3244 Ecclesiarum
3123 3188 3348 3243 utilitate
3387 3187 3654 3244 diuturna:
3701 3190 3932 3259 peregri-

2365 3281 2594 3336 nationis
2638 3280 2846 3336 labores
2883 3279 3089 3336 sulfert.
3142 3281 3219 3336 Ac
3249 3289 3526 3350 propterea
3567 3280 3720 3336 vobis
3746 3281 3933 3352 gratias

2363 3386 2540 3442 agere,
2565 3386 2760 3442 vosque
2785 3370 2853 3426 ob
2882 3379 2961 3427 tot
2986 3385 3049 3426 ac
3077 3379 3219 3426 tanta
3255 3371 3494 3442 prmmia,
3538 3386 3662 3441 quae
3699 3369 3801 3427 hoc
3843 3387 3930 3425 no-

2365 3463 2506 3517 mine
2533 3464 2669 3518 Deus
2695 3462 2843 3519 vobis
2868 3477 2965 3533 pro
3002 3477 3098 3518 sua
3127 3462 3448 3533 benignitate
3476 3461 3741 3528 recondit,
3766 3463 3930 3517 admi—

2366 3553 2471 3607 rari
2497 3567 2558 3607 ac
2585 3553 2769 3607 beatos
2797 3553 3089 3623 praedicare
3115 3568 3217 3608 non
3243 3552 3552 3608 desinimus.
3586 3555 3662 3608 Ac
3689 3555 3930 3623 quoniam

2365 3659 2463 3700 nos
2493 3660 2591 3700 nec
2617 3645 2686 3699 ob
2712 3645 2975 3713 exsilium,
3001 3660 3106 3716 quo
3131 3659 3270 3700 nunc
3309 3660 3640 3710 coercemur,
3665 3645 3930 3700 vobiscum

2365 3737 2584 3803 versari,
2620 3751 2719 3792 nec
2748 3737 2894 3804 item,
2922 3737 3084 3806 quod,
3127 3737 3210 3791 cui
3237 3737 3416 3792 literas
3444 3736 3654 3801 demus,
3687 3736 3826 3791 baud
3858 3736 3932 3790 fa-

2362 3827 2463 3881 cile
2504 3827 2878 3891 nanciscimur,
2921 3827 3132 3882 assidue
3161 3827 3225 3882 ad
3253 3843 3352 3882 vos
3392 3827 3626 3882 scribere
3656 3843 3931 3898 possumus

2367 3917 2509 3985 (nam
2535 3916 2727 3986 alioqui
2768 3917 3035 3971 literarum
3067 3916 3358 3986 frequentia
3385 3932 3477 3972 vos
3504 3917 3888 3987 obntissemus)
3916 3936 3928 3971 :

2363 4007 2564 4062 idcirco
2583 4007 3091 4064 reverendissimum
3108 4023 3170 4063 ac
3190 4008 3644 4078 religiosissimum
3664 4008 3930 4064 dominum

2363 4113 2538 4153 meum
2571 4099 2958 4171 presbyterum,
2991 4099 3080 4169 qui
3107 4099 3266 4154 etiam
3305 4099 3418 4168 ipse
3446 4108 3635 4167 sponte
3676 4114 3769 4154 sua
3817 4115 3931 4169 pm-

2362 4190 2523 4244 ficisci
2550 4205 2612 4244 ac
2645 4205 2738 4244 vos
2767 4191 2949 4245 videre
2997 4191 3262 4260 cupiebat,
3306 4191 3724 4253 obsecravimus,
3775 4200 3830 4244 ut
3875 4193 3929 4244 li-

2366 4290 2504 4335 teras
2532 4297 2560 4334 a
2605 4282 2755 4336 vobis
2783 4281 2849 4335 ad
2899 4296 2995 4336 nos
3024 4282 3306 4348 obtineret,
3359 4290 3518 4352 atque
3567 4282 3679 4350 ipse
3716 4286 3929 4336 caritate

2362 4381 2535 4425 vestra
2563 4386 2740 4425 coram
2774 4370 3054 4426 frueretur.
3102 4372 3448 4441 Posteaquam
3481 4372 3640 4442 igitur
3666 4388 3809 4436 eum,
3839 4390 3929 4442 pro

2361 4476 2425 4515 eo
2447 4469 2603 4526 atque
2630 4476 2722 4514 vos
2751 4459 2921 4525 decet,
2954 4447 3287 4531 exceperitis,
3317 4461 3384 4516 de
3405 4469 3578 4516 vestra
3607 4463 3919 4528 valetudine,

2360 4566 2478 4604 cum
2506 4551 2729 4615 licuerit,
2759 4552 3013 4605 certiores
3057 4565 3152 4605 nos
3196 4550 3390 4618 facere,
3421 4565 3623 4621 quzeso,
3653 4567 3722 4606 ne
3746 4567 3923 4623 grave-

2360 4642 2509 4695 mini.
2537 4642 2806 4710 Siquidem
2841 4642 2993 4695 nobis
3019 4641 3070 4695 id
3095 4642 3231 4696 scire
3259 4656 3466 4697 suntme
3490 4641 3664 4698 studio
3687 4652 3768 4698 est
3795 4661 3808 4697 :
3838 4657 3928 4698 ne-

2359 4746 2460 4801 que
2486 4746 2698 4800 parvam
2725 4731 3026 4786 solitudinis
3057 4731 3230 4802 hujus,
3281 4732 3333 4788 in
3359 4748 3461 4804 qua
3488 4748 3785 4801 versamur,
3805 4749 3927 4790 con-

2360 4810 2670 4878 solationem
2699 4826 2820 4878 ltinc
2839 4825 3103 4894 accepturi
3133 4839 3333 4880 sumus.

2670 4975 2947 5033 CLXVII.
2982 4977 3171 5034 Iisdem
3196 4983 3236 5034 '.
3271 4980 3448 5051 (Antio
3473 4980 3624 5050 406.)

2428 5126 2794 5196 Amplissimas
2822 5127 2968 5179 vobis
2997 5126 3065 5179 ob
3096 5135 3290 5180 tantam
3317 5126 3480 5180 animi
3508 5126 3828 5190 firmitatem,
3863 5144 3919 5183 ac

2359 5217 2607 5280 studium,
2636 5224 2688 5269 ct
2706 5230 2911 5281 curam,
2938 5215 3248 5285 laboresque
3272 5224 3328 5270 et
3349 5214 3593 5283 sudores,
3615 5231 3678 5271 ac
3700 5218 3922 5287 denique

2359 5311 2428 5365 ob
2454 5311 2659 5379 longam
2689 5309 2821 5363 hanc
2849 5309 3342 5380 peregrinationem,
3374 5323 3532 5378 quam
3564 5309 3802 5363 utilitatis
3823 5311 3918 5364 Ec-

2359 5401 2636 5456 clesiarum
2665 5415 2820 5454 causa
2861 5399 3189 5468 suscepistis,
3231 5399 3427 5467 gratias
3456 5398 3682 5467 agimus.
3716 5399 3918 5454 Etenim

2424 5620 2436 5648 ι
2472 5615 2659 5678 Coislin.
2687 5617 2756 5678 sic
2788 5615 2978 5664 titulum
3011 5614 3156 5664 liabet
3182 5611 3442 5678 :Episcopo
3464 5613 3547 5677 qui
3574 5625 3686 5664 cum
3707 5616 3920 5664 oeadcno

2358 5678 2528 5728 talibus
2549 5677 2783 5740 episcopis
2806 5682 3014 5740 venerat.

2421 5735 2624 5801 "Hujus
2649 5735 2793 5801 etiam
2819 5737 3001 5801 titulus
3042 5745 3116 5786 est
3155 5739 3201 5786 in
3234 5736 3441 5789 coislins
3468 5735 3698 5801 Episcopo
3720 5737 3801 5799 qui
3821 5748 3921 5784 non

2363 5796 2730 5856 occidentalibus
2753 5797 2979 5863 episcopis
3006 5804 3207 5850 venerat.
