4218 6506
763 457 872 512 709

758 569 863 638 γάρ
931 569 1040 629 τοῖς
1097 564 1444 632 ταράττουσιν
1508 562 1721 614 ἅπαντα
1778 559 1960 627 μεῖζον
2010 557 2071 610 τὸ
2115 560 2305 628 κρῖμα,

753 657 990 726 τοσούτῳ
1013 656 1104 708 καὶ
1125 656 1249 723 ὑμῖν
1281 652 1477 705 πλείων
1499 652 1528 702 ὁ
1549 650 1758 720 μισθὸς,
1785 648 2016 718 τοσαύτῃ
2041 647 2312 718 κεχρημέ-

754 764 865 809 νοις
898 746 1137 814 ὑπομονῇ
1177 744 1269 797 καὶ
1311 741 1511 812 σπουδῇ
1546 743 1626 803 είς
1659 739 1941 808 διόρθωσιν
1984 737 2094 791 τῶν
2129 736 2311 801 κακῶς

755 841 884 905 παρ’
915 836 1114 907 ἑτέρων
1141 834 1539 904 γεγενημένων.
1569 834 1678 886 Καὶ
1714 831 2048 900 ἐϐουλόμεθα
2091 831 2190 900 μὲν
2219 831 2312 884 καὶ

757 927 1015 996 παρόντες
1041 926 1180 980 κατά
1207 925 1495 996 πρόσωπον
1533 925 1809 993 συντυχεῖν
1855 920 2008 992 ὑμῶν
2048 925 2113 992 τῇ
2150 921 2310 974 εὐλα-

754 1017 890 1088 ϐείᾳ·
922 1016 1105 1085 ἐπειδὴ
1126 1017 1182 1069 δὲ
1216 1015 1372 1070 τοῦτο
1395 1013 1724 1086 ἀφῃρήμεθα
1768 1013 1877 1067 ἀπὸ
1903 1014 2004 1083 τῆς
2047 1011 2187 1068 κατά
2211 1012 2310 1083 τήν

751 1108 966 1175 έξορίαν
993 1108 1261 1178 ἀνάγκης,
1289 1107 1387 1176 ὀψέ
1409 1123 1537 1158 ποτε
1563 1105 1658 1159 καὶ
1682 1104 1833 1175 μόλις
1855 1101 2307 1174 επιτυχόντεςτοῦ

752 1201 888 1270 πρὸς
921 1201 1062 1270 ὑμᾶς
1089 1197 1502 1268 ἀφικνουμένου,
1530 1193 1622 1249 τοῦ
1649 1194 1838 1266 κυρίου
1866 1210 1968 1264 μου
1996 1191 2092 1247 τοῦ
2119 1209 2308 1262 τιμιω-

751 1290 912 1342 τάτου
940 1289 1032 1345 καὶ
1063 1287 1450 1343 εὑλαΰεστάτου
1477 1284 1867 1359 πρεσϐυτέρου,
1894 1281 2309 1352 διεπεμψάμεθα

750 1378 916 1431 ταυτὶ
943 1377 1012 1430 τά
1036 1377 1355 1446 γράμματα,
1377 1377 1477 1446 τήν
1497 1392 1558 1428 τε
1595 1373 1947 1446 ὀφειλομένην
1974 1371 2309 1434 ἀποδιδόντες

750 1469 1069 1539 πρόσρησιν,
1096 1470 1189 1521 καὶ
1216 1464 1659 1538 εὐχαριστοῦντες
1691 1464 1831 1535 ὑπέρ
1865 1481 1925 1516 τε
1959 1462 2066 1515 τῶν
2103 1461 2307 1532 παρελ-

749 1558 968 1622 θόντων.
1004 1558 1145 1628 ὑπέρ
1175 1574 1233 1610 τε
1263 1557 1371 1609 τῶν
1396 1555 1513 1619 νῦν,
1539 1555 1678 1626 ὑπέρ
1704 1573 1764 1608 τε
1796 1553 2088 1624 ὁλοκλήρου
2112 1552 2212 1622 τῆς
2231 1553 2308 1607 δι-

747 1648 1028 1719 ορθώσεως
1050 1647 1156 1700 τῶν
1185 1647 1384 1700 κακῶν.
1411 1646 1530 1700 Κᾶν
1557 1648 1664 1716 γὰρ
1694 1645 1857 1716 μηδὶν
1873 1645 2096 1714 γένηται
2125 1641 2304 1705 πλέον,

749 1743 906 1810 ὑμεῖς
930 1741 989 1794 τὸ
1012 1741 1272 1811 ὑμέτερον
1299 1740 1651 1809 πεποιήκατε.
1683 1739 1772 1791 Διδ
1793 1739 1886 1790 καὶ
1905 1735 2307 1806 ἀπηρτισμένου

749 1831 898 1901 ἔχετε
930 1832 1078 1901 παρά
1099 1831 1192 1883 τοῦ
1215 1829 1592 1900 φιλανθρώπου
1616 1829 1748 1882 Θεοῦ
1767 1830 1856 1882 τὸν
1883 1829 2093 1899 μισθὸν,
2114 1830 2308 1882 τοσαύο

749 1937 816 1994 τη
877 1922 969 1974 δια)⁵
1035 1921 1234 1990 σπουδῇ
1293 1920 1386 1972 καὶ
1433 1921 1710 1991 προθυμίᾳ
1756 1921 1890 1991 πρὸς
1927 1921 1987 1972 τὸ
2021 1923 2088 1974 τά
2121 1922 2305 1984 κακῶς

747 2011 1084 2082 γεγενημένα
1133 2010 1384 2065 ἰάσασθαι
1429 2011 1515 2064 διὰ
1576 2012 1772 2075 παντὸς
1833 2012 2162 2086 χρησάμενοι
2211 2012 2302 2066 τοῦ

748 2120 956 2173 χρονου.

981 2193 1156 2246 PSH.
1190 2193 1380 2261 Πρόϐῃ
1416 2192 1714 2260 ἐλευθέρᾳ,
1747 2191 1818 2245 ἐν
1854 2191 2056 2261 Ῥώμῃ.

815 2283 878 2336 El
904 2283 996 2337 καὶ
1026 2282 1202 2352 πολλῷ
1231 2283 1566 2356 διῳκίσμεθα
1588 2281 1666 2352 τῷ
1701 2282 1849 2352 μέσῳ
1885 2283 1982 2353 τῆς
2003 2283 2143 2348 όδοῦ,
2169 2283 2304 2338 ἀλλά

745 2373 841 2441 τῆς
878 2373 1102 2444 γνησίας
1129 2391 1222 2426 σου
1270 2374 1362 2425 καὶ
1392 2373 1598 2444 θερμῆς
1633 2375 1870 2443 ἀγάπης,
1906 2373 1982 2436 ὡς
2014 2377 2299 2444 παρόντες,

746 2464 840 2520 καὶ
871 2465 1046 2518 πάντα
1064 2465 1135 2516 τά
1165 2463 1232 2516 σά
1257 2464 1507 2534 ὁρῶντες,
1529 2463 1699 2525 οὕτως
1717 2464 1915 2535 ἀκριϐῆ
1940 2466 2134 2534 πεῖραν
2158 2465 2302 2537 είλή-

745 2570 942 2624 φαμεν,
977 2551 1087 2612 τῶν
1118 2552 1326 2605 ἐκεῖθεν
1348 2551 1756 2622 ἀφικνουμένων
1785 2552 1921 2622 πρὸς
1948 2553 2094 2623 ήμᾶς
2119 2555 2301 2624 ἀπαγ-

744 2643 1037 2710 γελλόντων
1104 2641 1224 2712 περὶ
1285 2640 1385 2710 τῆς
1437 2643 1536 2711 σῆς
1597 2641 1889 2712 ἐμμελείας
1927 2641 2116 2708 ταῦτα,
2159 2643 2302 2716 ἀπερ

743 2731 1117 2801 ιπεθυμοῦμεν
1149 2729 1453 2799 μανθάνειν.
1473 2730 1571 2783 Διά
1594 2729 1750 2782 τοῦτό
1776 2747 1856 2782 σοι
1889 2730 2115 2801 χάριτας
2145 2732 2302 2802 ῐσμεν

744 2821 944 2884 πολλὰς
959 2821 1063 2875 καὶ
1073 2821 1330 2890 μεγάλας,
1361 2820 1453 2874 καὶ
1481 2819 1904 2891 ἐναϐρυνόμεθα,
1922 2822 2015 2875 καὶ
2032 2821 2300 2878 καλλωπι·

745 2911 949 2981 ζόμεθα
973 2911 1066 2963 ἐπὶ
1089 2914 1155 2981 τῇ
1201 2909 1434 2963 διαθέσει
1475 2910 1576 2980 τῆς
1625 2911 1902 2980 εὐγενείας
1926 2927 2038 2965 σου·
2064 2914 2155 2967 καὶ
2179 2919 2304 2978 τούς

744 3004 1080 3073 ἀγαπητοὺς,
1104 3001 1196 3054 τὸν
1215 3000 1605 3055 εὐλαϐέστατον
1637 3001 2004 3074 πρεσδύτερον
2030 3005 2299 3077 Ἰωάννην,

744 3094 839 3155 καὶ
867 3093 956 3146 τδν
985 3091 1306 3162 τιμιώτατον
1343 3091 1584 3145 διάκονον
1615 3091 1825 3147 Παῦλον
1860 3096 2301 3164 παρακατατιθέ-

747 3183 885 3254 μεθά
922 3201 1014 3236 σου
1045 3185 1108 3253 τῇ
1147 3182 1481 3252 κοσμιότητι,
1509 3181 1584 3246 ὡς
1620 3184 1698 3246 είς
1726 3183 1918 3253 λιμένα
1945 3183 2042 3248 τὰς
2075 3184 2174 3248 σάς
2206 3187 2303 3238 αὑ.

742 3275 868 3339 τούς
899 3274 1356 3345 παραπέμποντες
1388 3276 1592 3344 χεῖρας.
1635 3275 1785 3328 Ἰδεῖν
1808 3274 1984 3328 τοίνυν
2005 3276 2199 3340 αὐτοὺς
2226 3276 2302 3340 ὥς

745 3383 828 3420 σοι
865 3366 1071 3435 πρέπον
1119 3366 1254 3429 εστὶ,
1297 3367 1552 3421 δέσποινά
1597 3383 1694 3435 μου
1736 3367 2036 3437 τιμιωτάτη
2073 3369 2168 3422 καὶ
2209 3368 2300 3420 εὑ-

741 3455 1058 3525 γενεστάτη,
1094 3455 1493 3526 παρακλήθητι.
1525 3450 1695 3511 Οἶσθα
1733 3456 1861 3527 γάρ,
1892 3457 2013 3520 ὅσος
2037 3457 2189 3511 ἔσται
2218 3475 2302 3512 σοι

741 3547 840 3616 τῆς
886 3545 1277 3616 φιλοφροσύνης
1321 3547 1520 3618 ταύτης
1567 3548 1595 3599 ό
1642 3546 1847 3616 μισθός.
1897 3548 2006 3601 Καὶ
2038 3549 2198 3619 ἡνίκα
2235 3550 2302 3604 ἀν

744 3637 892 3709 [697]
941 3636 1055 3708 ἐξῇ,
1098 3638 1474 3709 συνεχέστερον
1531 3639 1660 3708 ἡμῖν
1719 3637 1878 3709 δήλου
1925 3638 1993 3692 τά
2037 3641 2165 3712 περὶ¹
2202 3639 2303 3710 τῆς

744 3729 932 3796 ὑγείας
974 3728 1074 3798 τῆς
1124 3729 1242 3798 σῆς,
1294 3728 1419 3798 περὶ
1462 3725 1529 3799 ἧς
1584 3728 1786 3800 σφόδρα
1844 3731 2302 3799 περισπούδαστον

741 3820 870 3888 ἡμῖν
925 3817 1232 3886 μανθάνειν,
1283 3817 1573 3887 ἐπειδήπερ
1622 3816 1824 3888 σφόδρα
1864 3819 2031 3890 αὐτῆς
2081 3819 2302 3891 ἀντεχό-

745 3909 902 3980 μεθα.

943 3999 1114 4052 ΡΞΘν.
1156 3997 1467 4066 Ἰουλιανῇ,
1494 3999 1590 4052 καὶ
1616 3999 1743 4066 ταῖς
1769 4001 1890 4055 σὺν
1914 4001 2087 4070 αὐτῇ.

813 4087 965 4157 Ὀσῳ
1005 4087 1378 4157 χαλεπώτερον
1423 4088 1484 4140 τὸ
1523 4090 1697 4158 κρῖμα
1745 4090 2032 4160 γεγένηται
2075 4093 2186 4156 τοῖς
2232 4093 2301 4148 τά

743 4179 970 4233 τοιαῦτα
1005 4181 1443 4251 παρανομήσασι,
1476 4180 1714 4252 τοσούτῳ
1743 4181 1940 4236 πλείων
1979 4184 2106 4250 ὑμῖν
2149 4183 2300 4240 ἔσται

741 4271 773 4324 ὁ
808 4268 1015 4341 μισθὸς,
1050 4273 1160 4332 τοῖς
1190 4271 1453 4334 τοσαύτας
1489 4273 1829 4343 παρανομίας
1855 4273 2001 4327 λύειν
2037 4276 2299 4332 ἐσπουδα-

744 4362 882 4424 κόσι,
912 4363 1007 4415 καὶ
1032 4361 1280 4416 τοσοῦτον
1320 4362 1781 4433 ἐπιδεικνυμένοις
1811 4366 1970 4420 πόνον
1998 4366 2088 4419 καὶ
2122 4369 2300 4439 κάμα-

740 4467 850 4505 τον.
882 4451 1016 4506 Οὐδὲ
1049 4450 1155 4521 γὰρ
1187 4451 1371 4505 ἔλαθεν
1397 4454 1540 4522 ήμάς
1577 4454 1678 4522 τῆς
1713 4454 1981 4525 ὑμετέρας
2011 4455 2300 4522 διαθέσεως

739 4542 775 4614 ή
811 4541 1042 4605 εὐποιία,
1067 4542 1160 4595 καὶ
1181 4543 1214 4611 ἠ
1245 4543 1468 4614 σπουδὴ,
1491 4544 1556 4613 ήν
1588 4546 1681 4598 καὶ
1707 4547 1784 4608 είς
1813 4547 1910 4618 τὴν
1937 4550 2300 4619 προκειμένην

743 4631 995 4688 ντεόθεσιν
1021 4628 1387 4695 επεδείξασθε,
1420 4632 1519 4684 καὶ
1541 4635 1617 4696 εις
1638 4633 1735 4702 τὴν
1768 4635 2159 4709 φιλοφροσύνην
2192 4639 2299 4691 τῶν

742 4720 871 4789 παρ’
891 4716 1046 4789 ήμῶν
1078 4719 1254 4770 ἐκεῖσε
1284 4718 1616 4786 ἀφιγμένων.
1657 4720 1748 4772 Διὸ
1781 4722 1874 4774 καὶ
1910 4725 2135 4794 χάριτας
2174 4727 2299 4796 ὑμῖν

741 4809 954 4878 ἔχομεν,
981 4808 1076 4861 καὶ
1113 4806 1534 4880 παρακαλοῦμεν
1577 4813 1642 4881 τῇ
1685 4812 1820 4883 αὐτῇ
1853 4814 2128 4884 ἐπιμένειν
2165 4834 2300 4888 προ.

740 4899 929 4969 θυμία,
958 4899 1052 4952 καὶ
1080 4899 1558 4973 ἐρρωμενεστέραν
1585 4901 1946 4969 ἐπιδείξασθαι
1968 4906 2212 4960 εὐτονίαν
2237 4926 2297 4963 τε

739 4991 832 5043 καὶ
859 4991 1126 5061 ἀνδρείαν.
1163 4991 1305 5043 ἰστε
1339 4990 1447 5062 γάρ
1469 4992 1652 5063 ἡλίκον
1676 4993 1770 5048 τοῦ
1798 4996 2212 5068 κατορθώματος
2235 5001 2298 5056 τὸ

741 5086 988 5155 μέγεθος,
1015 5087 1109 5139 καὶ
1144 5087 1267 5139 ὅσον
1294 5085 1529 5157 λήψεσθε
1557 5087 1647 5140 τὸν
1677 5088 1887 5158 μισθὸν,
1914 5091 2178 5163 τοσαύτην
2205 5110 2297 5147 τα-

741 5177 934 5252 ραχὴν,
958 5178 1050 5230 καὶ
1069 5177 1212 5230 οὕτω
1232 5177 1451 5247 κύματα
1479 5177 1663 5249 ἄγρια,
1693 5179 1754 5232 τό
1779 5197 1841 5247 γε
1866 5183 1944 5244 εἰς
1967 5182 2110 5251 ὑμᾶς
2138 5179 2290 5251 ἧκον.

738 5266 1212 5331 καταστέλλουσαι,
1255 5267 1350 5321 καὶ
1383 5268 1484 5337 τήν
1522 5269 1900 5340 προσήκουσαν
1941 5274 2021 5334 εις
2063 5271 2159 5343 τήν
2190 5274 2296 5329 τῶν

733 5356 1115 5428 γεγενημένων
1145 5359 1330 5414 κακῶν
1363 5359 1706 5429 είσφέρουσαι
1728 5361 2030 5433 διόρθωσιν.

1297 5447 1427 5501 ΡΟ’.
1466 5448 1734 5516 Ἰταλικῇ.

819 5538 942 5591 Ἐπὶ
963 5537 1060 5607 μὲν
1085 5536 1192 5590 τῶν
1215 5536 1409 5602 ἔξωθεν
1429 5541 1786 5608 πραγμάτων,
1816 5541 2004 5613 ὥσπερ
2029 5547 2092 5616 τῇ
2115 5547 2292 5614 φύσει,

736 5628 876 5683 οὕτω
927 5631 1021 5682 καὶ
1069 5631 1136 5699 τῇ
1176 5629 1367 5700 πράξει
1409 5630 1502 5682 καὶ
1542 5633 1607 5701 τῇ
1643 5635 2005 5704 μεταχειρίσει
2046 5637 2294 5709 διῄρηται

739 5718 906 5774 ταῦτα
947 5720 1016 5773 τά
1043 5718 1200 5790 γένη,
1245 5718 1381 5790 ἀνὴρ
1435 5720 1577 5788 λέγω
1617 5723 1706 5773 καὶ
1752 5726 1906 5794 γυνή.
1937 5727 2014 5796 Τῇ
2054 5728 2154 5798 μὲν
2184 5730 2292 5800 γάρ

737 5806 1001 5877 οἰκουρεῖν
1037 5807 1362 5877 νενόμισται,
1393 5808 1467 5879 τῷ
1502 5808 1554 5861 δὲ
1597 5809 1704 5865 τῶν
1748 5812 2028 5870 πολιτικῶν
2060 5818 2150 5872 καὶ
2181 5820 2288 5876 τῶν

1467 447 1524 505 S.
1561 445 1842 503 JOANNIS
1879 441 2366 503 CIIRYSOSTOMI
2406 435 2722 496 ARCIIIBP.
2761 431 3302 490 CONSTANTINOP.

3864 449 3985 508 πε

2415 559 2474 609 έν
2494 558 2664 628 ἀγορᾷ
2682 559 3017 629 πραγμάτων
3045 559 3176 612 am
3187 559 3325 613 σθαι.
3359 557 3481 615 Ἐπὶ
3508 562 3563 615 δὲ
3591 561 3700 614 τῶν
3720 562 3815 614 τοῦ
3834 560 3968 615 Θεοῦ

2410 645 2655 712 ἀγώνων,
2683 650 2776 700 καὶ
2805 649 2913 700 τῶν
2945 649 3081 719 ὑπὲρ
3101 649 3200 718 τῆς
3228 649 3546 720 Ἑκκλησίας
3574 651 3751 705 πόνων
3770 653 3870 706 οὑκ
3891 653 3970 709 Iv!

2408 739 2585 802 τοῦτο,
2622 739 2738 792 ἀλλ’
2760 740 2874 792 εστι
2903 742 2998 795 καὶ
3026 743 3255 808 γυναῖκα
3277 741 3468 808 ἀνδρὸς
3495 743 3968 818 ἐρρωμενέστεροι.

2409 830 2515 883 τῶν
2554 831 2735 885 καλῶν
2773 830 2976 885 τούτων
3016 831 3335 901 ἀντέχεσθαι
3385 831 3610 900 ἀγώνων
3643 834 3738 888 καὶ
3770 834 3965 890 πόνων.

2409 922 2519 980 Καὶ
2545 921 2701 976 τοῦτο
2725 921 2898 993 δηλῶν
2933 922 2962 974 ὁ
3003 922 3212 986 Παῦλος
3244 925 3303 978 έν
3336 927 3402 994 τῇ
3435 925 3569 995 πρὸς
3607 924 3703 994 τὴν
3735 926 3966 996 πατρίδα

2407 1012 2505 1083 τὴν
2532 1013 2805 1084 ὑμετέραν
2839 1013 3115 1085 ἐπιστολῇ,
3161 1015 3361 1078 πολλάς
3392 1015 3755 1086 ἀνακηρύττει
3785 1020 3968 1085 γυναί-

2408 1121 2531 1168 κας,
2547 1105 2719 1174 λέγων
2740 1103 2909 1168 αὐτάς
2929 1106 2990 1158 οὐ
3011 1104 3182 1175 μικρά
3207 1106 3568 1177 πεπονηκέναι
3599 1107 3746 1178 ἐντῷ
3769 1108 3967 1179 ἀνδρας

2405 1194 2670 1264 διορθοῦν,
2700 1195 2798 1249 καὶ
2818 1196 3030 1263 ινάγευν
3057 1197 3150 1249 ἰπὶ
3179 1195 3247 1250 τά
3275 1197 3639 1267 προσήκοντα.
3677 1197 3837 1263 Τίνος
3862 1199 3968 1252 ἓνε-

2408 1301 2503 1339 κεν
2544 1285 2717 1340 ταῦτά
2750 1303 2924 1356 φημι;
2955 1287 3072 1340 ἰνα
3109 1286 3184 1358 μή
3216 1287 3474 1358 νομίσητε
3504 1288 3782 1359 ἀλλότριον
3817 1289 3966 1360 ὑμῶν

2407 1371 2545 1430 εἶναι
2575 1376 2640 1430 τὸ
2666 1376 2766 1447 τῆς
2792 1377 3024 1447 σπουδῆς
3059 1377 3342 1440 ἀπτεσθαι,
3380 1378 3474 1431 καὶ
3503 1377 3611 1431 τῶν
3639 1378 3820 1433 πόνων
3859 1379 3967 1433 τῶν

2407 1468 2486 1530 είς
2545 1467 2642 1538 τήν
2700 1467 3157 1538 έκκλησιαστικὴν
3204 1467 3486 1538 διόρθωσιν
3551 1467 3965 1532 συντελούντων,

2407 1557 2520 1611 ἀλλ’
2544 1558 2619 1620 ὡς
2640 1558 2846 1629 πρέπον
2871 1559 2998 1628 ὑμῖν
3025 1561 3160 1622 ἑστι,
3181 1559 3272 1611 καὶ
3297 1559 3364 1611 δι’
3393 1558 3620 1623 ἑαυτῶν,
3650 1559 3745 1612 καὶ
3767 1559 3835 1612 δι’
3859 1560 3968 1614 ἑτέ-

2409 1667 2538 1719 ρων,
2562 1645 2636 1703 ὦν
2661 1650 2728 1703 ἀν
2756 1644 2866 1704 οἷόν
2888 1667 2947 1703 τε
2977 1645 3036 1721 ᾖ,
3069 1650 3168 1720 τήν
3203 1650 3586 1721 προσήκουσαν
3619 1650 3964 1721 είσενέγκητε

2409 1738 2662 1806 σπουδὴν,
2691 1740 2768 1801 είς
2803 1738 2861 1791 τὸ
2884 1737 3041 1792 λῦσαι
3076 1738 3173 1806 τὴν
3200 1738 3381 1809 κοινήν
3415 1737 3581 1811 ζάλην
3608 1739 3700 1791 καὶ
3721 1740 3965 1809 ταραχὴν

2405 1825 2503 1896 τήν
2554 1825 2650 1888 τὰς
2697 1825 3017 1895 Ἑκκλησίας
3060 1829 3160 1896 τῆς
3206 1827 3496 1896 ’Δνατολῆς
3536 1827 3961 1882 καταλαϐοῦσαν.

2407 1917 2555 1986 ὀσῳ
2582 1915 2689 1985 γάρ
2714 1917 3063 1986 χαλεπωτέρα
3094 1918 3314 1983 γέγονεν
3341 1919 3374 1987 ή
3415 1917 3573 1988 ζάλη,
3603 1919 3696 1971 καὶ
3738 1919 3969 1990 βαρύτε-

2407 2025 2497 2080 ρος
2556 2010 2585 2060 ὁ
2642 2004 2866 2078 χειμὼν,
2924 2006 3158 2077 τοσούτῳ
3213 2008 3303 2061 καὶ
3347 2008 3474 2078 ὑμῖν
3523 2008 3721 2063 πλείων
3750 2009 3903 2065 ἔσται
3938 2014 3966 2064 6

2408 2095 2617 2165 μισθὸς,
2638 2099 2754 2159 ταῖς
2785 2097 2964 2150 πάντα
2992 2096 3192 2166 πρᾶξαι
3220 2098 3312 2151 καὶ
3338 2097 3530 2151 παθεῖν
3552 2099 3966 2170 αίρουμέναιςι,

2404 2187 2544 2257 ὑπὲρ
2571 2186 2664 2239 τοῦ
2693 2188 2790 2256 τὴν
2819 2187 3269 2258 διαταραχθείσαν
3307 2189 3530 2260 εἰρήνην
3573 2192 3962 2259 ἐπαναγαγεῖν,

2405 2279 2498 2332 καὶ⁵
2527 2280 2584 2330 ἐν
2616 2277 2942 2331 καταστάσει
2985 2281 3048 2349 τῇ
3075 2280 3424 2354 προσηκούσῃ
3457 2280 3753 2335 σπουδάσαι
3789 2299 3964 2336 κατα·

2405 2367 2598 2437 στῆσαι
2625 2367 3046 2439 διαταραχθέντα
3070 2369 3300 2423 ἅπαντα.

2949 2462 3125 2516 ΡοΔ’.
3154 2461 3405 2526 Ποντίῳ.

2472 2550 2668 2621 Πόρρω
2691 2550 2790 2617 μέν
2820 2566 2913 2603 σου
2938 2550 3223 2621 καθήμεθα
3249 2554 3315 2623 τῇ
3344 2551 3612 2623 παρουσία
3642 2552 3739 2606 τοῦ
3778 2552 3968 2625 σώμα-

2399 2657 2508 2704 τος,
2541 2642 2705 2710 έγγύς
2742 2640 2800 2694 δι
2836 2643 2900 2712 τῇ
2927 2640 3164 2694 διαθέσει
3201 2642 3300 2712 τῆς
3337 2640 3534 2711 ψυχῆς,
3569 2643 3664 2697 καὶ
3697 2642 3964 2716 σύνισμέν

2404 2747 2505 2797 σοι,
2529 2728 2680 2804 [698]
2713 2733 2808 2786 καὶ
2835 2731 3298 2802 συμπεπλέγμεθα
3326 2732 3447 2786 καθ’
3471 2734 3703 2804 ἑκάστην
3727 2733 3963 2806 ἡμέραν,

2400 2823 2492 2877 τὸν
2519 2823 2718 2894 θερμόν
2740 2841 2833 2878 σου
2864 2823 2992 2894 περὶ
3017 2825 3162 2895 ἡμᾶς
3180 2825 3378 2888 tanta,
3400 2824 3499 2896 τήν
3520 2824 3844 2895 φιλοξενίαν,
3866 2826 3966 2898 τήν

2403 2911 2814 2984 φιλοφροσύνην,
2847 2913 2945 2984 τήν
2965 2912 3232 2984 τοσαύτην
3261 2914 3555 2986 θεραπείαν
3584 2916 3678 2970 καὶ
3708 2918 3966 2990 σπουδήν,

2402 3002 2469 3067 ήν
2495 3002 2582 3056 διά
2619 3003 2833 3057 πάντων
2861 3003 3141 3070 έπεδείξω,
3175 3005 3296 3058 καθ’
3329 3007 3554 3070 ἑαυτοὺς
3581 3007 3969 3081 ἀναλογιζόμε-

2402 3107 2502 3156 νοι,
2540 3092 2634 3144 καὶ
2664 3093 3034 3163 ιντρυφῶντες
3069 3096 3136 3164 τῇ
3185 3095 3374 3166 μνήμη
3419 3096 3519 3166 τῆς
3548 3098 3824 3167 εὐγενείας
3863 3100 3965 3172 τῆς

2404 3181 2522 3251 σῆς,
2563 3183 2655 3236 καὶ
2683 3183 2818 3250 πρὸς
2840 3184 3084 3249 ἀπαντας
3108 3186 3568 3258 άνακηρύττοντές
3597 3206 3688 3242 σου
3710 3191 3809 3262 τὴν
3833 3190 3967 3246 είλι-

2401 3271 2561 3341 κρινῆ
2582 3273 2842 3337 διάθεσιν,
2865 3275 2960 3329 καὶ
2981 3275 3130 3330 δόλον
3147 3277 3248 3330 οὐκ
3267 3277 3512 3348 ἔχουσαν.
3548 3281 3638 3340 Διὸ
3661 3283 3755 3335 καὶ
3781 3300 3965 3356 γραμ-

2403 3361 2590 3428 μάτων
2639 3360 3011 3433 έπιθυμοῦμεν
3042 3364 3141 3434 τῆς
3181 3365 3456 3435 εὐγενείας
3491 3369 3590 3441 τῆς
3619 3369 3738 3441 σῆς,
3774 3373 3868 3426 καί
3901 3389 3962 3427 σε

2401 3450 2818 3522 παρακαλοῦμεν
2863 3453 3102 3524 συνεχῶς
3147 3457 3281 3526 ήμῖν
3336 3457 3689 3524 έπιστέλλειν,
3751 3465 3846 3516 καὶ
3893 3464 3963 3518 τά

2401 3543 2529 3613 περὶ
2559 3543 2659 3611 τῆς
2682 3543 2870 3610 ὑγείας
2902 3547 3002 3615 τῆς
3026 3544 3123 3615 σῆς
3147 3547 3609 3616 εὐαγγελίζεσθαι,
3646 3551 3733 3605 ἵνα
3770 3553 3864 3606 καὶ
3897 3556 3964 3608 ὲκ

2399 3633 2586 3685 τούτου
2623 3632 2820 3702 πολλὴν
2847 3635 3266 3706 καρπωσώμεθα
3289 3637 3390 3708 τήν
3423 3640 3785 3710 παράκλησιν,
3829 3659 3965 3713 μαν-

2401 3721 2650 3785 θάνοντες
2694 3723 2763 3778 τά
2808 3725 2935 3795 περὶ
2979 3724 3079 3794 τῆς
3137 3725 3356 3798 ῥώσεως
3397 3731 3496 3801 τῆς
3521 3732 3639 3803 σῆς.
3682 3734 3828 3787 Πάνυ
3853 3735 3964 3804 γὰρ

2401 3814 2532 3884 ἡμῖν
2563 3813 2720 3866 τοῦτο
2748 3815 3210 3884 περισπούδαστον
3249 3818 3464 3873 ειδέναι.
3499 3822 3590 3893 Μή
3617 3825 3793 3880 τοίνυν
3824 3827 3964 3879 ἀπο·

2402 3905 2669 3974 στερήσης
2707 3905 2853 3974 ἡμᾶς
2881 3904 3087 3976 ταύτης
3110 3907 3207 3977 τῆς
3231 3910 3583 3984 εὐφροσύνης·
3632 3915 3746 3969 ἀλλ’
3771 3917 3964 3982 ὁσάκις

2400 3996 2468 4050 ἀν
2499 3994 2593 4066 ἐξῇ
2619 3994 2818 4067 γράφε,
2855 3994 3024 4050 ταῦτα
3049 3999 3528 4073 εὐαγγελιζόμενος
3548 4005 3597 4059 δ,

2913 4087 3087 4144 POB'.
3126 4090 3438 4158 Ἑλλαδίφ.

2484 4175 2668 4246 Ὀλίγα
2699 4178 2798 4248 μέν
2828 4195 2911 4232 σοι
2936 4183 3355 4252 συνεγενόμεθα,
3381 4184 3582 4256 πολλὴν
3611 4186 3670 4240 δὲ
3708 4187 3810 4258 τήν
3843 4193 3964 4244 πεῖ-

2403 4266 2501 4337 ράν
2536 4285 2628 4322 σου
2661 4269 2761 4338 τῆς
2789 4270 3019 4340 γνησίας
3049 4271 3144 4324 καὶ
3168 4272 3372 4344 θερμῆς
3398 4276 3695 4348 είλήφαμεν
3718 4280 3960 4351 ἀγάπης.

2400 4358 2510 4411 Καὶ
2531 4357 2640 4429 γάρ
2663 4361 2720 4412 al
2741 4361 2983 4427 γενναῖαι
3009 4359 3181 4433 ψυχαὶ
3209 4363 3269 4415 έν
3298 4362 3488 4435 βραχεῖ
3515 4367 3689 4438 καιρῷ
3714 4371 3842 4434 τούς
3872 4373 3963 4425 έν-

2397 4449 2763 4518 τυγχάνοντας
2798 4450 3124 4521 χειροῦνται.
3159 4453 3226 4505 Ὃ
3255 4453 3439 4524 δήκαὶ
3473 4457 3635 4522 αὐτὸς
3657 4460 3966 4534 πεποίηκας

2399 4539 2457 4590 έν
2483 4539 2648 4608 ὀλίγῳ
2681 4541 2944 4612 σφοδροὺς
2976 4544 3127 4613 ήμάς
3161 4545 3392 4616 ποιήσας
3419 4547 3656 4618 έραστάς
3679 4550 3778 4622 τῆς
3804 4554 3964 4623 εὐγε-

2397 4630 2545 4692 νείας
2591 4631 2689 4702 τῆς
2740 4631 2858 4702 σῆς.
2910 4633 2999 4686 Διὸ
3031 4634 3125 4688 καὶ
3156 4635 3560 4708 έπιστέλλομεν,
3596 4641 3690 4694 καὶ
3726 4642 3797 4696 τά
3837 4645 3962 4700 καθ’

2398 4721 2544 4788 ἡμᾶς
2574 4722 2771 4786 αὐτοὺς
2797 4723 3086 4796 δηλοῦμεν,
3117 4726 3200 4780 ὅτι
3235 4728 3294 4781 εν
3321 4729 3520 4801 ήσυχίᾳ
3552 4733 3644 4785 καὶ
3671 4733 3959 4806 ἀπραγμο-

2401 4811 2534 4882 σύνῃ
2564 4812 2822 4884 διάγομεν
2865 4816 3052 4888 πολλῇ,
3097 4818 3316 4873 πάντων
3350 4819 3497 4890 ἡμᾶς
3535 4823 3770 4880 ἐνταῦθα
3799 4827 3962 4900 θερα-

2400 4903 2670 4958 πευόντων
2703 4907 2838 4976 μετά
2875 4908 3132 4979 σπουδῆς,
3171 4911 3265 4963 καὶ
3308 4913 3446 4982 μετά
3471 4914 3672 4988 πολλῆς
3709 4919 3961 4989 δρώντων

2395 4992 2496 5061 τῆς
2540 4994 2766 5058 εὐνοίας.
2799 4998 2894 5050 ”Ῑν“
2926 4993 3020 5050 οῦν
3070 4998 3165 5052 καὶ
3201 4999 3271 5053 τά
3316 5001 3554 5074 ὑμέτερα
3596 5007 3962 5076 μανθάνοντες

2395 5086 2831 5158 εὐφραινώμεθα,
2883 5091 3120 5160 συνεχῶς
3161 5093 3292 5164 ήμίν
3338 5098 3668 5152 ἐπιστέλλειν
3711 5103 3785 5174 μή
3829 5121 3961 5158 κατ-

2395 5178 2561 5240 όκνει,
2600 5180 2692 5233 καὶ
2733 5179 2801 5232 τά
2832 5183 2960 5251 περὶ
2996 5183 3094 5253 τῆς
3123 5185 3307 5254 ὑγείας
3333 5188 3433 5259 τῆς
3479 5191 3579 5261 σῆς
3615 5193 3960 5262 εὐαγγελίζε-

2397 5269 2538 5333 σθαι,
2581 5269 2668 5322 ἴνα
2703 5271 2797 5323 καὶ
2833 5272 2898 5324 ὲκ
2935 5273 3125 5327 τούτου
3164 5277 3361 5348 πολλὴν
3409 5281 3832 5354 καρπωσώμεθα
3858 5287 3958 5357 τὴν

2395 5361 2760 5432 παράκλησιν,
2801 5364 3024 5420 τοιαῦτα
3065 5368 3217 5439 παρά
3240 5371 3341 5440 τῆς
3371 5373 3473 5444 σῆς
3500 5375 3779 5442 εὐγενείας
3805 5376 3959 5448 δεχόο

2397 5470 2548 5522 μενοι
2578 5454 2904 5524 γράμματα.

2930 5551 3113 5606 POI".
3143 5552 3397 5620 Εὐηθίῳ.

2465 5634 2527 5687 Et
2558 5633 2652 5687 καὶ
2672 5634 2749 5705 τῷ
2774 5633 2984 5707 σώματι
3013 5642 3393 5713 κεχωρίσμεθά
3415 5663 3509 5701 σου
3530 5648 3629 5720 τῆς
3656 5651 3957 5724 εὐγενείας,

2455 5768 2484 5840 ξ
2509 5769 2615 5840 Quo
2638 5783 2751 5818 mss.
2776 5772 2928 5840 τοῖς...
2953 5779 3254 5840 αἱρουμένοις.

2459 5829 2488 5871 δ
2507 5829 2618 5882 Duo
2636 5845 2749 5884 mss.
2776 5833 2922 5884 ταῦτα
2947 5829 3056 5898 ἡμῖν
3079 5829 3497 5903 εὐαγγελιζομενος.
