4152 6492
218 547 426 614 quanto
446 538 663 612 gravius
689 550 807 607 eos,
835 534 930 609 qui
973 531 1152 591 omnia
1179 527 1518 604 perturbant,
1542 521 1803 598 judicium

218 639 420 698 manet,
464 638 612 686 tanto
644 641 858 700 quoque
895 625 1067 697 majus
1106 623 1429 692 uberiusque
1473 617 1625 674 vobis
1665 631 1804 686 prai-

217 723 386 779 mmm
413 721 830 794 exspectandum
856 727 961 786 est,
989 718 1079 788 qui
1107 716 1174 772 ad
1194 729 1279 779 ea,
1307 727 1427 784 qua:
1449 711 1518 768 ab
1539 709 1658 765 aliis
1687 722 1806 765 sce-

219 812 390 869 lerate
425 827 490 867 ac
519 811 722 866 nefarie
773 808 1008 864 admissa
1045 814 1192 870 sunt,
1224 799 1561 874 corrigenda,
1600 805 1805 854 tantum

217 902 492 974 patientia:
534 901 800 971 studiique
825 896 1162 954 adhibuiStis.
1192 896 1368 965 Atque
1394 892 1596 948 utinam
1623 903 1807 946 coram

214 1009 434 1065 quoque
462 994 734 1048 vobiscum
759 989 1013 1062 congredi
1042 1001 1344 1060 possemus.
1370 982 1524 1052 Quod
1553 981 1806 1054 quoniam

216 1085 377 1139 nobis
406 1083 578 1140 exsilii
609 1083 899 1138 necessitas
921 1079 1138 1144 ademit,
1172 1076 1388 1133 tandem
1413 1073 1701 1145 aliquando
1724 1079 1809 1127 at-

215 1189 327 1244 que
352 1188 492 1244 aegre
513 1172 912 1228 ornatissimum
941 1185 1004 1224 ac
1038 1167 1499 1240 religiosissimum
1526 1165 1806 1220 dominum

215 1281 400 1322 meum
422 1265 791 1336 presbyterum
821 1264 888 1319 ad
914 1277 1016 1318 vos
1057 1260 1488 1332 proﬁciscentem
1515 1258 1678 1325 nacti,
1707 1257 1807 1314 has

215 1356 404 1412 literas
451 1355 711 1421 misimus,
756 1355 948 1425 quibus
990 1353 1228 1408 debitum
1279 1351 1430 1406 vobis
1474 1349 1809 1404 salutationis

205 1462 420 1504 munus
443 1447 742 1518 pendimus,
777 1461 840 1502 ac
865 1455 976 1501 tum
1004 1460 1102 1516 pro
1126 1443 1480 1515 prmsentibus
1504 1441 1698 1498 vestris
1729 1440 1812 1496 ofa

217 1539 378 1605 ﬁciis,
409 1548 518 1593 tum
550 1550 648 1609 pro
674 1552 766 1605 eo,
815 1553 924 1608 quo
975 1537 1230 1608 ﬁagratis,
1279 1535 1679 1592 sarciendorum
1729 1535 1812 1590 in-

204 1628 624 1685 'commodorum
647 1628 786 1696 zelo,
823 1628 1021 1699 gratias
1059 1628 1285 1698 agimus.
1324 1625 1460 1683 Nam
1497 1627 1599 1682 etsi
1641 1625 1810 1680 nihilo

211 1720 446 1776 meliore
483 1726 624 1775 statu
646 1733 735 1774 res
761 1727 846 1774 est
873 1737 886 1774 :
915 1726 1090 1774 tamen
1117 1719 1243 1790 ipsi,
1287 1716 1428 1788 quod
1455 1717 1693 1773 muneris
1720 1731 1811 1771 ve-

209 1812 319 1866 stri
347 1819 481 1876 erat,
511 1810 850 1879 praestitistis.
889 1811 1072 1882 quue
1108 1808 1330 1866 nomine
1355 1809 1514 1880 plena
1541 1822 1751 1864 merces
1777 1823 1809 1864 a

216 1901 449 1972 benigno
471 1900 750 1957 Deovobis
773 1902 1059 1958 constituta
1080 1909 1182 1969 est,
1206 1909 1263 1956 ut
1281 1900 1370 1972 qui
1391 1899 1460 1955 ad
1490 1900 1809 1955 medicinam

215 1991 470 2047 admissis
503 1991 799 2049 sceleribus
837 1991 1162 2049 aﬁ‘erendam
1189 2000 1334 2048 tanto
1361 1991 1541 2048 studio
1566 1990 1808 2047 fervore-

213 2096 324 2153 que
351 2080 565 2138 assidue
588 2083 670 2139 usi
695 2083 840 2140 litis.

210 2210 534 2269 CLXVIII.
581 2212 770 2270 Proba
817 2225 1064 2272 matrona
1123 2215 1302 2272 Rome
1341 2215 1560 2288 degenti.
1610 2214 1810 2285 (Anno

930 2308 1054 2366 tos.
1075 2309 1095 2382 )

288 2418 406 2474 Etsi
449 2418 609 2491 longo
652 2419 858 2477 itineris
905 2423 1080 2493 spatio
1107 2422 1206 2478 abs
1243 2431 1298 2480 te
1330 2422 1632 2495 disiunctus
1661 2439 1805 2492 sum,

218 2518 416 2568 tamen
448 2511 714 2569 sinceram
753 2526 815 2569 ac
853 2513 1148 2571 ferventem
1183 2523 1330 2570 tuam
1367 2516 1668 2582 caritatem,
1700 2532 1808 2573 non

217 2614 384 2656 secus
423 2615 488 2657 ac
527 2602 574 2657 si
600 2616 782 2658 coram
813 2617 1008 2672 essem,
1055 2613 1252 2676 tuaque
1287 2606 1465 2660 omnia
1507 2619 1807 2673 cernerem,

209 2700 371 2748 certo
395 2702 648 2765 expertus
686 2708 826 2757 sum,
876 2695 945 2750 iis
987 2695 1258 2761 nimirum,
1285 2697 1377 2767 qui
1415 2697 1570 2751 istinc
1614 2697 1682 2751 ad
1712 2711 1812 2753 nos

215 2782 462 2850 veniunt,
489 2798 550 2840 ea
577 2783 646 2840 de
675 2794 727 2842 te
753 2781 1114 2854 merentibus,
1145 2803 1263 2860 qua:
1291 2786 1476 2844 audire
1503 2787 1806 2855 cupiebam.

215 2872 404 2944 anue
453 2873 522 2931 de
561 2888 720 2932 causa
772 2877 965 2934 multas
1001 2889 1158 2949 atque
1199 2881 1441 2950 ingentes
1490 2878 1582 2934 tibi
1612 2881 1811 2950 gratias

216 2963 417 3032 habeo,
445 2976 607 3038 atque
634 2967 704 3024 ob
734 2968 893 3024 istum
923 2979 1072 3026 tuum
1104 2971 1340 3027 animum
1365 2971 1585 3043 glorior,
1617 2988 1813 3045 meque

213 3055 388 3113 effero
431 3059 726 3131 :virosque
773 3061 906 3116 mihi
949 3062 1256 3118 carissimos
1285 3105 1301 3130 ,
1349 3065 1810 3135 religiosissimum

217 3148 592 3219 presbyterum
644 3149 927 3220 Joannem,
975 3162 1032 3209 et
1078 3155 1477 3211 ornatissimum
1523 3156 1810 3212 diaconum

218 3240 446 3297 Paulum
478 3241 572 3298 tibi
606 3246 943 3312 commendo,
984 3253 1143 3316 atque
1189 3247 1258 3303 ad
1303 3257 1421 3303 tuas
1449 3264 1639 3304 manus
1665 3246 1814 3305 velut

215 3330 288 3386 ad
318 3342 529 3402 portum
559 3335 882 3392 transmitto.
913 3336 1024 3391 Abs
1067 3345 1120 3392 te
1165 3337 1339 3408 igitur,
1372 3340 1686 3410 cumprimis
1715 3354 1811 3396 ve-

217 3420 459 3476 neranda
479 3430 535 3478 et
562 3422 892 3481 nobilissima
913 3425 1126 3481 domina
1147 3443 1286 3492 mea,
1310 3437 1454 3498 peto,
1479 3438 1536 3483 ut
1555 3430 1814 3500 quemad-

217 3511 442 3568 modum
468 3511 846 3570 humanitatem
895 3524 1036 3571 tuam
1065 3515 1241 3584 decet,
1289 3517 1434 3588 ipsos
1467 3519 1669 3575 videas.
1696 3521 1815 3578 Scis

217 3602 366 3658 enim
391 3613 642 3674 quantam
679 3604 901 3676 hujusce
931 3607 1197 3663 comitatis
1233 3606 1540 3664 mercedem
1579 3609 1812 3665 relatura

218 3692 322 3748 sis.
345 3695 424 3749 Ac
441 3709 599 3766 quam
620 3695 914 3764 saepissime
939 3697 1138 3763 licebit,
1156 3697 1223 3753 de
1244 3706 1332 3753 tua
1355 3698 1676 3769 valetudine,
1695 3717 1815 3773 quae

218 3782 512 3841 admodum
536 3785 692 3842 nobis
710 3801 855 3844 cura:
882 3795 986 3856 est,
1015 3786 1099 3844 fac
1126 3803 1213 3844 me
1240 3789 1547 3847 certiorem.

218 3917 472 3976 CLXIX.
514 3919 741 3977 Iuliana:
780 3929 828 3976 et
865 3922 948 3987 iis,
992 3937 1107 3994 qua
1147 3938 1263 3978 cum
1301 3923 1415 3995 ipsa
1452 3934 1590 3980 sunt.
1614 3926 1633 3997 (
1657 3927 1815 3983 Anno

935 4012 1097 4083 406.)

293 4119 413 4188 Quo
437 4121 679 4192 graviore
703 4136 859 4193 paena
917 4125 1158 4182 mulctati
1203 4138 1346 4194 sunt,
1374 4128 1462 4199 qui
1498 4137 1581 4184 tot
1607 4132 1812 4186 scelera

220 4221 620 4282 perpetrarunt,
647 4228 714 4280 ep
737 4229 948 4285 quoque
975 4217 1148 4283 vobis,
1180 4219 1270 4288 qui
1294 4228 1373 4274 tot
1396 4219 1599 4276 scelera
1626 4222 1811 4279 delere

220 4302 520 4369 studuistis,
556 4312 869 4377 tantumque
913 4307 1110 4364 laboris
1143 4317 1199 4365 et
1239 4325 1491 4368 terumua:
1519 4313 1807 4386 suscipitis,

219 4396 451 4466 amplior
473 4412 678 4453 merces
699 4397 874 4454 futura
903 4408 1006 4456 est.
1032 4400 1215 4472 Neque
1238 4404 1379 4459 enim
1409 4404 1564 4461 nobis
1583 4407 1810 4462 obscura

223 4483 325 4540 fuit
349 4499 413 4540 ea
454 4486 821 4553 beneﬁcentia,
849 4489 1008 4561 idque
1035 4491 1292 4559 studium,
1316 4494 1456 4564 quod
1485 4504 1540 4551 et
1569 4497 1620 4551 in
1650 4512 1812 4568 nego-

223 4574 322 4641 tio,
345 4574 413 4630 de
441 4590 547 4646 quo
571 4578 762 4647 agitur,
791 4587 846 4635 et
874 4579 926 4634 in
947 4581 1282 4651 excipiendis
1310 4583 1644 4657 benigneque
1663 4603 1812 4644 com-

223 4664 521 4736 plectendis
548 4666 634 4734 iis,
663 4683 796 4739 quos
843 4669 981 4727 istuc
1023 4671 1289 4740 misimus,
1330 4677 1674 4744 praestitistis.
1702 4679 1812 4734 Eo-

223 4771 332 4827 que
360 4757 574 4812 nomine
599 4759 798 4829 gratias
824 4760 977 4817 vobis
1017 4761 1298 4833 habemus,
1332 4780 1535 4838 vosque
1563 4783 1812 4840 rogamus

225 4857 286 4902 ut
314 4847 366 4902 in
391 4846 582 4904 eodem
605 4849 780 4906 studio
810 4861 864 4907 et
901 4852 1173 4912 alacritate
1204 4860 1560 4928 permaneatis
1588 4901 1604 4926 ,
1634 4877 1697 4917 ac
1723 4862 1814 4918 ﬁr-

225 4938 367 4995 mius
391 4940 549 4994 etiam
585 4941 747 4997 animi
788 4943 955 5000 robur
982 4953 1038 5002 et
1081 4946 1441 5005 fortitudinem
1491 4951 1811 5012 adhibentis.

224 5032 412 5104 Neque
441 5035 583 5090 enim
613 5051 709 5093 vos
748 5035 900 5110 fugit,
927 5050 1126 5111 quanta
1155 5041 1375 5114 hujusce
1401 5047 1644 5116 praeclari
1687 5049 1812 5106 facti

225 5126 540 5196 magnitudo
585 5129 675 5196 sit,
714 5141 1073 5203 quantamque
1123 5136 1427 5193 merculem
1481 5151 1812 5211 perceptum

223 5218 364 5285 sitis,
392 5227 567 5274 tantos
593 5231 788 5287 motus,
819 5238 881 5279 ac
911 5234 1017 5280 tam
1044 5240 1216 5282 saevos
1242 5227 1454 5298 ﬂuctus,
1479 5243 1736 5302 quantum
1759 5235 1814 5290 in

222 5310 378 5365 vobis
403 5320 510 5377 est,
549 5324 968 5382 compescentes,
1004 5330 1248 5388 eamque,
1278 5335 1438 5391 quam
1467 5337 1562 5392 par
1587 5335 1690 5392 est,
1725 5340 1814 5382 ac-

223 5401 394 5472 ceptis
420 5403 772 5460 incommodis
796 5405 1112 5463 medicinam
1133 5407 1435 5468 aﬁ‘erentes.

601 5535 811 5594 CLXX.
843 5538 1057 5598 Italica.
1089 5543 1268 5616 (Anno
1295 5544 1446 5618 406.)

301 5666 358 5722 1η
395 5667 636 5726 externis
679 5673 937 5743 negotiis,
977 5685 1039 5734 nt
1076 5686 1286 5749 natura,
1316 5678 1388 5737 ita
1410 5681 1570 5738 etiam
1605 5685 1815 5745 actione

223 5768 388 5828 atque
428 5757 887 5824 administratione
914 5768 1148 5828 distincti
1196 5782 1320 5829 sunt
1352 5773 1405 5830 hi
1447 5789 1626 5844 sexus,
1659 5779 1815 5836 nimi-

228 5863 357 5905 rum
374 5849 448 5904 vir
494 5858 550 5906 et
585 5852 789 5910 mulier.
841 5857 930 5916 Sic
977 5863 1119 5918 enim
1166 5864 1404 5925 moribus
1447 5879 1811 5942 comparatum

1669 409 2051 470 EPISTOLJE.

3419 409 3532 469 7l0

1915 533 2021 592 est,
2053 532 2111 579 ut
2159 522 2354 580 mulier
2379 521 2526 579 domi
2564 537 2625 580 se
2661 530 2862 590 teneat,
2892 522 2974 580 vir
3005 533 3186 582 autem
3214 526 3427 598 publica
3465 543 3524 591 et

1917 612 2150 670 forensia
2177 613 2388 684 negotia
2409 613 2685 684 suscipiat.
2715 616 2785 668 At
2808 613 2863 669 in
2885 613 3080 670 divinis
3104 617 3521 690 certaminibus,

1915 705 2089 776 iisque
2114 705 2408 775 laboribus,
2435 705 2526 778 qui
2555 702 2814 762 Ecclesia:
2854 721 3016 762 causa
3057 708 3374 774 subeuntur,
3419 709 3524 768 hoc

1915 796 2092 852 iocum
2119 811 2225 851 non
2255 795 2414 852 habet
2455 811 2682 852 :verum
2721 797 2838 852 ﬁeri
2883 806 3089 868 potest,
3110 807 3169 854 ut
3213 797 3413 855 femina
3470 800 3525 857 in

1917 885 2191 956 praeclaris
2228 885 2311 942 his
2337 886 2721 944 certaminibus
2759 887 3138 959 laboribusque
3173 890 3528 962 capessendis

1916 977 2088 1033 virum
2113 992 2329 1050 quoque
2353 975 2686 1036 fortitudine
2715 988 2952 1050 superet.
2995 979 3148 1047 Quod
3173 983 3335 1039 etiam
3380 981 3528 1039 indi-

1916 1085 2047 1127 cans
2072 1071 2268 1127 Paulus
2298 1072 2352 1128 in
2375 1087 2438 1129 ea
2465 1073 2710 1144 epistola,
2743 1088 2905 1146 quam
2934 1073 3002 1131 ad
3032 1077 3258 1145 patriam
3285 1087 3518 1134 vestram

1915 1165 2154 1236 scripsit,
2177 1165 2485 1237 complures
2510 1165 2736 1222 feminas
2773 1167 3122 1238 amplissimis
3163 1169 3410 1227 laudibus
3434 1170 3517 1227 ef-

1918 1254 2041 1324 fert,
2074 1257 2220 1327 ipsas
2244 1258 2497 1314 nimirum
2525 1258 2667 1314 haud
2694 1274 2886 1330 parum
2925 1260 2980 1316 in
3014 1275 3082 1318 eo
3105 1261 3412 1318 elaborasse
3431 1277 3519 1319 as-

1916 1360 2126 1412 serens,
2155 1357 2215 1402 ut
2261 1349 2404 1404 viros
2433 1349 2596 1404 etiam
2625 1352 2959 1421 corrigerent
2986 1360 3148 1424 atque
3180 1352 3249 1407 ad
3281 1351 3518 1410 ofﬁcium

1914 1449 2232 1494 revocarent
2260 1438 2437 1510 (Rom.
2470 1441 2588 1512 ult).
2611 1440 2881 1510 Quorsum
2920 1451 3100 1498 autem
3143 1443 3259 1500 haec
3280 1457 3521 1500 comme-

1916 1530 2108 1585 moro?
2137 1528 2340 1600 Nempe
2369 1545 2438 1586 ne
2465 1531 2701 1587 alienum
2744 1531 2898 1588 vobis
2926 1532 3245 1590 existimetis
3279 1535 3518 1590 studium

1911 1618 2070 1687 illud,
2100 1636 2165 1676 ac
2193 1622 2405 1677 labores
2432 1637 2527 1678 eos
2552 1623 2834 1695 attingere,
2864 1639 2987 1694 quze
3023 1623 3091 1680 ad
3120 1625 3516 1682 ecclesiastica-

1914 1727 2034 1768 rum
2057 1724 2239 1770 rerum
2268 1704 2697 1772 emendationem
2719 1715 3028 1772 conducunt
3055 1737 3068 1772 :
3091 1731 3276 1775 verum
3301 1729 3358 1777 et
3376 1720 3516 1791 quod

1914 1805 2146 1874 primum
2173 1814 2276 1872 est,
2306 1817 2407 1877 per
2432 1821 2530 1862 vos
2557 1807 2722 1882 ipsos,
2749 1814 2806 1862 et
2831 1822 2928 1878 per
2946 1808 3079 1864 alios
3104 1819 3331 1880 quorum
3352 1825 3520 1882 opera

1914 1873 1992 1949 uti
2023 1895 2203 1950 licebit
2230 1873 2631 1952 rid—sedandam
2657 1873 3008 1953 'comniunem
3045 1873 3418 1971 tempestatem
3442 1916 3510 1959 ac

1915 1987 2391 2055 perturbationem,
2440 1988 2494 2043 in
2536 2002 2694 2058 quam
2733 1987 2969 2046 Orientis
3009 1989 3264 2047 Ecclesiae
3313 1991 3522 2049 incide-

1912 2087 2059 2144 runt,
2084 2093 2385 2150 eamquam
2411 2079 2665 2137 convenit
2686 2094 2872 2137 curam
2909 2096 2972 2136 ac
3005 2081 3337 2154 diligentiam
3362 2082 3518 2139 adhi-

1912 2165 2102 2225 beatis.
2129 2169 2262 2225 Nam
2284 2185 2391 2242 quo
2418 2172 2656 2228 atrocior
2689 2181 2979 2244 tempestas
3008 2184 3063 2230 et
3089 2174 3362 2245 graviores
3388 2188 3511 2245 pro-

1914 2261 2066 2317 cellae
2094 2262 2436 2330 exstiterunt,
2475 2278 2542 2320 eo
2569 2278 2782 2336 quoque
2809 2265 2984 2336 major
3011 2281 3220 2323 merces
3248 2267 3402 2323 vobis
3419 2276 3508 2317 re-

1916 2350 2139 2418 feretur,
2171 2355 2238 2421 si,
2269 2363 2327 2410 ut
2373 2355 2637 2411 turbatam
2675 2371 2862 2425 pacem
2902 2356 3171 2412 reducatis
3192 2398 3208 2424 ,
3249 2357 3381 2412 nihil
3412 2373 3517 2414 non

1913 2454 2074 2514 agere
2103 2460 2166 2501 ac
2196 2447 2403 2516 perpeti
2425 2447 2478 2502 in
2521 2447 2760 2502 animum
2801 2446 3086 2515 induentis,
3115 2448 3402 2520 omniaque
3431 2464 3517 2517 ea,

1913 2550 2036 2606 qua:
2077 2538 2385 2606 perturbata
2434 2547 2576 2605 sunt,
2632 2539 2684 2594 in
2721 2538 3038 2610 congruenti
3079 2549 3222 2595 statu
3251 2541 3520 2598 collocare

1915 2626 2196 2682 studentis.

2087 2716 2332 2773 CLXXI.
2369 2718 2587 2774 Montio.
2621 2719 2745 2792 (Ab
2771 2735 2914 2777 anno
2942 2719 3049 2778 4οι
3077 2722 3145 2778 ad
3175 2719 3345 2798 407.)

1989 2844 2102 2908 Etsi
2135 2853 2316 2922 procul
2355 2869 2385 2907 a
2425 2863 2477 2909 te
2503 2868 2729 2924 corpore
2775 2863 3017 2909 semotus
3054 2870 3173 2909 sum
3200 2893 3214 2920 ,
3259 2864 3316 2911 at
3353 2856 3517 2912 animi

1918 2949 2095 2996 tamen
2126 2942 2320 2998 affectu
2347 2958 2535 3016 prope,
2567 2954 2857 3015 tecumque
2880 2945 3122 3016 quotidie
3151 2961 3356 3012 versor,
3382 2961 3446 3003 ac
3467 2955 3521 3004 to

1915 3034 2231 3104 amplector,
2253 3035 2503 3091 nimirum
2525 3036 2800 3092 ardentem
2823 3047 2971 3093 tuum
2988 3053 3116 3110 erga
3147 3055 3232 3094 me
3251 3055 3516 3108 amorem,

1919 3126 2368 3199 hospitalitatem,
2407 3131 2714 3187 comitatem
2745 3171 2760 3196 ,
2807 3131 3076 3203 ingentem
3119 3132 3516 3190 observantiam

1916 3229 2076 3291 atque
2101 3219 2357 3288 studium,
2389 3222 2531 3294 quod
2563 3220 2691 3278 mihi
2723 3237 2936 3294 semper
2961 3224 3278 3294 prastitisti,
3306 3242 3518 3284 mecum

1917 3321 2192 3382 reputans,
2231 3314 2411 3384 tuique
2443 3315 2755 3370 memoriam
2785 3329 2879 3386 pro
2908 3316 3115 3373 deliciis
3146 3317 3370 3387 habens,
3401 3321 3518 3374 sin-

1917 3417 2204 3474 ceramque
2231 3404 2658 3462 benevolentiam
2687 3422 2750 3461 ac
2778 3409 2888 3464 doli
2919 3419 3202 3481 eXpertem
3225 3412 3366 3481 apud
3395 3428 3518 3467 ont-

1917 3510 2014 3550 nes
2039 3495 2357 3566 prmdicans.
2388 3497 2569 3569 anue
2594 3498 2664 3554 de
2689 3515 2850 3556 causa
2880 3501 3151 3557 literarum
3184 3512 3392 3560 tuarum
3419 3507 3518 3563 de-

1917 3589 2116 3647 siderio
2141 3599 2363 3649 teneor:
2388 3601 2545 3665 teque
2569 3608 2720 3665 rogo,
2751 3603 2809 3649 ut
2833 3610 2991 3664 quam
3018 3597 3313 3666 smpissimc
3337 3599 3405 3654 ad
3433 3615 3522 3656 me

1917 3683 2144 3750 scribas,
2178 3699 2369 3755 meque
2398 3684 2466 3740 de
2506 3694 2593 3739 tua
2629 3685 2937 3742 valetudine
2975 3689 3263 3743 certiorem
3309 3689 3471 3746 facias
3502 3708 3518 3748 :

1918 3789 2026 3845 quo
2055 3775 2326 3848 ingentem
2356 3776 2481 3833 hinc
2504 3777 2928 3834 consolationem
2957 3780 3187 3850 capiam,
3209 3782 3277 3838 dc
3309 3785 3518 3840 valetu-

1918 3864 2059 3922 dinis
2086 3875 2192 3923 tute
2219 3866 2471 3924 ﬁrmitate
2489 3909 2506 3934 ,
2539 3883 2658 3938 quae
2685 3868 2815 3923 mihi
2842 3883 3066 3924 summm
3092 3885 3236 3928 cura:
3263 3883 3347 3928 est
3369 3915 3383 3938 .
3413 3876 3519 3931 ali-

1918 3957 2047 4028 quid
2087 3956 2354 4039 ediscens.
2387 3958 2563 4027 Quare
2605 3973 2674 4016 ne
2701 3975 2786 4014 me
2809 4001 2824 4024 ,
2857 3975 3074 4030 quteso,
3110 3962 3210 4018 hac
3242 3966 3518 4036 voluptate

1919 4066 2104 4107 carere
2143 4052 2290 4107 sinas
2321 4069 2336 4106 :
2367 4068 2552 4108 verum
2600 4053 2812 4124 quoties
2859 4054 3084 4111 facultas
3128 4056 3360 4128 dabitur,
3404 4064 3522 4120 haec

1919 4142 2116 4210 scribe,
2146 4143 2374 4214 ltetoque
2402 4144 2590 4199 nuntio
2612 4159 2711 4201 nos
2733 4144 2993 4201 exhilara.

2116 4303 2396 4359 CLXXII.
2429 4305 2692 4361 IIelladio.
2723 4307 2972 4378 (Cucuso
2999 4324 3143 4366 anno
3167 4313 3321 4386 404.)

1991 4439 2194 4509 Exigua
2223 4438 2353 4495 mihi
2384 4450 2557 4496 tecum
2587 4440 2847 4496 hactenus
2877 4444 3208 4498 consuetudo
3236 4445 3333 4502 fuit
3358 4489 3372 4512 ,
3403 4461 3520 4501 ma-

1917 4545 2080 4602 gnum
2103 4540 2282 4586 tamen
2300 4531 2492 4586 sinceri
2518 4530 2591 4585 tui
2613 4539 2772 4600 atque
2793 4533 3036 4587 ardentis
3059 4548 3182 4604 erga
3207 4551 3292 4592 me
3316 4547 3519 4596 amoris

1919 4623 2347 4692 experimentum
2387 4621 2526 4692 cepi.
2558 4621 2770 4677 Etenim
2815 4637 3094 4693 generosm
3133 4625 3327 4684 anima:
3367 4630 3519 4690 brevi

1920 4723 2161 4786 tempore
2200 4729 2296 4772 eos
2322 4757 2337 4782 ,
2372 4717 2463 4787 qui
2501 4715 2570 4771 ad
2608 4730 2668 4772 se
2703 4715 2938 4782 adeunt,
2967 4717 3066 4773 sibi
3096 4718 3424 4780 devinciunt.
3460 4726 3519 4782 ιιι

1920 4806 2036 4877 ipse
2065 4821 2278 4878 quoque
2305 4805 2477 4863 fecisti
2505 4848 2520 4873 ,
2552 4815 2612 4862 ut
2637 4808 2728 4879 qui
2760 4808 2908 4864 brevi
2935 4819 3174 4881 tempore
3199 4821 3306 4868 tam
3336 4830 3516 4873 aerem

1921 4898 1994 4954 tui
2027 4913 2267 4956 amorem
2306 4899 2438 4955 mihi
2468 4899 2731 4956 attuleris.
2764 4899 2846 4957 Ob
2875 4916 3100 4972 eamque
3126 4918 3340 4960 causam
3371 4907 3439 4962 ad
3472 4919 3524 4965 te

1919 4991 2133 5058 scribo,
2177 5006 2462 5064 rerumque
2509 5007 2749 5048 mearum
2792 5002 2990 5049 statum
3026 5011 3275 5067 expono,
3323 5014 3524 5072 nempe

1918 5084 2063 5156 quod
2090 5085 2143 5141 in
2174 5101 2366 5157 magna
2391 5086 2572 5157 quiete
2608 5096 2769 5158 atque
2805 5088 2917 5143 otio
2941 5087 3130 5160 degam
3155 5131 3170 5156 ,
3204 5106 3396 5163 meque
3433 5095 3522 5153 hic

1919 5191 2107 5233 omnes
2135 5177 2420 5249 diligenter
2448 5193 2512 5234 ac
2539 5178 2780 5237 Studiose
2807 5178 3023 5248 colant,
3054 5196 3355 5254 magnaque
3400 5201 3523 5242 eum

1921 5271 2291 5328 benevolentia
2320 5271 2676 5342 conSpiciant.
2705 5271 2774 5328 Ut
2799 5272 2958 5343 igitur
2983 5274 3144 5330 rebus
3173 5290 3387 5348 quoque
3421 5282 3525 5336 tuis

1919 5363 2146 5435 cognitis
2175 5362 2298 5418 lzcto
2325 5364 2506 5418 animo
2530 5362 2654 5429 sim,
2680 5362 2917 5418 scribere
2942 5362 3009 5418 ad
3037 5379 3122 5418 me
3145 5381 3303 5435 quam
3331 5371 3531 5439 saepis.-

1920 5458 2057 5514 sime
2079 5497 2094 5523 ,
2129 5470 2192 5511 ac
2215 5455 2284 5511 de
2310 5464 2399 5510 tua
2426 5454 2728 5510 valetudine
2770 5455 3055 5511 certiorem
3101 5471 3188 5512 me
3230 5457 3406 5516 facere
3454 5478 3525 5517 ne-

1919 5549 2179 5620 graveris.
2210 5545 2524 5617 llujusmodi
2554 5547 2697 5603 enim
2738 5545 2906 5602 literis
2931 5547 3027 5603 abs
3055 5557 3107 5603 te
3131 5551 3402 5621 acceptis,
3438 5550 3526 5608 in-

1921 5641 2063 5714 genti
2094 5641 2216 5698 hinc
2240 5639 2604 5697 consolatione
2631 5638 2854 5695 aﬂicior.

2133 5753 2448 5811 CLXXIII.
2478 5751 2708 5809 Evetln‘o.
2733 5750 2952 5822 (Cucusi
2979 5768 3120 5809 anno
3145 5753 3297 5827 406.)

1995 5870 2106 5927 Etsi
2136 5885 2360 5942 corpore
2388 5869 2483 5925 abs
2509 5878 2560 5926 te
2600 5875 2840 5924 remotus
2881 5882 3035 5936 sum,
3077 5867 3300 5926 caritate
3327 5874 3514 5924 tamen
