4152 6488
722 421 818 480 7H

716 551 841 599 cum
880 534 1056 590 animo
1094 539 1187 588 tuo
1225 529 1496 585 devinctus
1537 541 1673 581 sum.
1703 521 2015 593 Huiusmodi
2039 520 2284 577 videlicet

717 624 963 680 amicitiai
1018 622 1236 693 pignora
1280 617 1433 674 nobis
1460 615 1685 685 iniecisti
1709 656 1724 680 ,
1766 613 1892 668 dum
1931 620 2128 668 tantam
2157 623 2283 681 erga

723 729 810 769 tne
835 711 1221 769 observantiam
1246 722 1308 763 ac
1331 704 1751 762 benevolentiam
1771 702 1888 757 istic
1902 715 2010 771 prie
2030 709 2080 754 te
2098 697 2281 754 tulisti.

719 805 845 860 Ideo
880 813 1262 873 quemcumque
1299 798 1352 852 in
1388 796 1562 851 locum
1589 792 1901 850 accesserim
1925 831 1942 857 ,
1972 788 2168 860 gratias
2191 786 2285 842 tibi

709 911 876 966 agere
904 895 1120 950 minime
1150 891 1456 946 intermitto.
1489 886 1565 942 Ac
1589 895 1642 940 te
1666 899 1812 982 rogo,
1839 890 1896 936 ut
1918 881 1983 935 ad
2013 894 2097 982 me
2124 891 2283 982 quam

713 984 1010 1053 saepissime
1054 984 1166 1052 ipse
1191 993 1400 1051 quoque
1441 977 1658 1041 scribas,
1688 989 1750 1029 ac
1779 973 1845 1029 de
1870 981 1956 1026 tua
1985 969 2286 1024 valetudine

719 1090 806 1128 me
851 1073 1012 1128 facias
1039 1072 1335 1127 certiorem.
1367 1069 1478 1138 Ego
1520 1067 1658 1122 enim
1685 1107 1700 1131 ,
1730 1065 1810 1118 via
1838 1064 1980 1118 omni
2007 1059 2287 1130 tranquille

717 1180 784 1220 ac
815 1175 927 1220 tuto
972 1165 1192 1220 decursa
1217 1204 1232 1229 ,
1275 1159 1464 1216 Cucusi
1500 1157 1634 1228 dego
1657 1197 1670 1220 ,
1721 1156 1819 1209 loci
1863 1155 2090 1224 quietem
2129 1162 2285 1220 atque

1430 413 1487 470 S.
1525 407 1799 468 JOANNIS
1833 402 2302 463 CHRYSOS‘I'OII
2337 403 2652 462 ARCHIEP.
2692 405 3219 466 CONSTANTINOP.

3862 411 3958 469 7ίὲ

2389 519 2556 575 otium
2584 534 2682 592 pro
2708 521 2908 578 deliciis
2950 523 3184 590 habens,
3217 532 3373 597 atque
3408 527 3685 599 ingentem
3726 535 3958 592 omnium

2388 609 2778 667 observantiam
2821 622 2878 668 et
2920 615 3340 672 benevolentiam
3382 618 3651 676 obtinens.
3699 620 3769 678 Ut
3807 624 3959 694 igitur

2391 699 2689 756 valetudine
2710 717 2920 772 quoque
2942 713 3029 759 tua
3050 705 3257 775 cognita
3286 706 3519 762 ketitiam
3547 710 3865 780 concipiam,
3884 714 3951 768 da

2389 807 2626 862 operam,
2654 800 2714 846 ut
2737 793 2953 853 crebras
2969 795 3112 865 ,jmo
3135 796 3373 852 assiduas
3396 797 3611 867 literas,
3637 815 3756 870 qua
3779 801 3845 858 de
3871 812 3956 859 ma

2391 883 2652 954 totiusque
2669 885 2860 940 domus
2879 893 2982 940 tum
3007 886 3307 942 valetudine
3335 890 3600 954 nuntient,
3627 890 3693 946 ad
3721 907 3818 947 nos
3840 895 3957 948 mit-

2392 983 2493 1030 tas.
2534 976 2666 1030 Hinc
2702 976 2842 1032 enim
2893 977 3270 1047 amplissimam
3316 979 3736 1036 consolationem
3785 987 3956 1052 perci-

2390 1082 2612 1137 ptemus.

721 1277 3950 1308 ——____————————————_—__—*_

1567 1368 2102 1454 EJUSDEM
2158 1365 2731 1448 EPISTOLIE
2773 1366 3140 1449 LXVIII

2091 1556 2174 1602 AD
2214 1556 2537 1603 DIVBBSOS.

720 1706 952 1762 9rimum
980 1704 1032 1758 in
1061 1702 1218 1756 lucem
1239 1697 1385 1752 edita:
1411 1710 1542 1748 anno
1566 1693 1699 1748 l6|5
1718 1731 1732 1757 ,
1759 1705 1820 1743 et:
1847 1687 2013 1766 codice
2044 1681 2386 1766 Hs..Co‘llcgii
2402 1681 2734 1766 .Anlvaptmi
2753 1679 2942 1738 Societ.
2973 1682 3115 1754 Iesu,
3139 1685 3418 1746 Fson'rons
3445 1691 3666 1762 Ducso,
3695 1693 3947 1753 δαείω

1970 1755 2093 1809 Jesu
2122 1753 2372 1823 thesiege,
2397 1753 2681 1823 interprete.

2166 1911 2530 1967 3m

714 2061 1015 2122 CLXXIV.
1045 2053 1341 2132 EpiscOpis,
1376 2056 1704 2126 presbyteris,
1746 2059 1791 2105 et
1829 2046 2052 2146 discernis
2078 2044 2285 2146 Chalce-

787 2155 915 2208 done
931 2152 1155 2206 inclusis.
1179 2147 1433 2227 (Scripta,
1463 2155 1518 2200 ut
1532 2153 1767 2216 putatur,
1794 2155 1914 2196 cum
1941 2137 2202 2193 Cucusum
2230 2137 2283 2187 in

788 2242 1028 2297 exsilium
1059 2247 1320 2310 pergeret,
1349 2251 1487 2290 anno
1517 2235 1666 2301 404.)

789 2332 934 2388 Beati
963 2345 1053 2384 vos
1082 2339 1136 2383 et
1161 2329 1231 2382 ob
1257 2326 1482 2389 vincula,
1513 2331 1567 2378 et
1590 2323 1659 2377 ob
1687 2321 1918 2376 animum
1943 2331 2048 2388 quo
2076 2313 2283 2370 vincula

716 2428 990 2494 toleratis,
1019 2436 1074 2481 et
1111 2426 1162 2478 in
1207 2423 1286 2478 his
1313 2420 1613 2490 apostolica:
1657 2413 1972 2470 fortitudinis
2015 2410 2282 2480 specimen

716 2515 980 2570 exbibetis
1009 2533 1022 2568 :
1051 2511 1470 2583 quandoquidem
1502 2507 1574 2561 illi
1601 2505 1757 2558 ctiam
1790 2504 1914 2558 dum
1945 2499 2280 2569 ﬂagellaren-

719 2619 833 2672 tur,
861 2611 1177 2661 vexarentur
1195 2644 1210 2668 ,
1241 2616 1301 2655 ac
1326 2599 1679 2661 vincirentur,
1710 2594 1822 2647 hzec
1849 2591 2010 2646 multa
2035 2603 2153 2642 cum
2186 2601 2281 2639 vo-

716 2698 915 2766 luptate
959 2694 1290 2756 tolerabant;
1333 2703 1502 2759 neque
1545 2701 1670 2740 vero
1715 2695 1915 2738 tantum
1960 2680 2120 2780 multa

716 2789 983 2855 voluptate
1012 2783 1303 2838 tolerabant
1327 2821 1341 2844 ,
1391 2780 1481 2835 sed
1525 2779 1683 2833 etiam
1723 2777 1845 2829 dum
1884 2773 2084 2828 catenis
2122 2773 2280 2822 vincti

715 2884 914 2938 essent,
944 2889 1041 2928 suo
1067 2886 1284 2926 munere
1314 2869 1678 2938 fungebantur,
1710 2874 1762 2918 et
1792 2864 1854 2916 de
1887 2871 1995 2915 toto
2024 2869 2279 2913 terrarum

713 2966 842 3020 orbe
867 2963 1074 3018 solliciti
1097 2970 1265 3016 erant.
1295 2957 1548 3025 Quocirca
1577 2963 1801 3008 vestram
1827 2953 1983 3004 etiam
2009 2949 2279 3003 caritatem

712 3073 829 3122 oro,
863 3064 918 3109 ut
949 3068 1013 3108 ne
1042 3053 1234 3106 idcirco
1260 3050 1436 3103 animo
1463 3044 1750 3101 concidatis
1771 3085 1784 3109 ,
1817 3041 1908 3096 sed
1927 3049 2133 3138 lquanto
2163 3053 2276 3138 nta-

712 3148 880 3216 jorem
912 3142 1058 3196 vobis
1105 3139 1310 3195 sentitis
1351 3137 1513 3205 inlligi
1549 3134 1782 3188 dolorem
1812 3147 1875 3186 ex
1907 3131 1968 3184 iis
1994 3145 2110 3198 qua:
2142 3131 2277 3197 pati-

715 3232 864 3297 mini,
898 3241 1040 3286 tanto
1081 3219 1237 3284 etiam
1275 3228 1526 3295 majorem
1558 3223 2063 3301 aniini'alacritatem
2094 3228 2276 3273 osten-

708 3325 842 3388 dite,
859 3338 1056 3390 vosque
1077 3318 1294 3388 singulis
1312 3316 1497 3370 diebus
1514 3314 1867 3368 Ecclesiarum
1888 3325 2066 3365 curam
2085 3308 2274 3379 gerite,

712 3429 831 3484 qua:
861 3413 910 3466 in
943 3419 1053 3465 toto
1078 3418 1202 3463 sunt
1225 3407 1353 3462 orbe
1383 3415 1662 3469 terrarum,
1694 3412 1748 3454 ut
1776 3401 2095 3456 conveniens
2124 3397 2277 3452 malis

715 3502 1001 3558 remedium
1032 3498 1360 3561 adhibeatur,
1408 3509 1577 3564 neque
1620 3492 1816 3546 idcirco
1859 3488 2149 3544 reddamini
2188 3502 2275 3542 se-

711 3595 922 3666 gniores
945 3590 1129 3661 ,quod
1167 3601 1389 3643 numero
1431 3600 1623 3656 paucos
1665 3597 1759 3638 vos
1795 3597 1914 3638 esse
1957 3581 2196 3646 videatis,
2227 3590 2279 3635 et

711 3682 852 3754 quod
898 3681 1242 3750 undequaque
1282 3677 1564 3732 vexemini.
1609 3675 1724 3730 Non
1764 3673 1904 3728 enim
1948 3672 2160 3726 dubium
2195 3679 2278 3724 est

711 3777 838 3847 quin
863 3816 879 3842 ,
904 3790 1023 3829 cum
1063 3789 1126 3828 ex
1169 3771 1252 3826 his
1277 3786 1394 3842 qua:
1423 3770 1658 3839 patimini
1687 3766 1940 3837 majorem
1967 3766 2113 3820 vobis
2137 3762 2275 3834 apud

712 3868 878 3922 Deum
901 3864 1143 3918 fiduciam
1167 3861 1476 3926 concilietis,
1503 3859 1728 3928 majores
1757 3857 1878 3912 inde
1901 3871 2109 3926 quoque
2138 3854 2276 3908 vires

712 3957 952 4028 adepturi
978 3956 1111 4009 sitis.
1140 3954 1269 4008 Date
1298 3953 1453 4022 igitur
1472 3966 1706 4020 operam,
1728 3958 1787 4004 ut
1808 3964 1929 4003 cum
1950 3962 2068 4002 sese
2089 3946 2276 4001 offeret

713 4051 920 4106 occasio
944 4090 959 4115 ,
1001 4047 1229 4102 studium
1268 4056 1321 4099 ct
1365 4045 1682 4098 alacritatem
1717 4043 2007 4097 exbibeatis
2031 4082 2046 4107 ,
2077 4055 2138 4094 ac
2167 4048 2276 4093 tum

715 4159 808 4214 per
836 4156 931 4196 vos
961 4142 1130 4209 ipsos,
1162 4147 1270 4192 tum
1304 4152 1395 4206 per
1420 4136 1551 4190 alios
1593 4149 1949 4204 quoscumque
1972 4174 1985 4197 ,
2020 4147 2113 4201 per
2145 4146 2277 4199 quos

713 4237 920 4290 licuerit
943 4275 957 4299 ,
985 4248 1047 4287 ea
1075 4233 1251 4286 facere
1281 4245 1341 4284 ac
1369 4229 1543 4283 dicere
1570 4226 1774 4281 Studete
1798 4268 1812 4292 ,
1844 4241 1961 4294 qua:
1994 4224 2274 4294 procellam

711 4335 955 4398 poterunt
1001 4334 1236 4379 exortam
1274 4321 1478 4377 sedare.
1511 4319 1599 4374 Sic
1640 4318 1778 4374 enim
1826 4317 2052 4370 maxime
2089 4312 2276 4384 profici

713 4420 922 4488 poterit,
946 4421 988 4470 si
1015 4431 1107 4470 vos
1126 4415 1352 4469 studium
1375 4412 1749 4466 adhibueritis:
1773 4408 1913 4479 quod
1939 4409 1982 4462 si
2004 4407 2133 4461 nihil
2155 4420 2277 4476 pro-

713 4511 794 4565 fici
824 4510 1080 4577 potuerit,
1111 4522 1205 4560 vos
1233 4505 1576 4559 nihilominus
1605 4503 1672 4556 ob
1705 4503 1838 4556 hanc
1885 4501 2046 4555 animi
2084 4500 2272 4554 alacri-

715 4610 873 4654 tatem
906 4599 1197 4654 mercedem
1227 4613 1255 4650 a
1285 4597 1511 4663 benigno
1543 4595 1648 4649 Deo
1678 4595 1959 4663 recipietis.

759 4687 948 4743 CLXX
961 4687 1023 4742 V.
1051 4690 1290 4758 Agapeto.
1322 4684 1548 4756 (Cucuso
1572 4698 1710 4738 anno
1735 4683 1858 4749 404,
1886 4692 1945 4743 ut
1969 4682 2225 4751 putatur.)

781 4781 972 4836 Multos
997 4780 1154 4834 subiit
1180 4789 1233 4834 et
1257 4780 1534 4833 continuos
1559 4778 1779 4832 sudores
1806 4775 2278 4830 reverendissimns

711 4889 769 4929 ac
799 4873 1219 4944 religiosissimus
1245 4871 1519 4940 presbyter
1546 4868 1793 4924 dominus
1821 4883 1972 4922 meus
2002 4867 2236 4936 Elpidius
2259 4908 2275 4934 ,

710 4966 836 5020 dum
867 4965 1022 5032 hujus
1052 4963 1246 5016 monti’s
1274 4961 1490 5024 incolas,
1520 4959 1620 5013 hoc
1643 4969 1724 5014 est
1753 4958 1962 5023 Amani,
1987 4957 2164 5012 studet
2191 4971 2272 5020 ea,

713 5070 814 5123 qua
835 5055 1154 5116 detinentur,
1180 5051 1446 5120 impietate
1473 5049 1712 5103 liberare.
1744 5047 1964 5117 Jamque
1986 5047 2118 5101 adeo
2144 5046 2276 5101 libe-

716 5145 856 5200 ravit
879 5186 894 5210 ,
924 5152 977 5197 et
1000 5143 1215 5197 abduxit
1241 5157 1335 5196 eos
1360 5141 1424 5194 ab
1449 5155 1656 5202 errore.
1686 5139 1978 5194 construxit
2004 5139 2270 5204 ecclesias,

717 5245 769 5289 et
799 5233 1115 5289 monasteria
1141 5231 1499 5294 exaedificavit,
1529 5241 1684 5299 atque
1714 5231 1826 5284 tunc
1857 5231 1921 5282 ab
1947 5231 2063 5284 aliis
2091 5230 2277 5285 nobili-

721 5337 799 5380 tas
826 5334 914 5378 tua
959 5324 1149 5394 poterit
1188 5322 1496 5390 intelligere.
1535 5320 1753 5387 Quando
1793 5322 1948 5390 igitur
1987 5323 2100 5390 pios
2138 5322 2278 5376 viros

722 5424 877 5485 atque
913 5428 1199 5484 generosos
1239 5428 1268 5478 a
1300 5421 1348 5464 te
1376 5413 1483 5464 scio
1509 5412 1845 5466 vehementer
1874 5411 2103 5466 adamari
2176 5427 2278 5467 non

723 5505 1038 5559 mediocrem
1069 5518 1097 5556 a
1129 5514 1178 5556 te
1219 5503 1436 5572 gratiam
1483 5501 1726 5555 initurum
1775 5517 1860 5556 me
1899 5502 2018 5556 novi
2045 5543 2058 5566 ,
2088 5502 2129 5556 si
2159 5517 2277 5557 eum

723 5595 812 5647 tibi
840 5604 1017 5647 notmn
1050 5592 1276 5657 faciam,
1303 5594 1450 5659 cujus
1483 5601 1586 5646 tam
1617 5591 1866 5659 prmclara
1901 5602 2110 5647 exstant
2154 5592 2280 5648 faci-

726 5699 855 5737 nora
885 5682 1070 5748 simul,
1101 5692 1156 5736 ut
1184 5697 1512 5752 quacumque
1533 5682 1651 5734 data
1673 5686 1947 5738 occasione
1973 5692 2025 5737 te
2052 5683 2281 5740 salutare

725 5774 982 5830 L'Oltlelldo
1006 5817 1019 5842 ,
1048 5773 1366 5843 adjiciendas
1395 5773 1491 5830 has
1516 5772 1696 5830 censui
1727 5771 1940 5845 literas,
1974 5782 2027 5831 ut
2058 5782 2113 5832 et
2134 5774 2280 5832 debi-

2395 2038 2499 2084 tam
2527 2032 2616 2087 tibi
2644 2034 3006 2094 salutationem
3027 2039 3334 2110 penderem,
3365 2054 3419 2099 et
3443 2045 3614 2102 virum
3643 2057 3745 2102 tua:
3771 2049 3949 2106 nobili-

2392 2123 2486 2176 tati
2533 2127 2979 2183 commendarem.
3029 2130 3381 2199 Quamobrem
3433 2135 3523 2190 illo
3568 2138 3784 2194 intuens
3833 2155 3945 2196 eum

2388 2223 2623 2282 aspectu,
2650 2231 2757 2285 quo
2782 2226 2833 2273 te
2858 2219 3026 2286 decet,
3055 2221 3267 2278 domine
3294 2224 3364 2278 mi
3390 2225 3870 2284 observandissime
3896 2247 3949 2286 ac

2388 2316 2724 2375 summopere
2751 2307 3057 2364 admirande
3083 2353 3096 2376 ,
3138 2312 3210 2366 illi
3242 2313 3397 2368 rebus
3439 2315 3564 2383 ipsis
3603 2319 3826 2374 ostende
3854 2335 3948 2376 non

2388 2401 2588 2448 temere
2615 2411 2786 2466 neque
2813 2396 3003 2453 frustra
3032 2411 3212 2456 nostra
3251 2403 3396 2457 illum
3426 2406 3524 2459 bac
3551 2409 3813 2463 munitum
3841 2411 3947 2480 epi-

2376 2483 2520 2540 btola
2549 2486 2615 2540 ad
2645 2499 2695 2544 te
2721 2490 2928 2545 venisse
2952 2534 2967 2557 ,
2999 2492 3092 2547 sed
3132 2493 3317 2548 barum
3357 2497 3658 2554 interventu
3686 2500 3950 2557 literarum

2386 2576 2600 2631 multam
2643 2579 2811 2645 ipsum
2851 2582 2988 2652 apud
3030 2593 3080 2638 tc
3122 2585 3539 2643 benevolentiam
3581 2600 3637 2645 et
3683 2594 3948 2650 caritatem

2385 2676 2656 2734 expertum
2674 2683 2809 2723 esse.
2833 2669 2920 2725 Sic
2940 2673 3080 2727 enim
3101 2675 3209 2740 fiet,
3229 2686 3284 2730 ut
3300 2687 3352 2731 ct
3372 2693 3469 2732 nos
3485 2681 3706 2736 multam
3728 2685 3948 2740 solertia

2388 2763 2488 2808 tua:
2515 2757 2530 2786 ¹
2564 2759 2787 2825 gratiam
2816 2761 3069 2816 habemus
3092 2805 3108 2829 ,
3149 2765 3287 2834 quod
3327 2775 3471 2822 tanto
3506 2769 3627 2824 licet
3653 2787 3684 2826 a
3714 2781 3766 2828 te
3788 2773 3950 2829 dissiti

2387 2846 2623 2902 locorum
2655 2851 2950 2918 intervallo,
2984 2869 3079 2923 per
3103 2857 3379 2924 epistolam
3413 2868 3514 2914 tute
3543 2863 3752 2917 caritati
3781 2866 3946 2920 conci-

2385 2938 2515 2994 liare
2553 2955 2614 2994 ac
2660 2944 3020 3012 conglutinare
3063 2950 3326 3017 possimus
3365 2965 3458 3006 eos
3481 2993 3496 3016 ,
3537 2955 3625 3022 qui
3670 2956 3826 3024 potiri
3865 2957 3947 3012 illa

2386 3034 2700 3102 percupiunt
2728 3053 2739 3087 :
2771 3050 2838 3090 ex
2867 3038 3057 3106 quibus
3080 3055 3216 3095 unus
3246 3041 3330 3096 hic
3365 3053 3444 3097 cst
3472 3058 3680 3100 summo
3704 3057 3807 3102 tua:
3835 3063 3948 3103 sua-

2382 3123 2558 3177 vitatis
2577 3140 2757 3181 amore
2780 3127 3160 3187 inflammatus:
3181 3148 3336 3203 quam
3359 3135 3428 3190 ob
3447 3150 3661 3191 causam
3679 3148 3735 3194 et
3748 3154 3947 3195 summo

2380 3215 2556 3270 studio
2583 3215 2676 3270 has
2705 3234 2733 3271 a
2765 3235 2850 3274 me
2873 3219 3052 3276 literas
3079 3225 3378 3290 postulavit.

2558 3307 2854 3364 CLXXVI.
2884 3311 3156 3384 Hesychia.
3188 3315 3420 3386 (Cucuso
3445 3334 3585 3376 anno
3613 3321 3767 3392 404.)

2450 3399 2557 3455 Nos
2579 3411 2633 3456 et
2660 3414 2971 3472 prasentcm
2999 3407 3186 3464 intueri
3217 3418 3268 3466 te
3291 3411 3552 3480 cupimus,
3576 3415 3948 3473 etduleissimo

2377 3490 2864 3566 jucundissimoqne
2890 3506 2979 3551 tuo
3004 3512 3289 3569 congressu
3318 3500 3438 3558 frui.
3468 3503 3572 3559 Sed
3595 3508 3846 3574 quoniam
3872 3520 3949 3565 est

2383 3579 2483 3634 hoc
2511 3581 2725 3637 difficile
2747 3623 2762 3647 ,
2793 3599 2912 3640 cum
2947 3597 3162 3656 propter
3187 3590 3387 3647 itineris
3412 3592 3811 3664 difﬁcultatem,
3841 3607 3947 3656 tum

2380 3680 2594 3740 propter
2625 3674 2851 3744 negotia,
2882 3691 2944 3731 ac
2970 3680 3210 3748 corporis
3234 3682 3643 3741 imbecillitatem
3669 3704 3682 3740 :
3712 3690 3947 3744 consola-

2380 3761 2598 3830 tionem,
2625 3781 2741 3835 quze
2767 3769 3052 3839 percipitur
3075 3786 3141 3826 ex
3168 3773 3333 3829 literis
3355 3815 3370 3839 ,
3405 3779 3727 3847 requirimus
3749 3799 3944 3853 ,quam

2380 3866 2550 3922 neque
2575 3857 2812 3924 corporis
2838 3859 3114 3929 :egritudo,
3148 3877 3317 3933 nequc
3342 3867 3602 3934 asperitas
3627 3871 3836 3926 itineris
3856 3889 3946 3942 po-

2382 3954 2484 3999 test
2513 3947 2916 4016 interrumpere.
2966 3951 3076 4007 lloc
3121 3955 3278 4024 igitur
3315 3973 3412 4012 nos
3456 3959 3612 4015 aflice
3657 3963 3943 4030 beneficio,

2380 4038 2519 4107 quod
2549 4050 2601 4094 et
2627 4041 2740 4095 leve
2778 4052 2858 4096 est
2879 4087 2892 4107 ,
2927 4053 2980 4099 et
3023 4046 3236 4102 minime
3276 4051 3552 4106 molestum
3575 4094 3592 4119 ,
3625 4056 3946 4128 multamque

2382 4128 2534 4182 nobis
2579 4129 2900 4199 voluptatem
2939 4133 3124 4201 affert,
3157 4147 3209 4192 et
3245 4150 3570 4197 contractam
3596 4160 3664 4198 ex
3694 4161 3946 4215 corporea

2379 4217 2727 4287 disjunctione
2752 4225 3054 4280 maestitiam
3075 4241 3177 4282 non
3204 4230 3538 4288 mediocriter
3563 4237 3788 4306 mitigat.
3818 4238 3944 4293 Nam

2380 4309 2482 4363 hoc
2519 4311 2708 4365 solatio
2748 4315 2792 4368 si
2832 4314 3086 4384 fruamur,
3117 4329 3170 4374 et
3196 4336 3292 4376 nos
3319 4337 3482 4393 prope
3518 4341 3639 4382 esse
3665 4330 3945 4386 arbitrabi-

2380 4416 2518 4466 mur,
2543 4413 2597 4457 et
2627 4415 2878 4473 perpetuo
2903 4423 3020 4464 cum
3053 4413 3347 4467 reverentia
3377 4423 3463 4470 tua
3488 4421 3713 4473 versari.
3746 4421 3947 4479 Sufﬁcit

2379 4494 2519 4547 enim
2548 4495 2631 4548 vel
2659 4497 2770 4550 sola
2797 4501 2988 4555 caritas
3015 4503 3080 4557 ad
3109 4502 3209 4559 hoc
3227 4507 3585 4576 praestandum
3617 4527 3630 4563 :
3664 4513 3760 4568 sed
3789 4517 3942 4570 mults

2381 4591 2554 4638 tamen
2583 4591 2886 4646 accessione
2923 4597 3274 4652 cumulabitur
3305 4599 3418 4669 ipsa
3459 4601 3622 4657 animi
3661 4605 3909 4675 cogitatio

2379 4677 2424 4730 si
2454 4676 2726 4732 literarum
2754 4681 2988 4738 subsidio
3011 4685 3242 4753 juvetur.

2381 4765 2568 4822 CLXX
2581 4767 2651 4822 VI
2660 4768 2684 4822 Ι
2695 4771 3027 4828 .Artemidoro
3053 4773 3283 4840 (Cucuso
3302 4793 3458 4845 anno,
3477 4791 3534 4835 ut
3553 4792 3787 4853 putatur,
3801 4785 3945 4858 404.)

2451 4859 2635 4931 Magna
2667 4869 2718 4917 te
2743 4864 3138 4934 complexurum
3175 4868 3344 4937 ipsum
3387 4871 3754 4932 benevolentia
3777 4876 3946 4934 domi.

2382 4968 2482 5008 nus
2509 4969 2658 5009 meus
2686 4955 2973 5013 Antiochus
3001 4960 3282 5015 arbitratus
3309 4970 3410 5027 est,
3440 4965 3485 5020 si
3511 4979 3633 5020 cum
3658 4967 3826 5025 literis
3853 4985 3946 5027 no-

2381 5045 2505 5100 stris
2534 5055 2637 5101 tua:
2665 5049 2910 5103 suavitati
2934 5065 2993 5106 se
3019 5051 3250 5107 sisteret.
3280 5053 3356 5107 Da
3387 5054 3545 5124 igitur
3565 5072 3783 5126 operam
3807 5102 3834 5126 ,.
3853 5062 3948 5117 do-

2381 5138 2524 5192 mine
2567 5137 2638 5192 mi
2683 5139 2962 5208 plurimum
2992 5145 3291 5200 venerande
3316 5186 3331 5207 ,
3373 5155 3429 5200 ut
3457 5162 3526 5202 ne
3567 5152 3822 5219 Opinione
3863 5169 3948 5210 sua

2382 5230 2686 5295 frustretur,
2718 5239 2771 5286 et
2794 5246 2910 5286 cum
2939 5248 3000 5288 ea
3030 5249 3129 5304 qua
3158 5251 3252 5304 par
3275 5247 3358 5292 cst
3386 5239 3531 5292 illum
3557 5243 3836 5310 exceperis
3866 5245 3949 5300 be-

2385 5322 2681 5376 nevolentia
2708 5364 2723 5389 ,
2763 5324 2806 5378 si
2837 5325 2961 5394 quid
2991 5341 3197 5396 mquum
3225 5343 3286 5383 ac
3311 5331 3502 5385 rationi
3532 5346 3948 5392 consentaneum

2382 5423 2564 5484 petat,
2597 5427 2892 5486 promptum
2918 5460 2933 5484 ,
2961 5435 3140 5489 quasso
3164 5463 3178 5487 ,
3205 5435 3268 5476 ac
3297 5433 3536 5490 paratum
3567 5425 3642 5481 illi
3675 5435 3728 5482 te
3756 5427 3950 5497 prtia,

2382 5507 2565 5578 illique
2591 5509 2750 5564 rebus
2771 5511 2896 5581 ipsis
2915 5513 3135 5569 ostende
3154 5530 3257 5568 non
3284 5515 3476 5572 frustra
3493 5532 3590 5573 nec
3610 5528 3812 5578 temere
3827 5531 3949 5574 cum

2385 5601 2551 5656 literis
2577 5602 2771 5658 nostris
2813 5605 2982 5673 ipsum
3027 5605 3096 5659 ad
3135 5615 3186 5660 te
3213 5607 3420 5673 venisse
3449 5625 3462 5663 :
3494 5609 3588 5667 sed
3618 5609 3685 5667 ad
3701 5609 3947 5670 obtinea-

2449 5786 2465 5817 ι
2499 5790 2674 5833 omnes
2693 5786 2820 5841 uss,
2843 5779 3072 5835 ηοωωωὶ
3103 5788 3216 5834 tua.
