4218 6502
317 434 418 490 7H

306 549 446 605 ἀλλά
476 551 542 620 τῇ
574 548 764 621 ἀγάπῃ
808 545 1166 616 συνδεδέμεθά
1210 563 1304 598 σου
1347 548 1414 617 τῇ
1443 546 1610 618 ψυχῇ.
1646 547 1884 601 Τοιαῦτα

307 638 544 710 ἐνέχυρα
568 639 750 708 φιλίας
770 638 900 707 ἡμῖν
921 636 1208 701 ἐναπέθου,
1229 636 1430 707 πολλὴν
1459 637 1586 708 περὶ
1618 639 1766 708 ἡμᾶς
1786 639 1884 708 τὴν

305 728 606 801 θεραπείαν
628 729 719 783 καὶ
737 727 835 798 τὴν
861 726 1100 781 διάθεσιν
1125 726 1532 797 ἐπιδειξάμενος
1560 725 1766 781 αὐτόθι.
1789 727 1888 780 Διά

303 819 464 874 τοῦτο
493 821 735 890 ὅπουπερ
770 819 836 872 ἂν
860 817 1204 886 ἀφικώμεθα,
1237 818 1298 870 οὑ
1330 817 1618 887 παυόμεθα
1657 819 1886 889 χάριτας

304 909 698 981 ὁμολογοῦντες
719 911 785 978 τῇ
814 909 1062 978 εὐγενείᾳ
1087 910 1154 978 τῇ
1302 907 1413 960 Καί
1443 925 1502 960 σε
1537 907 1888 979 παρακαλοῦ-

309 1019 411 1073 μεν
440 999 680 1070 συνεχῶς
710 1000 838 1070 ἡμῖν
868 999 965 1052 καὶ
985 998 1148 1052 αὐτὸν
1171 999 1527 1066 ἐπιστέλλειν,
1553 1001 1647 1053 καὶ
1669 1001 1738 1053 τά
1760 1000 1888 1071 περὶ

303 1094 406 1162 τῆς
437 1090 625 1158 ὑγείας
655 1091 756 1159 τῆς
790 1089 892 1159 (ἧς
925 1088 1392 1158 εὐαγγελίζεσθαι.
1434 1091 1624 1160 Ἡμεῖς
1652 1089 1760 1160 γάρ
1789 1089 1888 1160 τὴν

303 1181 425 1235 ὀδδν
453 1180 674 1234 ἃπασαν
704 1180 1077 1250 ἀπραγμόνως
1140 1182 1236 1234 καὶ
1274 1182 1415 1250 μετά
1451 1181 1752 1250 ἀσφαλείας
1807 1183 1888 1238 δι-

303 1269 603 1334 ανύσαντες
625 1271 686 1324 ἐν
713 1271 778 1342 τῇ
810 1269 1107 1339 Κουκουσῷ
1125 1269 1493 1341 διατρίσομεν,
1512 1270 1886 1342 ἐντρυφῶντες

308 1446 680 1457 -σ--ε-›
691 1449 698 1453 -
719 1445 1310 1455 -_—_..——.-—_——————-——

1746 435 2131 494 EPISTOLIE.

3461 436 3572 494 712

1991 551 2058 618 τῇ
2107 547 2306 619 ἡσυχίᾳ
2356 547 2450 601 τοῦ
2496 551 2721 621 χωρίου,
2765 551 2859 603 καὶ
2905 551 2970 619 τῇ
3011 548 3434 624 ἀπραγμοσύνῃ,
3474 552 3572 608 καὶ

1993 639 2194 709 πολλῆς
2223 639 2586 704 ἀπολαύοντες
2629 640 2928 711 θεραπείας
2970 657 3030 693 τε
3070 640 3163 693 καὶ
3205 637 3437 704 εὐνοίας.
3473 639 3575 696 Ἵν⁹

1992 724 2086 782 οὖν
2120 729 2214 782 καὶ
2247 729 2496 800 περὶτῆς
2525 728 2742 799 ῥώσεως
2775 729 2876 800 τῆς
2901 728 3176 798 ὑμετέρας
3209 727 3578 794 μανθάνοντες

1994 818 2438 890 εὐφραινώμεθα,
2495 819 2675 873 πυκνά
2738 819 2832 873 καὶ
2894 820 3089 889 συνεχῆ
3151 818 3392 889 πέμπειν
3442 819 3576 890 ἡμῖν

1992 913 2061 966 τά
2087 912 2392 982 γράμματα
2422 911 2746 976 σπούδασον,
2786 911 3251 981 εὑαγγελιζόμενα
3274 913 3422 982 ἡμᾶς
3446 911 3578 982 περὶ

1988 1002 2089 1071 τῆς
2143 1003 2330 1070 ὑγείας
2382 1002 2485 1072 τῆς
2550 1003 2653 1073 σῆς
2710 1002 2804 1055 καὶ
2864 1001 2960 1055 τοῦ
3017 1003 3169 1056 οῖκου
3221 1018 3313 1055 σου
3349 1002 3572 1065 παντός.
3631 1010 3633 1014 ‘

1991 1090 2148 1144 Οὑτω
2211 1091 2320 1163 γὰρ
2380 1091 2644 1162 μεγίστην
2703 1090 2955 1146 ἐντεῦθεν
3007 1091 3417 1163 καρπωσόμεθα
3475 1091 3575 1161 τὴν

1991 1183 2356 1254 παράκλησιν.

992 1586 1148 1662 [699]
1202 1596 1430 1683 ΤΟΥ
1476 1593 1852 1684 ΑΥΤΟΥ
1907 1593 2200 1682 ΠΡΟΣ
2243 1595 2862 1684 ΔΙΛΦΟΡΟΥΣ

1684 1781 2024 1836 Ἐπιστολαί
2054 1781 2164 1850 ξη’.

296 2105 478 2160 POA'.
526 2102 654 2169 Τοῖς
693 2101 763 2156 ἐν
801 2098 1144 2170 Χαλκηδόνι
1204 2099 1723 2170 ἐτκεκλεισμένοις
1758 2099 1886 2153 ἐπι-

449 2173 726 2238 σκόποις,
758 2169 1184 2239 πρεσϐυτέροις
1207 2187 1272 2223 τε
1304 2170 1402 2224 καί
1435 2169 1756 2236 διακόνοις.

379 2264 658 2334 Μακάριοι
686 2261 910 2316 καὶτῶν
935 2262 1149 2333 δεσμῶν
1183 2262 1361 2332 ὑμεῖς,
1391 2262 1484 2316 καὶ
1515 2261 1616 2332 τῆς
1643 2261 1887 2333 γνώμης,

308 2353 431 2426 μεθ’
457 2348 527 2425 ἦς
563 2352 759 2422 φέρετε
818 2350 886 2404 τά
920 2350 1116 2421 δεσμά,
1157 2350 1518 2422 ἀποστολικὴν
1549 2351 1802 2422 ἀνδρείαν
1831 2353 1889 2404 ἐν

305 2445 520 2506 τούτοις
557 2440 1009 2513 ἐπιδεικνύμενον
1049 2439 1171 2493 ἐπεὶ
1207 2441 1445 2495 κάκεῖνοι
1474 2441 1566 2494 καὶ
1595 2441 1890 2512 μαστιγού-

309 2549 484 2606 μενοι,
544 2533 639 2587 καὶ
696 2532 1064 2603 ἐλαυνόμενοι,
1129 2533 1224 2585 καὶ
1285 2530 1680 2602 δεσμούμενοι,
1750 2534 1887 2602 μετά

307 2623 514 2694 πολλῆς
543 2622 716 2678 ταῦτα
746 2621 939 2693 ἔφερον
981 2621 1080 2692 τῆς
1108 2620 1318 2692 ἡδονῆςο
1353 2620 1413 2673 οὐ
1465 2621 1624 2692 μόνον
1654 2621 1712 2676 δέ
1749 2622 1887 2693 μετά

307 2713 512 2782 πολλῆς
528 2711 720 2784 ἔφερον
747 2711 846 2781 τῆς
874 2709 1085 2781 ἡδονῆς,
1107 2707 1244 2762 ἀλλά
1265 2708 1360 2762 καὶ
1374 2708 1445 2762 τά
1469 2707 1649 2763 αὑτῶν
1669 2710 1887 2764 ἐποίουν

305 2806 369 2858 ἐν
395 2807 520 2861 ταῖς
549 2801 800 2856 ἀλύσεσιν
830 2799 1103 2865 δντες,καὶ
1117 2799 1217 2869 τὴν
1235 2800 1561 2871 οίκουμένην
1578 2801 1888 2873 μεριμνῶν-

303 2913 397 2960 τες
437 2897 675 2951 ἃπασαν.
707 2894 798 2947 Διὸ
825 2892 888 2963 δὴ
918 2891 1217 2963 παρακαλῶ
1243 2891 1344 2964 τὴν
1373 2892 1646 2964 ὑμετέραν
1664 2895 1885 2966 ἀγάπην

309 2985 482 3056 μηδὲν
509 2983 759 3038 ἐντεῦθεν
781 2984 1091 3048 ἀναπεσεῖν,
1118 2980 1235 3037 ἀλλ’
1263 2983 1375 3054 ὅσῳ
1419 2982 1621 3040 πλείων
1646 2986 1775 3056 ὑμῖν
1796 2999 1821 3028 α
1850 2988 1884 3058 ἡ

304 3077 466 3146 ὀδύνη
492 3075 699 3144 γίνεται
725 3073 783 3140 ἐξ
805 3067 878 3128 ὧν
909 3073 1168 3144 πάσχετε,
1195 3073 1419 3128 πλείονα
1442 3076 1536 3129 καὶ
1555 3077 1657 3147 τὴν
1685 3078 1886 3151 προθυ-

310 3167 442 3237 μίαν
469 3164 857 3230 ἐπιδείξασθαι,
876 3166 969 3218 καὶ
986 3164 1106 3219 καθ’
1125 3164 1363 3236 ἐκάστην
1379 3167 1591 3238 ἡμέραν
1613 3171 1884 3240 μεριμνᾷν

303 3257 449 3327 ὑπὲρ
470 3255 579 3309 τῶν
605 3255 744 3308 κατά
762 3255 861 3327 τὴν
886 3255 1034 3308 οίκου
1044 3253 1211 3326 μένην
1255 3255 1613 3328 Ἐκκλησιῶν,
1639 3257 1787 3321 ὅπως
1817 3258 1883 3311 ἂν

305 3347 518 3415 γένοιτό
542 3363 625 3410 τις
650 3345 933 3416 διόρθωσις
976 3348 1008 3416 ἡ
1061 3347 1449 3418 προσήκουσα,
1504 3347 1637 3419 μηδὲ⁹
1671 3350 1750 3411 είς
1784 3349 1883 3419 τὴν

304 3437 594 3507 ὀλιγότητα
643 3435 794 3506 ὑμῶν
829 3435 1136 3501 ἀπιδόντες,
1171 3438 1266 3490 καὶ
1310 3436 1390 3507 τῷ
1433 3439 1886 3509 περιελαύνεσθαι

303 3527 662 3597 πανταχόθεν,
681 3526 1269 3599 ὑπτιώτεροιγένησθε.
1296 3530 1372 3582 Δι’
1391 3522 1464 3582 ὦν
1485 3529 1591 3601 γάρ
1622 3530 1881 3600 πάσχετε,

305 3618 530 3690 μείζονα
584 3618 685 3689 τὴν
737 3618 890 3689 παρά
939 3619 1019 3690 τῷ
1055 3618 1176 3690 Θεῷ
1219 3622 1530 3692 παρρησίαν
1579 3621 1882 3694 κτώμενοι,

303 3709 528 3764 πλείονα
556 3709 776 3780 εὐδηλον
795 3711 877 3763 ὅτι
900 3710 993 3763 καὶ
1008 3709 1106 3781 τὴν
1129 3709 1361 3781 δύναμιν
1389 3711 1561 3776 ἕξετε.
1590 3708 1882 3785 Χρήσασθε

301 3800 486 3854 τοίνυν
516 3800 598 3864 είς
631 3799 826 3871 καιρὸν
857 3801 924 3870 τῇ
962 3799 1262 3870 προθυμίᾳ,
1295 3803 1392 3854 καὶ
1419 3800 1485 3854 δι’
1526 3801 1756 3868 ἐαυτῶν,
1789 3803 1884 3856 καὶ

299 3886 373 3944 δι’
395 3891 616 3961 ἐτέρων,
648 3882 722 3944 ὧν
753 3888 819 3943 ἂν
837 3882 950 3942 οἷόν
970 3905 1030 3941 τε
1060 3885 1116 3962 ᾖ,
1137 3888 1310 3943 ταῦτα
1337 3889 1433 3944 καὶ
1453 3890 1656 3961 πρᾶξαι
1683 3892 1780 3946 καὶ
1809 3893 1883 3944 εἰ-

300 3983 430 4034 πεῖν
457 3979 798 4035 σπουδάσατε
817 4021 832 4045 ,
870 3980 958 4034 ῖνα
992 3979 1055 4033 τὸ
1099 3980 1324 4054 κατέχον
1371 3982 1661 4037 κλυδώνιον
1708 4001 1879 4039 κατα-

302 4071 513 4127 στεῖλαι
539 4069 856 4142 δυνήσεσθε.
909 4070 1161 4126 Μάλιστα
1204 4072 1305 4144 μέν
1349 4071 1458 4146 γὰρ
1496 4072 1649 4128 ἔσται
1691 4093 1744 4128 τι
1788 4079 1881 4130 καὶ

301 4163 470 4216 πλέον
501 4159 905 4226 σπουδαζόντων
935 4161 1119 4233 ὑμῶν·
1169 4165 1218 4217 εί
1255 4164 1300 4218 δ’
1336 4164 1444 4236 ἀρα
1481 4166 1646 4236 μηδὲν
1673 4167 1881 4236 γένοιτο

301 4252 492 4316 πλέον,
507 4251 608 4321 τῆς
628 4250 938 4322 προθυμίας
959 4254 1054 4306 καὶ
1082 4253 1179 4322 τῆς
1200 4253 1424 4326 γνώμης
1447 4255 1596 4320 ἕξετε
1614 4258 1764 4328 παρά
1786 4257 1879 4311 τοῦ

302 4344 690 4419 φιλανθρώπου
711 4342 848 4396 Θεοῦ
882 4343 974 4397 τὸν
1003 4344 1213 4415 μισθόν.

810 4435 989 4488 POE'.
1037 4434 1357 4503 ‘A'paxnté.

371 4525 610 4589 Πολλοὺς
644 4524 737 4580 καὶ
779 4527 1021 4595 συνεχεῖς
1067 4525 1296 4597 ἱδρῶτας
1343 4527 1573 4598 ἵδρωσεν
1619 4533 1648 4583 ὀ
1691 4532 1878 4605 κύριός

305 4631 408 4686 μου
441 4615 471 4668 ὀ
489 4612 885 4676 εὐλαϐέστατος
900 4612 995 4665 καὶ
1010 4612 1338 4683 τιμιώτατος
1365 4616 1733 4690 πρεσϐύτερος
1763 4620 1877 4672 Ἐλ-

304 4703 499 4766 πίδεος,
543 4703 670 4765 τοὺς
714 4701 776 4755 τὸ
829 4702 953 4774 δρος
1005 4703 1309 4768 οἰκοῦντας,
1344 4707 1403 4758 τὸ
1446 4707 1675 4778 Ἀμανὸν
1711 4710 1873 4779 λέγω,

304 4792 622 4871 σπουδάζων
650 4791 955 4859 ἀπαλλάξαι
998 4793 1096 4864 τῆς
1133 4794 1471 4867 κατεχούσης
1509 4798 1708 4861 αὐτοὺς
1751 4800 1877 4852 ἀσε-

300 4885 473 4950 θείας.
493 4886 604 4939 Kal
628 4884 926 4955 ἀπήλλαξε,
958 4885 1053 4939 καὶ
1083 4885 1384 4956 μετέθηκεν
1417 4888 1616 4952 αὐτοὺς
1644 4890 1755 4944 ἀπὸ
1777 4891 1877 4961 τῆς

301 4975 532 5045 πλάνης,
575 4975 671 5028 καὶ
703 4974 997 5045 ἐκκλησίας
1040 4974 1378 5046 ᾠκοδόμησε,
1410 4979 1504 5032 καὶ
1539 4982 1878 5053 μοναστήρια

303 5068 689 5137 συνεστήσατοο
723 5067 817 5120 καὶ
859 5065 1034 5131 ἔξεστι
1067 5064 1239 5120 ταῦτα
1273 5069 1342 5139 τῇ
1379 5068 1628 5141 εὐγενείᾳ
1662 5085 1758 5126 σου
1785 5072 1879 5124 xal

302 5157 435 5233 παρ’
466 5157 670 5226 ἐτέρων
705 5155 1018 5227 μανθάνειν.
1060 5155 1215 5210 Ἐπεὶ
1243 5152 1337 5211 οῦν
1352 5153 1470 5211 οῖδα
1487 5160 1569 5213 δτι
1597 5159 1705 5214 τῶν
1720 5161 1879 5214 εὐλα-

303 5249 414 5302 ϐῶν
439 5247 650 5319 ἀνδρῶν
674 5247 770 5302 καὶ
789 5247 1053 5315 γενναίων
1075 5245 1281 5318 σφόδρα
1308 5248 1538 5317 γέγονας
1567 5252 1802 5323 ἐραστὴς
1824 5252 1875 5317 b,

303 5338 458 5402 εἰδὼς
489 5339 572 5393 ὅτι
599 5356 680 5392 σοι
713 5338 1006 5410 χαριοῦμαι
1027 5338 1306 5411 γνώριμον
1337 5340 1508 5396 ποιῶν
1535 5341 1624 5396 τὸν
1643 5343 1878 5399 τοσαῦτα

304 5429 742 5500 κατωρθωκότα,
784 5428 924 5501 ὀμοῦ
957 5429 1054 5482 καὶ
1089 5433 1406 5503 προσειπεῖν
1449 5449 1508 5485 σε
1536 5433 1605 5487 δι’
1641 5436 1877 5506 ἑκάστης

305 5521 631 5593 προφάσεως
648 5522 1022 5592 ἐπειγόμενος,
1041 5521 1404 5592 προστέθεικα
1423 5524 1595 5579 ταῦτα
1617 5526 1685 5580 τά
1703 5528 1881 5599 γράμ-

307 5627 476 5680 ματα,
514 5610 615 5680 τήν
644 5626 705 5664 τε
733 5600 1092 5681 ὀφειλομένην
1130 5610 1434 5684 πρόσρησιν
1459 5614 1763 5684 ἀποδιδοὺς,
1785 5617 1880 5672 καὶ

368 5702 394 5764 _‘
418 5699 620 5764 Aliquot
636 5713 749 5751 mss.
773 5703 924 5764 ὑμῶν,

367 5759 500 5831 ξείε
518 5759 631 5810 inss.
645 5759 831 5811 omnei.
849 5761 978 5831 Εόἱζ.Σ
993 5774 1112 5812 vero
1134 5763 1335 5831 σφοδρός
1349 5764 1422 5814 ἀεὶ
1445 5767 1638 5828 γέγονας
1657 5767 1875 5831 ἐραστής.

306 5819 438 5874 Infra
454 5835 624 5874 omnes
645 5835 762 5874 mss.
787 5825 1088 5887 κροστίθεικα
1106 5819 1238 5872 ταυτί
1260 5819 1338 5872 τά.

2001 2102 2094 2153 τὸν
2121 2099 2287 2170 ἄνδρα
2315 2097 2890 2170 παρακατατιθέμενός
2921 2116 3016 2153 σου
3045 2104 3112 2173 τῇ
3140 2103 3406 2176 εὐγενείᾳ.
3425 2102 3573 2160 Ἰδὼν

1992 2191 2174 2244 τοίνυν
2199 2192 2362 2245 αὑτὸν
2379 2191 2454 2256 ὥς
2485 2208 2564 2244 σοι
2583 2192 2792 2261 πρέπον
2820 2193 2957 2257 ἐστὶ,
2989 2193 3226 2249 δέσποτά
3253 2213 3352 2267 μου
3371 2194 3575 2268 τιμαί»-

1991 2298 2121 2335 τατε
2152 2281 2245 2335 καὶ
2274 2280 2714 2350 θαυμασιώτατε,
2745 2280 2915 2345 δεῖξον
2945 2281 3096 2352 αὐτῷ
3117 2283 3206 2337 διά
3232 2283 3341 2338 τῶν
3367 2285 3568 2356 ἔργων,

1993 2370 2143 2443 [700]
2171 2370 2248 2434 ώς
2268 2371 2329 2423 οὑ
2360 2371 2536 2440 μάτην
2570 2371 2689 2424 οὐδὲ
2717 2371 2840 2440 εἰκῆ
2856 2371 3063 2441 ταύτην
3085 2367 3247 2444 ἦλθεν
3277 2375 3416 2445 ἔχων
3443 2377 3576 2447 παρ’

1991 2461 2148 2533 ἡμῶν
2178 2462 2276 2532 τὴν
2303 2460 2611 2530 ἐπιστολὴν,
2633 2461 2747 2515 ἀλλ’
2774 2461 2958 2530 ἴσχυσε
2987 2464 3144 2516 ταυτὶ
3167 2464 3236 2518 τὰ
3270 2466 3577 2537 γράμματα

1992 2553 2189 2624 πολλῆς
2221 2551 2384 2606 αὑτὸν
2410 2552 2630 2622 ποιῆσαι
2659 2551 2969 2606 ἀπολαῦσαι
2993 2552 3206 2619 εὐνοίας
3235 2572 3292 2608 τε
3318 2557 3411 2610 καὶ
3436 2557 3574 2626 ἀγά-

1989 2663 2118 2718 πης.
2144 2645 2299 2698 Οῦτω
2315 2646 2424 2715 γὰρ
2451 2645 2544 2698 καὶ
2571 2647 2732 2714 ἡμεῖς
2756 2646 2917 2716 χάριν
2937 2647 3140 2718 πολλὴν
3165 2646 3573 2720 ὁμολογήσομεν

1988 2741 2054 2809 τῇ
2090 2736 2342 2806 ἀγχινοίᾳ
2366 2747 2388 2774 ο
2422 2738 2488 2807 τῇ
2529 2738 2618 2807 σῇ,
2643 2736 2725 2788 ὅτι
2755 2736 2848 2790 καὶ
2887 2739 2952 2790 ἐκ
2981 2737 3237 2791 τοσούτου
3273 2738 3572 2808 καθήμενοι

1988 2829 2374 2899 διαστήματος.
2408 2827 2517 2880 ἀπὸ
2542 2826 2642 2897 τῆς
2671 2828 2963 2898 ἐπιστολῆς
2981 2829 3258 2899 δυνάμεθα
3278 2831 3574 2885 συνάπτειν

1990 2938 2082 2974 σου
2115 2923 2182 2992 τῇ
2205 2921 2394 2992 ἀγάπῃ
2422 2918 2663 2990 γνησίως
2683 2920 2808 2984 τοὺς
2825 2920 3226 2991 ἐπιθυμοῦντας
3243 2923 3414 2991 αὐτῆς
3437 2925 3571 2976 ἀπο-

1987 3008 2190 3062 λαύειν·
2219 3001 2294 3062 ὧν
2318 3002 2401 3070 εἷς
2423 3001 2578 3072 οὗτός
2613 3008 2766 3071 ἐστι,
2815 3008 3046 3077 σφοδρὸς
3093 3012 3328 3082 ἐραστὴς
3359 3009 3436 3064 ῶν
3475 3029 3570 3065 σου

1985 3099 2086 3168 τῆς
2119 3097 2479 3169 κοσμιότητος
2501 3111 2516 3127 ’
2545 3098 2629 3151 διδ
2655 3097 2752 3150 καὶ
2785 3098 2924 3168 μετὰ
2962 3099 3163 3170 πολλῆς
3196 3101 3295 3171 τῆς
3333 3101 3572 3174 σπουδῆς

1983 3188 2187 3259 ταύτην
2223 3189 2355 3258 παρ’
2375 3189 2408 3257 ἡ
2419 3187 2536 3258 μῶν
2570 3185 2743 3257 ᾔτησε
2772 3187 2870 3258 τὴν
2899 3189 3207 3260 ἐπιστολήν.

2508 3277 2700 3344 Ροςῖν.
2745 3277 3032 3347 Ἡσυχίῳ.

2066 3369 2256 3440 Ἡμεῖς
2292 3366 2670 3438 ἐπιθυμοῦμεν
2704 3368 2802 3421 καὶ
2841 3370 3089 3441 παρόντα
3127 3387 3187 3423 σε
3233 3370 3568 3440 θεάσασθαι,

1985 3463 2197 3531 καὶτῆς
2229 3459 2575 3530 γλυκυτάτης
2601 3460 2696 3513 καὶ
2719 3460 2945 3531 ἡδίστης
2978 3479 3072 3515 σου
3103 3462 3409 3517 ἀπολαῦσαι
3439 3481 3568 3517 συν-

1984 3552 2192 3615 ουσίας.
2221 3551 2361 3606 Ἀλλ’
2390 3551 2577 3621 ἐπειδὴ
2615 3550 2775 3605 τοῦτο
2806 3553 3068 3624 ἐργῶδες,
3103 3555 3197 3608 καὶ
3228 3555 3316 3612 διὰ
3343 3557 3442 3630 τὴν
3467 3558 3569 3629 τῆς

1981 3643 2104 3699 ὀδοῦ
2129 3642 2413 3698 δυσκολίαν
2440 3642 2536 3696 καὶ
2556 3642 2645 3697 διά
2667 3643 2764 3715 τὴν
2784 3643 2896 3698 τῶν
2926 3648 3271 3718 πραγμάτων
3287 3649 3564 3720 ἀσχολίαν,

1984 3735 2076 3787 καὶ
2106 3734 2206 3804 τὴν
2231 3731 2327 3785 τοῦ
2359 3731 2613 3803 σώματος
2642 3731 2950 3800 ἀσθένειαν,
2980 3735 3081 3806 τὴν
3114 3738 3225 3790 ἀπὸ
3251 3739 3362 3791 τῶν
3379 3756 3566 3812 γραμ-

1985 3825 2171 3896 μάτων
2210 3823 2482 3895 ζητοῦμεν
2509 3823 2882 3896 παράκλησιν,
2916 3827 2984 3898 ἡν
3023 3827 3148 3881 οὐτε
3183 3829 3433 3900 σώματος
3468 3833 3567 3898 ἀῤ-

1982 3913 2190 3986 ρωστία
2216 3953 2230 3978 ,
2281 3913 2401 3967 οὑδέ
2457 3913 2578 3966 ὁδοῦ
2617 3913 2895 3987 τραχύτης
2946 3916 3282 3973 διακωλῦσαι
3318 3920 3563 3979 δύναται.

1981 4004 2132 4058 Δίδου
2160 4004 2224 4075 δὴ
2257 4003 2357 4074 τὴν
2386 4003 2545 4074 χάριν
2567 4005 2700 4074 ἡμῖν
2729 4005 2940 4076 κούφην
2966 4023 3025 4060 τε
3047 4002 3214 4062 οὖσαν
3236 4009 3331 4063 καὶ
3352 4011 3558 4066 ἀνεπα-

1981 4097 2106 4168 χθῆ,
2141 4097 2236 4149 καλ⁵
2269 4093 2471 4167 πολλὴν
2505 4094 2839 4166 κομίζουσαν
2866 4098 2999 4166 ἡμῖν
3031 4095 3127 4168 τὴν
3146 4099 3362 4171 ἡδονὴν,
3381 4102 3474 4155 καὶ
3494 4102 3556 4155 οὐ

1983 4186 2179 4259 μικρὸν
2193 4185 2293 4255 τῆς
2313 4185 2571 4256 ἀθυμίας,
2601 4185 2699 4256 τῆς
2722 4188 2787 4240 ἐκ
2806 4187 3239 4259 τοῦ’σωματικοῦ
3257 4193 3563 4264 χωρισμοῦ,

1982 4275 2448 4347 ὑποτεμνομένην.
2483 4277 2580 4328 Ἂν
2619 4275 2729 4346 γὰρ
2769 4277 2979 4349 ταύτης
3011 4280 3412 4352 ἀπολαύσωμεν
3461 4284 3565 4354 τῆς

1980 4366 2400 4440 παρακλήσεως,
2434 4366 2531 4420 καὶ
2557 4366 2786 4438 πλησίον
2813 4370 3138 4441 ἡγησόμεθα
3159 4369 3320 4440 εἶναι,
3355 4376 3450 4428 καὶ
3474 4377 3564 4429 ἀεὶ

1985 4458 2124 4530 μετά
2150 4459 2249 4528 τῆς
2276 4458 2587 4528 τιμιότητός
2613 4476 2728 4512 σου.
2773 4461 2964 4532 ’Δρκεῖ
2994 4463 3096 4533 μὲν
3125 4465 3233 4536 γάρ
3256 4467 3400 4537 καὶὴ
3425 4467 3565 4536 ἀγά-

1982 4568 2058 4622 πη
2086 4549 2245 4603 τοῦτο
2279 4549 2520 4620 ποιῆσαι·
2560 4550 2780 4604 πλείονα
2814 4553 2872 4606 δὲ
2904 4555 3097 4626 αὑτὴἡ
3133 4560 3406 4626 φαντασία
3426 4560 3564 4632 λαμ·-

1980 4641 2132 4695 6άνει
2157 4640 2494 4713 προσθήκην,
2515 4642 2643 4695 ὅταν
2681 4643 2774 4697 καὶ
2804 4643 2902 4715 τὴν
2928 4645 3038 4699 ἀπὸ
3071 4647 3181 4702 τῶν
3218 4651 3567 4722 γραμμάτων

1979 4731 2077 4804 ἐχῃ
2106 4730 2444 4802 συμμαχίαν.
2540 4759 2560 4779 ο

2442 4849 2618 4901 POZ'.
2667 4848 3086 4919 Ἀρτεμιδώρῳ.

2048 4957 2260 5028 Πολλῆς
2301 4958 2553 5029 ἐνόμισεν
2592 4959 2998 5015 ἀπολαύσεσθαι
3037 4963 3250 5030 εὐνοίας
3294 4967 3322 5018 ὀ
3373 4966 3565 5040 κύριός

1980 5068 2082 5122 μου
2123 5051 2414 5122 Ἀντίοχος,
2440 5053 2487 5104 εί
2521 5051 2662 5122 μετὰ
2686 5055 3034 5126 γραμμάτων
3057 5057 3346 5128 ἡμετέρων
3366 5062 3563 5133 φανείη

1975 5144 2043 5214 τῇ
2079 5143 2347 5215 ἐμμελείᾳ
2379 5145 2448 5214 τῇ
2492 5146 2582 5215 σῇ.
2617 5144 2802 5210 Δεῖξον
2833 5145 3042 5212 τοίνυν,
3078 5145 3317 5205 δέσποτά
3356 5169 3459 5223 μου
3490 5169 3568 5207 τι·
3665 5185 3669 5191 -

1982 5232 2240 5307 μιώτατε,
2288 5233 2365 5297 ώς
2384 5233 2445 5287 οὐ
2475 5235 2756 5305 τηνάλλως
2788 5235 2965 5291 ταῦτα
2995 5237 3238 5309 ἐνόμισε,
3281 5242 3376 5294 καὶ
3404 5241 3565 5310 δεξά-

1981 5342 2139 5397 μενος
2170 5325 2336 5380 αὐτὸν
2361 5325 2501 5396 μετά
2521 5326 2622 5396 τῆς
2646 5343 2732 5380 σοι
2757 5328 3146 5401 προσηκούσης
3169 5331 3403 5396 εὐνοίας.
3425 5335 3490 5388 ἀν
3510 5352 3564 5387 τι

1977 5419 2185 5472 δίκαιον
2241 5418 2461 5491 νομίζῃ,
2509 5419 2602 5474 καί¹
2653 5419 2810 5492 λόγον
2862 5421 3011 5492 ἕχον,
3068 5422 3286 5495 ἐτοιμον
3338 5428 3564 5482 σεαυτὸν

1979 5509 2126 5582 αὐτῷ
2172 5513 2475 5582 παρασχεῖν
2529 5511 2946 5584 παρακλὴθητι,
2999 5514 3095 5567 καὶ
3137 5515 3308 5580 δεῖξον
3336 5516 3423 5571 διὰ
3454 5518 3565 5571 τῶν

1979 5601 2156 5673 ἐργων
2186 5603 2336 5674 αὐτῴ
2369 5605 2446 5667 ὡς
2472 5603 2534 5656 οὐ
2563 5603 2740 5674 μάτην
2768 5603 2891 5658 οὑδέ
2918 5605 3043 5676 εἰκῆ
3072 5606 3278 5678 ταύτην
3307 5603 3442 5679 ἦλθε
3476 5609 3565 5679 φέο

1983 5709 2089 5763 ρων
2122 5694 2251 5764 παρ’
2274 5693 2432 5764 ἡμῶν
2462 5693 2561 5764 τὴν
2589 5694 2900 5764 ἐπιστολὴν,
2937 5695 3076 5749 ἀλλά
3102 5697 3294 5766 γέγονέ
3324 5716 3374 5753 τι
3403 5698 3565 5755 πλέον

2044 5828 2068 5858 ⁸
2091 5824 2276 5879 Omnes
2296 5841 2409 5878 mss.
2444 5828 2800 5892 ὁμολογήσομεν
2822 5835 2878 5892 τῇ
2905 5830 3110 5894 εὐγενείᾳ
