  <div class='ocr_page' id='page_1' title='image "/cluster/home/n/w/nwhite01/storage/ocr_20150623/52/uva.x030486926/334.png"; bbox 0 0 4152 6486; ppageno 0'>
   <div class='ocr_carea' id='block_1_1' title="bbox 185 386 294 442">
    <p class='ocr_par' dir='ltr' id='par_1_1' title="bbox 185 386 294 442">
     <span class='ocr_line' id='line_1_1' title="bbox 185 386 294 442; baseline 0 -1"><span class='ocrx_word' id='word_1_1' title='bbox 185 386 294 442; x_wconf 73' lang='grc'><strong>’113</strong></span> 
     </span>
    </p>
   </div>
   <div class='ocr_carea' id='block_1_2' title="bbox 183 478 1794 560">
    <p class='ocr_par' dir='ltr' id='par_1_2' title="bbox 183 478 1794 560">
     <span class='ocr_line' id='line_1_2' title="bbox 183 478 1794 560; baseline -0.014 -4"><span class='ocrx_word' id='word_1_2' title='bbox 183 499 315 556; x_wconf 87' lang='lat' dir='ltr'><strong>dam</strong></span> <span class='ocrx_word' id='word_1_3' title='bbox 360 478 786 556; x_wconf 60' lang='lat' dir='ltr'><strong>benevolentiam</strong></span> <span class='ocrx_word' id='word_1_4' title='bbox 812 533 828 558; x_wconf 94' lang='lat'><strong>,</strong></span> <span class='ocrx_word' id='word_1_5' title='bbox 867 497 921 547; x_wconf 92' lang='lat' dir='ltr'><strong>et</strong></span> <span class='ocrx_word' id='word_1_6' title='bbox 956 487 1160 560; x_wconf 81' lang='lat' dir='ltr'><strong>justum</strong></span> <span class='ocrx_word' id='word_1_7' title='bbox 1202 483 1460 541; x_wconf 79' lang='lat' dir='ltr'><strong>auxilium</strong></span> <span class='ocrx_word' id='word_1_8' title='bbox 1506 480 1794 553; x_wconf 90' lang='lat' dir='ltr'><strong>plurimum</strong></span> 
     </span>
    </p>
   </div>
   <div class='ocr_carea' id='block_1_3' title="bbox 185 575 1794 654">
    <p class='ocr_par' dir='ltr' id='par_1_3' title="bbox 185 575 1794 654">
     <span class='ocr_line' id='line_1_3' title="bbox 185 575 1794 654; baseline -0.012 -4"><span class='ocrx_word' id='word_1_9' title='bbox 185 591 393 649; x_wconf 85' lang='lat' dir='ltr'><strong>nostris</strong></span> <span class='ocrx_word' id='word_1_10' title='bbox 420 604 542 646; x_wconf 89' lang='lat' dir='ltr'><strong>eum</strong></span> <span class='ocrx_word' id='word_1_11' title='bbox 571 586 741 643; x_wconf 92' lang='lat' dir='ltr'><strong>literis</strong></span> <span class='ocrx_word' id='word_1_12' title='bbox 765 583 1007 654; x_wconf 85' lang='lat' dir='ltr'><strong>adjutum</strong></span> <span class='ocrx_word' id='word_1_13' title='bbox 1035 580 1219 637; x_wconf 86' lang='lat' dir='ltr'><strong>fuisse.</strong></span> <span class='ocrx_word' id='word_1_14' title='bbox 1248 578 1340 635; x_wconf 90' lang='lat' dir='ltr'><strong>Sic</strong></span> <span class='ocrx_word' id='word_1_15' title='bbox 1377 576 1522 632; x_wconf 89' lang='lat' dir='ltr'><strong>enim</strong></span> <span class='ocrx_word' id='word_1_16' title='bbox 1553 575 1648 632; x_wconf 88' lang='lat' dir='ltr'><strong>flet</strong></span> <span class='ocrx_word' id='word_1_17' title='bbox 1673 616 1690 642; x_wconf 91' lang='lat'><strong>,</strong></span> <span class='ocrx_word' id='word_1_18' title='bbox 1736 583 1794 630; x_wconf 91' lang='lat' dir='ltr'><strong>ut</strong></span> 
     </span>
    </p>
   </div>
   <div class='ocr_carea' id='block_1_4' title="bbox 186 666 1798 746">
    <p class='ocr_par' dir='ltr' id='par_1_4' title="bbox 186 666 1798 746">
     <span class='ocr_line' id='line_1_4' title="bbox 186 666 1798 746; baseline -0.013 -4"><span class='ocrx_word' id='word_1_19' title='bbox 186 695 246 742; x_wconf 91' lang='lat' dir='ltr'><strong>ct</strong></span> <span class='ocrx_word' id='word_1_20' title='bbox 269 683 362 740; x_wconf 88' lang='lat' dir='ltr'><strong>ille</strong></span> <span class='ocrx_word' id='word_1_21' title='bbox 389 679 706 739; x_wconf 81' lang='lat' dir='ltr'><strong>beneficium</strong></span> <span class='ocrx_word' id='word_1_22' title='bbox 750 677 1081 746; x_wconf 77' lang='lat' dir='ltr'><strong>adipiscatur</strong></span> <span class='ocrx_word' id='word_1_23' title='bbox 1098 716 1113 740; x_wconf 95' lang='lat'><strong>,</strong></span> <span class='ocrx_word' id='word_1_24' title='bbox 1142 681 1196 728; x_wconf 91' lang='lat' dir='ltr'><strong>et</strong></span> <span class='ocrx_word' id='word_1_25' title='bbox 1231 686 1332 743; x_wconf 89' lang='lat' dir='ltr'><strong>ego</strong></span> <span class='ocrx_word' id='word_1_26' title='bbox 1358 669 1566 726; x_wconf 85' lang='lat' dir='ltr'><strong>honore</strong></span> <span class='ocrx_word' id='word_1_27' title='bbox 1591 666 1798 723; x_wconf 88' lang='lat' dir='ltr'><strong>afficiar</strong></span> 
     </span>
    </p>
   </div>
   <div class='ocr_carea' id='block_1_5' title="bbox 183 764 1575 846">
    <p class='ocr_par' dir='ltr' id='par_1_5' title="bbox 183 764 1575 846">
     <span class='ocr_line' id='line_1_5' title="bbox 183 764 1575 846; baseline -0.013 -13"><span class='ocrx_word' id='word_1_28' title='bbox 183 791 256 832; x_wconf 84' lang='lat' dir='ltr'><strong>ex</strong></span> <span class='ocrx_word' id='word_1_29' title='bbox 283 791 352 832; x_wconf 89' lang='lat' dir='ltr'><strong>eo</strong></span> <span class='ocrx_word' id='word_1_30' title='bbox 373 771 515 846; x_wconf 91' lang='lat' dir='ltr'><strong>quod</strong></span> <span class='ocrx_word' id='word_1_31' title='bbox 543 767 864 828; x_wconf 82' lang='lat' dir='ltr'><strong>beneficium</strong></span> <span class='ocrx_word' id='word_1_32' title='bbox 889 767 978 822; x_wconf 91' lang='lat' dir='ltr'><strong>ille</strong></span> <span class='ocrx_word' id='word_1_33' title='bbox 1003 764 1164 823; x_wconf 81' lang='lat' dir='ltr'><strong>fuerit</strong></span> <span class='ocrx_word' id='word_1_34' title='bbox 1190 770 1575 834; x_wconf 85' lang='lat' dir='ltr'><strong>consequutus.</strong></span> 
     </span>
    </p>
   </div>
   <div class='ocr_carea' id='block_1_6' title="bbox 350 889 1640 969">
    <p class='ocr_par' dir='ltr' id='par_1_6' title="bbox 350 889 1640 969">
     <span class='ocr_line' id='line_1_6' title="bbox 350 889 1640 969; baseline -0.015 -6"><span class='ocrx_word' id='word_1_35' title='bbox 350 901 544 965; x_wconf 72' lang='lat' dir='ltr'><strong>CLIX</strong></span> <span class='ocrx_word' id='word_1_36' title='bbox 555 899 721 957; x_wconf 80' lang='lat' dir='ltr'><strong>VIII.</strong></span> <span class='ocrx_word' id='word_1_37' title='bbox 752 897 1029 954; x_wconf 65' lang='lat' dir='ltr'><strong>Eat/taliae.</strong></span> <span class='ocrx_word' id='word_1_38' title='bbox 1059 894 1293 969; x_wconf 89' lang='lat' dir='ltr'><strong>(Cucuso</strong></span> <span class='ocrx_word' id='word_1_39' title='bbox 1318 907 1461 948; x_wconf 90' lang='lat' dir='ltr'><strong>anno</strong></span> <span class='ocrx_word' id='word_1_40' title='bbox 1485 889 1640 962; x_wconf 64' lang='lat'><strong>£05.)</strong></span> 
     </span>
    </p>
   </div>
   <div class='ocr_carea' id='block_1_7' title="bbox 259 1023 1789 1112">
    <p class='ocr_par' dir='ltr' id='par_1_7' title="bbox 259 1023 1789 1112">
     <span class='ocr_line' id='line_1_7' title="bbox 259 1023 1789 1112; baseline -0.012 -14"><span class='ocrx_word' id='word_1_41' title='bbox 259 1041 585 1112; x_wconf 72' lang='lat' dir='ltr'><strong>Magnopere</strong></span> <span class='ocrx_word' id='word_1_42' title='bbox 610 1036 820 1092; x_wconf 88' lang='lat' dir='ltr'><strong>sincera</strong></span> <span class='ocrx_word' id='word_1_43' title='bbox 841 1041 896 1090; x_wconf 89' lang='lat' dir='ltr'><strong>et</strong></span> <span class='ocrx_word' id='word_1_44' title='bbox 922 1030 1154 1088; x_wconf 78' lang='lat' dir='ltr'><strong>ferventi</strong></span> <span class='ocrx_word' id='word_1_45' title='bbox 1181 1029 1404 1085; x_wconf 88' lang='lat' dir='ltr'><strong>caritate</strong></span> <span class='ocrx_word' id='word_1_46' title='bbox 1428 1024 1658 1083; x_wconf 78' lang='lat' dir='ltr'><strong>condita:</strong></span> <span class='ocrx_word' id='word_1_47' title='bbox 1683 1023 1789 1080; x_wconf 84' lang='lat' dir='ltr'><strong>fue-</strong></span> 
     </span>
    </p>
   </div>
   <div class='ocr_carea' id='block_1_8' title="bbox 184 1117 1794 1195">
    <p class='ocr_par' dir='ltr' id='par_1_8' title="bbox 184 1117 1794 1195">
     <span class='ocr_line' id='line_1_8' title="bbox 184 1117 1794 1195; baseline -0.01 -6"><span class='ocrx_word' id='word_1_48' title='bbox 184 1141 316 1189; x_wconf 88' lang='lat' dir='ltr'><strong>runt</strong></span> <span class='ocrx_word' id='word_1_49' title='bbox 335 1132 504 1188; x_wconf 75' lang='lat' dir='ltr'><strong>litera:</strong></span> <span class='ocrx_word' id='word_1_50' title='bbox 531 1137 658 1193; x_wconf 70' lang='lat' dir='ltr'><strong>tute,</strong></span> <span class='ocrx_word' id='word_1_51' title='bbox 682 1140 812 1183; x_wconf 89' lang='lat' dir='ltr'><strong>vero</strong></span> <span class='ocrx_word' id='word_1_52' title='bbox 839 1124 1166 1195; x_wconf 87' lang='lat' dir='ltr'><strong>minimeque</strong></span> <span class='ocrx_word' id='word_1_53' title='bbox 1193 1125 1372 1178; x_wconf 83' lang='lat' dir='ltr'><strong>locato</strong></span> <span class='ocrx_word' id='word_1_54' title='bbox 1399 1133 1608 1176; x_wconf 89' lang='lat' dir='ltr'><strong>amore.</strong></span> <span class='ocrx_word' id='word_1_55' title='bbox 1640 1117 1794 1188; x_wconf 88' lang='lat' dir='ltr'><strong>Quo-</strong></span> 
     </span>
    </p>
   </div>
   <div class='ocr_carea' id='block_1_9' title="bbox 183 1211 1792 1295">
    <p class='ocr_par' dir='ltr' id='par_1_9' title="bbox 183 1211 1792 1295">
     <span class='ocr_line' id='line_1_9' title="bbox 183 1211 1792 1295; baseline -0.011 -12"><span class='ocrx_word' id='word_1_56' title='bbox 183 1227 332 1283; x_wconf 84' lang='lat' dir='ltr'><strong>circa</strong></span> <span class='ocrx_word' id='word_1_57' title='bbox 361 1224 602 1295; x_wconf 83' lang='lat' dir='ltr'><strong>ingentes</strong></span> <span class='ocrx_word' id='word_1_58' title='bbox 635 1220 728 1276; x_wconf 87' lang='lat' dir='ltr'><strong>tibi</strong></span> <span class='ocrx_word' id='word_1_59' title='bbox 756 1218 956 1290; x_wconf 87' lang='lat' dir='ltr'><strong>gratias</strong></span> <span class='ocrx_word' id='word_1_60' title='bbox 985 1216 1245 1272; x_wconf 88' lang='lat' dir='ltr'><strong>habemus</strong></span> <span class='ocrx_word' id='word_1_61' title='bbox 1264 1256 1281 1284; x_wconf 90' lang='lat'><strong>,</strong></span> <span class='ocrx_word' id='word_1_62' title='bbox 1312 1224 1366 1271; x_wconf 92' lang='lat' dir='ltr'><strong>et</strong></span> <span class='ocrx_word' id='word_1_63' title='bbox 1392 1211 1536 1285; x_wconf 86' lang='lat' dir='ltr'><strong>quod</strong></span> <span class='ocrx_word' id='word_1_64' title='bbox 1563 1212 1792 1278; x_wconf 87' lang='lat' dir='ltr'><strong>scribas,</strong></span> 
     </span>
    </p>
   </div>
   <div class='ocr_carea' id='block_1_10' title="bbox 183 1305 1793 1388">
    <p class='ocr_par' dir='ltr' id='par_1_10' title="bbox 183 1305 1793 1388">
     <span class='ocr_line' id='line_1_10' title="bbox 183 1305 1793 1388; baseline -0.011 -13"><span class='ocrx_word' id='word_1_65' title='bbox 183 1327 245 1375; x_wconf 87' lang='lat' dir='ltr'><strong>et</strong></span> <span class='ocrx_word' id='word_1_66' title='bbox 271 1314 416 1388; x_wconf 87' lang='lat' dir='ltr'><strong>quod</strong></span> <span class='ocrx_word' id='word_1_67' title='bbox 439 1315 664 1371; x_wconf 62' lang='lat' dir='ltr'><strong>sincera:</strong></span> <span class='ocrx_word' id='word_1_68' title='bbox 691 1321 794 1366; x_wconf 65' lang='lat' dir='ltr'><strong>tua</strong></span> <span class='ocrx_word' id='word_1_69' title='bbox 811 1325 939 1382; x_wconf 90' lang='lat' dir='ltr'><strong>erga</strong></span> <span class='ocrx_word' id='word_1_70' title='bbox 954 1323 1064 1369; x_wconf 54' lang='lat' dir='ltr'><strong>~nos</strong></span> <span class='ocrx_word' id='word_1_71' title='bbox 1088 1306 1480 1364; x_wconf 74' lang='lat' dir='ltr'><strong>benevolentia:</strong></span> <span class='ocrx_word' id='word_1_72' title='bbox 1501 1305 1793 1360; x_wconf 90' lang='lat' dir='ltr'><strong>maximum</strong></span> 
     </span>
    </p>
   </div>
   <div class='ocr_carea' id='block_1_11' title="bbox 183 1396 1797 1480">
    <p class='ocr_par' dir='ltr' id='par_1_11' title="bbox 183 1396 1797 1480">
     <span class='ocr_line' id='line_1_11' title="bbox 183 1396 1797 1480; baseline -0.008 -14"><span class='ocrx_word' id='word_1_73' title='bbox 183 1409 463 1480; x_wconf 79' lang='lat' dir='ltr'><strong>specimen</strong></span> <span class='ocrx_word' id='word_1_74' title='bbox 495 1403 642 1462; x_wconf 84' lang='lat' dir='ltr'><strong>edas.</strong></span> <span class='ocrx_word' id='word_1_75' title='bbox 677 1403 818 1459; x_wconf 88' lang='lat' dir='ltr'><strong>Deus</strong></span> <span class='ocrx_word' id='word_1_76' title='bbox 845 1400 938 1457; x_wconf 88' lang='lat' dir='ltr'><strong>tibi</strong></span> <span class='ocrx_word' id='word_1_77' title='bbox 976 1409 1279 1456; x_wconf 84' lang='lat' dir='ltr'><strong>mercedem</strong></span> <span class='ocrx_word' id='word_1_78' title='bbox 1308 1398 1439 1454; x_wconf 91' lang='lat' dir='ltr'><strong>tanti</strong></span> <span class='ocrx_word' id='word_1_79' title='bbox 1468 1396 1670 1452; x_wconf 88' lang='lat' dir='ltr'><strong>amoris</strong></span> <span class='ocrx_word' id='word_1_80' title='bbox 1693 1437 1709 1465; x_wconf 89' lang='lat'><strong>,</strong></span> <span class='ocrx_word' id='word_1_81' title='bbox 1741 1404 1797 1453; x_wconf 89' lang='lat' dir='ltr'><strong>et</strong></span> 
     </span>
    </p>
   </div>
   <div class='ocr_carea' id='block_1_12' title="bbox 183 1492 1795 1564">
    <p class='ocr_par' dir='ltr' id='par_1_12' title="bbox 183 1492 1795 1564">
     <span class='ocr_line' id='line_1_12' title="bbox 183 1492 1795 1564; baseline -0.007 -7"><span class='ocrx_word' id='word_1_82' title='bbox 183 1500 276 1557; x_wconf 87' lang='lat' dir='ltr'><strong>hic</strong></span> <span class='ocrx_word' id='word_1_83' title='bbox 306 1508 364 1556; x_wconf 91' lang='lat' dir='ltr'><strong>et</strong></span> <span class='ocrx_word' id='word_1_84' title='bbox 391 1500 442 1554; x_wconf 93' lang='lat' dir='ltr'><strong>in</strong></span> <span class='ocrx_word' id='word_1_85' title='bbox 477 1497 655 1554; x_wconf 90' lang='lat' dir='ltr'><strong>futuro</strong></span> <span class='ocrx_word' id='word_1_86' title='bbox 684 1495 882 1552; x_wconf 66' lang='lat' dir='ltr'><strong>saeculo</strong></span> <span class='ocrx_word' id='word_1_87' title='bbox 912 1493 1149 1561; x_wconf 89' lang='lat' dir='ltr'><strong>tribuat,</strong></span> <span class='ocrx_word' id='word_1_88' title='bbox 1180 1503 1338 1564; x_wconf 82' lang='lat' dir='ltr'><strong>teque</strong></span> <span class='ocrx_word' id='word_1_89' title='bbox 1381 1492 1591 1547; x_wconf 87' lang='lat' dir='ltr'><strong>muniat</strong></span> <span class='ocrx_word' id='word_1_90' title='bbox 1618 1501 1673 1546; x_wconf 92' lang='lat' dir='ltr'><strong>et</strong></span> <span class='ocrx_word' id='word_1_91' title='bbox 1696 1505 1795 1546; x_wconf 86' lang='lat' dir='ltr'><strong>cu-</strong></span> 
     </span>
    </p>
   </div>
   <div class='ocr_carea' id='block_1_13' title="bbox 183 1581 1798 1660">
    <p class='ocr_par' dir='ltr' id='par_1_13' title="bbox 183 1581 1798 1660">
     <span class='ocr_line' id='line_1_13' title="bbox 183 1581 1798 1660; baseline -0.008 -11"><span class='ocrx_word' id='word_1_92' title='bbox 183 1591 409 1657; x_wconf 82' lang='lat' dir='ltr'><strong>stodiat,</strong></span> <span class='ocrx_word' id='word_1_93' title='bbox 435 1597 596 1660; x_wconf 87' lang='lat' dir='ltr'><strong>atque</strong></span> <span class='ocrx_word' id='word_1_94' title='bbox 624 1588 678 1644; x_wconf 84' lang='lat' dir='ltr'><strong>in</strong></span> <span class='ocrx_word' id='word_1_95' title='bbox 709 1586 856 1642; x_wconf 90' lang='lat' dir='ltr'><strong>omni</strong></span> <span class='ocrx_word' id='word_1_96' title='bbox 878 1585 1167 1642; x_wconf 82' lang='lat' dir='ltr'><strong>securitate</strong></span> <span class='ocrx_word' id='word_1_97' title='bbox 1191 1584 1464 1654; x_wconf 81' lang='lat' dir='ltr'><strong>animique</strong></span> <span class='ocrx_word' id='word_1_98' title='bbox 1495 1581 1798 1654; x_wconf 85' lang='lat' dir='ltr'><strong>tranquilli-</strong></span> 
     </span>
    </p>
   </div>
   <div class='ocr_carea' id='block_1_14' title="bbox 185 1675 1796 1742">
    <p class='ocr_par' dir='ltr' id='par_1_14' title="bbox 185 1675 1796 1742">
     <span class='ocr_line' id='line_1_14' title="bbox 185 1675 1796 1742; baseline -0.008 1"><span class='ocrx_word' id='word_1_99' title='bbox 185 1696 300 1742; x_wconf 89' lang='lat' dir='ltr'><strong>tate</strong></span> <span class='ocrx_word' id='word_1_100' title='bbox 325 1683 636 1740; x_wconf 82' lang='lat' dir='ltr'><strong>constituat.</strong></span> <span class='ocrx_word' id='word_1_101' title='bbox 663 1679 780 1736; x_wconf 86' lang='lat' dir='ltr'><strong>Non</strong></span> <span class='ocrx_word' id='word_1_102' title='bbox 809 1679 951 1734; x_wconf 88' lang='lat' dir='ltr'><strong>enim</strong></span> <span class='ocrx_word' id='word_1_103' title='bbox 984 1686 1035 1733; x_wconf 90' lang='lat' dir='ltr'><strong>te</strong></span> <span class='ocrx_word' id='word_1_104' title='bbox 1064 1677 1212 1742; x_wconf 83' lang='lat' dir='ltr'><strong>latet,</strong></span> <span class='ocrx_word' id='word_1_105' title='bbox 1244 1675 1462 1731; x_wconf 92' lang='lat' dir='ltr'><strong>domina</strong></span> <span class='ocrx_word' id='word_1_106' title='bbox 1494 1689 1612 1730; x_wconf 90' lang='lat' dir='ltr'><strong>mea</strong></span> <span class='ocrx_word' id='word_1_107' title='bbox 1641 1689 1796 1730; x_wconf 89' lang='lat' dir='ltr'><strong>reve-</strong></span> 
     </span>
    </p>
   </div>
   <div class='ocr_carea' id='block_1_15' title="bbox 186 1769 1794 1843">
    <p class='ocr_par' dir='ltr' id='par_1_15' title="bbox 186 1769 1794 1843">
     <span class='ocr_line' id='line_1_15' title="bbox 186 1769 1794 1843; baseline -0.008 -8"><span class='ocrx_word' id='word_1_108' title='bbox 186 1778 514 1836; x_wconf 86' lang='lat' dir='ltr'><strong>reudissima</strong></span> <span class='ocrx_word' id='word_1_109' title='bbox 534 1817 551 1843; x_wconf 94' lang='lat'><strong>,</strong></span> <span class='ocrx_word' id='word_1_110' title='bbox 582 1790 689 1832; x_wconf 89' lang='lat' dir='ltr'><strong>non</strong></span> <span class='ocrx_word' id='word_1_111' title='bbox 718 1772 975 1829; x_wconf 83' lang='lat' dir='ltr'><strong>mediocri</strong></span> <span class='ocrx_word' id='word_1_112' title='bbox 1021 1785 1118 1826; x_wconf 92' lang='lat' dir='ltr'><strong>nos</strong></span> <span class='ocrx_word' id='word_1_113' title='bbox 1146 1769 1288 1826; x_wconf 84' lang='lat' dir='ltr'><strong>afﬁci</strong></span> <span class='ocrx_word' id='word_1_114' title='bbox 1321 1769 1597 1840; x_wconf 81' lang='lat' dir='ltr'><strong>voluptate</strong></span> <span class='ocrx_word' id='word_1_115' title='bbox 1621 1810 1637 1837; x_wconf 93' lang='lat'><strong>,</strong></span> <span class='ocrx_word' id='word_1_116' title='bbox 1668 1783 1794 1823; x_wconf 92' lang='lat' dir='ltr'><strong>cum</strong></span> 
     </span>
    </p>
   </div>
   <div class='ocr_carea' id='block_1_16' title="bbox 183 1860 1796 1948">
    <p class='ocr_par' dir='ltr' id='par_1_16' title="bbox 183 1860 1796 1948">
     <span class='ocr_line' id='line_1_16' title="bbox 183 1860 1796 1948; baseline -0.006 -21"><span class='ocrx_word' id='word_1_117' title='bbox 183 1871 272 1928; x_wconf 88' lang='lat' dir='ltr'><strong>vel</strong></span> <span class='ocrx_word' id='word_1_118' title='bbox 301 1871 357 1926; x_wconf 92' lang='lat' dir='ltr'><strong>in</strong></span> <span class='ocrx_word' id='word_1_119' title='bbox 383 1870 484 1925; x_wconf 91' lang='lat' dir='ltr'><strong>hac</strong></span> <span class='ocrx_word' id='word_1_120' title='bbox 506 1866 794 1924; x_wconf 83' lang='lat' dir='ltr'><strong>solitudine</strong></span> <span class='ocrx_word' id='word_1_121' title='bbox 819 1865 1075 1935; x_wconf 88' lang='lat' dir='ltr'><strong>degentes</strong></span> <span class='ocrx_word' id='word_1_122' title='bbox 1111 1861 1417 1948; x_wconf 81' lang='lat' dir='ltr'><strong>frequenter</strong></span> <span class='ocrx_word' id='word_1_123' title='bbox 1449 1860 1700 1917; x_wconf 89' lang='lat' dir='ltr'><strong>audimus</strong></span> <span class='ocrx_word' id='word_1_124' title='bbox 1727 1877 1796 1917; x_wconf 87' lang='lat' dir='ltr'><strong>ex</strong></span> 
     </span>
    </p>
   </div>
   <div class='ocr_carea' id='block_1_17' title="bbox 185 1954 1799 2028">
    <p class='ocr_par' dir='ltr' id='par_1_17' title="bbox 185 1954 1799 2028">
     <span class='ocr_line' id='line_1_17' title="bbox 185 1954 1799 2028; baseline -0.005 -9"><span class='ocrx_word' id='word_1_125' title='bbox 185 1962 354 2019; x_wconf 86' lang='lat' dir='ltr'><strong>animi</strong></span> <span class='ocrx_word' id='word_1_126' title='bbox 406 1961 482 2016; x_wconf 91' lang='lat' dir='ltr'><strong>tui</strong></span> <span class='ocrx_word' id='word_1_127' title='bbox 526 1959 794 2016; x_wconf 83' lang='lat' dir='ltr'><strong>sententia</strong></span> <span class='ocrx_word' id='word_1_128' title='bbox 838 1972 928 2014; x_wconf 89' lang='lat' dir='ltr'><strong>res</strong></span> <span class='ocrx_word' id='word_1_129' title='bbox 971 1956 1064 2012; x_wconf 90' lang='lat' dir='ltr'><strong>tibi</strong></span> <span class='ocrx_word' id='word_1_130' title='bbox 1103 1954 1417 2012; x_wconf 85' lang='lat' dir='ltr'><strong>succedere.</strong></span> <span class='ocrx_word' id='word_1_131' title='bbox 1459 1954 1588 2012; x_wconf 69' lang='lat' dir='ltr'><strong>Haec</strong></span> <span class='ocrx_word' id='word_1_132' title='bbox 1634 1955 1799 2028; x_wconf 88' lang='lat' dir='ltr'><strong>igitur</strong></span> 
     </span>
    </p>
   </div>
   <div class='ocr_carea' id='block_1_18' title="bbox 188 2047 1794 2120">
    <p class='ocr_par' dir='ltr' id='par_1_18' title="bbox 188 2047 1794 2120">
     <span class='ocr_line' id='line_1_18' title="bbox 188 2047 1794 2120; baseline -0.004 -9"><span class='ocrx_word' id='word_1_133' title='bbox 188 2055 350 2111; x_wconf 89' lang='lat' dir='ltr'><strong>nobis</strong></span> <span class='ocrx_word' id='word_1_134' title='bbox 378 2051 592 2110; x_wconf 81' lang='lat' dir='ltr'><strong>asitidue</strong></span> <span class='ocrx_word' id='word_1_135' title='bbox 620 2049 800 2108; x_wconf 86' lang='lat' dir='ltr'><strong>scribe</strong></span> <span class='ocrx_word' id='word_1_136' title='bbox 824 2092 840 2117; x_wconf 92' lang='lat'><strong>,</strong></span> <span class='ocrx_word' id='word_1_137' title='bbox 871 2064 1043 2120; x_wconf 89' lang='lat' dir='ltr'><strong>neque</strong></span> <span class='ocrx_word' id='word_1_138' title='bbox 1081 2047 1293 2104; x_wconf 81' lang='lat' dir='ltr'><strong>felicem</strong></span> <span class='ocrx_word' id='word_1_139' title='bbox 1322 2047 1392 2103; x_wconf 91' lang='lat' dir='ltr'><strong>de</strong></span> <span class='ocrx_word' id='word_1_140' title='bbox 1423 2055 1510 2102; x_wconf 90' lang='lat' dir='ltr'><strong>tua</strong></span> <span class='ocrx_word' id='word_1_141' title='bbox 1539 2061 1794 2118; x_wconf 89' lang='lat' dir='ltr'><strong>prospera</strong></span> 
     </span>
    </p>
   </div>
   <div class='ocr_carea' id='block_1_19' title="bbox 183 2141 1794 2209">
    <p class='ocr_par' dir='ltr' id='par_1_19' title="bbox 183 2141 1794 2209">
     <span class='ocr_line' id='line_1_19' title="bbox 183 2141 1794 2209; baseline -0.005 -4"><span class='ocrx_word' id='word_1_142' title='bbox 183 2147 498 2205; x_wconf 78' lang='lat' dir='ltr'><strong>valetudine</strong></span> <span class='ocrx_word' id='word_1_143' title='bbox 521 2146 764 2202; x_wconf 90' lang='lat' dir='ltr'><strong>nuntium</strong></span> <span class='ocrx_word' id='word_1_144' title='bbox 795 2146 1007 2200; x_wconf 90' lang='lat' dir='ltr'><strong>mittere</strong></span> <span class='ocrx_word' id='word_1_145' title='bbox 1035 2142 1240 2209; x_wconf 85' lang='lat' dir='ltr'><strong>desine,</strong></span> <span class='ocrx_word' id='word_1_146' title='bbox 1266 2149 1326 2196; x_wconf 91' lang='lat' dir='ltr'><strong>ut</strong></span> <span class='ocrx_word' id='word_1_147' title='bbox 1347 2141 1506 2197; x_wconf 92' lang='lat' dir='ltr'><strong>etiam</strong></span> <span class='ocrx_word' id='word_1_148' title='bbox 1525 2142 1589 2201; x_wconf 78' lang='lat' dir='ltr'><strong>in</strong></span> <span class='ocrx_word' id='word_1_149' title='bbox 1609 2141 1794 2197; x_wconf 84' lang='lat' dir='ltr'><strong>solitu-</strong></span> 
     </span>
    </p>
   </div>
   <div class='ocr_carea' id='block_1_20' title="bbox 185 2233 1789 2312">
    <p class='ocr_par' dir='ltr' id='par_1_20' title="bbox 185 2233 1789 2312">
     <span class='ocr_line' id='line_1_20' title="bbox 185 2233 1789 2312; baseline -0.008 -13"><span class='ocrx_word' id='word_1_150' title='bbox 185 2242 316 2299; x_wconf 90' lang='lat' dir='ltr'><strong>dine</strong></span> <span class='ocrx_word' id='word_1_151' title='bbox 331 2241 586 2312; x_wconf 84' lang='lat' dir='ltr'><strong>degentes</strong></span> <span class='ocrx_word' id='word_1_152' title='bbox 605 2239 827 2294; x_wconf 91' lang='lat' dir='ltr'><strong>multam</strong></span> <span class='ocrx_word' id='word_1_153' title='bbox 854 2236 978 2292; x_wconf 91' lang='lat' dir='ltr'><strong>inde</strong></span> <span class='ocrx_word' id='word_1_154' title='bbox 996 2233 1420 2292; x_wconf 87' lang='lat' dir='ltr'><strong>consolationem</strong></span> <span class='ocrx_word' id='word_1_155' title='bbox 1460 2233 1789 2288; x_wconf 84' lang='lat' dir='ltr'><strong>hauriamus.</strong></span> 
     </span>
    </p>
   </div>
   <div class='ocr_carea' id='block_1_21' title="bbox 421 2367 1578 2446">
    <p class='ocr_par' dir='ltr' id='par_1_21' title="bbox 421 2367 1578 2446">
     <span class='ocr_line' id='line_1_21' title="bbox 421 2367 1578 2446; baseline -0.008 -12"><span class='ocrx_word' id='word_1_156' title='bbox 421 2373 728 2434; x_wconf 76' lang='lat' dir='ltr'><strong>CLXXIX.</strong></span> <span class='ocrx_word' id='word_1_157' title='bbox 754 2373 971 2429; x_wconf 78' lang='lat' dir='ltr'><strong>Adolite.</strong></span> <span class='ocrx_word' id='word_1_158' title='bbox 1002 2371 1236 2446; x_wconf 91' lang='lat' dir='ltr'><strong>(Cucuso</strong></span> <span class='ocrx_word' id='word_1_159' title='bbox 1256 2384 1400 2426; x_wconf 91' lang='lat' dir='ltr'><strong>anno</strong></span> <span class='ocrx_word' id='word_1_160' title='bbox 1425 2367 1578 2443; x_wconf 66' lang='lat'><strong>405.)</strong></span> 
     </span>
    </p>
   </div>
   <div class='ocr_carea' id='block_1_22' title="bbox 260 2501 1791 2577">
    <p class='ocr_par' dir='ltr' id='par_1_22' title="bbox 260 2501 1791 2577">
     <span class='ocr_line' id='line_1_22' title="bbox 260 2501 1791 2577; baseline -0.005 -13"><span class='ocrx_word' id='word_1_161' title='bbox 260 2507 490 2564; x_wconf 78' lang='lat' dir='ltr'><strong>Difficile</strong></span> <span class='ocrx_word' id='word_1_162' title='bbox 541 2505 770 2563; x_wconf 83' lang='lat' dir='ltr'><strong>fortasse</strong></span> <span class='ocrx_word' id='word_1_163' title='bbox 817 2514 1038 2577; x_wconf 86' lang='lat' dir='ltr'><strong>propter</strong></span> <span class='ocrx_word' id='word_1_164' title='bbox 1077 2503 1323 2574; x_wconf 90' lang='lat' dir='ltr'><strong>corporis</strong></span> <span class='ocrx_word' id='word_1_165' title='bbox 1369 2501 1791 2558; x_wconf 87' lang='lat' dir='ltr'><strong>imbecillitatem</strong></span> 
     </span>
    </p>
   </div>
   <div class='ocr_carea' id='block_1_23' title="bbox 187 2591 1794 2668">
    <p class='ocr_par' dir='ltr' id='par_1_23' title="bbox 187 2591 1794 2668">
     <span class='ocr_line' id='line_1_23' title="bbox 187 2591 1794 2668; baseline -0.006 -10"><span class='ocrx_word' id='word_1_166' title='bbox 187 2602 403 2668; x_wconf 84' lang='lat' dir='ltr'><strong>fuisset,</strong></span> <span class='ocrx_word' id='word_1_167' title='bbox 435 2609 490 2654; x_wconf 89' lang='lat' dir='ltr'><strong>ut</strong></span> <span class='ocrx_word' id='word_1_168' title='bbox 535 2597 639 2654; x_wconf 91' lang='lat' dir='ltr'><strong>huc</strong></span> <span class='ocrx_word' id='word_1_169' title='bbox 682 2596 934 2653; x_wconf 77' lang='lat' dir='ltr'><strong>venires:</strong></span> <span class='ocrx_word' id='word_1_170' title='bbox 970 2595 1102 2650; x_wconf 89' lang='lat' dir='ltr'><strong>nihil</strong></span> <span class='ocrx_word' id='word_1_171' title='bbox 1137 2595 1338 2666; x_wconf 87' lang='lat' dir='ltr'><strong>quippe</strong></span> <span class='ocrx_word' id='word_1_172' title='bbox 1382 2591 1530 2648; x_wconf 88' lang='lat' dir='ltr'><strong>aliud</strong></span> <span class='ocrx_word' id='word_1_173' title='bbox 1569 2592 1794 2649; x_wconf 85' lang='lat' dir='ltr'><strong>subesse</strong></span> 
     </span>
    </p>
   </div>
   <div class='ocr_carea' id='block_1_24' title="bbox 186 2686 1792 2766">
    <p class='ocr_par' dir='ltr' id='par_1_24' title="bbox 186 2686 1792 2766">
     <span class='ocr_line' id='line_1_24' title="bbox 186 2686 1792 2766; baseline -0.006 -17"><span class='ocrx_word' id='word_1_174' title='bbox 186 2694 368 2766; x_wconf 90' lang='lat' dir='ltr'><strong>potuit</strong></span> <span class='ocrx_word' id='word_1_175' title='bbox 396 2689 786 2763; x_wconf 88' lang='lat' dir='ltr'><strong>impedimenti,</strong></span> <span class='ocrx_word' id='word_1_176' title='bbox 818 2704 940 2744; x_wconf 91' lang='lat' dir='ltr'><strong>cum</strong></span> <span class='ocrx_word' id='word_1_177' title='bbox 970 2703 1003 2744; x_wconf 92' lang='lat' dir='ltr'><strong>a</strong></span> <span class='ocrx_word' id='word_1_178' title='bbox 1032 2687 1332 2743; x_wconf 82' lang='lat' dir='ltr'><strong>latronibus</strong></span> <span class='ocrx_word' id='word_1_179' title='bbox 1376 2688 1598 2742; x_wconf 93' lang='lat' dir='ltr'><strong>omnino</strong></span> <span class='ocrx_word' id='word_1_180' title='bbox 1627 2686 1792 2757; x_wconf 88' lang='lat' dir='ltr'><strong>quieti</strong></span> 
     </span>
    </p>
   </div>
   <div class='ocr_carea' id='block_1_25' title="bbox 187 2779 1793 2855">
    <p class='ocr_par' dir='ltr' id='par_1_25' title="bbox 187 2779 1793 2855">
     <span class='ocr_line' id='line_1_25' title="bbox 187 2779 1793 2855; baseline -0.007 -11"><span class='ocrx_word' id='word_1_181' title='bbox 187 2789 391 2854; x_wconf 83' lang='lat' dir='ltr'><strong>simus;</strong></span> <span class='ocrx_word' id='word_1_182' title='bbox 437 2784 533 2843; x_wconf 88' lang='lat' dir='ltr'><strong>sed</strong></span> <span class='ocrx_word' id='word_1_183' title='bbox 579 2783 708 2855; x_wconf 91' lang='lat' dir='ltr'><strong>quid</strong></span> <span class='ocrx_word' id='word_1_184' title='bbox 750 2783 955 2839; x_wconf 87' lang='lat' dir='ltr'><strong>laboris</strong></span> <span class='ocrx_word' id='word_1_185' title='bbox 996 2790 1081 2838; x_wconf 89' lang='lat' dir='ltr'><strong>est</strong></span> <span class='ocrx_word' id='word_1_186' title='bbox 1133 2781 1188 2837; x_wconf 91' lang='lat' dir='ltr'><strong>in</strong></span> <span class='ocrx_word' id='word_1_187' title='bbox 1243 2780 1574 2837; x_wconf 86' lang='lat' dir='ltr'><strong>scribendo?</strong></span> <span class='ocrx_word' id='word_1_188' title='bbox 1607 2779 1793 2851; x_wconf 87' lang='lat' dir='ltr'><strong>Neque</strong></span> 
     </span>
    </p>
   </div>
   <div class='ocr_carea' id='block_1_26' title="bbox 187 2875 1789 2947">
    <p class='ocr_par' dir='ltr' id='par_1_26' title="bbox 187 2875 1789 2947">
     <span class='ocr_line' id='line_1_26' title="bbox 187 2875 1789 2947; baseline -0.006 -10"><span class='ocrx_word' id='word_1_189' title='bbox 187 2881 334 2937; x_wconf 87' lang='lat' dir='ltr'><strong>enim</strong></span> <span class='ocrx_word' id='word_1_190' title='bbox 381 2878 472 2934; x_wconf 85' lang='lat' dir='ltr'><strong>hic</strong></span> <span class='ocrx_word' id='word_1_191' title='bbox 513 2877 581 2933; x_wconf 88' lang='lat' dir='ltr'><strong>ad</strong></span> <span class='ocrx_word' id='word_1_192' title='bbox 625 2878 772 2934; x_wconf 90' lang='lat' dir='ltr'><strong>illam</strong></span> <span class='ocrx_word' id='word_1_193' title='bbox 821 2875 1111 2947; x_wconf 89' lang='lat' dir='ltr'><strong>confugere</strong></span> <span class='ocrx_word' id='word_1_194' title='bbox 1151 2876 1560 2932; x_wconf 80' lang='lat' dir='ltr'><strong>excusationem</strong></span> <span class='ocrx_word' id='word_1_195' title='bbox 1615 2884 1789 2945; x_wconf 88' lang='lat' dir='ltr'><strong>potes.</strong></span> 
     </span>
    </p>
   </div>
   <div class='ocr_carea' id='block_1_27' title="bbox 186 2965 1790 3038">
    <p class='ocr_par' dir='ltr' id='par_1_27' title="bbox 186 2965 1790 3038">
     <span class='ocr_line' id='line_1_27' title="bbox 186 2965 1790 3038; baseline -0.004 -10"><span class='ocrx_word' id='word_1_196' title='bbox 186 2971 318 3028; x_wconf 71' lang='lat' dir='ltr'><strong>Eme</strong></span> <span class='ocrx_word' id='word_1_197' title='bbox 343 2979 524 3027; x_wconf 88' lang='lat' dir='ltr'><strong>autem</strong></span> <span class='ocrx_word' id='word_1_198' title='bbox 552 2984 581 3024; x_wconf 91' lang='lat' dir='ltr'><strong>a</strong></span> <span class='ocrx_word' id='word_1_199' title='bbox 613 2983 702 3025; x_wconf 89' lang='lat' dir='ltr'><strong>me</strong></span> <span class='ocrx_word' id='word_1_200' title='bbox 723 2967 924 3024; x_wconf 90' lang='lat' dir='ltr'><strong>idcirco</strong></span> <span class='ocrx_word' id='word_1_201' title='bbox 940 2967 1211 3030; x_wconf 90' lang='lat' dir='ltr'><strong>dicuntur,</strong></span> <span class='ocrx_word' id='word_1_202' title='bbox 1233 2965 1378 3038; x_wconf 91' lang='lat' dir='ltr'><strong>quod</strong></span> <span class='ocrx_word' id='word_1_203' title='bbox 1399 2981 1521 3022; x_wconf 92' lang='lat' dir='ltr'><strong>cum</strong></span> <span class='ocrx_word' id='word_1_204' title='bbox 1553 2974 1790 3034; x_wconf 88' lang='lat' dir='ltr'><strong>sextam,</strong></span> 
     </span>
    </p>
   </div>
   <div class='ocr_carea' id='block_1_28' title="bbox 187 3059 1789 3134">
    <p class='ocr_par' dir='ltr' id='par_1_28' title="bbox 187 3059 1789 3134">
     <span class='ocr_line' id='line_1_28' title="bbox 187 3059 1789 3134; baseline -0.002 -15"><span class='ocrx_word' id='word_1_205' title='bbox 187 3072 247 3119; x_wconf 88' lang='lat' dir='ltr'><strong>ut</strong></span> <span class='ocrx_word' id='word_1_206' title='bbox 275 3063 529 3134; x_wconf 85' lang='lat' dir='ltr'><strong>equidem</strong></span> <span class='ocrx_word' id='word_1_207' title='bbox 558 3061 826 3127; x_wconf 86' lang='lat' dir='ltr'><strong>arbitror,</strong></span> <span class='ocrx_word' id='word_1_208' title='bbox 849 3059 916 3115; x_wconf 90' lang='lat' dir='ltr'><strong>ad</strong></span> <span class='ocrx_word' id='word_1_209' title='bbox 958 3070 1010 3117; x_wconf 88' lang='lat' dir='ltr'><strong>te</strong></span> <span class='ocrx_word' id='word_1_210' title='bbox 1037 3059 1278 3116; x_wconf 86' lang='lat' dir='ltr'><strong>miserim</strong></span> <span class='ocrx_word' id='word_1_211' title='bbox 1307 3059 1444 3115; x_wconf 88' lang='lat' dir='ltr'><strong>hanc</strong></span> <span class='ocrx_word' id='word_1_212' title='bbox 1468 3060 1753 3131; x_wconf 88' lang='lat' dir='ltr'><strong>epistolam</strong></span> <span class='ocrx_word' id='word_1_213' title='bbox 1771 3099 1789 3126; x_wconf 88' lang='lat'><strong>,</strong></span> 
     </span>
    </p>
   </div>
   <div class='ocr_carea' id='block_1_29' title="bbox 185 3153 1792 3225">
    <p class='ocr_par' dir='ltr' id='par_1_29' title="bbox 185 3153 1792 3225">
     <span class='ocr_line' id='line_1_29' title="bbox 185 3153 1792 3225; baseline -0.002 -13"><span class='ocrx_word' id='word_1_214' title='bbox 185 3155 321 3212; x_wconf 89' lang='lat' dir='ltr'><strong>duas</strong></span> <span class='ocrx_word' id='word_1_215' title='bbox 349 3162 556 3210; x_wconf 91' lang='lat' dir='ltr'><strong>tantum</strong></span> <span class='ocrx_word' id='word_1_216' title='bbox 583 3169 612 3207; x_wconf 87' lang='lat' dir='ltr'><strong>a</strong></span> <span class='ocrx_word' id='word_1_217' title='bbox 636 3153 916 3210; x_wconf 87' lang='lat' dir='ltr'><strong>nobilitate</strong></span> <span class='ocrx_word' id='word_1_218' title='bbox 937 3163 1028 3210; x_wconf 90' lang='lat' dir='ltr'><strong>tua</strong></span> <span class='ocrx_word' id='word_1_219' title='bbox 1057 3155 1379 3225; x_wconf 90' lang='lat' dir='ltr'><strong>receperim.</strong></span> <span class='ocrx_word' id='word_1_220' title='bbox 1407 3153 1792 3210; x_wconf 77' lang='lat' dir='ltr'><strong>Verumtamen</strong></span> 
     </span>
    </p>
   </div>
   <div class='ocr_carea' id='block_1_30' title="bbox 183 3246 1793 3318">
    <p class='ocr_par' dir='ltr' id='par_1_30' title="bbox 183 3246 1793 3318">
     <span class='ocr_line' id='line_1_30' title="bbox 183 3246 1793 3318; baseline -0.003 -13"><span class='ocrx_word' id='word_1_221' title='bbox 183 3248 302 3305; x_wconf 90' lang='lat' dir='ltr'><strong>sive</strong></span> <span class='ocrx_word' id='word_1_222' title='bbox 339 3246 569 3314; x_wconf 85' lang='lat' dir='ltr'><strong>scribas,</strong></span> <span class='ocrx_word' id='word_1_223' title='bbox 611 3248 723 3302; x_wconf 86' lang='lat' dir='ltr'><strong>sive</strong></span> <span class='ocrx_word' id='word_1_224' title='bbox 749 3254 952 3312; x_wconf 86' lang='lat' dir='ltr'><strong>taceas,</strong></span> <span class='ocrx_word' id='word_1_225' title='bbox 979 3261 1100 3318; x_wconf 74' lang='lat' dir='ltr'><strong>qua:</strong></span> <span class='ocrx_word' id='word_1_226' title='bbox 1143 3254 1450 3302; x_wconf 90' lang='lat' dir='ltr'><strong>nostrarum</strong></span> <span class='ocrx_word' id='word_1_227' title='bbox 1499 3254 1627 3301; x_wconf 91' lang='lat' dir='ltr'><strong>sunt</strong></span> <span class='ocrx_word' id='word_1_228' title='bbox 1669 3261 1793 3316; x_wconf 87' lang='lat' dir='ltr'><strong>par-</strong></span> 
     </span>
    </p>
   </div>
   <div class='ocr_carea' id='block_1_31' title="bbox 188 3338 1793 3411">
    <p class='ocr_par' dir='ltr' id='par_1_31' title="bbox 188 3338 1793 3411">
     <span class='ocr_line' id='line_1_31' title="bbox 188 3338 1793 3411; baseline 0.001 -15"><span class='ocrx_word' id='word_1_229' title='bbox 188 3340 325 3396; x_wconf 92' lang='lat' dir='ltr'><strong>tium</strong></span> <span class='ocrx_word' id='word_1_230' title='bbox 349 3383 365 3407; x_wconf 95' lang='lat'><strong>,</strong></span> <span class='ocrx_word' id='word_1_231' title='bbox 416 3347 676 3411; x_wconf 71' lang='lat' dir='ltr'><strong>praestare</strong></span> <span class='ocrx_word' id='word_1_232' title='bbox 717 3353 831 3394; x_wconf 88' lang='lat' dir='ltr'><strong>non</strong></span> <span class='ocrx_word' id='word_1_233' title='bbox 871 3338 1202 3395; x_wconf 89' lang='lat' dir='ltr'><strong>desinemus.</strong></span> <span class='ocrx_word' id='word_1_234' title='bbox 1250 3338 1366 3394; x_wconf 88' lang='lat' dir='ltr'><strong>Non</strong></span> <span class='ocrx_word' id='word_1_235' title='bbox 1408 3339 1552 3395; x_wconf 91' lang='lat' dir='ltr'><strong>enim</strong></span> <span class='ocrx_word' id='word_1_236' title='bbox 1593 3340 1793 3398; x_wconf 86' lang='lat' dir='ltr'><strong>veteris</strong></span> 
     </span>
    </p>
   </div>
   <div class='ocr_carea' id='block_1_32' title="bbox 183 3424 1793 3504">
    <p class='ocr_par' dir='ltr' id='par_1_32' title="bbox 183 3424 1793 3504">
     <span class='ocr_line' id='line_1_32' title="bbox 183 3424 1793 3504; baseline -0.002 -12"><span class='ocrx_word' id='word_1_237' title='bbox 183 3424 333 3492; x_wconf 84' lang='lat' dir='ltr'><strong>illius</strong></span> <span class='ocrx_word' id='word_1_238' title='bbox 347 3449 410 3491; x_wconf 86' lang='lat' dir='ltr'><strong>ac</strong></span> <span class='ocrx_word' id='word_1_239' title='bbox 433 3435 658 3491; x_wconf 70' lang='lat' dir='ltr'><strong>sincerae</strong></span> <span class='ocrx_word' id='word_1_240' title='bbox 687 3434 982 3504; x_wconf 89' lang='lat' dir='ltr'><strong>poterimus</strong></span> <span class='ocrx_word' id='word_1_241' title='bbox 996 3432 1246 3489; x_wconf 75' lang='lat' dir='ltr'><strong>amicitia:</strong></span> <span class='ocrx_word' id='word_1_242' title='bbox 1273 3441 1378 3489; x_wconf 71' lang='lat' dir='ltr'><strong>tute</strong></span> <span class='ocrx_word' id='word_1_243' title='bbox 1402 3433 1668 3499; x_wconf 80' lang='lat' dir='ltr'><strong>oblivisci,</strong></span> <span class='ocrx_word' id='word_1_244' title='bbox 1689 3431 1793 3489; x_wconf 79' lang='lat' dir='ltr'><strong>sed</strong></span> 
     </span>
    </p>
   </div>
   <div class='ocr_carea' id='block_1_33' title="bbox 185 3523 1794 3600">
    <p class='ocr_par' dir='ltr' id='par_1_33' title="bbox 185 3523 1794 3600">
     <span class='ocr_line' id='line_1_33' title="bbox 185 3523 1794 3600; baseline -0.001 -18"><span class='ocrx_word' id='word_1_245' title='bbox 185 3527 462 3600; x_wconf 79' lang='lat' dir='ltr'><strong>vigentem</strong></span> <span class='ocrx_word' id='word_1_246' title='bbox 514 3526 659 3581; x_wconf 82' lang='lat' dir='ltr'><strong>illam</strong></span> <span class='ocrx_word' id='word_1_247' title='bbox 699 3535 961 3596; x_wconf 87' lang='lat' dir='ltr'><strong>perpetuo</strong></span> <span class='ocrx_word' id='word_1_248' title='bbox 989 3527 1320 3591; x_wconf 88' lang='lat' dir='ltr'><strong>retinemus,</strong></span> <span class='ocrx_word' id='word_1_249' title='bbox 1369 3535 1425 3582; x_wconf 90' lang='lat' dir='ltr'><strong>et</strong></span> <span class='ocrx_word' id='word_1_250' title='bbox 1467 3526 1678 3596; x_wconf 87' lang='lat' dir='ltr'><strong>quoties</strong></span> <span class='ocrx_word' id='word_1_251' title='bbox 1714 3523 1794 3581; x_wconf 92' lang='lat' dir='ltr'><strong>fa-</strong></span> 
     </span>
    </p>
   </div>
   <div class='ocr_carea' id='block_1_34' title="bbox 184 3616 1790 3684">
    <p class='ocr_par' dir='ltr' id='par_1_34' title="bbox 184 3616 1790 3684">
     <span class='ocr_line' id='line_1_34' title="bbox 184 3616 1790 3684; baseline -0.002 -7"><span class='ocrx_word' id='word_1_252' title='bbox 184 3620 364 3678; x_wconf 89' lang='lat' dir='ltr'><strong>cultas</strong></span> <span class='ocrx_word' id='word_1_253' title='bbox 393 3617 552 3672; x_wconf 90' lang='lat' dir='ltr'><strong>datur</strong></span> <span class='ocrx_word' id='word_1_254' title='bbox 571 3658 587 3683; x_wconf 97' lang='lat'><strong>,</strong></span> <span class='ocrx_word' id='word_1_255' title='bbox 617 3616 924 3672; x_wconf 88' lang='lat' dir='ltr'><strong>scribimus.</strong></span> <span class='ocrx_word' id='word_1_256' title='bbox 952 3616 1218 3684; x_wconf 88' lang='lat' dir='ltr'><strong>Quoniam</strong></span> <span class='ocrx_word' id='word_1_257' title='bbox 1250 3625 1430 3673; x_wconf 89' lang='lat' dir='ltr'><strong>autem</strong></span> <span class='ocrx_word' id='word_1_258' title='bbox 1476 3617 1545 3673; x_wconf 89' lang='lat' dir='ltr'><strong>de</strong></span> <span class='ocrx_word' id='word_1_259' title='bbox 1569 3617 1676 3673; x_wconf 86' lang='lat' dir='ltr'><strong>tuis</strong></span> <span class='ocrx_word' id='word_1_260' title='bbox 1702 3633 1790 3673; x_wconf 86' lang='lat' dir='ltr'><strong>re-</strong></span> 
     </span>
    </p>
   </div>
   <div class='ocr_carea' id='block_1_35' title="bbox 184 3710 1794 3782">
    <p class='ocr_par' dir='ltr' id='par_1_35' title="bbox 184 3710 1794 3782">
     <span class='ocr_line' id='line_1_35' title="bbox 184 3710 1794 3782; baseline -0.003 -10"><span class='ocrx_word' id='word_1_261' title='bbox 184 3715 288 3772; x_wconf 85' lang='lat' dir='ltr'><strong>bus</strong></span> <span class='ocrx_word' id='word_1_262' title='bbox 314 3713 470 3768; x_wconf 88' lang='lat' dir='ltr'><strong>valde</strong></span> <span class='ocrx_word' id='word_1_263' title='bbox 491 3711 706 3767; x_wconf 91' lang='lat' dir='ltr'><strong>solliciti</strong></span> <span class='ocrx_word' id='word_1_264' title='bbox 734 3725 943 3777; x_wconf 90' lang='lat' dir='ltr'><strong>sumus,</strong></span> <span class='ocrx_word' id='word_1_265' title='bbox 971 3710 1157 3766; x_wconf 84' lang='lat' dir='ltr'><strong>literas</strong></span> <span class='ocrx_word' id='word_1_266' title='bbox 1177 3725 1393 3782; x_wconf 88' lang='lat' dir='ltr'><strong>quoque</strong></span> <span class='ocrx_word' id='word_1_267' title='bbox 1419 3726 1448 3765; x_wconf 91' lang='lat' dir='ltr'><strong>a</strong></span> <span class='ocrx_word' id='word_1_268' title='bbox 1477 3720 1527 3768; x_wconf 92' lang='lat' dir='ltr'><strong>te</strong></span> <span class='ocrx_word' id='word_1_269' title='bbox 1548 3712 1794 3782; x_wconf 89' lang='lat' dir='ltr'><strong>accipere</strong></span> 
     </span>
    </p>
   </div>
   <div class='ocr_carea' id='block_1_36' title="bbox 185 3801 1792 3875">
    <p class='ocr_par' dir='ltr' id='par_1_36' title="bbox 185 3801 1792 3875">
     <span class='ocr_line' id='line_1_36' title="bbox 185 3801 1792 3875; baseline -0.002 -13"><span class='ocrx_word' id='word_1_270' title='bbox 185 3818 537 3875; x_wconf 84' lang='lat' dir='ltr'><strong>summopere</strong></span> <span class='ocrx_word' id='word_1_271' title='bbox 578 3801 989 3866; x_wconf 88' lang='lat' dir='ltr'><strong>desideramus,</strong></span> <span class='ocrx_word' id='word_1_272' title='bbox 1022 3817 1142 3872; x_wconf 66' lang='lat' dir='ltr'><strong>quae</strong></span> <span class='ocrx_word' id='word_1_273' title='bbox 1185 3802 1393 3858; x_wconf 88' lang='lat' dir='ltr'><strong>felicem</strong></span> <span class='ocrx_word' id='word_1_274' title='bbox 1419 3802 1489 3860; x_wconf 90' lang='lat' dir='ltr'><strong>de</strong></span> <span class='ocrx_word' id='word_1_275' title='bbox 1528 3813 1616 3858; x_wconf 90' lang='lat' dir='ltr'><strong>tua</strong></span> <span class='ocrx_word' id='word_1_276' title='bbox 1646 3805 1792 3860; x_wconf 87' lang='lat' dir='ltr'><strong>vale-</strong></span> 
     </span>
    </p>
   </div>
   <div class='ocr_carea' id='block_1_37' title="bbox 185 3894 1794 3966">
    <p class='ocr_par' dir='ltr' id='par_1_37' title="bbox 185 3894 1794 3966">
     <span class='ocr_line' id='line_1_37' title="bbox 185 3894 1794 3966; baseline -0.002 -12"><span class='ocrx_word' id='word_1_277' title='bbox 185 3897 378 3954; x_wconf 89' lang='lat' dir='ltr'><strong>tudine</strong></span> <span class='ocrx_word' id='word_1_278' title='bbox 421 3896 667 3951; x_wconf 91' lang='lat' dir='ltr'><strong>nuntium</strong></span> <span class='ocrx_word' id='word_1_279' title='bbox 714 3895 906 3950; x_wconf 89' lang='lat' dir='ltr'><strong>ferant.</strong></span> <span class='ocrx_word' id='word_1_280' title='bbox 953 3894 1076 3950; x_wconf 84' lang='lat' dir='ltr'><strong>Noli</strong></span> <span class='ocrx_word' id='word_1_281' title='bbox 1127 3910 1257 3966; x_wconf 82' lang='lat' dir='ltr'><strong>ergo</strong></span> <span class='ocrx_word' id='word_1_282' title='bbox 1305 3910 1405 3952; x_wconf 87' lang='lat' dir='ltr'><strong>nos</strong></span> <span class='ocrx_word' id='word_1_283' title='bbox 1454 3895 1558 3951; x_wconf 90' lang='lat' dir='ltr'><strong>hoc</strong></span> <span class='ocrx_word' id='word_1_284' title='bbox 1599 3897 1794 3952; x_wconf 89' lang='lat' dir='ltr'><strong>solatio</strong></span> 
     </span>
    </p>
   </div>
   <div class='ocr_carea' id='block_1_38' title="bbox 184 3986 1793 4060">
    <p class='ocr_par' dir='ltr' id='par_1_38' title="bbox 184 3986 1793 4060">
     <span class='ocr_line' id='line_1_38' title="bbox 184 3986 1793 4060; baseline -0.001 -16"><span class='ocrx_word' id='word_1_285' title='bbox 184 3989 406 4060; x_wconf 89' lang='lat' dir='ltr'><strong>privare</strong></span> <span class='ocrx_word' id='word_1_286' title='bbox 435 3986 566 4043; x_wconf 87' lang='lat' dir='ltr'><strong>:setl</strong></span> <span class='ocrx_word' id='word_1_287' title='bbox 595 4001 718 4041; x_wconf 92' lang='lat' dir='ltr'><strong>cum</strong></span> <span class='ocrx_word' id='word_1_288' title='bbox 751 4000 856 4041; x_wconf 91' lang='lat' dir='ltr'><strong>non</strong></span> <span class='ocrx_word' id='word_1_289' title='bbox 886 3996 938 4042; x_wconf 87' lang='lat' dir='ltr'><strong>te</strong></span> <span class='ocrx_word' id='word_1_290' title='bbox 963 3986 1148 4051; x_wconf 85' lang='lat' dir='ltr'><strong>lateat,</strong></span> <span class='ocrx_word' id='word_1_291' title='bbox 1175 3995 1376 4056; x_wconf 90' lang='lat' dir='ltr'><strong>quanto</strong></span> <span class='ocrx_word' id='word_1_292' title='bbox 1397 4001 1497 4042; x_wconf 90' lang='lat' dir='ltr'><strong>nos</strong></span> <span class='ocrx_word' id='word_1_293' title='bbox 1527 3987 1793 4044; x_wconf 87' lang='lat' dir='ltr'><strong>beneficio</strong></span> 
     </span>
    </p>
   </div>
   <div class='ocr_carea' id='block_1_39' title="bbox 186 4079 1792 4148">
    <p class='ocr_par' dir='ltr' id='par_1_39' title="bbox 186 4079 1792 4148">
     <span class='ocr_line' id='line_1_39' title="bbox 186 4079 1792 4148; baseline 0 -12"><span class='ocrx_word' id='word_1_294' title='bbox 186 4081 285 4136; x_wconf 91' lang='lat' dir='ltr'><strong>tibi</strong></span> <span class='ocrx_word' id='word_1_295' title='bbox 319 4080 623 4146; x_wconf 84' lang='lat' dir='ltr'><strong>devincias,</strong></span> <span class='ocrx_word' id='word_1_296' title='bbox 671 4079 884 4134; x_wconf 87' lang='lat' dir='ltr'><strong>tametsi</strong></span> <span class='ocrx_word' id='word_1_297' title='bbox 925 4079 1255 4135; x_wconf 89' lang='lat' dir='ltr'><strong>laboriosum</strong></span> <span class='ocrx_word' id='word_1_298' title='bbox 1299 4089 1383 4135; x_wconf 89' lang='lat' dir='ltr'><strong>est</strong></span> <span class='ocrx_word' id='word_1_299' title='bbox 1424 4079 1696 4148; x_wconf 87' lang='lat' dir='ltr'><strong>scribere,</strong></span> <span class='ocrx_word' id='word_1_300' title='bbox 1738 4081 1792 4136; x_wconf 91' lang='lat' dir='ltr'><strong>in</strong></span> 
     </span>
    </p>
   </div>
   <div class='ocr_carea' id='block_1_40' title="bbox 185 4171 1794 4245">
    <p class='ocr_par' dir='ltr' id='par_1_40' title="bbox 185 4171 1794 4245">
     <span class='ocr_line' id='line_1_40' title="bbox 185 4171 1794 4245; baseline 0.002 -18"><span class='ocrx_word' id='word_1_301' title='bbox 185 4171 420 4243; x_wconf 85' lang='lat' dir='ltr'><strong>gratiam</strong></span> <span class='ocrx_word' id='word_1_302' title='bbox 452 4171 642 4236; x_wconf 88' lang='lat' dir='ltr'><strong>nostri,</strong></span> <span class='ocrx_word' id='word_1_303' title='bbox 671 4173 761 4243; x_wconf 92' lang='lat' dir='ltr'><strong>qui</strong></span> <span class='ocrx_word' id='word_1_304' title='bbox 795 4181 848 4225; x_wconf 86' lang='lat' dir='ltr'><strong>te</strong></span> <span class='ocrx_word' id='word_1_305' title='bbox 886 4171 1132 4242; x_wconf 88' lang='lat' dir='ltr'><strong>impense</strong></span> <span class='ocrx_word' id='word_1_306' title='bbox 1157 4171 1457 4244; x_wconf 86' lang='lat' dir='ltr'><strong>diligimus,</strong></span> <span class='ocrx_word' id='word_1_307' title='bbox 1491 4173 1635 4229; x_wconf 92' lang='lat' dir='ltr'><strong>hunc</strong></span> <span class='ocrx_word' id='word_1_308' title='bbox 1659 4189 1794 4245; x_wconf 88' lang='lat' dir='ltr'><strong>quo-</strong></span> 
     </span>
    </p>
   </div>
   <div class='ocr_carea' id='block_1_41' title="bbox 185 4262 1792 4336">
    <p class='ocr_par' dir='ltr' id='par_1_41' title="bbox 185 4262 1792 4336">
     <span class='ocr_line' id='line_1_41' title="bbox 185 4262 1792 4336; baseline 0.002 -17"><span class='ocrx_word' id='word_1_309' title='bbox 185 4279 296 4336; x_wconf 90' lang='lat' dir='ltr'><strong>que</strong></span> <span class='ocrx_word' id='word_1_310' title='bbox 329 4263 567 4320; x_wconf 89' lang='lat' dir='ltr'><strong>laborem</strong></span> <span class='ocrx_word' id='word_1_311' title='bbox 594 4265 828 4336; x_wconf 84' lang='lat' dir='ltr'><strong>suscipe,</strong></span> <span class='ocrx_word' id='word_1_312' title='bbox 856 4262 1030 4335; x_wconf 90' lang='lat' dir='ltr'><strong>deque</strong></span> <span class='ocrx_word' id='word_1_313' title='bbox 1060 4271 1148 4320; x_wconf 90' lang='lat' dir='ltr'><strong>tua</strong></span> <span class='ocrx_word' id='word_1_314' title='bbox 1178 4267 1406 4322; x_wconf 87' lang='lat' dir='ltr'><strong>sanitate</strong></span> <span class='ocrx_word' id='word_1_315' title='bbox 1437 4281 1535 4322; x_wconf 88' lang='lat' dir='ltr'><strong>nos</strong></span> <span class='ocrx_word' id='word_1_316' title='bbox 1560 4265 1643 4323; x_wconf 87' lang='lat' dir='ltr'><strong>fac</strong></span> <span class='ocrx_word' id='word_1_317' title='bbox 1669 4282 1792 4324; x_wconf 89' lang='lat' dir='ltr'><strong>cer-</strong></span> 
     </span>
    </p>
   </div>
   <div class='ocr_carea' id='block_1_42' title="bbox 188 4355 1792 4433">
    <p class='ocr_par' dir='ltr' id='par_1_42' title="bbox 188 4355 1792 4433">
     <span class='ocr_line' id='line_1_42' title="bbox 188 4355 1792 4433; baseline 0.004 -22"><span class='ocrx_word' id='word_1_318' title='bbox 188 4358 395 4421; x_wconf 87' lang='lat' dir='ltr'><strong>tiores,</strong></span> <span class='ocrx_word' id='word_1_319' title='bbox 448 4357 536 4426; x_wconf 88' lang='lat' dir='ltr'><strong>qui</strong></span> <span class='ocrx_word' id='word_1_320' title='bbox 587 4355 655 4411; x_wconf 91' lang='lat' dir='ltr'><strong>de</strong></span> <span class='ocrx_word' id='word_1_321' title='bbox 705 4355 797 4412; x_wconf 87' lang='lat' dir='ltr'><strong>illa</strong></span> <span class='ocrx_word' id='word_1_322' title='bbox 840 4355 1080 4427; x_wconf 88' lang='lat' dir='ltr'><strong>quotidie</strong></span> <span class='ocrx_word' id='word_1_323' title='bbox 1131 4357 1402 4431; x_wconf 89' lang='lat' dir='ltr'><strong>quidpiam</strong></span> <span class='ocrx_word' id='word_1_324' title='bbox 1459 4358 1792 4433; x_wconf 88' lang='lat' dir='ltr'><strong>intelligendi</strong></span> 
     </span>
    </p>
   </div>
   <div class='ocr_carea' id='block_1_43' title="bbox 188 4447 994 4505">
    <p class='ocr_par' dir='ltr' id='par_1_43' title="bbox 188 4447 994 4505">
     <span class='ocr_line' id='line_1_43' title="bbox 188 4447 994 4505; baseline -0.001 0"><span class='ocrx_word' id='word_1_325' title='bbox 188 4463 407 4505; x_wconf 89' lang='lat' dir='ltr'><strong>summo</strong></span> <span class='ocrx_word' id='word_1_326' title='bbox 427 4447 701 4504; x_wconf 86' lang='lat' dir='ltr'><strong>desiderio</strong></span> <span class='ocrx_word' id='word_1_327' title='bbox 727 4456 994 4505; x_wconf 88' lang='lat' dir='ltr'><strong>tenemur.</strong></span> 
     </span>
    </p>
   </div>
   <div class='ocr_carea' id='block_1_44' title="bbox 265 4579 1717 4661">
    <p class='ocr_par' dir='ltr' id='par_1_44' title="bbox 265 4579 1717 4661">
     <span class='ocr_line' id='line_1_44' title="bbox 265 4579 1717 4661; baseline 0.003 -23"><span class='ocrx_word' id='word_1_328' title='bbox 265 4580 460 4638; x_wconf 77' lang='lat' dir='ltr'><em>CLXX</em></span> <span class='ocrx_word' id='word_1_329' title='bbox 462 4579 514 4636; x_wconf 79' lang='grc' dir='ltr'><em>Χ</em></span> <span class='ocrx_word' id='word_1_330' title='bbox 521 4621 534 4634; x_wconf 93' lang='grc'><strong>.</strong></span> <span class='ocrx_word' id='word_1_331' title='bbox 560 4581 788 4654; x_wconf 78' lang='lat' dir='ltr'><strong>Hypatio</strong></span> <span class='ocrx_word' id='word_1_332' title='bbox 804 4583 1109 4655; x_wconf 79' lang='lat' dir='ltr'><strong>presbytero.</strong></span> <span class='ocrx_word' id='word_1_333' title='bbox 1135 4582 1366 4657; x_wconf 85' lang='lat' dir='ltr'><strong>(Cucuso</strong></span> <span class='ocrx_word' id='word_1_334' title='bbox 1391 4600 1532 4644; x_wconf 88' lang='lat' dir='ltr'><strong>anno</strong></span> <span class='ocrx_word' id='word_1_335' title='bbox 1565 4587 1717 4661; x_wconf 73' lang='grc'><strong>405.)</strong></span> 
     </span>
    </p>
   </div>
   <div class='ocr_carea' id='block_1_45' title="bbox 264 4715 1787 4795">
    <p class='ocr_par' dir='ltr' id='par_1_45' title="bbox 264 4715 1787 4795">
     <span class='ocr_line' id='line_1_45' title="bbox 264 4715 1787 4795; baseline 0.005 -24"><span class='ocrx_word' id='word_1_336' title='bbox 264 4715 567 4786; x_wconf 80' lang='lat' dir='ltr'><strong>Numquam</strong></span> <span class='ocrx_word' id='word_1_337' title='bbox 598 4724 652 4772; x_wconf 89' lang='lat' dir='ltr'><strong>te</strong></span> <span class='ocrx_word' id='word_1_338' title='bbox 683 4716 896 4771; x_wconf 88' lang='lat' dir='ltr'><strong>beatum</strong></span> <span class='ocrx_word' id='word_1_339' title='bbox 939 4715 1234 4788; x_wconf 72' lang='lat' dir='ltr'><strong>przedicare</strong></span> <span class='ocrx_word' id='word_1_340' title='bbox 1271 4717 1516 4776; x_wconf 88' lang='lat' dir='ltr'><strong>desinam</strong></span> <span class='ocrx_word' id='word_1_341' title='bbox 1536 4762 1552 4786; x_wconf 92' lang='lat'><strong>,</strong></span> <span class='ocrx_word' id='word_1_342' title='bbox 1592 4723 1664 4779; x_wconf 92' lang='lat' dir='ltr'><strong>ob</strong></span> <span class='ocrx_word' id='word_1_343' title='bbox 1690 4739 1787 4795; x_wconf 88' lang='lat' dir='ltr'><strong>pa-</strong></span> 
     </span>
    </p>
   </div>
   <div class='ocr_carea' id='block_1_46' title="bbox 192 4808 1789 4888">
    <p class='ocr_par' dir='ltr' id='par_1_46' title="bbox 192 4808 1789 4888">
     <span class='ocr_line' id='line_1_46' title="bbox 192 4808 1789 4888; baseline 0.006 -25"><span class='ocrx_word' id='word_1_344' title='bbox 192 4809 471 4876; x_wconf 85' lang='lat' dir='ltr'><strong>tientiam,</strong></span> <span class='ocrx_word' id='word_1_345' title='bbox 518 4808 907 4877; x_wconf 88' lang='lat' dir='ltr'><strong>fortitudinem,</strong></span> <span class='ocrx_word' id='word_1_346' title='bbox 953 4809 1292 4867; x_wconf 88' lang='lat' dir='ltr'><strong>tolerantiam</strong></span> <span class='ocrx_word' id='word_1_347' title='bbox 1340 4815 1583 4879; x_wconf 91' lang='lat' dir='ltr'><strong>multam,</strong></span> <span class='ocrx_word' id='word_1_348' title='bbox 1631 4832 1789 4888; x_wconf 92' lang='lat' dir='ltr'><strong>quam</strong></span> 
     </span>
    </p>
   </div>
   <div class='ocr_carea' id='block_1_47' title="bbox 191 4901 1791 4981">
    <p class='ocr_par' dir='ltr' id='par_1_47' title="bbox 191 4901 1791 4981">
     <span class='ocr_line' id='line_1_47' title="bbox 191 4901 1791 4981; baseline 0.005 -23"><span class='ocrx_word' id='word_1_349' title='bbox 191 4901 517 4965; x_wconf 85' lang='lat' dir='ltr'><strong>exhibuisti,</strong></span> <span class='ocrx_word' id='word_1_350' title='bbox 545 4909 602 4958; x_wconf 86' lang='lat' dir='ltr'><strong>et</strong></span> <span class='ocrx_word' id='word_1_351' title='bbox 624 4903 849 4959; x_wconf 81' lang='lat' dir='ltr'><strong>exhibes</strong></span> <span class='ocrx_word' id='word_1_352' title='bbox 876 4903 927 4956; x_wconf 90' lang='lat' dir='ltr'><strong>in</strong></span> <span class='ocrx_word' id='word_1_353' title='bbox 957 4904 1358 4961; x_wconf 88' lang='lat' dir='ltr'><strong>tentationibus.</strong></span> <span class='ocrx_word' id='word_1_354' title='bbox 1389 4907 1625 4978; x_wconf 92' lang='lat' dir='ltr'><strong>ldipsum</strong></span> <span class='ocrx_word' id='word_1_355' title='bbox 1654 4925 1791 4981; x_wconf 86' lang='lat' dir='ltr'><strong>quo-</strong></span> 
     </span>
    </p>
   </div>
   <div class='ocr_carea' id='block_1_48' title="bbox 191 4995 1794 5072">
    <p class='ocr_par' dir='ltr' id='par_1_48' title="bbox 191 4995 1794 5072">
     <span class='ocr_line' id='line_1_48' title="bbox 191 4995 1794 5072; baseline 0.006 -21"><span class='ocrx_word' id='word_1_356' title='bbox 191 5010 300 5066; x_wconf 87' lang='lat' dir='ltr'><strong>que</strong></span> <span class='ocrx_word' id='word_1_357' title='bbox 328 4995 598 5065; x_wconf 88' lang='lat' dir='ltr'><strong>prioribus</strong></span> <span class='ocrx_word' id='word_1_358' title='bbox 624 4997 718 5052; x_wconf 88' lang='lat' dir='ltr'><strong>tibi</strong></span> <span class='ocrx_word' id='word_1_359' title='bbox 746 4997 761 5027; x_wconf 79' lang='grc' dir='ltr'>ί</span> <span class='ocrx_word' id='word_1_360' title='bbox 785 4996 954 5052; x_wconf 89' lang='lat' dir='ltr'><strong>literis</strong></span> <span class='ocrx_word' id='word_1_361' title='bbox 979 4997 1292 5069; x_wconf 83' lang='lat' dir='ltr'><strong>significavi,</strong></span> <span class='ocrx_word' id='word_1_362' title='bbox 1317 5000 1584 5072; x_wconf 89' lang='lat' dir='ltr'><strong>duplicem</strong></span> <span class='ocrx_word' id='word_1_363' title='bbox 1606 5018 1669 5059; x_wconf 87' lang='lat' dir='ltr'><strong>ac</strong></span> <span class='ocrx_word' id='word_1_364' title='bbox 1699 5005 1794 5060; x_wconf 88' lang='lat' dir='ltr'><strong>tri-</strong></span> 
     </span>
    </p>
   </div>
   <div class='ocr_carea' id='block_1_49' title="bbox 196 5087 1792 5168">
    <p class='ocr_par' dir='ltr' id='par_1_49' title="bbox 196 5087 1792 5168">
     <span class='ocr_line' id='line_1_49' title="bbox 196 5087 1792 5168; baseline 0.008 -27"><span class='ocrx_word' id='word_1_365' title='bbox 196 5088 395 5158; x_wconf 81' lang='lat' dir='ltr'><strong>plicem</strong></span> <span class='ocrx_word' id='word_1_366' title='bbox 425 5087 613 5142; x_wconf 83' lang='lat' dir='ltr'><strong>horum</strong></span> <span class='ocrx_word' id='word_1_367' title='bbox 641 5104 803 5145; x_wconf 88' lang='lat' dir='ltr'><strong>causa</strong></span> <span class='ocrx_word' id='word_1_368' title='bbox 840 5099 892 5146; x_wconf 92' lang='lat' dir='ltr'><strong>te</strong></span> <span class='ocrx_word' id='word_1_369' title='bbox 917 5105 1136 5146; x_wconf 89' lang='lat' dir='ltr'><strong>manere</strong></span> <span class='ocrx_word' id='word_1_370' title='bbox 1178 5094 1481 5150; x_wconf 87' lang='lat' dir='ltr'><strong>mercedem</strong></span> <span class='ocrx_word' id='word_1_371' title='bbox 1503 5137 1518 5160; x_wconf 97' lang='lat'><strong>,</strong></span> <span class='ocrx_word' id='word_1_372' title='bbox 1559 5107 1612 5152; x_wconf 91' lang='lat' dir='ltr'><strong>ct</strong></span> <span class='ocrx_word' id='word_1_373' title='bbox 1651 5098 1792 5168; x_wconf 85' lang='lat' dir='ltr'><strong>quod</strong></span> 
     </span>
    </p>
   </div>
   <div class='ocr_carea' id='block_1_50' title="bbox 194 5183 1794 5259">
    <p class='ocr_par' dir='ltr' id='par_1_50' title="bbox 194 5183 1794 5259">
     <span class='ocr_line' id='line_1_50' title="bbox 194 5183 1794 5259; baseline 0.006 -23"><span class='ocrx_word' id='word_1_374' title='bbox 194 5189 401 5236; x_wconf 87' lang='lat' dir='ltr'><strong>tantam</strong></span> <span class='ocrx_word' id='word_1_375' title='bbox 452 5183 805 5236; x_wconf 87' lang='lat' dir='ltr'><strong>constantiam</strong></span> <span class='ocrx_word' id='word_1_376' title='bbox 855 5198 967 5253; x_wconf 82' lang='lat' dir='ltr'><strong>pra:</strong></span> <span class='ocrx_word' id='word_1_377' title='bbox 1021 5194 1073 5239; x_wconf 89' lang='lat' dir='ltr'><strong>te</strong></span> <span class='ocrx_word' id='word_1_378' title='bbox 1121 5183 1293 5254; x_wconf 82' lang='lat' dir='ltr'><strong>feras,</strong></span> <span class='ocrx_word' id='word_1_379' title='bbox 1351 5198 1683 5259; x_wconf 72' lang='lat' dir='ltr'><strong>creterosque</strong></span> <span class='ocrx_word' id='word_1_380' title='bbox 1727 5191 1794 5246; x_wconf 88' lang='lat' dir='ltr'><strong>ad</strong></span> 
     </span>
    </p>
   </div>
   <div class='ocr_carea' id='block_1_51' title="bbox 195 5271 1795 5344">
    <p class='ocr_par' dir='ltr' id='par_1_51' title="bbox 195 5271 1795 5344">
     <span class='ocr_line' id='line_1_51' title="bbox 195 5271 1795 5344; baseline 0.006 -15"><span class='ocrx_word' id='word_1_381' title='bbox 195 5271 447 5329; x_wconf 88' lang='lat' dir='ltr'><strong>eumdem</strong></span> <span class='ocrx_word' id='word_1_382' title='bbox 495 5273 668 5328; x_wconf 83' lang='lat' dir='ltr'><strong>zelum</strong></span> <span class='ocrx_word' id='word_1_383' title='bbox 728 5273 1002 5344; x_wconf 90' lang='lat' dir='ltr'><strong>impcllas,</strong></span> <span class='ocrx_word' id='word_1_384' title='bbox 1046 5274 1175 5329; x_wconf 93' lang='lat' dir='ltr'><strong>dum</strong></span> <span class='ocrx_word' id='word_1_385' title='bbox 1223 5276 1275 5331; x_wconf 92' lang='lat' dir='ltr'><strong>in</strong></span> <span class='ocrx_word' id='word_1_386' title='bbox 1327 5285 1474 5332; x_wconf 88' lang='lat' dir='ltr'><strong>tanta</strong></span> <span class='ocrx_word' id='word_1_387' title='bbox 1515 5290 1795 5338; x_wconf 89' lang='lat' dir='ltr'><strong>senectute</strong></span> 
     </span>
    </p>
   </div>
   <div class='ocr_carea' id='block_1_52' title="bbox 196 5365 1795 5438">
    <p class='ocr_par' dir='ltr' id='par_1_52' title="bbox 196 5365 1795 5438">
     <span class='ocr_line' id='line_1_52' title="bbox 196 5365 1795 5438; baseline 0.006 -18"><span class='ocrx_word' id='word_1_388' title='bbox 196 5374 403 5420; x_wconf 85' lang='lat' dir='ltr'><strong>tantam</strong></span> <span class='ocrx_word' id='word_1_389' title='bbox 431 5379 526 5434; x_wconf 87' lang='lat' dir='ltr'><strong>pro</strong></span> <span class='ocrx_word' id='word_1_390' title='bbox 559 5365 756 5434; x_wconf 85' lang='lat' dir='ltr'><strong>populo</strong></span> <span class='ocrx_word' id='word_1_391' title='bbox 779 5367 1250 5436; x_wconf 85' lang='lat' dir='ltr'><strong>perscquutionem</strong></span> <span class='ocrx_word' id='word_1_392' title='bbox 1279 5383 1439 5438; x_wconf 68' lang='lat' dir='ltr'><strong>pas~o</strong></span> <span class='ocrx_word' id='word_1_393' title='bbox 1464 5369 1795 5428; x_wconf 85' lang='lat' dir='ltr'><strong>alacritatem</strong></span> 
     </span>
    </p>
   </div>
   <div class='ocr_carea' id='block_1_53' title="bbox 197 5455 1794 5528">
    <p class='ocr_par' dir='ltr' id='par_1_53' title="bbox 197 5455 1794 5528">
     <span class='ocr_line' id='line_1_53' title="bbox 197 5455 1794 5528; baseline 0.006 -18"><span class='ocrx_word' id='word_1_394' title='bbox 197 5455 364 5511; x_wconf 91' lang='lat' dir='ltr'><strong>animi</strong></span> <span class='ocrx_word' id='word_1_395' title='bbox 415 5455 656 5511; x_wconf 87' lang='lat' dir='ltr'><strong>exhibes.</strong></span> <span class='ocrx_word' id='word_1_396' title='bbox 710 5457 975 5527; x_wconf 84' lang='lat' dir='ltr'><strong>Cuperem</strong></span> <span class='ocrx_word' id='word_1_397' title='bbox 1031 5458 1279 5528; x_wconf 88' lang='lat' dir='ltr'><strong>equidem</strong></span> <span class='ocrx_word' id='word_1_398' title='bbox 1329 5461 1395 5514; x_wconf 86' lang='lat' dir='ltr'><strong>ad</strong></span> <span class='ocrx_word' id='word_1_399' title='bbox 1440 5466 1794 5520; x_wconf 83' lang='lat' dir='ltr'><strong>reverentiam</strong></span> 
     </span>
    </p>
   </div>
   <div class='ocr_carea' id='block_1_54' title="bbox 202 5548 1794 5626">
    <p class='ocr_par' dir='ltr' id='par_1_54' title="bbox 202 5548 1794 5626">
     <span class='ocr_line' id='line_1_54' title="bbox 202 5548 1794 5626; baseline 0.008 -26"><span class='ocrx_word' id='word_1_400' title='bbox 202 5555 350 5600; x_wconf 87' lang='lat' dir='ltr'><strong>tuam</strong></span> <span class='ocrx_word' id='word_1_401' title='bbox 383 5560 527 5616; x_wconf 63' lang='lat' dir='ltr'><strong>saepe</strong></span> <span class='ocrx_word' id='word_1_402' title='bbox 554 5548 792 5602; x_wconf 87' lang='lat' dir='ltr'><strong>scribere</strong></span> <span class='ocrx_word' id='word_1_403' title='bbox 820 5565 834 5601; x_wconf 88' lang='lat'><strong>:</strong></span> <span class='ocrx_word' id='word_1_404' title='bbox 863 5549 955 5604; x_wconf 88' lang='lat' dir='ltr'><strong>sed</strong></span> <span class='ocrx_word' id='word_1_405' title='bbox 979 5550 1232 5618; x_wconf 88' lang='lat' dir='ltr'><strong>quoniam</strong></span> <span class='ocrx_word' id='word_1_406' title='bbox 1273 5552 1324 5606; x_wconf 90' lang='lat' dir='ltr'><strong>id</strong></span> <span class='ocrx_word' id='word_1_407' title='bbox 1357 5552 1513 5610; x_wconf 89' lang='lat' dir='ltr'><strong>facile</strong></span> <span class='ocrx_word' id='word_1_408' title='bbox 1541 5572 1645 5610; x_wconf 91' lang='lat' dir='ltr'><strong>non</strong></span> <span class='ocrx_word' id='word_1_409' title='bbox 1676 5567 1758 5613; x_wconf 91' lang='lat' dir='ltr'><strong>est</strong></span> <span class='ocrx_word' id='word_1_410' title='bbox 1777 5599 1794 5626; x_wconf 88' lang='lat'><strong>,</strong></span> 
     </span>
    </p>
   </div>
   <div class='ocr_carea' id='block_1_55' title="bbox 201 5639 1796 5718">
    <p class='ocr_par' dir='ltr' id='par_1_55' title="bbox 201 5639 1796 5718">
     <span class='ocr_line' id='line_1_55' title="bbox 201 5639 1796 5718; baseline 0.009 -25"><span class='ocrx_word' id='word_1_411' title='bbox 201 5648 313 5693; x_wconf 92' lang='lat' dir='ltr'><strong>tum</strong></span> <span class='ocrx_word' id='word_1_412' title='bbox 343 5649 560 5709; x_wconf 88' lang='lat' dir='ltr'><strong>propter</strong></span> <span class='ocrx_word' id='word_1_413' title='bbox 595 5639 876 5696; x_wconf 87' lang='lat' dir='ltr'><strong>hibernum</strong></span> <span class='ocrx_word' id='word_1_414' title='bbox 912 5651 1144 5712; x_wconf 92' lang='lat' dir='ltr'><strong>tempus,</strong></span> <span class='ocrx_word' id='word_1_415' title='bbox 1183 5653 1295 5700; x_wconf 92' lang='lat' dir='ltr'><strong>tum</strong></span> <span class='ocrx_word' id='word_1_416' title='bbox 1335 5655 1559 5718; x_wconf 87' lang='lat' dir='ltr'><strong>propter</strong></span> <span class='ocrx_word' id='word_1_417' title='bbox 1595 5659 1796 5708; x_wconf 92' lang='lat' dir='ltr'><strong>metum</strong></span> 
     </span>
    </p>
   </div>
   <div class='ocr_carea' id='block_1_56' title="bbox 199 5728 1797 5814">
    <p class='ocr_par' dir='ltr' id='par_1_56' title="bbox 199 5728 1797 5814">
     <span class='ocr_line' id='line_1_56' title="bbox 199 5728 1797 5814; baseline 0.009 -32"><span class='ocrx_word' id='word_1_418' title='bbox 199 5728 533 5801; x_wconf 77' lang='lat' dir='ltr'><strong>praedonum,</strong></span> <span class='ocrx_word' id='word_1_419' title='bbox 558 5730 766 5802; x_wconf 89' lang='lat' dir='ltr'><strong>locique</strong></span> <span class='ocrx_word' id='word_1_420' title='bbox 793 5732 847 5788; x_wconf 90' lang='lat' dir='ltr'><strong>in</strong></span> <span class='ocrx_word' id='word_1_421' title='bbox 875 5748 985 5804; x_wconf 92' lang='lat' dir='ltr'><strong>quo</strong></span> <span class='ocrx_word' id='word_1_422' title='bbox 1007 5735 1252 5807; x_wconf 89' lang='lat' dir='ltr'><strong>degimus</strong></span> <span class='ocrx_word' id='word_1_423' title='bbox 1276 5738 1642 5809; x_wconf 89' lang='lat' dir='ltr'><strong>solitudinem,</strong></span> <span class='ocrx_word' id='word_1_424' title='bbox 1663 5757 1797 5814; x_wconf 90' lang='lat' dir='ltr'><strong>quo-</strong></span> 
     </span>
    </p>
   </div>
   <div class='ocr_carea' id='block_1_57' title="bbox 275 5841 1791 5917">
    <p class='ocr_par' dir='ltr' id='par_1_57' title="bbox 275 5841 1791 5917">
     <span class='ocr_line' id='line_1_57' title="bbox 275 5841 1791 5917; baseline 0.009 -24"><span class='ocrx_word' id='word_1_425' title='bbox 275 5841 294 5876; x_wconf 78' lang='grc' dir='ltr'>ι</span> <span class='ocrx_word' id='word_1_426' title='bbox 321 5847 396 5894; x_wconf 76' lang='lat' dir='ltr'><strong>sic</strong></span> <span class='ocrx_word' id='word_1_427' title='bbox 417 5855 593 5893; x_wconf 87' lang='lat' dir='ltr'><strong>omnes</strong></span> <span class='ocrx_word' id='word_1_428' title='bbox 612 5842 722 5894; x_wconf 87' lang='lat' dir='ltr'><strong>fere</strong></span> <span class='ocrx_word' id='word_1_429' title='bbox 751 5851 858 5894; x_wconf 74' lang='lat' dir='ltr'><strong>uss.</strong></span> <span class='ocrx_word' id='word_1_430' title='bbox 893 5847 1014 5897; x_wconf 80' lang='lat' dir='ltr'><strong>Edit.</strong></span> <span class='ocrx_word' id='word_1_431' title='bbox 1029 5885 1044 5909; x_wconf 91' lang='lat'><strong>,</strong></span> <span class='ocrx_word' id='word_1_432' title='bbox 1069 5846 1233 5914; x_wconf 83' lang='lat' dir='ltr'><strong>itaque</strong></span> <span class='ocrx_word' id='word_1_433' title='bbox 1253 5848 1498 5917; x_wconf 61' lang='lat' dir='ltr'><strong>primitias</strong></span> <span class='ocrx_word' id='word_1_434' title='bbox 1519 5850 1666 5904; x_wconf 82' lang='lat' dir='ltr'><strong>etiam</strong></span> <span class='ocrx_word' id='word_1_435' title='bbox 1688 5852 1791 5906; x_wconf 84' lang='lat' dir='ltr'><strong>tibi.</strong></span> 
     </span>
    </p>
   </div>
   <div class='ocr_carea' id='block_1_58' title="bbox 517 5937 1121 6006">
    <p class='ocr_par' dir='ltr' id='par_1_58' title="bbox 517 5937 1121 6006">
     <span class='ocr_line' id='line_1_58' title="bbox 517 5937 1121 6006; baseline 0.013 -8"><span class='ocrx_word' id='word_1_436' title='bbox 517 5937 788 5998; x_wconf 69' lang='lat' dir='ltr'><strong>Parnoe.</strong></span> <span class='ocrx_word' id='word_1_437' title='bbox 834 5939 950 6002; x_wconf 83' lang='lat' dir='ltr'><strong>Gn.</strong></span> <span class='ocrx_word' id='word_1_438' title='bbox 997 5941 1121 6006; x_wconf 88' lang='lat' dir='ltr'><strong>LII.</strong></span> 
     </span>
    </p>
   </div>
   <div class='ocr_carea' id='block_1_59' title="bbox 1633 365 2017 426">
    <p class='ocr_par' dir='ltr' id='par_1_59' title="bbox 1633 365 2017 426">
     <span class='ocr_line' id='line_1_59' title="bbox 1633 365 2017 426; baseline -0.008 0"><span class='ocrx_word' id='word_1_439' title='bbox 1633 365 2017 426; x_wconf 68' lang='lat' dir='ltr'><strong>EPISTOLE.</strong></span> 
     </span>
    </p>
   </div>
   <div class='ocr_carea' id='block_1_60' title="bbox 1907 477 3520 561">
    <p class='ocr_par' dir='ltr' id='par_1_60' title="bbox 1907 477 3520 561">
     <span class='ocr_line' id='line_1_60' title="bbox 1907 477 3520 561; baseline 0.003 -24"><span class='ocrx_word' id='word_1_440' title='bbox 1907 480 2009 537; x_wconf 88' lang='lat' dir='ltr'><strong>ties</strong></span> <span class='ocrx_word' id='word_1_441' title='bbox 2038 477 2267 537; x_wconf 79' lang='lat' dir='ltr'><strong>facultas</strong></span> <span class='ocrx_word' id='word_1_442' title='bbox 2292 478 2489 550; x_wconf 86' lang='lat' dir='ltr'><strong>datur,</strong></span> <span class='ocrx_word' id='word_1_443' title='bbox 2522 482 2777 553; x_wconf 88' lang='lat' dir='ltr'><strong>pietatem</strong></span> <span class='ocrx_word' id='word_1_444' title='bbox 2809 493 2956 542; x_wconf 90' lang='lat' dir='ltr'><strong>tuam</strong></span> <span class='ocrx_word' id='word_1_445' title='bbox 2982 487 3279 550; x_wconf 84' lang='lat' dir='ltr'><strong>salutamus</strong></span> <span class='ocrx_word' id='word_1_446' title='bbox 3299 528 3315 553; x_wconf 92' lang='lat'><strong>,</strong></span> <span class='ocrx_word' id='word_1_447' title='bbox 3352 496 3520 561; x_wconf 84' lang='lat' dir='ltr'><strong>utque</strong></span> 
     </span>
    </p>
   </div>
   <div class='ocr_carea' id='block_1_61' title="bbox 1906 573 3519 650">
    <p class='ocr_par' dir='ltr' id='par_1_61' title="bbox 1906 573 3519 650">
     <span class='ocr_line' id='line_1_61' title="bbox 1906 573 3519 650; baseline 0.003 -21"><span class='ocrx_word' id='word_1_448' title='bbox 1906 573 1974 629; x_wconf 89' lang='lat' dir='ltr'><strong>ad</strong></span> <span class='ocrx_word' id='word_1_449' title='bbox 2004 587 2104 629; x_wconf 90' lang='lat' dir='ltr'><strong>nos</strong></span> <span class='ocrx_word' id='word_1_450' title='bbox 2139 587 2301 644; x_wconf 89' lang='lat' dir='ltr'><strong>quam</strong></span> <span class='ocrx_word' id='word_1_451' title='bbox 2333 573 2637 645; x_wconf 69' lang='lat' dir='ltr'><strong>saepissime</strong></span> <span class='ocrx_word' id='word_1_452' title='bbox 2675 576 2884 635; x_wconf 88' lang='lat' dir='ltr'><strong>scribas</strong></span> <span class='ocrx_word' id='word_1_453' title='bbox 2908 579 3164 650; x_wconf 85' lang='lat' dir='ltr'><strong>petimus,</strong></span> <span class='ocrx_word' id='word_1_454' title='bbox 3191 593 3258 635; x_wconf 86' lang='lat' dir='ltr'><strong>ac</strong></span> <span class='ocrx_word' id='word_1_455' title='bbox 3304 577 3519 634; x_wconf 86' lang='lat' dir='ltr'><strong>felicem</strong></span> 
     </span>
    </p>
   </div>
   <div class='ocr_carea' id='block_1_62' title="bbox 1907 663 3526 740">
    <p class='ocr_par' dir='ltr' id='par_1_62' title="bbox 1907 663 3526 740">
     <span class='ocr_line' id='line_1_62' title="bbox 1907 663 3526 740; baseline 0.007 -20"><span class='ocrx_word' id='word_1_456' title='bbox 1907 663 1976 721; x_wconf 91' lang='lat' dir='ltr'><strong>de</strong></span> <span class='ocrx_word' id='word_1_457' title='bbox 2000 673 2090 720; x_wconf 88' lang='lat' dir='ltr'><strong>tua</strong></span> <span class='ocrx_word' id='word_1_458' title='bbox 2116 664 2426 723; x_wconf 82' lang='lat' dir='ltr'><strong>valetudine</strong></span> <span class='ocrx_word' id='word_1_459' title='bbox 2465 669 2714 724; x_wconf 89' lang='lat' dir='ltr'><strong>nuntium</strong></span> <span class='ocrx_word' id='word_1_460' title='bbox 2757 671 2973 740; x_wconf 86' lang='lat' dir='ltr'><strong>mittas;</strong></span> <span class='ocrx_word' id='word_1_461' title='bbox 3003 687 3129 729; x_wconf 86' lang='lat' dir='ltr'><strong>nam</strong></span> <span class='ocrx_word' id='word_1_462' title='bbox 3157 673 3423 730; x_wconf 86' lang='lat' dir='ltr'><strong>certiores</strong></span> <span class='ocrx_word' id='word_1_463' title='bbox 3456 672 3526 731; x_wconf 87' lang='lat' dir='ltr'><strong>de</strong></span> 
     </span>
    </p>
   </div>
   <div class='ocr_carea' id='block_1_63' title="bbox 1906 759 3518 831">
    <p class='ocr_par' dir='ltr' id='par_1_63' title="bbox 1906 759 3518 831">
     <span class='ocr_line' id='line_1_63' title="bbox 1906 759 3518 831; baseline 0.006 -18"><span class='ocrx_word' id='word_1_464' title='bbox 1906 759 1998 814; x_wconf 90' lang='lat' dir='ltr'><strong>illa</strong></span> <span class='ocrx_word' id='word_1_465' title='bbox 2039 759 2156 815; x_wconf 87' lang='lat' dir='ltr'><strong>fieri</strong></span> <span class='ocrx_word' id='word_1_466' title='bbox 2196 775 2523 831; x_wconf 89' lang='lat' dir='ltr'><strong>magnopere</strong></span> <span class='ocrx_word' id='word_1_467' title='bbox 2571 761 2965 821; x_wconf 89' lang='lat' dir='ltr'><strong>desideramus.</strong></span> <span class='ocrx_word' id='word_1_468' title='bbox 3011 765 3518 823; x_wconf 79' lang='lat' dir='ltr'><strong>Revereudissimos</strong></span> 
     </span>
    </p>
   </div>
   <div class='ocr_carea' id='block_1_64' title="bbox 1904 851 3520 930">
    <p class='ocr_par' dir='ltr' id='par_1_64' title="bbox 1904 851 3520 930">
     <span class='ocr_line' id='line_1_64' title="bbox 1904 851 3520 930; baseline 0.005 -23"><span class='ocrx_word' id='word_1_469' title='bbox 1904 866 2122 928; x_wconf 88' lang='lat' dir='ltr'><strong>quoque</strong></span> <span class='ocrx_word' id='word_1_470' title='bbox 2140 851 2404 910; x_wconf 79' lang='lat' dir='ltr'><strong>diaconos</strong></span> <span class='ocrx_word' id='word_1_471' title='bbox 2430 853 2726 911; x_wconf 86' lang='lat' dir='ltr'><strong>Eusebium</strong></span> <span class='ocrx_word' id='word_1_472' title='bbox 2751 864 2808 912; x_wconf 91' lang='lat' dir='ltr'><strong>et</strong></span> <span class='ocrx_word' id='word_1_473' title='bbox 2843 857 3272 929; x_wconf 86' lang='lat' dir='ltr'><strong>Lamprotatum,</strong></span> <span class='ocrx_word' id='word_1_474' title='bbox 3304 859 3394 930; x_wconf 90' lang='lat' dir='ltr'><strong>qui</strong></span> <span class='ocrx_word' id='word_1_475' title='bbox 3423 858 3520 915; x_wconf 91' lang='lat' dir='ltr'><strong>tibi</strong></span> 
     </span>
    </p>
   </div>
   <div class='ocr_carea' id='block_1_65' title="bbox 1903 947 3518 1023">
    <p class='ocr_par' dir='ltr' id='par_1_65' title="bbox 1903 947 3518 1023">
     <span class='ocr_line' id='line_1_65' title="bbox 1903 947 3518 1023; baseline 0.004 -24"><span class='ocrx_word' id='word_1_476' title='bbox 1903 950 2190 1000; x_wconf 82' lang='lat' dir='ltr'><strong>consortes</strong></span> <span class='ocrx_word' id='word_1_477' title='bbox 2213 961 2576 1002; x_wconf 83' lang='lat' dir='ltr'><strong>aerumnarum</strong></span> <span class='ocrx_word' id='word_1_478' title='bbox 2619 947 2873 1018; x_wconf 90' lang='lat' dir='ltr'><strong>fuerunt,</strong></span> <span class='ocrx_word' id='word_1_479' title='bbox 2905 949 3095 1008; x_wconf 86' lang='lat' dir='ltr'><strong>beatos</strong></span> <span class='ocrx_word' id='word_1_480' title='bbox 3139 951 3518 1023; x_wconf 72' lang='lat' dir='ltr'><strong>praedicamus.</strong></span> 
     </span>
    </p>
   </div>
   <div class='ocr_carea' id='block_1_66' title="bbox 1903 1035 3520 1112">
    <p class='ocr_par' dir='ltr' id='par_1_66' title="bbox 1903 1035 3520 1112">
     <span class='ocr_line' id='line_1_66' title="bbox 1903 1035 3520 1112; baseline 0.007 -21"><span class='ocrx_word' id='word_1_481' title='bbox 1903 1035 2022 1092; x_wconf 88' lang='lat' dir='ltr'><strong>Non</strong></span> <span class='ocrx_word' id='word_1_482' title='bbox 2047 1039 2193 1094; x_wconf 88' lang='lat' dir='ltr'><strong>enim</strong></span> <span class='ocrx_word' id='word_1_483' title='bbox 2224 1038 2504 1107; x_wconf 87' lang='lat' dir='ltr'><strong>ignoratis,</strong></span> <span class='ocrx_word' id='word_1_484' title='bbox 2535 1041 2724 1112; x_wconf 84' lang='lat' dir='ltr'><strong>quales</strong></span> <span class='ocrx_word' id='word_1_485' title='bbox 2763 1057 2861 1100; x_wconf 87' lang='lat' dir='ltr'><strong>vos</strong></span> <span class='ocrx_word' id='word_1_486' title='bbox 2888 1043 2960 1099; x_wconf 93' lang='lat' dir='ltr'><strong>ob</strong></span> <span class='ocrx_word' id='word_1_487' title='bbox 2981 1045 3081 1100; x_wconf 87' lang='lat' dir='ltr'><strong>ista</strong></span> <span class='ocrx_word' id='word_1_488' title='bbox 3125 1052 3381 1102; x_wconf 81' lang='lat' dir='ltr'><strong>maneant</strong></span> <span class='ocrx_word' id='word_1_489' title='bbox 3421 1059 3520 1110; x_wconf 86' lang='lat' dir='ltr'><strong>co-</strong></span> 
     </span>
    </p>
   </div>
   <div class='ocr_carea' id='block_1_67' title="bbox 1906 1137 3518 1208">
    <p class='ocr_par' dir='ltr' id='par_1_67' title="bbox 1906 1137 3518 1208">
     <span class='ocr_line' id='line_1_67' title="bbox 1906 1137 3518 1208; baseline 0.006 -23"><span class='ocrx_word' id='word_1_490' title='bbox 1906 1143 2079 1198; x_wconf 58' lang='lat' dir='ltr'><strong>ronas,</strong></span> <span class='ocrx_word' id='word_1_491' title='bbox 2105 1140 2306 1202; x_wconf 86' lang='lat' dir='ltr'><strong>quanta</strong></span> <span class='ocrx_word' id='word_1_492' title='bbox 2340 1148 2583 1202; x_wconf 91' lang='lat' dir='ltr'><strong>merces,</strong></span> <span class='ocrx_word' id='word_1_493' title='bbox 2627 1145 2828 1205; x_wconf 89' lang='lat' dir='ltr'><strong>quanta</strong></span> <span class='ocrx_word' id='word_1_494' title='bbox 2879 1137 3186 1194; x_wconf 90' lang='lat' dir='ltr'><strong>retributio.</strong></span> <span class='ocrx_word' id='word_1_495' title='bbox 3228 1138 3360 1208; x_wconf 67' lang='lat' dir='ltr'><strong>Quae</strong></span> <span class='ocrx_word' id='word_1_496' title='bbox 3392 1154 3518 1195; x_wconf 90' lang='lat' dir='ltr'><strong>cum</strong></span> 
     </span>
    </p>
   </div>
   <div class='ocr_carea' id='block_1_68' title="bbox 1905 1223 3513 1303">
    <p class='ocr_par' dir='ltr' id='par_1_68' title="bbox 1905 1223 3513 1303">
     <span class='ocr_line' id='line_1_68' title="bbox 1905 1223 3513 1303; baseline 0.007 -26"><span class='ocrx_word' id='word_1_497' title='bbox 1905 1223 2062 1280; x_wconf 91' lang='lat' dir='ltr'><strong>vobis</strong></span> <span class='ocrx_word' id='word_1_498' title='bbox 2089 1224 2373 1296; x_wconf 87' lang='lat' dir='ltr'><strong>explorata</strong></span> <span class='ocrx_word' id='word_1_499' title='bbox 2394 1227 2526 1293; x_wconf 79' lang='lat' dir='ltr'><strong>sint,</strong></span> <span class='ocrx_word' id='word_1_500' title='bbox 2560 1227 2784 1284; x_wconf 88' lang='lat' dir='ltr'><strong>stabiles</strong></span> <span class='ocrx_word' id='word_1_501' title='bbox 2805 1238 2861 1284; x_wconf 90' lang='lat' dir='ltr'><strong>et</strong></span> <span class='ocrx_word' id='word_1_502' title='bbox 2888 1231 3096 1287; x_wconf 87' lang='lat' dir='ltr'><strong>immoti</strong></span> <span class='ocrx_word' id='word_1_503' title='bbox 3120 1241 3471 1303; x_wconf 87' lang='lat' dir='ltr'><strong>perseverate</strong></span> <span class='ocrx_word' id='word_1_504' title='bbox 3499 1251 3513 1288; x_wconf 89' lang='lat'><strong>:</strong></span> 
     </span>
    </p>
   </div>
   <div class='ocr_carea' id='block_1_69' title="bbox 1904 1318 3523 1399">
    <p class='ocr_par' dir='ltr' id='par_1_69' title="bbox 1904 1318 3523 1399">
     <span class='ocr_line' id='line_1_69' title="bbox 1904 1318 3523 1399; baseline 0.006 -28"><span class='ocrx_word' id='word_1_505' title='bbox 1904 1318 2179 1387; x_wconf 87' lang='lat' dir='ltr'><strong>copiosam</strong></span> <span class='ocrx_word' id='word_1_506' title='bbox 2207 1319 2352 1373; x_wconf 88' lang='lat' dir='ltr'><strong>enim</strong></span> <span class='ocrx_word' id='word_1_507' title='bbox 2374 1320 2526 1376; x_wconf 91' lang='lat' dir='ltr'><strong>vobis</strong></span> <span class='ocrx_word' id='word_1_508' title='bbox 2562 1320 2705 1378; x_wconf 84' lang='lat' dir='ltr'><strong>Deus</strong></span> <span class='ocrx_word' id='word_1_509' title='bbox 2732 1321 3005 1393; x_wconf 66' lang='lat' dir='ltr'><strong>patientiae</strong></span> <span class='ocrx_word' id='word_1_510' title='bbox 3048 1325 3354 1383; x_wconf 88' lang='lat' dir='ltr'><strong>mercedem</strong></span> <span class='ocrx_word' id='word_1_511' title='bbox 3395 1342 3523 1399; x_wconf 80' lang='lat' dir='ltr'><strong>per-</strong></span> 
     </span>
    </p>
   </div>
   <div class='ocr_carea' id='block_1_70' title="bbox 1904 1409 3521 1500">
    <p class='ocr_par' dir='ltr' id='par_1_70' title="bbox 1904 1409 3521 1500">
     <span class='ocr_line' id='line_1_70' title="bbox 1904 1409 3521 1500; baseline 0.007 -37"><span class='ocrx_word' id='word_1_512' title='bbox 1904 1409 2119 1477; x_wconf 88' lang='lat' dir='ltr'><strong>solvet,</strong></span> <span class='ocrx_word' id='word_1_513' title='bbox 2149 1425 2213 1466; x_wconf 90' lang='lat' dir='ltr'><strong>ac</strong></span> <span class='ocrx_word' id='word_1_514' title='bbox 2239 1411 2527 1481; x_wconf 54' lang='lat' dir='ltr'><strong>praesenti</strong></span> <span class='ocrx_word' id='word_1_515' title='bbox 2554 1413 2698 1468; x_wconf 88' lang='lat' dir='ltr'><strong>mala</strong></span> <span class='ocrx_word' id='word_1_516' title='bbox 2723 1414 2832 1470; x_wconf 92' lang='lat' dir='ltr'><strong>cito</strong></span> <span class='ocrx_word' id='word_1_517' title='bbox 2857 1414 3114 1487; x_wconf 87' lang='lat' dir='ltr'><strong>depellet.</strong></span> <span class='ocrx_word' id='word_1_518' title='bbox 3154 1417 3427 1500; x_wconf 63' lang='lat' dir='ltr'><strong>cancrum</strong></span> <span class='ocrx_word' id='word_1_519' title='bbox 3455 1418 3521 1474; x_wconf 86' lang='lat' dir='ltr'><strong>li-</strong></span> 
     </span>
    </p>
   </div>
   <div class='ocr_carea' id='block_1_71' title="bbox 1906 1503 3518 1583">
    <p class='ocr_par' dir='ltr' id='par_1_71' title="bbox 1906 1503 3518 1583">
     <span class='ocr_line' id='line_1_71' title="bbox 1906 1503 3518 1583; baseline 0.006 -25"><span class='ocrx_word' id='word_1_520' title='bbox 1906 1512 2051 1559; x_wconf 88' lang='lat' dir='ltr'><strong>teras</strong></span> <span class='ocrx_word' id='word_1_521' title='bbox 2076 1503 2144 1559; x_wconf 86' lang='lat' dir='ltr'><strong>ad</strong></span> <span class='ocrx_word' id='word_1_522' title='bbox 2172 1519 2273 1559; x_wconf 88' lang='lat' dir='ltr'><strong>nos</strong></span> <span class='ocrx_word' id='word_1_523' title='bbox 2301 1519 2460 1575; x_wconf 90' lang='lat' dir='ltr'><strong>quam</strong></span> <span class='ocrx_word' id='word_1_524' title='bbox 2502 1507 2868 1564; x_wconf 88' lang='lat' dir='ltr'><strong>creberrimas</strong></span> <span class='ocrx_word' id='word_1_525' title='bbox 2908 1508 3135 1576; x_wconf 87' lang='lat' dir='ltr'><strong>mittite,</strong></span> <span class='ocrx_word' id='word_1_526' title='bbox 3180 1526 3302 1583; x_wconf 65' lang='lat' dir='ltr'><strong>quae</strong></span> <span class='ocrx_word' id='word_1_527' title='bbox 3328 1510 3518 1571; x_wconf 66' lang='lat' dir='ltr'><strong>ianum</strong></span> 
     </span>
    </p>
   </div>
   <div class='ocr_carea' id='block_1_72' title="bbox 1902 1594 3522 1674">
    <p class='ocr_par' dir='ltr' id='par_1_72' title="bbox 1902 1594 3522 1674">
     <span class='ocr_line' id='line_1_72' title="bbox 1902 1594 3522 1674; baseline 0.008 -23"><span class='ocrx_word' id='word_1_528' title='bbox 1902 1594 1971 1652; x_wconf 90' lang='lat' dir='ltr'><strong>de</strong></span> <span class='ocrx_word' id='word_1_529' title='bbox 1997 1606 2177 1652; x_wconf 88' lang='lat' dir='ltr'><strong>vestra</strong></span> <span class='ocrx_word' id='word_1_530' title='bbox 2201 1597 2509 1654; x_wconf 90' lang='lat' dir='ltr'><strong>valetudine</strong></span> <span class='ocrx_word' id='word_1_531' title='bbox 2541 1600 2790 1656; x_wconf 91' lang='lat' dir='ltr'><strong>nuntium</strong></span> <span class='ocrx_word' id='word_1_532' title='bbox 2819 1600 3017 1667; x_wconf 89' lang='lat' dir='ltr'><strong>ferant,</strong></span> <span class='ocrx_word' id='word_1_533' title='bbox 3047 1602 3117 1659; x_wconf 90' lang='lat' dir='ltr'><strong>de</strong></span> <span class='ocrx_word' id='word_1_534' title='bbox 3154 1620 3260 1674; x_wconf 88' lang='lat' dir='ltr'><strong>qua</strong></span> <span class='ocrx_word' id='word_1_535' title='bbox 3289 1605 3522 1664; x_wconf 85' lang='lat' dir='ltr'><strong>subinde</strong></span> 
     </span>
    </p>
   </div>
   <div class='ocr_carea' id='block_1_73' title="bbox 1901 1686 2996 1764">
    <p class='ocr_par' dir='ltr' id='par_1_73' title="bbox 1901 1686 2996 1764">
     <span class='ocr_line' id='line_1_73' title="bbox 1901 1686 2996 1764; baseline 0.007 -22"><span class='ocrx_word' id='word_1_536' title='bbox 1901 1686 2101 1760; x_wconf 89' lang='lat' dir='ltr'><strong>aliquid</strong></span> <span class='ocrx_word' id='word_1_537' title='bbox 2126 1689 2317 1746; x_wconf 86' lang='lat' dir='ltr'><strong>audire</strong></span> <span class='ocrx_word' id='word_1_538' title='bbox 2341 1690 2698 1749; x_wconf 81' lang='lat' dir='ltr'><strong>vehementer</strong></span> <span class='ocrx_word' id='word_1_539' title='bbox 2726 1704 2996 1764; x_wconf 88' lang='lat' dir='ltr'><strong>optamus.</strong></span> 
     </span>
    </p>
   </div>
   <div class='ocr_carea' id='block_1_74' title="bbox 2027 1819 3401 1906">
    <p class='ocr_par' dir='ltr' id='par_1_74' title="bbox 2027 1819 3401 1906">
     <span class='ocr_line' id='line_1_74' title="bbox 2027 1819 3401 1906; baseline 0.009 -30"><span class='ocrx_word' id='word_1_540' title='bbox 2027 1819 2330 1879; x_wconf 76' lang='lat' dir='ltr'><strong>CLXXXI.</strong></span> <span class='ocrx_word' id='word_1_541' title='bbox 2361 1825 2653 1898; x_wconf 82' lang='lat' dir='ltr'><strong>Episcopis.</strong></span> <span class='ocrx_word' id='word_1_542' title='bbox 2683 1829 2883 1898; x_wconf 86' lang='lat' dir='ltr'><strong>(Anno,</strong></span> <span class='ocrx_word' id='word_1_543' title='bbox 2905 1839 2962 1884; x_wconf 93' lang='lat' dir='ltr'><strong>ut</strong></span> <span class='ocrx_word' id='word_1_544' title='bbox 2984 1839 3224 1901; x_wconf 81' lang='lat' dir='ltr'><strong>putatur,</strong></span> <span class='ocrx_word' id='word_1_545' title='bbox 3243 1832 3401 1906; x_wconf 69' lang='grc'><strong>406.)</strong></span> 
     </span>
    </p>
   </div>
   <div class='ocr_carea' id='block_1_75' title="bbox 1975 1955 3518 2038">
    <p class='ocr_par' dir='ltr' id='par_1_75' title="bbox 1975 1955 3518 2038">
     <span class='ocr_line' id='line_1_75' title="bbox 1975 1955 3518 2038; baseline 0.011 -26"><span class='ocrx_word' id='word_1_546' title='bbox 1975 1955 2045 2012; x_wconf 85' lang='grc' dir='ltr'><strong>Ει</strong></span> <span class='ocrx_word' id='word_1_547' title='bbox 2072 1974 2194 2030; x_wconf 72' lang='lat' dir='ltr'><strong>qua:</strong></span> <span class='ocrx_word' id='word_1_548' title='bbox 2231 1960 2429 2016; x_wconf 88' lang='lat' dir='ltr'><strong>invasit</strong></span> <span class='ocrx_word' id='word_1_549' title='bbox 2457 1961 2730 2020; x_wconf 86' lang='lat' dir='ltr'><strong>Ecclesias</strong></span> <span class='ocrx_word' id='word_1_550' title='bbox 2759 1957 2997 2022; x_wconf 89' lang='lat' dir='ltr'><strong>Orientis</strong></span> <span class='ocrx_word' id='word_1_551' title='bbox 3025 1967 3362 2038; x_wconf 90' lang='lat' dir='ltr'><strong>perturbatio</strong></span> <span class='ocrx_word' id='word_1_552' title='bbox 3380 2011 3397 2038; x_wconf 92' lang='lat'><strong>,</strong></span> <span class='ocrx_word' id='word_1_553' title='bbox 3422 1986 3518 2028; x_wconf 85' lang='lat' dir='ltr'><strong>ve-</strong></span> 
     </span>
    </p>
   </div>
   <div class='ocr_carea' id='block_1_76' title="bbox 1902 2048 3518 2130">
    <p class='ocr_par' dir='ltr' id='par_1_76' title="bbox 1902 2048 3518 2130">
     <span class='ocr_line' id='line_1_76' title="bbox 1902 2048 3518 2130; baseline 0.011 -27"><span class='ocrx_word' id='word_1_554' title='bbox 1902 2048 2307 2108; x_wconf 89' lang='lat' dir='ltr'><strong>hementissima</strong></span> <span class='ocrx_word' id='word_1_555' title='bbox 2335 2051 2439 2108; x_wconf 90' lang='lat' dir='ltr'><strong>fuit</strong></span> <span class='ocrx_word' id='word_1_556' title='bbox 2462 2069 2525 2111; x_wconf 90' lang='lat' dir='ltr'><strong>ac</strong></span> <span class='ocrx_word' id='word_1_557' title='bbox 2553 2057 2830 2127; x_wconf 82' lang='lat' dir='ltr'><strong>multiplex</strong></span> <span class='ocrx_word' id='word_1_558' title='bbox 2852 2099 2866 2124; x_wconf 93' lang='lat'><strong>,</strong></span> <span class='ocrx_word' id='word_1_559' title='bbox 2893 2067 2950 2114; x_wconf 88' lang='lat' dir='ltr'><strong>et</strong></span> <span class='ocrx_word' id='word_1_560' title='bbox 2975 2074 3230 2130; x_wconf 88' lang='lat' dir='ltr'><strong>maguum</strong></span> <span class='ocrx_word' id='word_1_561' title='bbox 3271 2062 3429 2118; x_wconf 88' lang='lat' dir='ltr'><strong>simul</strong></span> <span class='ocrx_word' id='word_1_562' title='bbox 3459 2075 3518 2120; x_wconf 90' lang='lat' dir='ltr'><strong>et</strong></span> 
     </span>
    </p>
   </div>
   <div class='ocr_carea' id='block_1_77' title="bbox 1901 2141 3508 2222">
    <p class='ocr_par' dir='ltr' id='par_1_77' title="bbox 1901 2141 3508 2222">
     <span class='ocr_line' id='line_1_77' title="bbox 1901 2141 3508 2222; baseline 0.009 -26"><span class='ocrx_word' id='word_1_563' title='bbox 1901 2141 2204 2213; x_wconf 88' lang='lat' dir='ltr'><strong>impensum</strong></span> <span class='ocrx_word' id='word_1_564' title='bbox 2227 2146 2463 2202; x_wconf 81' lang='lat' dir='ltr'><strong>studium</strong></span> <span class='ocrx_word' id='word_1_565' title='bbox 2491 2148 2625 2204; x_wconf 91' lang='lat' dir='ltr'><strong>illud</strong></span> <span class='ocrx_word' id='word_1_566' title='bbox 2657 2149 2776 2217; x_wconf 89' lang='lat' dir='ltr'><strong>fuit,</strong></span> <span class='ocrx_word' id='word_1_567' title='bbox 2805 2151 2951 2222; x_wconf 88' lang='lat' dir='ltr'><strong>quod</strong></span> <span class='ocrx_word' id='word_1_568' title='bbox 2974 2152 3039 2208; x_wconf 89' lang='lat' dir='ltr'><strong>ad</strong></span> <span class='ocrx_word' id='word_1_569' title='bbox 3072 2169 3191 2209; x_wconf 92' lang='lat' dir='ltr'><strong>eam</strong></span> <span class='ocrx_word' id='word_1_570' title='bbox 3215 2155 3508 2212; x_wconf 77' lang='lat' dir='ltr'><strong>sedandam</strong></span> 
     </span>
    </p>
   </div>
   <div class='ocr_carea' id='block_1_78' title="bbox 1905 2225 3517 2311">
    <p class='ocr_par' dir='ltr' id='par_1_78' title="bbox 1905 2225 3517 2311">
     <span class='ocr_line' id='line_1_78' title="bbox 1905 2225 3517 2311; baseline 0.011 -22"><span class='ocrx_word' id='word_1_571' title='bbox 1905 2235 2076 2305; x_wconf 87' lang='lat' dir='ltr'><strong>pietas</strong></span> <span class='ocrx_word' id='word_1_572' title='bbox 2097 2246 2273 2294; x_wconf 83' lang='lat' dir='ltr'><strong>vestra</strong></span> <span class='ocrx_word' id='word_1_573' title='bbox 2297 2239 2545 2295; x_wconf 90' lang='lat' dir='ltr'><strong>contulit.</strong></span> <span class='ocrx_word' id='word_1_574' title='bbox 2570 2225 2726 2311; x_wconf 78' lang='lat' dir='ltr'><strong>Quod</strong></span> <span class='ocrx_word' id='word_1_575' title='bbox 2751 2229 2795 2298; x_wconf 81' lang='lat' dir='ltr'><strong>si</strong></span> <span class='ocrx_word' id='word_1_576' title='bbox 2822 2243 2960 2300; x_wconf 89' lang='lat' dir='ltr'><strong>forte</strong></span> <span class='ocrx_word' id='word_1_577' title='bbox 2985 2245 3250 2302; x_wconf 73' lang='lat' dir='ltr'><strong>nihildum</strong></span> <span class='ocrx_word' id='word_1_578' title='bbox 3273 2249 3517 2306; x_wconf 84' lang='lat' dir='ltr'><strong>utilitatis</strong></span> 
     </span>
    </p>
   </div>
   <div class='ocr_carea' id='block_1_79' title="bbox 1900 2324 3514 2407">
    <p class='ocr_par' dir='ltr' id='par_1_79' title="bbox 1900 2324 3514 2407">
     <span class='ocr_line' id='line_1_79' title="bbox 1900 2324 3514 2407; baseline 0.011 -27"><span class='ocrx_word' id='word_1_579' title='bbox 1900 2324 2024 2382; x_wconf 92' lang='lat' dir='ltr'><strong>inde</strong></span> <span class='ocrx_word' id='word_1_580' title='bbox 2050 2332 2413 2398; x_wconf 90' lang='lat' dir='ltr'><strong>promanarit,</strong></span> <span class='ocrx_word' id='word_1_581' title='bbox 2445 2348 2540 2390; x_wconf 84' lang='lat' dir='ltr'><strong>eos</strong></span> <span class='ocrx_word' id='word_1_582' title='bbox 2565 2334 2786 2406; x_wconf 85' lang='lat' dir='ltr'><strong>quidem</strong></span> <span class='ocrx_word' id='word_1_583' title='bbox 2824 2337 2914 2407; x_wconf 86' lang='lat' dir='ltr'><strong>qui</strong></span> <span class='ocrx_word' id='word_1_584' title='bbox 2945 2339 3266 2395; x_wconf 91' lang='lat' dir='ltr'><strong>medicinam</strong></span> <span class='ocrx_word' id='word_1_585' title='bbox 3297 2357 3514 2400; x_wconf 88' lang='lat' dir='ltr'><strong>omnctn</strong></span> 
     </span>
    </p>
   </div>
   <div class='ocr_carea' id='block_1_80' title="bbox 1899 2429 3507 2503">
    <p class='ocr_par' dir='ltr' id='par_1_80' title="bbox 1899 2429 3507 2503">
     <span class='ocr_line' id='line_1_80' title="bbox 1899 2429 3507 2503; baseline 0.009 -29"><span class='ocrx_word' id='word_1_586' title='bbox 1899 2431 2280 2492; x_wconf 89' lang='lat' dir='ltr'><strong>aspernantur,</strong></span> <span class='ocrx_word' id='word_1_587' title='bbox 2312 2439 2490 2496; x_wconf 90' lang='lat' dir='ltr'><strong>neque</strong></span> <span class='ocrx_word' id='word_1_588' title='bbox 2523 2429 2753 2483; x_wconf 90' lang='lat' dir='ltr'><strong>correcti</strong></span> <span class='ocrx_word' id='word_1_589' title='bbox 2781 2439 2926 2493; x_wconf 85' lang='lat' dir='ltr'><strong>sunt,</strong></span> <span class='ocrx_word' id='word_1_590' title='bbox 2964 2430 3198 2487; x_wconf 86' lang='lat' dir='ltr'><strong>miseros</strong></span> <span class='ocrx_word' id='word_1_591' title='bbox 3225 2431 3507 2503; x_wconf 86' lang='lat' dir='ltr'><strong>ducimus,</strong></span> 
     </span>
    </p>
   </div>
   <div class='ocr_carea' id='block_1_81' title="bbox 1898 2515 3517 2592">
    <p class='ocr_par' dir='ltr' id='par_1_81' title="bbox 1898 2515 3517 2592">
     <span class='ocr_line' id='line_1_81' title="bbox 1898 2515 3517 2592; baseline 0.011 -27"><span class='ocrx_word' id='word_1_592' title='bbox 1898 2525 1999 2567; x_wconf 89' lang='lat' dir='ltr'><strong>vos</strong></span> <span class='ocrx_word' id='word_1_593' title='bbox 2020 2522 2199 2569; x_wconf 89' lang='lat' dir='ltr'><strong>autem</strong></span> <span class='ocrx_word' id='word_1_594' title='bbox 2231 2515 2452 2572; x_wconf 90' lang='lat' dir='ltr'><strong>laudare</strong></span> <span class='ocrx_word' id='word_1_595' title='bbox 2477 2517 2770 2590; x_wconf 87' lang='lat' dir='ltr'><strong>beatosque</strong></span> <span class='ocrx_word' id='word_1_596' title='bbox 2797 2521 3095 2592; x_wconf 71' lang='lat' dir='ltr'><strong>prmdicare</strong></span> <span class='ocrx_word' id='word_1_597' title='bbox 3117 2538 3226 2578; x_wconf 90' lang='lat' dir='ltr'><strong>non</strong></span> <span class='ocrx_word' id='word_1_598' title='bbox 3250 2524 3517 2582; x_wconf 86' lang='lat' dir='ltr'><strong>intermit-</strong></span> 
     </span>
    </p>
   </div>
   <div class='ocr_carea' id='block_1_82' title="bbox 1901 2604 3513 2688">
    <p class='ocr_par' dir='ltr' id='par_1_82' title="bbox 1901 2604 3513 2688">
     <span class='ocr_line' id='line_1_82' title="bbox 1901 2604 3513 2688; baseline 0.012 -30"><span class='ocrx_word' id='word_1_599' title='bbox 1901 2604 2083 2673; x_wconf 88' lang='lat' dir='ltr'><strong>timus,</strong></span> <span class='ocrx_word' id='word_1_600' title='bbox 2111 2606 2254 2676; x_wconf 91' lang='lat' dir='ltr'><strong>quod</strong></span> <span class='ocrx_word' id='word_1_601' title='bbox 2300 2623 2422 2664; x_wconf 94' lang='lat' dir='ltr'><strong>cum</strong></span> <span class='ocrx_word' id='word_1_602' title='bbox 2452 2620 2558 2665; x_wconf 89' lang='lat' dir='ltr'><strong>tam</strong></span> <span class='ocrx_word' id='word_1_603' title='bbox 2588 2611 2846 2668; x_wconf 91' lang='lat' dir='ltr'><strong>diuturno</strong></span> <span class='ocrx_word' id='word_1_604' title='bbox 2881 2615 3070 2688; x_wconf 88' lang='lat' dir='ltr'><strong>elapso</strong></span> <span class='ocrx_word' id='word_1_605' title='bbox 3113 2627 3358 2688; x_wconf 88' lang='lat' dir='ltr'><strong>tempore</strong></span> <span class='ocrx_word' id='word_1_606' title='bbox 3397 2637 3513 2676; x_wconf 85' lang='lat' dir='ltr'><strong>mc—</strong></span> 
     </span>
    </p>
   </div>
   <div class='ocr_carea' id='block_1_83' title="bbox 1899 2693 3512 2786">
    <p class='ocr_par' dir='ltr' id='par_1_83' title="bbox 1899 2693 3512 2786">
     <span class='ocr_line' id='line_1_83' title="bbox 1899 2693 3512 2786; baseline 0.012 -38"><span class='ocrx_word' id='word_1_607' title='bbox 1899 2693 2090 2751; x_wconf 91' lang='lat' dir='ltr'><strong>liorem</strong></span> <span class='ocrx_word' id='word_1_608' title='bbox 2135 2698 2186 2752; x_wconf 92' lang='lat' dir='ltr'><strong>in</strong></span> <span class='ocrx_word' id='word_1_609' title='bbox 2238 2708 2436 2754; x_wconf 89' lang='lat' dir='ltr'><strong>statum</strong></span> <span class='ocrx_word' id='word_1_610' title='bbox 2479 2703 2691 2757; x_wconf 87' lang='lat' dir='ltr'><strong>restitui</strong></span> <span class='ocrx_word' id='word_1_611' title='bbox 2740 2719 2828 2760; x_wconf 91' lang='lat' dir='ltr'><strong>res</strong></span> <span class='ocrx_word' id='word_1_612' title='bbox 2856 2721 2963 2760; x_wconf 91' lang='lat' dir='ltr'><strong>non</strong></span> <span class='ocrx_word' id='word_1_613' title='bbox 3006 2711 3302 2778; x_wconf 90' lang='lat' dir='ltr'><strong>potuerint,</strong></span> <span class='ocrx_word' id='word_1_614' title='bbox 3345 2713 3512 2786; x_wconf 84' lang='lat' dir='ltr'><strong>frangi</strong></span> 
     </span>
    </p>
   </div>
   <div class='ocr_carea' id='block_1_84' title="bbox 1900 2789 3511 2867">
    <p class='ocr_par' dir='ltr' id='par_1_84' title="bbox 1900 2789 3511 2867">
     <span class='ocr_line' id='line_1_84' title="bbox 1900 2789 3511 2867; baseline 0.012 -25"><span class='ocrx_word' id='word_1_615' title='bbox 1900 2796 2080 2844; x_wconf 86' lang='lat' dir='ltr'><strong>tamen</strong></span> <span class='ocrx_word' id='word_1_616' title='bbox 2103 2804 2168 2845; x_wconf 85' lang='lat' dir='ltr'><strong>ac</strong></span> <span class='ocrx_word' id='word_1_617' title='bbox 2194 2789 2465 2847; x_wconf 90' lang='lat' dir='ltr'><strong>debilitari</strong></span> <span class='ocrx_word' id='word_1_618' title='bbox 2501 2809 2596 2849; x_wconf 89' lang='lat' dir='ltr'><strong>vos</strong></span> <span class='ocrx_word' id='word_1_619' title='bbox 2638 2811 2745 2852; x_wconf 90' lang='lat' dir='ltr'><strong>non</strong></span> <span class='ocrx_word' id='word_1_620' title='bbox 2777 2798 2998 2867; x_wconf 89' lang='lat' dir='ltr'><strong>&#39;sinatis,</strong></span> <span class='ocrx_word' id='word_1_621' title='bbox 3025 2816 3124 2856; x_wconf 88' lang='lat' dir='ltr'><strong>nec</strong></span> <span class='ocrx_word' id='word_1_622' title='bbox 3151 2803 3393 2860; x_wconf 90' lang='lat' dir='ltr'><strong>animum</strong></span> <span class='ocrx_word' id='word_1_623' title='bbox 3414 2804 3511 2861; x_wconf 82' lang='lat' dir='ltr'><strong>de-</strong></span> 
     </span>
    </p>
   </div>
   <div class='ocr_carea' id='block_1_85' title="bbox 1899 2884 3513 2969">
    <p class='ocr_par' dir='ltr' id='par_1_85' title="bbox 1899 2884 3513 2969">
     <span class='ocr_line' id='line_1_85' title="bbox 1899 2884 3513 2969; baseline 0.009 -32"><span class='ocrx_word' id='word_1_624' title='bbox 1899 2884 2234 2955; x_wconf 89' lang='lat' dir='ltr'><strong>spondeatis,</strong></span> <span class='ocrx_word' id='word_1_625' title='bbox 2262 2886 2359 2944; x_wconf 88' lang='lat' dir='ltr'><strong>sed</strong></span> <span class='ocrx_word' id='word_1_626' title='bbox 2405 2887 2647 2958; x_wconf 87' lang='lat' dir='ltr'><strong>instetis,</strong></span> <span class='ocrx_word' id='word_1_627' title='bbox 2672 2899 2728 2946; x_wconf 90' lang='lat' dir='ltr'><strong>et</strong></span> <span class='ocrx_word' id='word_1_628' title='bbox 2760 2902 2982 2949; x_wconf 85' lang='lat' dir='ltr'><strong>strenue</strong></span> <span class='ocrx_word' id='word_1_629' title='bbox 3021 2894 3336 2969; x_wconf 84' lang='lat' dir='ltr'><strong>fortiterque</strong></span> <span class='ocrx_word' id='word_1_630' title='bbox 3361 2899 3513 2954; x_wconf 76' lang='lat' dir='ltr'><strong>auxi-</strong></span> 
     </span>
    </p>
   </div>
   <div class='ocr_carea' id='block_1_86' title="bbox 1898 2975 3510 3051">
    <p class='ocr_par' dir='ltr' id='par_1_86' title="bbox 1898 2975 3510 3051">
     <span class='ocr_line' id='line_1_86' title="bbox 1898 2975 3510 3051; baseline 0.011 -21"><span class='ocrx_word' id='word_1_631' title='bbox 1898 2975 2026 3031; x_wconf 91' lang='lat' dir='ltr'><strong>lium</strong></span> <span class='ocrx_word' id='word_1_632' title='bbox 2053 2977 2238 3034; x_wconf 89' lang='lat' dir='ltr'><strong>feratis</strong></span> <span class='ocrx_word' id='word_1_633' title='bbox 2259 3020 2274 3046; x_wconf 94' lang='lat'><strong>,</strong></span> <span class='ocrx_word' id='word_1_634' title='bbox 2304 2980 2448 3051; x_wconf 90' lang='lat' dir='ltr'><strong>quod</strong></span> <span class='ocrx_word' id='word_1_635' title='bbox 2478 2981 2533 3036; x_wconf 91' lang='lat' dir='ltr'><strong>in</strong></span> <span class='ocrx_word' id='word_1_636' title='bbox 2576 2983 3088 3044; x_wconf 88' lang='lat' dir='ltr'><strong>condemnationem</strong></span> <span class='ocrx_word' id='word_1_637' title='bbox 3136 2990 3282 3045; x_wconf 89' lang='lat' dir='ltr'><strong>cedit</strong></span> <span class='ocrx_word' id='word_1_638' title='bbox 3320 2977 3510 3047; x_wconf 82' lang='lat' dir='ltr'><strong>eorum</strong></span> 
     </span>
    </p>
   </div>
   <div class='ocr_carea' id='block_1_87' title="bbox 1897 3069 3514 3155">
    <p class='ocr_par' dir='ltr' id='par_1_87' title="bbox 1897 3069 3514 3155">
     <span class='ocr_line' id='line_1_87' title="bbox 1897 3069 3514 3155; baseline 0.011 -30"><span class='ocrx_word' id='word_1_639' title='bbox 1897 3069 1990 3141; x_wconf 90' lang='lat' dir='ltr'><strong>qui</strong></span> <span class='ocrx_word' id='word_1_640' title='bbox 2041 3070 2185 3129; x_wconf 91' lang='lat' dir='ltr'><strong>ferre</strong></span> <span class='ocrx_word' id='word_1_641' title='bbox 2232 3088 2333 3130; x_wconf 92' lang='lat' dir='ltr'><strong>nos</strong></span> <span class='ocrx_word' id='word_1_642' title='bbox 2368 3075 2579 3142; x_wconf 91' lang='lat' dir='ltr'><strong>nolunt,</strong></span> <span class='ocrx_word' id='word_1_643' title='bbox 2624 3092 2854 3135; x_wconf 90' lang='lat' dir='ltr'><strong>coronas</strong></span> <span class='ocrx_word' id='word_1_644' title='bbox 2897 3092 3079 3139; x_wconf 88' lang='lat' dir='ltr'><strong>autem</strong></span> <span class='ocrx_word' id='word_1_645' title='bbox 3131 3094 3409 3155; x_wconf 84' lang='lat' dir='ltr'><strong>comparat</strong></span> <span class='ocrx_word' id='word_1_646' title='bbox 3458 3098 3514 3144; x_wconf 89' lang='lat' dir='ltr'><strong>et</strong></span> 
     </span>
    </p>
   </div>
   <div class='ocr_carea' id='block_1_88' title="bbox 1897 3165 3512 3242">
    <p class='ocr_par' dir='ltr' id='par_1_88' title="bbox 1897 3165 3512 3242">
     <span class='ocr_line' id='line_1_88' title="bbox 1897 3165 3512 3242; baseline 0.01 -23"><span class='ocrx_word' id='word_1_647' title='bbox 1897 3165 2116 3235; x_wconf 73' lang='lat' dir='ltr'><strong>prtemia</strong></span> <span class='ocrx_word' id='word_1_648' title='bbox 2160 3165 2394 3236; x_wconf 89' lang='lat' dir='ltr'><strong>plurima</strong></span> <span class='ocrx_word' id='word_1_649' title='bbox 2437 3169 2616 3224; x_wconf 90' lang='lat' dir='ltr'><strong>studio</strong></span> <span class='ocrx_word' id='word_1_650' title='bbox 2662 3170 2806 3242; x_wconf 90' lang='lat' dir='ltr'><strong>quod</strong></span> <span class='ocrx_word' id='word_1_651' title='bbox 2837 3187 2867 3227; x_wconf 90' lang='lat' dir='ltr'><strong>a</strong></span> <span class='ocrx_word' id='word_1_652' title='bbox 2900 3173 3057 3230; x_wconf 81' lang='lat' dir='ltr'><strong>vobis</strong></span> <span class='ocrx_word' id='word_1_653' title='bbox 3084 3175 3392 3233; x_wconf 88' lang='lat' dir='ltr'><strong>adhibetur.</strong></span> <span class='ocrx_word' id='word_1_654' title='bbox 3423 3179 3512 3235; x_wconf 64' lang='lat' dir='ltr'><strong>iu-</strong></span> 
     </span>
    </p>
   </div>
   <div class='ocr_carea' id='block_1_89' title="bbox 1896 3256 3513 3335">
    <p class='ocr_par' dir='ltr' id='par_1_89' title="bbox 1896 3256 3513 3335">
     <span class='ocr_line' id='line_1_89' title="bbox 1896 3256 3513 3335; baseline 0.011 -24"><span class='ocrx_word' id='word_1_655' title='bbox 1896 3256 2043 3312; x_wconf 91' lang='lat' dir='ltr'><strong>circo</strong></span> <span class='ocrx_word' id='word_1_656' title='bbox 2084 3259 2364 3314; x_wconf 88' lang='lat' dir='ltr'><strong>nobiscum</strong></span> <span class='ocrx_word' id='word_1_657' title='bbox 2410 3276 2601 3318; x_wconf 87' lang='lat' dir='ltr'><strong>omnes</strong></span> <span class='ocrx_word' id='word_1_658' title='bbox 2625 3305 2640 3327; x_wconf 92' lang='lat'><strong>,</strong></span> <span class='ocrx_word' id='word_1_659' title='bbox 2686 3265 2776 3335; x_wconf 67' lang='lat' dir='ltr'><strong>qui</strong></span> <span class='ocrx_word' id='word_1_660' title='bbox 2817 3265 3128 3322; x_wconf 89' lang='lat' dir='ltr'><strong>universum</strong></span> <span class='ocrx_word' id='word_1_661' title='bbox 3169 3271 3356 3326; x_wconf 91' lang='lat' dir='ltr'><strong>orbem</strong></span> <span class='ocrx_word' id='word_1_662' title='bbox 3400 3280 3513 3328; x_wconf 83' lang='lat' dir='ltr'><strong>ter-</strong></span> 
     </span>
    </p>
   </div>
   <div class='ocr_carea' id='block_1_90' title="bbox 1898 3350 3512 3435">
    <p class='ocr_par' dir='ltr' id='par_1_90' title="bbox 1898 3350 3512 3435">
     <span class='ocr_line' id='line_1_90' title="bbox 1898 3350 3512 3435; baseline 0.012 -33"><span class='ocrx_word' id='word_1_663' title='bbox 1898 3363 2079 3404; x_wconf 88' lang='lat' dir='ltr'><strong>rarum</strong></span> <span class='ocrx_word' id='word_1_664' title='bbox 2127 3350 2391 3421; x_wconf 85' lang='lat' dir='ltr'><strong>incolunt,</strong></span> <span class='ocrx_word' id='word_1_665' title='bbox 2445 3369 2541 3410; x_wconf 88' lang='lat' dir='ltr'><strong>vos</strong></span> <span class='ocrx_word' id='word_1_666' title='bbox 2581 3356 2910 3428; x_wconf 59' lang='lat' dir='ltr'><strong>pradicant,</strong></span> <span class='ocrx_word' id='word_1_667' title='bbox 2939 3368 2996 3416; x_wconf 90' lang='lat' dir='ltr'><strong>et</strong></span> <span class='ocrx_word' id='word_1_668' title='bbox 3030 3375 3230 3418; x_wconf 88' lang='lat' dir='ltr'><strong>corona</strong></span> <span class='ocrx_word' id='word_1_669' title='bbox 3272 3364 3512 3435; x_wconf 88' lang='lat' dir='ltr'><strong>donant,</strong></span> 
     </span>
    </p>
   </div>
   <div class='ocr_carea' id='block_1_91' title="bbox 1897 3441 3514 3526">
    <p class='ocr_par' dir='ltr' id='par_1_91' title="bbox 1897 3441 3514 3526">
     <span class='ocr_line' id='line_1_91' title="bbox 1897 3441 3514 3526; baseline 0.012 -30"><span class='ocrx_word' id='word_1_670' title='bbox 1897 3441 2040 3512; x_wconf 91' lang='lat' dir='ltr'><strong>quod</strong></span> <span class='ocrx_word' id='word_1_671' title='bbox 2067 3452 2216 3499; x_wconf 90' lang='lat' dir='ltr'><strong>tanto</strong></span> <span class='ocrx_word' id='word_1_672' title='bbox 2241 3445 2367 3502; x_wconf 92' lang='lat' dir='ltr'><strong>licet</strong></span> <span class='ocrx_word' id='word_1_673' title='bbox 2391 3446 2676 3504; x_wconf 90' lang='lat' dir='ltr'><strong>intervallo</strong></span> <span class='ocrx_word' id='word_1_674' title='bbox 2710 3449 3050 3522; x_wconf 86' lang='lat' dir='ltr'><strong>disjunctos,</strong></span> <span class='ocrx_word' id='word_1_675' title='bbox 3083 3469 3260 3526; x_wconf 86' lang='lat' dir='ltr'><strong>neque</strong></span> <span class='ocrx_word' id='word_1_676' title='bbox 3303 3457 3514 3517; x_wconf 86' lang='lat' dir='ltr'><strong>itineris</strong></span> 
     </span>
    </p>
   </div>
   <div class='ocr_carea' id='block_1_92' title="bbox 1898 3535 3513 3620">
    <p class='ocr_par' dir='ltr' id='par_1_92' title="bbox 1898 3535 3513 3620">
     <span class='ocr_line' id='line_1_92' title="bbox 1898 3535 3513 3620; baseline 0.011 -30"><span class='ocrx_word' id='word_1_677' title='bbox 1898 3535 2195 3608; x_wconf 88' lang='lat' dir='ltr'><strong>longitudo,</strong></span> <span class='ocrx_word' id='word_1_678' title='bbox 2227 3553 2403 3610; x_wconf 89' lang='lat' dir='ltr'><strong>neque</strong></span> <span class='ocrx_word' id='word_1_679' title='bbox 2429 3542 2690 3611; x_wconf 90' lang='lat' dir='ltr'><strong>temporis</strong></span> <span class='ocrx_word' id='word_1_680' title='bbox 2718 3543 3069 3616; x_wconf 85' lang='lat' dir='ltr'><strong>intercapedo</strong></span> <span class='ocrx_word' id='word_1_681' title='bbox 3092 3548 3513 3620; x_wconf 84' lang='lat' dir='ltr'><strong>negligentiorcs</strong></span> 
     </span>
    </p>
   </div>
   <div class='ocr_carea' id='block_1_93' title="bbox 1898 3629 3513 3712">
    <p class='ocr_par' dir='ltr' id='par_1_93' title="bbox 1898 3629 3513 3712">
     <span class='ocr_line' id='line_1_93' title="bbox 1898 3629 3513 3712; baseline 0.011 -29"><span class='ocrx_word' id='word_1_682' title='bbox 1898 3629 2211 3696; x_wconf 89' lang='lat' dir='ltr'><strong>reddiderit,</strong></span> <span class='ocrx_word' id='word_1_683' title='bbox 2235 3631 2331 3686; x_wconf 90' lang='lat' dir='ltr'><strong>sed</strong></span> <span class='ocrx_word' id='word_1_684' title='bbox 2363 3633 2513 3702; x_wconf 89' lang='lat' dir='ltr'><strong>quasi</strong></span> <span class='ocrx_word' id='word_1_685' title='bbox 2541 3634 2704 3689; x_wconf 91' lang='lat' dir='ltr'><strong>vicini</strong></span> <span class='ocrx_word' id='word_1_686' title='bbox 2750 3637 2944 3692; x_wconf 89' lang='lat' dir='ltr'><strong>essetis</strong></span> <span class='ocrx_word' id='word_1_687' title='bbox 2986 3651 3175 3693; x_wconf 90' lang='lat' dir='ltr'><strong>eorum</strong></span> <span class='ocrx_word' id='word_1_688' title='bbox 3204 3656 3325 3710; x_wconf 61' lang='lat' dir='ltr'><strong>quae</strong></span> <span class='ocrx_word' id='word_1_689' title='bbox 3355 3659 3513 3712; x_wconf 83' lang='lat' dir='ltr'><strong>gere-</strong></span> 
     </span>
    </p>
   </div>
   <div class='ocr_carea' id='block_1_94' title="bbox 1898 3720 3516 3802">
    <p class='ocr_par' dir='ltr' id='par_1_94' title="bbox 1898 3720 3516 3802">
     <span class='ocr_line' id='line_1_94' title="bbox 1898 3720 3516 3802; baseline 0.01 -26"><span class='ocrx_word' id='word_1_690' title='bbox 1898 3720 2119 3789; x_wconf 88' lang='lat' dir='ltr'><strong>bantur,</strong></span> <span class='ocrx_word' id='word_1_691' title='bbox 2182 3733 2345 3795; x_wconf 89' lang='lat' dir='ltr'><strong>atque</strong></span> <span class='ocrx_word' id='word_1_692' title='bbox 2399 3724 2530 3802; x_wconf 70' lang='lat' dir='ltr'><strong>ipsis</strong></span> <span class='ocrx_word' id='word_1_693' title='bbox 2584 3727 2755 3782; x_wconf 89' lang='lat' dir='ltr'><strong>oculis</strong></span> <span class='ocrx_word' id='word_1_694' title='bbox 2798 3743 2858 3784; x_wconf 91' lang='lat' dir='ltr'><strong>ea</strong></span> <span class='ocrx_word' id='word_1_695' title='bbox 2889 3743 3010 3800; x_wconf 67' lang='lat' dir='ltr'><strong>quae</strong></span> <span class='ocrx_word' id='word_1_696' title='bbox 3065 3734 3516 3802; x_wconf 88' lang='lat' dir='ltr'><strong>perpetrabantur</strong></span> 
     </span>
    </p>
   </div>
   <div class='ocr_carea' id='block_1_95' title="bbox 1897 3795 3513 3901">
    <p class='ocr_par' dir='ltr' id='par_1_95' title="bbox 1897 3795 3513 3901">
     <span class='ocr_line' id='line_1_95' title="bbox 1897 3795 3513 3901; baseline 0.009 -30"><span class='ocrx_word' id='word_1_697' title='bbox 1897 3817 2107 3874; x_wconf 89' lang='lat' dir='ltr'><strong>scelera</strong></span> <span class='ocrx_word' id='word_1_698' title='bbox 2156 3795 2568 3890; x_wconf 66' lang='lat' dir='ltr'><strong>conspiceretis,</strong></span> <span class='ocrx_word' id='word_1_699' title='bbox 2618 3821 2689 3876; x_wconf 87' lang='lat' dir='ltr'><strong>ita</strong></span> <span class='ocrx_word' id='word_1_700' title='bbox 2731 3821 2941 3879; x_wconf 90' lang='lat' dir='ltr'><strong>fortiter</strong></span> <span class='ocrx_word' id='word_1_701' title='bbox 2981 3833 3345 3897; x_wconf 88' lang='lat' dir='ltr'><strong>strenueque,</strong></span> <span class='ocrx_word' id='word_1_702' title='bbox 3389 3844 3513 3901; x_wconf 72' lang='lat' dir='ltr'><strong>qua:</strong></span> 
     </span>
    </p>
   </div>
   <div class='ocr_carea' id='block_1_96' title="bbox 1897 3913 3512 3988">
    <p class='ocr_par' dir='ltr' id='par_1_96' title="bbox 1897 3913 3512 3988">
     <span class='ocr_line' id='line_1_96' title="bbox 1897 3913 3512 3988; baseline 0.009 -25"><span class='ocrx_word' id='word_1_703' title='bbox 1897 3919 2198 3966; x_wconf 91' lang='lat' dir='ltr'><strong>vestrarum</strong></span> <span class='ocrx_word' id='word_1_704' title='bbox 2225 3920 2381 3966; x_wconf 90' lang='lat' dir='ltr'><strong>erant</strong></span> <span class='ocrx_word' id='word_1_705' title='bbox 2408 3913 2662 3981; x_wconf 88' lang='lat' dir='ltr'><strong>partium,</strong></span> <span class='ocrx_word' id='word_1_706' title='bbox 2696 3923 2959 3984; x_wconf 72' lang='lat' dir='ltr'><strong>prmstare</strong></span> <span class='ocrx_word' id='word_1_707' title='bbox 2987 3917 3323 3973; x_wconf 89' lang='lat' dir='ltr'><strong>studueritis.</strong></span> <span class='ocrx_word' id='word_1_708' title='bbox 3357 3921 3512 3988; x_wconf 85' lang='lat' dir='ltr'><strong>Quod</strong></span> 
     </span>
    </p>
   </div>
   <div class='ocr_carea' id='block_1_97' title="bbox 1898 4002 3516 4080">
    <p class='ocr_par' dir='ltr' id='par_1_97' title="bbox 1898 4002 3516 4080">
     <span class='ocr_line' id='line_1_97' title="bbox 1898 4002 3516 4080; baseline 0.007 -23"><span class='ocrx_word' id='word_1_709' title='bbox 1898 4003 1943 4057; x_wconf 89' lang='lat' dir='ltr'><strong>si</strong></span> <span class='ocrx_word' id='word_1_710' title='bbox 1968 4002 2193 4058; x_wconf 87' lang='lat' dir='ltr'><strong>necdum</strong></span> <span class='ocrx_word' id='word_1_711' title='bbox 2223 4002 2546 4073; x_wconf 74' lang='lat' dir='ltr'><strong>importuna:</strong></span> <span class='ocrx_word' id='word_1_712' title='bbox 2573 4020 2684 4060; x_wconf 67' lang='lat' dir='ltr'><strong>suae</strong></span> <span class='ocrx_word' id='word_1_713' title='bbox 2705 4007 3038 4064; x_wconf 91' lang='lat' dir='ltr'><strong>contentioni</strong></span> <span class='ocrx_word' id='word_1_714' title='bbox 3061 4019 3116 4064; x_wconf 91' lang='lat' dir='ltr'><strong>et</strong></span> <span class='ocrx_word' id='word_1_715' title='bbox 3147 4010 3346 4080; x_wconf 88' lang='lat' dir='ltr'><strong>injusto</strong></span> <span class='ocrx_word' id='word_1_716' title='bbox 3372 4012 3516 4069; x_wconf 90' lang='lat' dir='ltr'><strong>bello</strong></span> 
     </span>
    </p>
   </div>
   <div class='ocr_carea' id='block_1_98' title="bbox 1899 4094 3511 4175">
    <p class='ocr_par' dir='ltr' id='par_1_98' title="bbox 1899 4094 3511 4175">
     <span class='ocr_line' id='line_1_98' title="bbox 1899 4094 3511 4175; baseline 0.008 -26"><span class='ocrx_word' id='word_1_717' title='bbox 1899 4094 2060 4150; x_wconf 90' lang='lat' dir='ltr'><strong>linem</strong></span> <span class='ocrx_word' id='word_1_718' title='bbox 2093 4095 2372 4164; x_wconf 89' lang='lat' dir='ltr'><strong>imponere</strong></span> <span class='ocrx_word' id='word_1_719' title='bbox 2413 4098 2628 4166; x_wconf 85' lang='lat' dir='ltr'><strong>volunt,</strong></span> <span class='ocrx_word' id='word_1_720' title='bbox 2660 4099 2750 4170; x_wconf 90' lang='lat' dir='ltr'><strong>qui</strong></span> <span class='ocrx_word' id='word_1_721' title='bbox 2796 4097 2986 4155; x_wconf 78' lang='lat' dir='ltr'><strong>herum</strong></span> <span class='ocrx_word' id='word_1_722' title='bbox 3029 4117 3060 4157; x_wconf 91' lang='lat' dir='ltr'><strong>a</strong></span> <span class='ocrx_word' id='word_1_723' title='bbox 3100 4104 3364 4175; x_wconf 90' lang='lat' dir='ltr'><strong>principio</strong></span> <span class='ocrx_word' id='word_1_724' title='bbox 3393 4122 3511 4162; x_wconf 86' lang='lat' dir='ltr'><strong>ma-</strong></span> 
     </span>
    </p>
   </div>
   <div class='ocr_carea' id='block_1_99' title="bbox 1896 4189 3510 4263">
    <p class='ocr_par' dir='ltr' id='par_1_99' title="bbox 1896 4189 3510 4263">
     <span class='ocr_line' id='line_1_99' title="bbox 1896 4189 3510 4263; baseline 0.007 -19"><span class='ocrx_word' id='word_1_725' title='bbox 1896 4189 2071 4246; x_wconf 91' lang='lat' dir='ltr'><strong>lorum</strong></span> <span class='ocrx_word' id='word_1_726' title='bbox 2100 4201 2350 4247; x_wconf 83' lang='lat' dir='ltr'><strong>auctores</strong></span> <span class='ocrx_word' id='word_1_727' title='bbox 2377 4191 2610 4258; x_wconf 87' lang='lat' dir='ltr'><strong>fuerunt,</strong></span> <span class='ocrx_word' id='word_1_728' title='bbox 2636 4209 2706 4250; x_wconf 90' lang='lat' dir='ltr'><strong>ne</strong></span> <span class='ocrx_word' id='word_1_729' title='bbox 2731 4209 2827 4249; x_wconf 90' lang='lat' dir='ltr'><strong>vos</strong></span> <span class='ocrx_word' id='word_1_730' title='bbox 2854 4199 3141 4256; x_wconf 89' lang='lat' dir='ltr'><strong>conturbet</strong></span> <span class='ocrx_word' id='word_1_731' title='bbox 3171 4199 3336 4263; x_wconf 90' lang='lat' dir='ltr'><strong>istud,</strong></span> <span class='ocrx_word' id='word_1_732' title='bbox 3371 4217 3510 4257; x_wconf 84' lang='lat' dir='ltr'><strong>neve</strong></span> 
     </span>
    </p>
   </div>
   <div class='ocr_carea' id='block_1_100' title="bbox 1900 4283 3512 4363">
    <p class='ocr_par' dir='ltr' id='par_1_100' title="bbox 1900 4283 3512 4363">
     <span class='ocr_line' id='line_1_100' title="bbox 1900 4283 3512 4363; baseline 0.008 -26"><span class='ocrx_word' id='word_1_733' title='bbox 1900 4283 2113 4338; x_wconf 90' lang='lat' dir='ltr'><strong>animos</strong></span> <span class='ocrx_word' id='word_1_734' title='bbox 2148 4291 2360 4340; x_wconf 88' lang='lat' dir='ltr'><strong>vestros</strong></span> <span class='ocrx_word' id='word_1_735' title='bbox 2398 4284 2681 4342; x_wconf 90' lang='lat' dir='ltr'><strong>debilitet:</strong></span> <span class='ocrx_word' id='word_1_736' title='bbox 2711 4297 2914 4358; x_wconf 90' lang='lat' dir='ltr'><strong>quanto</strong></span> <span class='ocrx_word' id='word_1_737' title='bbox 2955 4290 3098 4346; x_wconf 89' lang='lat' dir='ltr'><strong>enim</strong></span> <span class='ocrx_word' id='word_1_738' title='bbox 3143 4293 3316 4363; x_wconf 86' lang='lat' dir='ltr'><strong>major</strong></span> <span class='ocrx_word' id='word_1_739' title='bbox 3358 4297 3512 4352; x_wconf 66' lang='lat' dir='ltr'><strong>vobis</strong></span> 
     </span>
    </p>
   </div>
   <div class='ocr_carea' id='block_1_101' title="bbox 1897 4377 3508 4457">
    <p class='ocr_par' dir='ltr' id='par_1_101' title="bbox 1897 4377 3508 4457">
     <span class='ocr_line' id='line_1_101' title="bbox 1897 4377 3508 4457; baseline 0.007 -24"><span class='ocrx_word' id='word_1_740' title='bbox 1897 4377 2139 4433; x_wconf 82' lang='lat' dir='ltr'><strong>exoritur</strong></span> <span class='ocrx_word' id='word_1_741' title='bbox 2177 4377 2351 4445; x_wconf 91' lang='lat' dir='ltr'><strong>labor,</strong></span> <span class='ocrx_word' id='word_1_742' title='bbox 2397 4386 2548 4434; x_wconf 88' lang='lat' dir='ltr'><strong>tanto</strong></span> <span class='ocrx_word' id='word_1_743' title='bbox 2580 4380 2744 4436; x_wconf 85' lang='lat' dir='ltr'><strong>etiam</strong></span> <span class='ocrx_word' id='word_1_744' title='bbox 2789 4382 2961 4453; x_wconf 90' lang='lat' dir='ltr'><strong>major</strong></span> <span class='ocrx_word' id='word_1_745' title='bbox 2998 4400 3196 4441; x_wconf 88' lang='lat' dir='ltr'><strong>corona</strong></span> <span class='ocrx_word' id='word_1_746' title='bbox 3238 4397 3508 4457; x_wconf 90' lang='lat' dir='ltr'><strong>nectetur,</strong></span> 
     </span>
    </p>
   </div>
   <div class='ocr_carea' id='block_1_102' title="bbox 1897 4471 3502 4550">
    <p class='ocr_par' dir='ltr' id='par_1_102' title="bbox 1897 4471 3502 4550">
     <span class='ocr_line' id='line_1_102' title="bbox 1897 4471 3502 4550; baseline 0.009 -25"><span class='ocrx_word' id='word_1_747' title='bbox 1897 4485 2019 4526; x_wconf 92' lang='lat' dir='ltr'><strong>cum</strong></span> <span class='ocrx_word' id='word_1_748' title='bbox 2047 4471 2188 4527; x_wconf 88' lang='lat' dir='ltr'><strong>Deus</strong></span> <span class='ocrx_word' id='word_1_749' title='bbox 2225 4486 2421 4528; x_wconf 90' lang='lat' dir='ltr'><strong>arcana</strong></span> <span class='ocrx_word' id='word_1_750' title='bbox 2451 4472 2540 4528; x_wconf 88' lang='lat' dir='ltr'><strong>illa</strong></span> <span class='ocrx_word' id='word_1_751' title='bbox 2579 4485 2633 4529; x_wconf 90' lang='lat' dir='ltr'><strong>et</strong></span> <span class='ocrx_word' id='word_1_752' title='bbox 2677 4474 2989 4545; x_wconf 70' lang='lat' dir='ltr'><strong>ineffabilia,</strong></span> <span class='ocrx_word' id='word_1_753' title='bbox 3016 4495 3240 4550; x_wconf 62' lang='lat' dir='ltr'><strong>quicque</strong></span> <span class='ocrx_word' id='word_1_754' title='bbox 3284 4498 3502 4539; x_wconf 88' lang='lat' dir='ltr'><strong>omnem</strong></span> 
     </span>
    </p>
   </div>
   <div class='ocr_carea' id='block_1_103' title="bbox 1898 4564 3301 4637">
    <p class='ocr_par' dir='ltr' id='par_1_103' title="bbox 1898 4564 3301 4637">
     <span class='ocr_line' id='line_1_103' title="bbox 1898 4564 3301 4637; baseline 0.008 -20"><span class='ocrx_word' id='word_1_755' title='bbox 1898 4577 2206 4619; x_wconf 90' lang='lat' dir='ltr'><strong>sermonem</strong></span> <span class='ocrx_word' id='word_1_756' title='bbox 2229 4564 2522 4632; x_wconf 85' lang='lat' dir='ltr'><strong>excedunt,</strong></span> <span class='ocrx_word' id='word_1_757' title='bbox 2555 4567 2777 4637; x_wconf 64' lang='lat' dir='ltr'><strong>prtemia</strong></span> <span class='ocrx_word' id='word_1_758' title='bbox 2801 4568 2955 4624; x_wconf 87' lang='lat' dir='ltr'><strong>vobis</strong></span> <span class='ocrx_word' id='word_1_759' title='bbox 2991 4573 3301 4629; x_wconf 88' lang='lat' dir='ltr'><strong>constituet.</strong></span> 
     </span>
    </p>
   </div>
   <div class='ocr_carea' id='block_1_104' title="bbox 1971 4678 3434 4774">
    <p class='ocr_par' dir='ltr' id='par_1_104' title="bbox 1971 4678 3434 4774">
     <span class='ocr_line' id='line_1_104' title="bbox 1971 4678 3434 4774; baseline 0.008 -39"><span class='ocrx_word' id='word_1_760' title='bbox 1971 4678 2220 4735; x_wconf 81' lang='lat' dir='ltr'><strong>CLXXX</strong></span> <span class='ocrx_word' id='word_1_761' title='bbox 2224 4679 2251 4734; x_wconf 82' lang='grc'><strong><em>1</em></strong></span> <span class='ocrx_word' id='word_1_762' title='bbox 2259 4679 2288 4735; x_wconf 88' lang='grc'><em>1</em></span> <span class='ocrx_word' id='word_1_763' title='bbox 2295 4718 2311 4735; x_wconf 91' lang='grc'><strong>.</strong></span> <span class='ocrx_word' id='word_1_764' title='bbox 2373 4680 2586 4737; x_wconf 82' lang='lat' dir='ltr'><strong>Venerio</strong></span> <span class='ocrx_word' id='word_1_765' title='bbox 2635 4685 2874 4754; x_wconf 78' lang='lat' dir='ltr'><strong>episcopo</strong></span> <span class='ocrx_word' id='word_1_766' title='bbox 2918 4684 2973 4739; x_wconf 80' lang='grc' dir='ltr'><em>Μ</em></span> <span class='ocrx_word' id='word_1_767' title='bbox 2980 4688 3316 4774; x_wconf 46' lang='lat' dir='ltr'><strong>ediolanensi‘</strong></span> <span class='ocrx_word' id='word_1_768' title='bbox 3335 4692 3434 4763; x_wconf 79' lang='grc' dir='ltr'><strong>(α).</strong></span> 
     </span>
    </p>
   </div>
   <div class='ocr_carea' id='block_1_105' title="bbox 2515 4775 2895 4852">
    <p class='ocr_par' dir='ltr' id='par_1_105' title="bbox 2515 4775 2895 4852">
     <span class='ocr_line' id='line_1_105' title="bbox 2515 4775 2895 4852; baseline 0.005 -22"><span class='ocrx_word' id='word_1_769' title='bbox 2515 4775 2696 4848; x_wconf 87' lang='lat' dir='ltr'><strong>(Anno</strong></span> <span class='ocrx_word' id='word_1_770' title='bbox 2740 4779 2895 4852; x_wconf 69' lang='grc'>406.)</span> 
     </span>
    </p>
   </div>
   <div class='ocr_carea' id='block_1_106' title="bbox 1969 4907 3504 4987">
    <p class='ocr_par' dir='ltr' id='par_1_106' title="bbox 1969 4907 3504 4987">
     <span class='ocr_line' id='line_1_106' title="bbox 1969 4907 3504 4987; baseline 0.009 -25"><span class='ocrx_word' id='word_1_771' title='bbox 1969 4907 2170 4964; x_wconf 88' lang='lat' dir='ltr'><strong>Omnes</strong></span> <span class='ocrx_word' id='word_1_772' title='bbox 2195 4908 2412 4980; x_wconf 90' lang='lat' dir='ltr'><strong>quidem</strong></span> <span class='ocrx_word' id='word_1_773' title='bbox 2441 4909 2813 4968; x_wconf 90' lang='lat' dir='ltr'><strong>fortitudinem</strong></span> <span class='ocrx_word' id='word_1_774' title='bbox 2847 4924 3104 4982; x_wconf 80' lang='lat' dir='ltr'><strong>vestram,</strong></span> <span class='ocrx_word' id='word_1_775' title='bbox 3135 4931 3198 4972; x_wconf 88' lang='lat' dir='ltr'><strong>ac</strong></span> <span class='ocrx_word' id='word_1_776' title='bbox 3230 4917 3504 4987; x_wconf 89' lang='lat' dir='ltr'><strong>fiduciam,</strong></span> 
     </span>
    </p>
   </div>
   <div class='ocr_carea' id='block_1_107' title="bbox 1899 5003 3511 5075">
    <p class='ocr_par' dir='ltr' id='par_1_107' title="bbox 1899 5003 3511 5075">
     <span class='ocr_line' id='line_1_107' title="bbox 1899 5003 3511 5075; baseline 0.009 -19"><span class='ocrx_word' id='word_1_777' title='bbox 1899 5009 1951 5056; x_wconf 90' lang='lat' dir='ltr'><strong>et</strong></span> <span class='ocrx_word' id='word_1_778' title='bbox 1982 5017 2081 5072; x_wconf 92' lang='lat' dir='ltr'><strong>pro</strong></span> <span class='ocrx_word' id='word_1_779' title='bbox 2113 5003 2342 5059; x_wconf 84' lang='lat' dir='ltr'><strong>veritate</strong></span> <span class='ocrx_word' id='word_1_780' title='bbox 2380 5004 2632 5075; x_wconf 88' lang='lat' dir='ltr'><strong>loquendi</strong></span> <span class='ocrx_word' id='word_1_781' title='bbox 2675 5007 2977 5063; x_wconf 88' lang='lat' dir='ltr'><strong>libertatem</strong></span> <span class='ocrx_word' id='word_1_782' title='bbox 3010 5011 3170 5065; x_wconf 89' lang='lat' dir='ltr'><strong>etiam</strong></span> <span class='ocrx_word' id='word_1_783' title='bbox 3213 5022 3370 5068; x_wconf 89' lang='lat' dir='ltr'><strong>antea</strong></span> <span class='ocrx_word' id='word_1_784' title='bbox 3412 5031 3511 5070; x_wconf 84' lang='lat' dir='ltr'><strong>no—</strong></span> 
     </span>
    </p>
   </div>
   <div class='ocr_carea' id='block_1_108' title="bbox 1900 5094 3509 5173">
    <p class='ocr_par' dir='ltr' id='par_1_108' title="bbox 1900 5094 3509 5173">
     <span class='ocr_line' id='line_1_108' title="bbox 1900 5094 3509 5173; baseline 0.008 -27"><span class='ocrx_word' id='word_1_785' title='bbox 1900 5102 2127 5147; x_wconf 84' lang='lat' dir='ltr'><strong>verant:</strong></span> <span class='ocrx_word' id='word_1_786' title='bbox 2159 5094 2255 5148; x_wconf 88' lang='lat' dir='ltr'><strong>sed</strong></span> <span class='ocrx_word' id='word_1_787' title='bbox 2291 5097 2598 5152; x_wconf 88' lang='lat' dir='ltr'><strong>accuratius</strong></span> <span class='ocrx_word' id='word_1_788' title='bbox 2627 5097 2921 5153; x_wconf 88' lang='lat' dir='ltr'><strong>fraternum</strong></span> <span class='ocrx_word' id='word_1_789' title='bbox 2956 5110 3194 5156; x_wconf 89' lang='lat' dir='ltr'><strong>vestrum</strong></span> <span class='ocrx_word' id='word_1_790' title='bbox 3234 5119 3509 5173; x_wconf 89' lang='lat' dir='ltr'><strong>amorem,</strong></span> 
     </span>
    </p>
   </div>
   <div class='ocr_carea' id='block_1_109' title="bbox 1902 5185 3510 5263">
    <p class='ocr_par' dir='ltr' id='par_1_109' title="bbox 1902 5185 3510 5263">
     <span class='ocr_line' id='line_1_109' title="bbox 1902 5185 3510 5263; baseline 0.009 -25"><span class='ocrx_word' id='word_1_791' title='bbox 1902 5185 2203 5253; x_wconf 87' lang='lat' dir='ltr'><strong>caritatem,</strong></span> <span class='ocrx_word' id='word_1_792' title='bbox 2223 5187 2562 5259; x_wconf 86' lang='lat' dir='ltr'><strong>religionem,</strong></span> <span class='ocrx_word' id='word_1_793' title='bbox 2588 5190 2810 5244; x_wconf 89' lang='lat' dir='ltr'><strong>multam</strong></span> <span class='ocrx_word' id='word_1_794' title='bbox 2833 5188 3384 5263; x_wconf 81' lang='lat' dir='ltr'><strong>couimiserationenl,</strong></span> <span class='ocrx_word' id='word_1_795' title='bbox 3410 5200 3510 5252; x_wconf 76' lang='lat' dir='ltr'><strong>sol~</strong></span> 
     </span>
    </p>
   </div>
   <div class='ocr_carea' id='block_1_110' title="bbox 1903 5276 3506 5355">
    <p class='ocr_par' dir='ltr' id='par_1_110' title="bbox 1903 5276 3506 5355">
     <span class='ocr_line' id='line_1_110' title="bbox 1903 5276 3506 5355; baseline 0.01 -25"><span class='ocrx_word' id='word_1_796' title='bbox 1903 5276 2236 5333; x_wconf 90' lang='lat' dir='ltr'><strong>licitudinem</strong></span> <span class='ocrx_word' id='word_1_797' title='bbox 2286 5280 2652 5336; x_wconf 86' lang='lat' dir='ltr'><strong>Ecclesiarum</strong></span> <span class='ocrx_word' id='word_1_798' title='bbox 2689 5283 2793 5338; x_wconf 88' lang='lat' dir='ltr'><strong>hoc</strong></span> <span class='ocrx_word' id='word_1_799' title='bbox 2824 5292 3034 5355; x_wconf 89' lang='lat' dir='ltr'><strong>tempus</strong></span> <span class='ocrx_word' id='word_1_800' title='bbox 3072 5287 3343 5344; x_wconf 85' lang='lat' dir='ltr'><strong>indicavit.</strong></span> <span class='ocrx_word' id='word_1_801' title='bbox 3375 5290 3506 5346; x_wconf 83' lang='lat' dir='ltr'><strong>Nam</strong></span> 
     </span>
    </p>
   </div>
   <div class='ocr_carea' id='block_1_111' title="bbox 1904 5371 3508 5451">
    <p class='ocr_par' dir='ltr' id='par_1_111' title="bbox 1904 5371 3508 5451">
     <span class='ocr_line' id='line_1_111' title="bbox 1904 5371 3508 5451; baseline 0.011 -28"><span class='ocrx_word' id='word_1_802' title='bbox 1904 5371 2318 5441; x_wconf 85' lang='lat' dir='ltr'><strong>gubernatorem</strong></span> <span class='ocrx_word' id='word_1_803' title='bbox 2342 5389 2557 5444; x_wconf 84' lang='lat' dir='ltr'><strong>quoque</strong></span> <span class='ocrx_word' id='word_1_804' title='bbox 2585 5377 2749 5431; x_wconf 88' lang='lat' dir='ltr'><strong>maris</strong></span> <span class='ocrx_word' id='word_1_805' title='bbox 2778 5388 3068 5448; x_wconf 87' lang='lat' dir='ltr'><strong>tempestas</strong></span> <span class='ocrx_word' id='word_1_806' title='bbox 3099 5385 3396 5451; x_wconf 71' lang='lat' dir='ltr'><strong>prmsertilu</strong></span> <span class='ocrx_word' id='word_1_807' title='bbox 3421 5385 3474 5439; x_wconf 90' lang='lat' dir='ltr'><strong>iu</strong></span> <span class='ocrx_word' id='word_1_808' title='bbox 3493 5417 3508 5428; x_wconf 87' lang='lat'><strong>-</strong></span> 
     </span>
    </p>
   </div>
   <div class='ocr_carea' id='block_1_112' title="bbox 1903 5462 3506 5546">
    <p class='ocr_par' dir='ltr' id='par_1_112' title="bbox 1903 5462 3506 5546">
     <span class='ocr_line' id='line_1_112' title="bbox 1903 5462 3506 5546; baseline 0.011 -29"><span class='ocrx_word' id='word_1_809' title='bbox 1903 5462 2081 5527; x_wconf 90' lang='lat' dir='ltr'><strong>dicat,</strong></span> <span class='ocrx_word' id='word_1_810' title='bbox 2141 5475 2193 5518; x_wconf 88' lang='lat' dir='ltr'><strong>et</strong></span> <span class='ocrx_word' id='word_1_811' title='bbox 2258 5466 2520 5536; x_wconf 86' lang='lat' dir='ltr'><strong>Optimum</strong></span> <span class='ocrx_word' id='word_1_812' title='bbox 2578 5468 2841 5524; x_wconf 88' lang='lat' dir='ltr'><strong>medicum</strong></span> <span class='ocrx_word' id='word_1_813' title='bbox 2897 5473 3170 5541; x_wconf 82' lang='lat' dir='ltr'><strong>graviores</strong></span> <span class='ocrx_word' id='word_1_814' title='bbox 3219 5489 3506 5546; x_wconf 88' lang='lat' dir='ltr'><strong>corporum</strong></span> 
     </span>
    </p>
   </div>
   <div class='ocr_carea' id='block_1_113' title="bbox 1905 5555 3499 5633">
    <p class='ocr_par' dir='ltr' id='par_1_113' title="bbox 1905 5555 3499 5633">
     <span class='ocr_line' id='line_1_113' title="bbox 1905 5555 3499 5633; baseline 0.008 -23"><span class='ocrx_word' id='word_1_815' title='bbox 1905 5557 2078 5611; x_wconf 90' lang='lat' dir='ltr'><strong>morbi</strong></span> <span class='ocrx_word' id='word_1_816' title='bbox 2105 5575 2117 5609; x_wconf 91' lang='lat'><strong>:</strong></span> <span class='ocrx_word' id='word_1_817' title='bbox 2149 5555 2227 5612; x_wconf 88' lang='lat' dir='ltr'><strong>sic</strong></span> <span class='ocrx_word' id='word_1_818' title='bbox 2268 5567 2322 5613; x_wconf 89' lang='lat' dir='ltr'><strong>et</strong></span> <span class='ocrx_word' id='word_1_819' title='bbox 2363 5559 2510 5614; x_wconf 87' lang='lat' dir='ltr'><strong>illum</strong></span> <span class='ocrx_word' id='word_1_820' title='bbox 2553 5561 2642 5630; x_wconf 89' lang='lat' dir='ltr'><strong>qui</strong></span> <span class='ocrx_word' id='word_1_821' title='bbox 2702 5561 2955 5633; x_wconf 84' lang='lat' dir='ltr'><strong>religiose</strong></span> <span class='ocrx_word' id='word_1_822' title='bbox 2991 5565 3153 5620; x_wconf 82' lang='lat' dir='ltr'><strong>vitam</strong></span> <span class='ocrx_word' id='word_1_823' title='bbox 3200 5581 3354 5624; x_wconf 88' lang='lat' dir='ltr'><strong>suam</strong></span> <span class='ocrx_word' id='word_1_824' title='bbox 3395 5577 3499 5622; x_wconf 82' lang='lat' dir='ltr'><strong>tra-</strong></span> 
     </span>
    </p>
   </div>
   <div class='ocr_carea' id='block_1_114' title="bbox 1971 5729 3511 5806">
    <p class='ocr_par' dir='ltr' id='par_1_114' title="bbox 1971 5729 3511 5806">
     <span class='ocr_line' id='line_1_114' title="bbox 1971 5729 3511 5806; baseline 0.013 -30"><span class='ocrx_word' id='word_1_825' title='bbox 1971 5729 2046 5806; x_wconf 70' lang='lat' dir='ltr'><strong>(u)</strong></span> <span class='ocrx_word' id='word_1_826' title='bbox 2079 5733 2330 5806; x_wconf 53' lang='lat' dir='ltr'><strong>Venerius</strong></span> <span class='ocrx_word' id='word_1_827' title='bbox 2347 5733 2718 5806; x_wconf 64' lang='lat' dir='ltr'><strong>mediolanensis</strong></span> <span class='ocrx_word' id='word_1_828' title='bbox 2743 5737 2800 5806; x_wconf 81' lang='lat' dir='ltr'><strong>ad</strong></span> <span class='ocrx_word' id='word_1_829' title='bbox 2824 5739 3218 5806; x_wconf 78' lang='lat' dir='ltr'><strong>Chrysostomum</strong></span> <span class='ocrx_word' id='word_1_830' title='bbox 3249 5743 3511 5806; x_wconf 73' lang='lat' dir='ltr'><strong>scripsisse</strong></span> 
     </span>
    </p>
   </div>
   <div class='ocr_carea' id='block_1_115' title="bbox 1905 5789 3514 5867">
    <p class='ocr_par' dir='ltr' id='par_1_115' title="bbox 1905 5789 3514 5867">
     <span class='ocr_line' id='line_1_115' title="bbox 1905 5789 3514 5867; baseline 0.011 -27"><span class='ocrx_word' id='word_1_831' title='bbox 1905 5789 2064 5842; x_wconf 81' lang='lat' dir='ltr'><strong>fertur</strong></span> <span class='ocrx_word' id='word_1_832' title='bbox 2086 5794 2212 5856; x_wconf 88' lang='lat' dir='ltr'><strong>apud</strong></span> <span class='ocrx_word' id='word_1_833' title='bbox 2240 5795 2570 5867; x_wconf 63' lang='lat' dir='ltr'><strong>t‘alladiumin</strong></span> <span class='ocrx_word' id='word_1_834' title='bbox 2593 5806 2613 5842; x_wconf 86' lang='lat'><strong>\</strong></span> <span class='ocrx_word' id='word_1_835' title='bbox 2630 5789 2696 5867; x_wconf 78' lang='lat' dir='ltr'><strong>ita</strong></span> <span class='ocrx_word' id='word_1_836' title='bbox 2713 5789 3033 5865; x_wconf 63' lang='lat' dir='ltr'><strong>Chrysoslomi</strong></span> <span class='ocrx_word' id='word_1_837' title='bbox 3052 5789 3160 5867; x_wconf 77' lang='lat' dir='ltr'><strong>cap.</strong></span> <span class='ocrx_word' id='word_1_838' title='bbox 3174 5789 3232 5855; x_wconf 56' lang='grc' dir='ltr'><strong>ἶ.</strong></span> <span class='ocrx_word' id='word_1_839' title='bbox 3250 5789 3514 5858; x_wconf 35' lang='lat' dir='ltr'><strong>ill&#39;crc‘tla—nvt</strong></span> 
     </span>
    </p>
   </div>
   <div class='ocr_carea' id='block_1_116' title="bbox 1907 5862 3513 5934">
    <p class='ocr_par' dir='ltr' id='par_1_116' title="bbox 1907 5862 3513 5934">
     <span class='ocr_line' id='line_1_116' title="bbox 1907 5862 3513 5934; baseline 0.011 -28"><span class='ocrx_word' id='word_1_840' title='bbox 1907 5866 2316 5909; x_wconf 84' lang='lat' dir='ltr'><strong>commemoratur</strong></span> <span class='ocrx_word' id='word_1_841' title='bbox 2333 5871 2483 5921; x_wconf 86' lang='lat' dir='ltr'><strong>supra</strong></span> <span class='ocrx_word' id='word_1_842' title='bbox 2505 5862 2553 5910; x_wconf 91' lang='lat' dir='ltr'><strong>in</strong></span> <span class='ocrx_word' id='word_1_843' title='bbox 2575 5863 2722 5924; x_wconf 81' lang='lat' dir='ltr'><strong>epist.</strong></span> <span class='ocrx_word' id='word_1_844' title='bbox 2737 5862 3005 5916; x_wconf 79' lang='lat' dir='ltr'><strong>Innocentii</strong></span> <span class='ocrx_word' id='word_1_845' title='bbox 3031 5867 3090 5915; x_wconf 85' lang='lat' dir='ltr'><strong>ad</strong></span> <span class='ocrx_word' id='word_1_846' title='bbox 3108 5862 3513 5934; x_wconf 72' lang='lat' dir='ltr'><strong>Chrys-ostentum.</strong></span> 
     </span>
    </p>
   </div>
   <div class='ocr_carea' id='block_1_117' title="bbox 3055 5963 3125 6020">
    <p class='ocr_par' dir='ltr' id='par_1_117' title="bbox 3055 5963 3125 6020">
     <span class='ocr_line' id='line_1_117' title="bbox 3055 5963 3125 6020; baseline -0.014 0"><span class='ocrx_word' id='word_1_847' title='bbox 3055 5963 3125 6020; x_wconf 77' lang='lat'><strong>21</strong></span> 
     </span>
    </p>
   </div>
  </div>
