4152 6496
725 393 783 453 ’Ἠ
795 400 830 454 5

722 517 921 571 ducere
935 509 1158 574 studuit,
1177 521 1238 562 ac
1255 505 1415 561 multa
1438 502 1689 573 praeditus
1709 509 1791 556 est
1813 496 2143 562 fortitudine,
2169 502 2300 548 tem-

727 619 914 675 porum
962 600 1302 657 difﬁcultates
1356 596 1664 651 ostendunt.
1730 591 1883 660 Quod
1933 587 2084 644 vobis
2140 585 2300 641 etiam

730 697 971 767 contigit,
1000 706 1055 750 et
1083 699 1337 764 quantum
1367 690 1417 742 in
1442 688 1593 742 vobis
1620 685 1734 749 fuit,
1766 682 1944 736 omnia
1993 681 2126 733 bene
2175 691 2300 731 suc-

725 797 1022 853 cesserunt,
1045 798 1216 856 neque
1238 784 1346 837 ulla
1370 793 1489 850 pars
1509 777 1670 834 officii
1692 775 1853 830 vestri
1879 771 2178 828 desiderata
2197 776 2298 823 est.

729 881 835 938 Sed
865 879 1116 951 quoniam
1148 876 1223 931 illi
1250 874 1338 945 qui
1363 875 1544 928 turbas
1579 870 1909 932 excitarunt,
1942 875 1997 920 et
2033 863 2298 925 excitant,

723 988 795 1028 eo
838 971 1124 1028 dementire
1171 977 1296 1023 sunt
1347 963 1642 1036 progressi,
1688 970 1746 1015 ut
1783 974 1887 1014 non
1925 956 2086 1012 modo
2127 954 2301 1023 priora

724 1067 957 1138 gessisse
984 1065 1104 1119 illos
1129 1077 1234 1118 non
1262 1061 1473 1131 pudeat,
1503 1056 1596 1112 sed
1626 1055 1731 1109 illis
1759 1052 1917 1108 etiam
1938 1049 2183 1120 graviora
2213 1062 2302 1117 pa-

722 1171 870 1215 trare
889 1156 1216 1213 contendant
1237 1195 1252 1217 ,
1275 1166 1461 1207 omnes
1485 1163 1582 1204 vos
1605 1145 1764 1202 simul
1793 1146 2044 1198 cohortor
2062 1183 2078 1206 ,
2107 1150 2164 1193 ut
2189 1138 2300 1193 for-

729 1252 987 1306 tissimam
1040 1247 1365 1302 alacritatem
1415 1241 1578 1296 animi
1632 1235 1962 1295 adhibentis,
2016 1246 2188 1302 neque
2233 1229 2302 1285 de

725 1352 874 1398 tanto
897 1339 1073 1396 studio
1112 1337 1400 1408 quidquam
1443 1331 1754 1395 remittatis,
1920 1324 2046 1382 illud
2073 1322 2302 1394 amplius

724 1435 882 1490 etiam
919 1431 1188 1502 augeatis,
1235 1428 1361 1483 licet
1396 1427 1689 1483 innumera
1729 1419 2069 1477 difﬁcultates
2115 1431 2300 1471 occur-

731 1521 992 1591 rantPQui
1016 1525 1158 1578 enim
1189 1520 1429 1592 pluribus
1452 1533 1572 1572 cum
1613 1513 1894 1569 sudoribus
1933 1526 1995 1565 ac
2034 1508 2302 1563 laboribus

728 1631 975 1688 maguum
1003 1611 1216 1684 aliquod
1242 1626 1306 1666 ac
1328 1621 1645 1680 generosum
1674 1604 1877 1660 facinus
1898 1600 2144 1661 ediderit,
2174 1598 2302 1654 ube-

727 1712 921 1765 riorem
950 1707 1076 1771 illis,
1103 1705 1192 1777 qui
1215 1703 1374 1759 facile
1398 1717 1462 1756 ac
1493 1699 1641 1754 nullo
1669 1695 1884 1765 negotio
1924 1694 2152 1762 idipsum
2177 1705 2299 1761 ges-

727 1802 926 1866 serint,
976 1795 1275 1854 mercedem
1322 1792 1564 1861 accipiet.
1603 1786 1872 1859 Siquidem
1917 1783 2296 1855 Unusquisque,

729 1892 899 1963 inquit
939 1890 1124 1947 beatus
1170 1886 1385 1949 Paulus,
1435 1882 1695 1954 prapriam
1746 1878 2023 1932 mercedem
2057 1876 2298 1963 percipiet,

727 1980 1001 2038 secundum
1029 1978 1287 2050 praprium
1316 1973 1536 2028 laborem
1559 1973 1639 2040 (l.
1679 1970 1798 2026 Cor.
1825 1969 1878 2024 3.
1904 1968 1983 2036 8).
2033 1965 2110 2022 Ne
2147 1966 2302 2037 igitur

727 2074 927 2130 idcirco
949 2071 1188 2125 animum
1215 2066 1609 2138 despondeatis,
1638 2062 1781 2135 quod
1812 2060 1963 2116 multi
2000 2059 2153 2115 vobis
2190 2060 2302 2113 lue.

728 2167 834 2221 rint
857 2161 1157 2220 exantlandi
1190 2162 1417 2224 labores,
1447 2157 1541 2214 sed
1573 2159 1674 2210 hoc
1699 2158 1870 2225 ipsum
1897 2153 2064 2223 magis
2087 2165 2184 2207 vos
2210 2167 2304 2208 ex-

721 2259 877 2314 citet.
919 2255 1127 2324 Quanto
1171 2251 1313 2308 enim
1355 2251 1524 2320 major
1564 2247 1908 2304 afﬂictionum
1949 2245 2006 2300 lit
2045 2245 2304 2307 accessio.

717 2358 877 2402 ’tanto
919 2347 1085 2417 magis
1121 2354 1384 2416 augentur
1425 2356 1661 2406 coronae,
1701 2353 1764 2394 ac
1803 2336 2302 2406 multiplicanturea

731 2441 946 2510 praemia
968 2480 985 2507 ,
1013 2454 1132 2508 quae
1173 2438 1323 2492 vobis
1365 2450 1460 2507 pro
1496 2433 1580 2489 his
1625 2429 1891 2503 prxclaris
1927 2425 2306 2484 certaminibus

732 2531 1001 2588 recoudun
1008 2540 1110 2585 tur.

819 2664 1185 2724 CLXXXIII.
1238 2663 1488 2734 Hesychia
1531 2661 1766 2732 episcopo
1813 2657 2078 2714 Salonensi
2117 2653 2215 2726 (α).

1308 2755 1493 2824 (hante
1531 2752 1682 2821 ιοϐ.)

793 2891 918 2947 Etsi
949 2904 1144 2960 magno
1170 2888 1376 2944 itineris
1398 2886 1680 2942 intervallo
1705 2900 1735 2940 a
1762 2884 2060 2940 reverentia
2090 2892 2177 2938 tua
2198 2881 2306 2936 dis-

725 2983 1016 3053 iungimur,
1055 2990 1111 3036 et
1130 2979 1196 3034 ad
1216 2987 1490 3034 extremos
1518 2991 1685 3048 usque
1710 2976 1857 3031 orbis
1881 2985 2139 3031 terrarum
2175 2974 2307 3030 lines

731 3066 951 3146 relegati
986 3086 1205 3138 sumus;
1239 3082 1412 3127 tamen
1450 3070 1552 3125 levi
1583 3070 1822 3126 caritatis
1857 3084 2030 3140 penna
2075 3075 2306 3135 utentes,

729 3181 848 3234 qua:
878 3164 1058 3220 faciles
1081 3161 1260 3218 reddit
1284 3161 1545 3233 ejusmodi
1586 3159 2043 3231 peregrinationes
2063 3199 2078 3222 ,
2103 3168 2158 3214 et
2185 3174 2308 3230 pro-

731 3256 910 3329 pinqui
932 3270 1116 3310 sumus
1139 3253 1254 3319 tibi,
1277 3262 1331 3310 et
1355 3263 1525 3308 tecum
1555 3265 1850 3315 versamur,
1875 3264 1938 3304 ac
1957 3248 2189 3304 debitam
2213 3264 2308 3318 per

732 3348 914 3403 literas
938 3344 1310 3402 salutationem
1333 3342 1714 3412 persolvimus,
1733 3347 1899 3410 teque
1927 3340 2223 3403 hortamur,
2250 3346 2308 3393 ut

732 3439 797 3493 ad
823 3436 1082 3509 juvandas
1123 3435 1353 3492 Orientis
1395 3431 1664 3488 Ecclesias
1697 3430 2024 3486 conveniens
2075 3428 2305 3485 studium

731 3529 1005 3586 adhibeas.
1035 3526 1153 3584 Scis
1194 3525 1336 3581 enim
1365 3531 1559 3594 quanta
1588 3522 1658 3577 sit
1695 3529 1876 3592 parata
1907 3533 2113 3576 merces
2145 3519 2195 3575 ei
2217 3520 2306 3589 qui

733 3620 993 3701 (ﬁt-etatis
1022 3618 1270 3674 Ecclesiis
1289 3629 1508 3670 manum
1529 3612 1847 3684 porrexerit,
1875 3620 1928 3667 et
1954 3621 2152 3667 tantam
2178 3625 2301 3682 pro-

731 3712 922 3769 cellam
949 3711 1002 3767 in
1031 3710 1461 3782 tranquillitatem
1486 3706 1829 3772 converterit,
1859 3721 1921 3760 ac
1951 3705 2146 3760 bellum
2177 3705 2309 3760 adeo

731 3820 892 3876 grave
918 3803 1244 3860 restinxerit.
1276 3803 1448 3872 Atque
1487 3798 1553 3855 ad
1585 3799 1699 3854 haec
1726 3813 1822 3853 vos
1849 3797 2126 3876 hortamur
2149 3838 2164 3863 ,
2202 3810 2307 3850 non

732 3872 883 3968 quasi
908 3893 1271 3950 admonitione
1297 3904 1476 3948 nostra
1515 3891 1828 3963 indigeatis;
1858 3872 2119 3960 siquidem
2155 3899 2309 3942 ante-

725 4004 890 4060 quam
914 3998 1120 4041 nostras
1146 3987 1328 4040 literas
1347 3983 1709 4055 accepissetis,
1739 3998 1858 4053 quae
1883 3981 2047 4038 vestri
2077 3981 2312 4035 muneris

732 4089 912 4146 erant,
957 4079 1054 4148 ipsi
1090 4076 1416 4148 praestitistis
1461 4092 1476 4129 :
1521 4073 1614 4129 sed
1661 4073 1782 4144 quia
1832 4072 2066 4127 nondum
2107 4072 2310 4126 sublata

730 4181 858 4229 sunt
884 4171 1041 4236 mala,
1074 4169 1168 4225 sed
1195 4167 1366 4222 adhuc
1400 4166 1579 4238 vigent
1615 4175 1670 4222 et
1695 4175 1908 4236 urgent,
1936 4179 2149 4219 oramus
2174 4179 2269 4219 vos
2293 4207 2308 4230 ,

735 4273 794 4318 ut
833 4277 901 4318 ne
943 4261 1121 4317 animo
1167 4257 1496 4322 concidatis,
1539 4271 1711 4327 neque
1747 4255 1900 4310 malis
1937 4255 2176 4322 cedatis,
2216 4255 2311 4310 sed

734 4352 984 4425 quamdiu
1016 4359 1230 4406 manent
1257 4349 1434 4404 ulcera
1452 4390 1466 4411 ,
1495 4348 1685 4418 quibus
1726 4346 1980 4411 Ecclesiae
2008 4361 2201 4416 corpus
2229 4344 2312 4400 al-

738 4447 953 4517 ﬂigitur,
981 4453 1153 4500 vestra
1180 4442 1563 4498 medicamenta
1591 4439 1907 4495 adhibeatis.
1931 4439 2141 4508 Quanto
2170 4438 2312 4493 enim

740 4536 978 4608 pluribus
1003 4550 1123 4589 cunt
1145 4533 1415 4588 laboribus
1442 4542 1825 4602 resgeruntnr,
1853 4541 2000 4587 tanto
2029 4533 2177 4588 vobis
2203 4547 2315 4587 am-

743 4629 880 4697 plior
905 4625 1065 4680 etiam
1094 4639 1303 4679 merces
1330 4623 1702 4678 constituetur.

739 4758 1015 4816 CLXXXI
1033 4757 1093 4813 V.
1111 4757 1393 4814 Gaudentio
1412 4759 1645 4828 episcopo
1656 4754 1900 4812 Brixiano
1919 4758 2018 4828 (ὁ).
2046 4759 2243 4829 (Anno,
2263 4771 2321 4817 ut

1341 4858 1570 4920 putatur,
1601 4850 1752 4920 406.)

811 4986 953 5042 Nihil
980 5000 1078 5042 nos
1112 4985 1241 5041 latet
1268 5000 1446 5042 rerum
1481 4993 1713 5052 tuarum,
1743 4983 1838 5039 sed
1881 4994 2144 5057 tamquam
2187 5004 2319 5058 prat-

743 5088 924 5134 sentcs
964 5077 1131 5148 probe
1170 5076 1418 5132 novimus
1460 5076 1692 5131 studium
1737 5086 1917 5139 tuum,
1969 5079 2315 5149 vigilantiam,

746 5187 924 5238 curas,
957 5171 1166 5226 labores
1208 5183 1342 5238 quos
1383 5184 1481 5238 pro
1517 5170 1743 5224 veritate
1787 5171 2092 5240 snsu-pisti,
2123 5173 2320 5243 tibique

750 5268 993 5336 ingentes
1016 5263 1214 5334 gratias
1248 5263 1452 5331 agimus
1481 5279 1493 5312 :
1535 5276 1708 5331 neque
1746 5262 2067 5318 mediocrem
2096 5264 2148 5319 in
2178 5274 2319 5345 taqta

748 5359 1003 5429 degentes
1029 5355 1314 5412 solitudine
1342 5355 1759 5410 consolationem
1809 5354 2083 5412 haurimus
2120 5375 2183 5414 ex
2218 5368 2320 5414 tute

746 5449 984 5504 caritatis
1007 5445 1198 5501 ardore
1231 5460 1294 5499 ac
1336 5445 1659 5512 sinceritate,
1700 5445 1870 5514 Cujus,
1897 5447 2022 5501 dum
2064 5449 2149 5504 hic
2179 5452 2319 5520 peri-

733 5541 922 5596 .rnlum
969 5537 1220 5602 fecimus,
1253 5537 1371 5591 istic
1414 5551 1627 5607 quoque
1657 5540 1914 5606 integram
1965 5538 2108 5594 illam
2147 5541 2320 5611 vigere

812 5650 882 5718 _(a)
921 5649 1180 5719 Hesychius
1215 5647 1494 5719 Salonensis
1530 5650 1783 5719 episcopus
1821 5649 1906 5701 ille
1947 5659 2140 5712 putatur
2179 5667 2319 5719 esse,

752 5713 887 5772 cujus
909 5711 1070 5760 exstat
1087 5711 1461 5759 commentarius
1483 5711 1530 5772 in
1549 5711 1824 5760 Leviticum.

816 5771 890 5834 (li)
913 5772 1162 5822 Gaudentii
1186 5772 1391 5835 Brixiani
1414 5771 1625 5835 episcopi
1646 5779 1837 5835 exstant
1857 5787 2112 5826 sermones
2133 5779 2180 5830 in
2205 5787 2322 5834 Exo-

754 5830 942 5884 ωτι
965 5835 1012 5883 iu
1034 5830 1309 5897 Evangelia,
1333 5830 1481 5897 atque
1501 5830 1597 5885 alia
1617 5833 1836 5900 quadam
1856 5838 2102 5902 opuscula.
2214 5862 2221 5870 -

1447 387 1507 444 8.
1549 378 1822 444 JOANNIS
1858 369 2329 438 CIIRYSOSTOII
2368 367 2683 436 AﬂCillEP.
2722 375 3262 440 CONSTANTLNOP.

3898 367 3998 421 7H3

2409 495 2774 564 cognovimus,
2803 506 2902 549 nec
2928 485 3035 548 ullo
3051 492 3213 547 modo
3231 500 3322 546 ant
3345 492 3602 562 temporis
3622 491 3990 550 diuturnitate

2405 594 2497 640 aut
2542 585 2745 640 itineris
2789 585 3115 654 longitudine
3140 585 3466 640 debilitatam
3508 584 3694 640 fuisse.
3741 583 3869 652 Quo
3906 599 4002 638 no-

2412 675 2554 729 mine
2579 675 2798 731 multam
2826 675 2919 730 tibi
2948 675 3170 745 gratiam
3197 673 3476 739 habemus,
3505 684 3664 744 teque
3693 674 4003 740 hortamur,

2407 778 2465 822 ut
2522 769 2576 822 in
2632 768 2873 822 instituto
2908 782 3131 838 pergas,
3190 777 3245 822 et
3285 767 3425 822 idem
3482 781 3702 837 semper
3757 768 4004 822 sardium

2408 876 2518 930 pra:
2548 869 2601 916 te
2641 861 2801 916 feras.
2850 859 2966 915 Non
2991 861 3135 916 enim
3174 860 3407 930 ignoras,
3451 869 3582 931 quot
3625 858 4001 915 Ecclesiarum

2407 952 2554 1006 salus
2581 967 2721 1006 nunc
2740 959 2923 1022 agatur
2944 993 2959 1018 ,
2980 959 3036 1007 et
3063 966 3220 1021 quam
3247 951 3500 1006 eximium
3531 951 3768 1006 futurum
3799 950 3876 1005 sit
3902 949 4002 1005 hoc

2406 1061 2561 1115 opus.
2592 1045 2715 1101 iitec
2745 1047 2901 1117 igitur
2920 1045 3180 1115 cogitans,
3202 1043 3420 1098 domine
3447 1044 3519 1098 mi
3545 1042 4000 1099 revereudissinie

2405 1152 2469 1192 ac
2499 1137 2931 1207 religiosissime,
2963 1137 3015 1191 in
3056 1135 3246 1191 eodem
3289 1134 3468 1190 studio
3510 1149 3867 1205 perseverare
3917 1135 3998 1188 di-

2405 1243 2569 1299 gnare
2602 1247 2614 1282 :
2641 1228 2718 1284 sic
2744 1227 2885 1284 enim
2911 1228 3021 1292 lict,
3053 1237 3110 1282 ut
3137 1227 3342 1298 exiguis
3367 1227 3643 1302 laboribus
3680 1227 3994 1293 exantiatis,

2408 1322 2729 1377 immortalia
2775 1322 2926 1378 vobis
2951 1337 3051 1394 pro
3095 1321 3180 1376 his
3208 1321 3480 1392 praeclaris
3518 1318 3910 1377 certaminibm
3944 1316 3995 1375 in

2404 1413 2536 1466 ca-lo
2568 1415 2782 1482 przemia
2820 1413 3142 1469 recondatis.

2474 1549 2792 1606 CLXXXV.
2843 1551 3106 1607 ρεηιαιιίω
3141 1553 3457 1610 άεαιοηίω.
3494 1552 3676 1627 (Anno
3709 1553 3838 1620 tos,
3869 1562 3926 1608 ut

3063 1645 3326 1717 putatur.)

2476 1779 2738 1835 Diuturno
2758 1779 2972 1835 silentio
2993 1795 3086 1835 usa
3110 1794 3189 1843 es,
3212 1778 3421 1834 tametsi
3447 1778 3599 1834 multi
3624 1786 3780 1834 erant
3806 1778 3901 1850 qui
3923 1777 3989 1833 ad

2404 1886 2503 1927 nos
2525 1871 2680 1928 istinc
2696 1870 3178 1941 proﬁciscerentur.
3197 1869 3332 1939 Quid
3357 1885 3484 1941 ergo
3506 1870 3724 1925 tandem
3747 1870 3798 1925 in
3828 1885 3987 1925 cassa

2406 1963 2540 2020 fuit?
2567 1979 2694 2018 num
2729 1977 2909 2018 rerum
2937 1961 3296 2032 perturbatio?
3331 1961 3518 2026 Absit;
3558 1960 3661 2016 hoc
3692 1976 3796 2032 ego
3839 1960 3908 2016 de
3944 1970 3995 2016 te

2405 2069 2691 2125 numquam
2712 2053 2936 2108 dixerim
2964 2071 2977 2107 :
3008 2052 3130 2108 novi
3151 2052 3345 2123 quippe
3369 2066 3615 2123 magnum
3643 2064 3697 2108 et
3722 2054 3994 2110 excelsum

2406 2147 2640 2200 animum
2670 2155 2836 2210 tuum,
2858 2145 2947 2216 qui
2988 2145 3070 2201 vel
3097 2145 3148 2199 in
3178 2145 3357 2200 multis
3387 2145 3790 2216 tempestatibus
3823 2154 3996 2215 potest

2408 2237 2712 2295 felicissime
2737 2239 3012 2309 navigare,
3045 2246 3204 2308 atque
3243 2237 3296 2292 in
3338 2237 3528 2292 mediis
3559 2237 3812 2294 ﬂuetibus
3844 2250 3993 2294 trau-

2408 2332 2667 2402 quillitate
2695 2346 2880 2401 magna
2921 2329 3042 2384 frui.
3088 2329 3143 2383 ld
3174 2344 3301 2384 vero
3332 2339 3385 2384 tu
3417 2330 3576 2386 rebus
3605 2331 3742 2401 ipsis
3768 2332 3996 2387 demou-

2406 2423 2608 2490 strasti,
2628 2431 2945 2492 tuorumque
2969 2421 3150 2476 nuntia
3177 2433 3323 2476 recte
3339 2419 3598 2476 factorum
3625 2421 3692 2476 ad
3723 2433 3995 2478 tumemus

2408 2529 2576 2584 usque
2605 2512 2738 2568 lines
2762 2513 2906 2568 orbis
2935 2521 3197 2566 terrarum
3223 2511 3359 2566 fama
3383 2513 3645 2580 pervenit,
3672 2522 3732 2568 et
3757 2513 3994 2567 omnium

2408 2620 2502 2660 ore
2541 2603 2793 2670 laudaris,
2835 2600 2975 2674 quod
3014 2617 3136 2656 cum
3169 2601 3222 2655 in
3249 2616 3355 2656 uno
3396 2601 3684 2656 mwituta
3734 2602 3811 2658 sis
3858 2603 3992 2666 loco,

2409 2697 2566 2767 longe
2607 2696 2822 2751 dissitas
2864 2695 3062 2750 excites
3101 2702 3188 2748 tua
3227 2693 3442 2763 pietate,
3495 2703 3655 2764 atque
3704 2694 3995 2750 alacriores

2409 2787 2631 2842 cflicias.
2658 2787 2911 2855 Qumnam
2957 2785 3114 2856 igitur
3150 2793 3420 2840 estcausa
3460 2784 3993 2856 silentii'I-Equidctn

2410 2878 2590 2935 dicere
2616 2879 2834 2934 minime
2861 2893 3096 2948 possum.
3119 2877 3285 2932 Tuam
3313 2887 3490 2933 autem
3520 2893 3619 2933 oro
3658 2881 3991 2944 suavitatem.

2413 2983 2470 3028 ut
2489 2987 2585 3044 per
2615 2987 2742 3028 eum
2767 2971 2859 3042 qui
2879 2971 3060 3026 literas
3083 2971 3262 3042 pietati
3290 2980 3392 3025 tua:
3425 2971 3594 3026 tradet
3620 2972 3674 3026 in
3701 2987 3913 3039 manus,
3933 2951 3994 3028 de

2414 3077 2501 3123 tua
2525 3066 2848 3131 valetudine,
2879 3065 3257 3136 tranquillitate
3285 3064 3448 3118 animi
3472 3080 3536 3119 ac
3559 3065 3854 3121 securitate
3879 3080 3990 3121 cum

2413 3171 2522 3228 tua,
2547 3169 2656 3214 tum
2684 3159 2949 3214 universe
2985 3157 3178 3212 domus
3206 3166 3333 3219 tuae,
3359 3158 3620 3212 certiores
3655 3172 3756 3213 nos
3786 3158 3946 3214 facias
3979 3175 3989 3212 :

2410 3261 2469 3308 ut
2497 3253 2620 3307 licet
2657 3259 2803 3305 tanto
2841 3264 2872 3303 a
2903 3258 2954 3304 te
2983 3247 3263 3304 intervallo
3307 3250 3560 3317 sejunctl,
3603 3258 3767 3319 atque
3803 3249 3859 3305 in
3896 3261 3992 3305 tam
4087 3292 4096 3302 .

2411 3343 2632 3398 molesta
2661 3340 2918 3412 degentes
2936 3338 3244 3406 solitudine,
3286 3339 3512 3393 multum
3550 3354 3617 3394 ex
3647 3339 3907 3410 ejusmodi
3932 3341 3992 3396 li-

2411 3435 2540 3490 teris
2565 3432 2920 3504 percipiamus
2947 3429 3216 3485 solatium.

2605 3565 2850 3622 CLXXX
2868 3565 2960 3620 VI.
2995 3567 3198 3636 Alypio.
3231 3564 3465 3634 (Cucuso
3493 3580 3636 3621 anno
3659 3567 3814 3638 ιω.)

2486 3701 2565 3755 Tu
2586 3699 2804 3770 quidem
2832 3699 3033 3754 veritus
3055 3713 3135 3762 es.
3165 3714 3252 3764 ne,
3288 3698 3429 3769 quod
3467 3699 3614 3770 prior
3637 3699 3706 3756 ad
3739 3717 3840 3758 nos
3874 3704 3992 3760 serio

2416 3795 2635 3864 psisses,
2683 3793 2736 3846 in
2778 3791 3215 3862 praecipitationis
3258 3791 3730 3861 reprehensionem
3771 3794 3991 3850 incum-

2418 3901 2548 3940 rcs:
2583 3886 2711 3956 ipsis
2745 3886 2886 3940 enim
2930 3884 3033 3939 tuis
3077 3892 3198 3939 utar
3237 3883 3442 3950 verbis;
3479 3900 3580 3957 ego
3623 3902 3755 3942 vero
3802 3897 3988 3944 tantum

2416 3981 2588 4047 abest,
2613 3989 2670 4034 ut
2696 3979 2915 4050 hujusce
2935 3980 3012 4035 rei
3043 3979 3132 4035 tibi
3150 3981 3417 4037 actionem
3439 3981 3736 4052 intendam,
3761 3994 3819 4039 ut
3843 3986 3988 4041 etiam

2419 4071 2754 4142 negligentiae
2792 4080 3007 4142 propter
3049 4070 3349 4126 tarditatem
3398 4082 3450 4128 te
3491 4088 3764 4142 accusem,
3801 4087 3858 4133 et
3892 4094 3989 4133 ant-

2418 4164 2554 4234 plius
2573 4161 2698 4218 ante
2717 4162 2997 4228 laudarim,
3030 4177 3151 4218 cum
3182 4163 3329 4233 prior
3357 4163 3538 4220 literas
3573 4165 3641 4220 ad
3692 4182 3794 4223 nos
3833 4169 3989 4224 misis-

2416 4271 2523 4312 ses.
2557 4258 2729 4326 Atque
2758 4255 2862 4310 hoc
2887 4269 2985 4325 ego
3009 4254 3152 4322 dico,
3181 4265 3240 4308 ut
3265 4263 3352 4310 tua
3385 4257 3552 4327 ipsius
3570 4259 3838 4314 sententia
3861 4259 3925 4314 ad
3946 4261 3989 4314 id

2417 4349 2867 4420 comprobandum
2897 4356 3017 4403 utar
3048 4365 3061 4402 :
3093 4347 3170 4404 sic
3195 4349 3336 4404 enim
3363 4347 3564 4413 dixisti,
3607 4351 3712 4406 hoc
3737 4354 3987 4424 praecipue

2417 4440 2780 4513 propensioris
2805 4454 2926 4495 esse
2955 4438 3226 4506 amicitiae,
3268 4451 3327 4494 ut
3363 4441 3530 4495 etiam
3559 4450 3801 4500 tacentes
3838 4445 3990 4500 literis

2420 4537 2766 4605 appellemus.
2795 4533 3020 4602 Quando
3047 4533 3206 4604 igitur
3224 4542 3278 4589 et
3302 4533 3738 4604 pracipitationis
3757 4551 3823 4592 ac
3841 4548 3990 4594 teme-

2423 4627 2590 4682 ritatis
2619 4637 2791 4682 metus
2813 4624 2897 4681 est
2919 4634 3222 4694 exemptus,
3263 4640 3369 4695 quo
3392 4625 3508 4680 sine
3540 4641 3703 4681 causa
3730 4639 3991 4700 correptus

2427 4719 2624 4784 fueras,
2653 4726 2708 4773 et
2729 4718 2829 4772 hoc
2857 4717 3031 4786 ipsum
3052 4715 3272 4786 majoris
3294 4716 3546 4773 indicium
3567 4717 3809 4775 caritatis
3830 4730 3990 4776 osten-

2423 4826 2541 4866 sum
2571 4820 2674 4874 est,
2707 4810 2972 4881 ingentem
2999 4807 3066 4862 ad
3093 4822 3192 4863 nos
3217 4807 3472 4878 deinceps
3500 4810 3777 4866 literarum
3800 4813 3988 4884 copiam

2425 4904 2594 4958 mitte.
2621 4899 2737 4956 Non
2759 4900 2900 4955 enim
2933 4909 2985 4955 te
3012 4898 3144 4970 fugit
3165 4913 3273 4970 quo
3296 4900 3486 4956 animo
3500 4916 3626 4972 erga
3658 4911 3806 4959 tuam
3835 4905 3990 4960 suavi-

2426 5006 2588 5052 tatem
2613 4993 2788 5050 alfecti
2815 5005 2869 5050 et
2891 4993 3164 5063 fuerimus,
3193 5004 3246 5050 et
3270 4996 3456 5050 simus.
3485 4996 3617 5051 Nam
3645 4995 3771 5053 licet
3793 4999 3848 5054 in
3869 4998 3990 5054 hunc

2425 5089 2848 5145 desertissimum
2893 5089 3066 5143 locum
3105 5088 3323 5159 relegati
3369 5090 3572 5155 simus,
3602 5090 3733 5146 licet
3756 5091 3827 5147 ad
3865 5092 3990 5164 ipsos

2426 5182 2572 5237 orbis
2602 5194 2862 5236 terrarum
2891 5181 3102 5235 ultimos
3128 5183 3276 5245 lines,
3303 5182 3527 5237 sincera:
3557 5192 3661 5238 tua:
3688 5185 3988 5258 minimeque

2427 5274 2615 5329 fucata:
2639 5274 2876 5330 caritatis
2901 5273 3139 5329 oblivisci
3177 5289 3283 5329 non
3321 5289 3626 5344 possumus,
3656 5276 3754 5332 sed
3791 5279 3988 5350 singulis

2426 5368 2614 5425 diebus
2639 5367 2782 5422 illam
2814 5376 2992 5422 mente
3017 5382 3230 5422 versare
3249 5382 3356 5423 non
3375 5367 3694 5437 desinimus,
3717 5371 3989 5443 animasque

2429 5473 2531 5518 tua:
2563 5465 2785 5516 virtutes
2812 5460 3176 5515 recordatione
3205 5461 3358 5516 nobis
3383 5460 3656 5532 effingere.
3687 5464 3768 5519 Ac
3786 5479 3987 5535 cupere-

2428 5572 2545 5611 mus
2570 5553 2784 5624 quidem
2812 5554 3050 5608 crebrius
3073 5552 3138 5607 ad
3167 5568 3261 5608 vos
3289 5553 3526 5609 scribere
3562 5571 3576 5608 :
3622 5556 3719 5611 sed
3761 5557 3987 5626 quoniam

2430 5650 2480 5704 id
2508 5649 2658 5702 nobis
2683 5657 2766 5702 est
2790 5645 3019 5710 diflicilc,
3051 5647 3192 5716 quia
3223 5645 3374 5701 vobis
3397 5645 3534 5702 adeo
3553 5647 3787 5718 sejuncli
3806 5663 3984 5713 sumus.

2433 5743 2583 5797 vobis
2608 5747 2786 5795 autem
2811 5738 3076 5808 perfacile,
3107 5738 3382 5794 hortamur
3397 5755 3514 5809 vos,
3537 5748 3598 5796 ut
3613 5739 3912 5812 frequentes
3933 5741 3987 5794 ad

2431 5849 2529 5893 nos
2551 5833 2733 5892 literas
2766 5829 2833 5888 de
2873 5840 3046 5889 vestra
3079 5829 3344 5902 totiuSque
3372 5826 3568 5882 domus
3594 5833 3792 5885 vestra
3819 5828 3992 5887 valeto.
