4218 6496
268 463 380 522 715

269 585 368 641 καὶ
402 582 496 637 τδν
527 582 587 636 ἐν
616 579 876 653 εὐλαϐείᾳ
908 581 1012 652 ζῇν
1058 569 1430 633 ἐσπουδακότα
1449 617 1466 642 ,
1519 579 1614 632 καὶ
1659 579 1860 649 πολλὴν

268 673 466 746 έχοντα
497 672 776 744 ἀνδρείαν,
811 675 846 744 ἡ
871 671 981 724 τῶν
1007 669 1219 742 καιρῶν
1247 670 1526 724 δυσκολία.
1565 671 1630 723 Ὀ
1671 669 1739 739 δὴ
1771 671 1867 722 καί

268 766 358 836 ἐφ’
388 766 548 837 ὑμῶν·
577 767 790 834 γέγονε,
824 763 918 818 καὶ
947 765 1009 819 τό
1040 779 1106 832 γε
1133 763 1400 835 ὑμέτερον
1431 763 1620 833 μέρος,
1646 762 1866 816 ἅπαντα

266 856 593 929 διώρθωται,
617 856 711 908 καὶ
737 855 890 909 οὐδὲν
912 855 1276 910 ἐλλέλειπται.
1313 855 1437 908 Ἀλλ
1480 853 1668 925 ἐπειδὴ
1695 855 1744 907 οί
1766 853 1865 917 τὰς

265 949 520 1019 ταραχάς
559 948 656 1002 καὶ
696 948 950 1012 τεκόντές
975 949 1069 1003 καὶ
1101 947 1381 1012 τίκτοντες
1407 949 1490 1012 εἰς
1517 946 1678 1001 τοῦτο
1706 944 1862 1019 [703]

264 1033 434 1110 ἦλθον
464 1037 788 1109 παρανοίας,
840 1037 916 1101 ὡς
967 1038 1045 1109 μή
1091 1038 1253 1108 μόνον
1308 1038 1383 1110 μὴ
1424 1036 1864 1107 ἐγκαλύπτεσθαι

266 1130 385 1192 τοῖς
433 1127 746 1200 προτέροις,
795 1127 934 1181 ἀλλά
965 1130 1062 1182 καὶ
1098 1127 1538 1198 ἐπαγωνίζεσθαι
1597 1127 1860 1193 ἐκείνοις,

268 1219 575 1290 παρακαλῶ
606 1221 759 1290 κοινῇ
792 1220 1004 1283 πάντας
1045 1219 1202 1290 ὑμῶν
1227 1219 1685 1291 ἐρῤωμενεστάτῃ
1727 1219 1862 1290 χρή-

270 1308 471 1363 σασθαι
492 1310 560 1379 τῇ
591 1309 892 1380 προθυμίᾳ,
916 1307 1010 1362 καὶ
1046 1309 1121 1380 μὴ
1144 1309 1444 1364 καταλῦσαι
1465 1309 1566 1380 τήν
1589 1310 1862 1380 τοσαύτην

269 1401 532 1471 σπουδὴν,
562 1401 699 1454 ἀλλά
724 1401 818 1455 καὶ
839 1400 1189 1471 προστιθέναι
1216 1401 1503 1471 μειζόνως,
1531 1401 1636 1456 κᾶν
1669 1402 1861 1473 μυρίαι
1915 1436 1924 1444 -

265 1491 549 1562 δυσκολίαι
600 1490 1199 1564 παρεμπίπτωσινμοί
1251 1492 1362 1564 γάρ
1403 1493 1542 1563 μετά
1594 1491 1862 1546 πλειόνων

271 1579 514 1652 ἱδρώτων
547 1581 641 1635 καὶ
671 1581 851 1636 πόνων
881 1581 1025 1652 μέγα
1054 1599 1106 1634 τι
1137 1582 1232 1636 καὶ
1259 1585 1506 1648 γενναῖον
1533 1581 1864 1654 κατορθοῦν-

264 1689 382 1736 τες,
407 1672 520 1726 τῶν
549 1673 749 1744 ῥᾳδίως
775 1676 867 1728 καὶ
909 1674 1026 1745 μετ’
1058 1674 1313 1737 εὐκολίας
1357 1674 1517 1728 τοῦτο
1560 1676 1860 1730 ποιούντων

266 1763 492 1818 πλείονα
518 1763 777 1835 λήψονται
804 1765 896 1819 16v
920 1765 1133 1834 μισθόν.
1164 1766 1472 1832 Ἕκαστος
1499 1767 1631 1838 γὰρ,
1649 1767 1814 1837 φησὶν
1833 1769 1861 1821 6

269 1857 543 1927 μακάριος
575 1856 806 1921 Παῦλος,
833 1857 942 1911 τὸν
962 1857 1121 1910 ῖδιον
1150 1856 1370 1925 μισθὸν
1399 1857 1682 1926 λήψεται,
1713 1859 1863 1914 κατὰ

264 1947 378 2002 τὸν
411 1947 568 2001 ιδιον
595 1950 809 2003 κόπον.
862 1949 954 2019 Μή
994 1951 1177 2003 τοίνυθ
1221 1949 1283 2004 τὺ
1316 1949 1485 2004 πολλά
1518 1952 1860 2021 κεκμηκέναι

263 2038 492 2094 ποιείτω
521 2041 667 2111 ὑμᾶς
695 2040 1084 2113 ἀπαγορεύειν·
1124 2042 1241 2095 ἀλλ’
1270 2041 1405 2096 αύτό
1441 2042 1505 2116 δὴ
1531 2042 1691 2097 τοῦτο
1715 2043 1861 2115 μᾶλ-

261 2129 359 2184 λον
380 2130 716 2204 διεγειρέτω.
743 2133 895 2203 Ὀσῳ
913 2131 1023 2203 γάρ
1051 2133 1117 2186 ἂν
1141 2133 1462 2204 προσθήκην
1480 2133 1620 2205 λάϐῃ
1651 2133 1722 2188 τὰ
1749 2134 1862 2189 τῶν

265 2223 616 2292 πειρασμῶν,
647 2220 888 2294 τοσούτῳ
928 2222 1130 2293 μᾶλλον
1163 2222 1386 2289 αὔξεται
1411 2225 1480 2278 τά
1515 2223 1626 2277 τῶν
1658 2226 1862 2295 στεφά-

263 2328 398 2378 νων,
421 2313 516 2366 καὶ
542 2313 826 2379 πλεονάζει
853 2313 924 2368 τὰ
958 2314 1102 2385 ὑπὲρ
1142 2316 1250 2370 τῶν
1284 2314 1464 2372 καλῶν
1494 2315 1704 2371 τούτων
1729 2317 1861 2389 ὑμῖν

263 2403 496 2474 ἀγώνων
523 2405 864 2476 ἀποκείμενα
893 2405 1140 2478 βραδεῖα.

474 2549 659 2606 PIII".
697 2551 965 2622 Ἠσυχίῳ
990 2554 1303 2619 ἐπισκόπῳ
1325 2552 1640 2610 Σαλώνων.

338 2673 403 2728 Εἰ
436 2674 532 2728 καὶ
567 2676 750 2748 πολλῷ
777 2676 1128 2748 δωιργόμεθα
1165 2677 1246 2749 τῷ
1278 2681 1379 2750 τῆς
1410 2678 1530 2734 ὀδοῦ
1560 2681 1726 2752 μήκει
1754 2681 1855 2753 τῆς

259 2765 584 2838 τιμιότητός
604 2783 721 2832 σου,
751 2767 1000 2839 καὶπρὸς
1018 2768 1190 2830 αὑτάς
1212 2769 1381 2840 ἐσμεν
1403 2771 1502 2843 τῆς
1531 2771 1859 2842 οἰκουμένης

257 2845 365 2918 τὰς
395 2854 657 2925 ἐσχατιὰς
703 2855 1114 2927 ἀπῳκισμένοι,
1163 2857 1279 2911 ἀλλ’
1308 2859 1460 2931 ὅμως
1489 2861 1569 2932 τῷ
1598 2861 1698 2931 τῆς
1718 2861 1858 2929 ἀγά-

261 2960 377 3014 πης
408 2943 592 3016 πτερῷ
617 2943 910 3016 χρώμενοι,
945 2946 1135 3019 κούφῳ
1163 2965 1224 3001 τε
1253 2949 1388 3015 δντι,
1413 2950 1510 3004 καὶ
1539 2951 1731 3023 ῥᾳδίας
1757 2952 1857 3018 τάς

256 3037 518 3102 τοιαύτας
548 3040 862 3111 ἀποδημίας
915 3043 1310 3116 ἐργαζομένῳ,
1362 3046 1591 3118 πλησίον
1638 3049 1700 3102 τέ
1758 3051 1852 3104 σού

257 3128 454 3198 ἐσμεν,
489 3131 584 3184 καί
617 3130 884 3202 σύνισμέν
916 3151 1019 3198 σοι,
1069 3136 1165 3188 καὶ
1196 3136 1298 3207 τὴν
1345 3137 1704 3212 ὀφειλομένην
1744 3140 1856 3195 τῶν

255 3221 610 3292 γραμμάτων
639 3225 1003 3296 ἀποδιδόαμεν
1024 3227 1353 3298 πρόσρησιν,
1388 3231 1482 3284 καί
1507 3248 1566 3284 σε
1599 3249 1856 3305 παρακα-

258 3310 466 3382 λοῦμεν
495 3312 592 3384 τήν
626 3316 1010 3386 προσήκουσαν
1041 3319 1183 3390 ὑπὲρ
1206 3320 1316 3374 τῶν
1367 3323 1706 3396 Ἐκκλησιῶν
1743 3327 1858 3382 τῶν

261 3403 406 3494 κατά
431 3405 532 3476 τὴν
566 3405 858 3478 ’Δνατολὴν
893 3409 1225 3484 ποιήσασθαι
1257 3413 1513 3486 σπουδήν.
1545 3412 1718 3472 Οἶσθα
1744 3422 1856 3494 γάρ

256 3493 451 3564 ἡλίκος
474 3497 619 3551 ἐστὶν
641 3500 670 3551 6
693 3499 887 3569 μισθὸς
920 3500 1272 3572 Ἐκκλησίαις
1303 3510 1667 3580 πονουμέναις
1694 3493 1854 3584 χεῖρα

256 3584 498 3655 ὀρέγειν,
530 3589 776 3660 ταραχὴν
803 3593 1074 3664 τοσαύτην
1111 3597 1193 3661 εἰς
1243 3598 1488 3672 γαλήνην
1515 3603 1851 3671 μεταθεῖναι,

258 3677 358 3770 καὶ
387 3677 622 3748 πόλεμον
648 3680 792 3734 οὕτω
820 3685 1051 3757 σφοδρὸν
1072 3689 1396 3744 καταλῦσαι.
1427 3694 1538 3747 Καὶ
1561 3694 1734 3750 ταῦτα
1755 3698 1854 3770 οὐχ

252 3767 637 3862 «ὓς-δεομένους
666 3775 808 3845 ὑμᾶς
842 3778 941 3848 τῆς
969 3779 1100 3852 παρ’
1119 3782 1276 3852 ἡμῶν
1294 3785 1659 3857 ὑπομνήσεως
1679 3767 1853 3862 παρέξ

255 3860 554 3950 καλοῦμενο
575 3864 798 3936 καὶγὰρ
820 3867 916 3920 καὶ
937 3869 1045 3938 πρὸ
1069 3870 1178 3927 τῶν
1199 3874 1484 3946 ἡμετέρων
1505 3860 1852 3950 γραμμάτων

254 3946 327 4001 τά
357 3949 489 4020 παρ’
519 3950 674 4020 ὑμῶν
699 3953 852 4007 αὐτοὶ
879 3961 1240 4030 πεποιήκατεο
1268 3962 1385 4016 ἀλλ’
1415 3946 1852 4038 ἐπειδηνοῦδέπω

254 4039 327 4134 τά
362 4040 515 4134 δεινά
542 4042 781 4110 λέλυται,
818 4047 956 4102 ἀλλά
982 4053 1077 4104 καὶ
1107 4052 1378 4123 ἀκμάζει,
1412 4056 1674 4130 ἀξιοῦμεν
1705 4062 1852 4134 ὑμᾶς

257 4129 336 4223 μὴ
369 4131 684 4198 ἀναπεσεῖν,
747 4137 883 4209 μηδὲ
929 4144 1302 4214 περικακῆσαι
1329 4185 1344 4211 ,
1391 4148 1510 4202 ἀλλ’
1556 4129 1663 4214 ἐως
1697 4129 1851 4223 μένει

251 4222 324 4276 τά
358 4223 491 4295 ἐλκη
528 4225 590 4278 16
621 4226 781 4299 σῶμα
816 4230 920 4301 τῆς
960 4233 1289 4306 Ἐκκλησίας
1330 4222 1716 4312 συντρίϐοντα,
1755 4245 1852 4299 καὶ

251 4315 323 4409 τά
346 4317 478 4387 παρ’
501 4317 656 4389 ὑμῶν
685 4321 955 4392 φάρμακα
976 4326 1297 4381 ἐπιτιθέναι*
1322 4332 1548 4406 καὶγὰρ
1571 4335 1682 4408 ὅσῳ
1710 4338 1851 4409 μετά

569 4412 746 4467 πόνων
801 4415 1024 4470 ἀνύεται
1071 4420 1142 4473 τά
1184 4424 1524 4496 προκείμενα
1551 4468 1567 4494 ,
1609 4430 1845 4502 τοσούτῳ

251 4499 460 4555 πλείων
485 4503 615 4574 ὑμῖν
649 4506 894 4561 κείσεται
922 4510 1018 4563 καὶ
1053 4513 1083 4564 6
1123 4515 1336 4583 μισθός.

429 4618 610 4676 ΡΠΔἏ
650 4621 992 4692 Γαυδεντίῳ
1020 4626 1337 4698 ἐπισκόπῳ
1370 4632 1597 4703 Βρίξης
1623 4648 1674 4695 ⁸.

320 4729 667 4824 Οωένγὴμᾶς
689 4735 846 4790 ἔλαθε
878 4739 988 4792 τῶν
1028 4741 1158 4810 σῶν,
1194 4743 1310 4798 ἀλλ’
1357 4745 1609 4822 ἔγνωμεν
1653 4755 1844 4824 σαφῶς

247 4819 328 4884 ὡς
366 4823 632 4921 παρόντες
661 4826 760 4899 τὴν
787 4831 1026 4903 σπουδήν
1058 4849 1175 4898 σου,
1227 4838 1328 4908 τὴν
1377 4819 1713 4912 ἀγρυπνίαν,

247 4915 528 5012 Ῡ.Ρ⁰Υτῖδ⁹’
559 4920 688 5012 τοὺς
717 4924 1023 5012 καμάτευςο
1053 4929 1182 4993 τοὺς
1218 4931 1417 4997 πόνους
1449 4934 1544 4999 οὓς
1575 4938 1717 5010 ὑπὲρ
1744 4915 1846 5012 τῆς

246 5005 510 5101 ἀληθείας
565 5011 844 5080 ἐπεδείξω,
881 5005 976 5069 καί
1015 5035 1097 5072 σοι
1137 5021 1370 5093 χάριτας
1407 5026 1612 5092 πολλὰς
1653 5005 1845 5101 ὁμολο-

245 5099 478 5198 γοῦμενο
514 5104 618 5198 καὶ,
641 5107 700 5198 ἐν
726 5108 965 5184 τοσαύτῃ
987 5113 1286 5186 καθήμενοι
1313 5119 1543 5193 ἐρημίᾳ,
1575 5099 1842 5198 μεγίστην

243 5191 446 5285 ἔχομεν
473 5195 845 5285 παράκλησιν,
895 5207 997 5273 τῆς
1033 5205 1256 5279 ἀγάπης
1299 5227 1394 5265 σου
1423 5191 1714 5285 τὸήθερμδν
1747 5191 1842 5271 καὶ

243 5284 495 5380 γνήσιον,
518 5281 588 5357 ἦς
609 5291 807 5360 πεῖραν
838 5293 1074 5349 ἐνταῦθα
1097 5295 1374 5364 λαϐόντες,
1401 5281 1650 5375 ἔγνωμεν
1670 5307 1839 5380 αὐτὴν

240 5375 607 5447 ἀκμάζουσαν
632 5385 729 5436 καὶ
749 5385 952 5452 ἐκεῖσε,
985 5390 1080 5442 καὶ
1105 5391 1259 5444 οὐδὲν
1276 5392 1398 5447 οὔτε
1414 5395 1494 5466 τῷ
1515 5398 1711 5470 πλήθει
1742 5375 1836 5455 τοῦ

243 5472 462 5542 χρόνου,
509 5473 633 5528 οὕτε
673 5476 753 5548 τῷ
787 5481 952 5550 μήκει
986 5483 1086 5552 τῆς
1132 5483 1253 5538 ὀδοῦ
1293 5492 1834 5560 καταμαρανθεῖσαν.

372 5561 531 5655 τοῦτό
561 5581 643 5617 σοι
669 5567 901 5637 χάριτας
931 5571 1088 5642 ῐσμεν
1120 5573 1343 5639 πολλάς,
1369 5578 1465 5631 καί
1491 5596 1551 5632 σε
1582 5599 1836 5655 παρακα-

242 5652 456 5741 λοῦμεν
477 5651 630 5728 [704]
655 5657 841 5727 μένειν
863 5661 962 5732 τὴν
995 5664 1167 5734 αὐτὴν
1191 5667 1637 5741 ἐπιδεικνύμενον
1664 5651 1833 5730 σπου-

239 5743 361 5811 δήν.
399 5739 562 5810 Οἶδας
594 5749 704 5820 γάρ
730 5751 872 5824 ὑπὲρ
898 5753 1039 5807 ὅσων
1086 5756 1424 5830 Ἐκκλησιιῖιν
1457 5739 1588 5834 ύμῖν
1624 5767 1654 5819 ὀ
1681 5767 1832 5837 ἀγὼν

302 5876 332 5908 ⁸
356 5875 508 5929 Sed].
531 5880 724 5946 Βρύξης.
744 5883 910 5935 Codex
934 5900 1061 5938 unus
1083 5887 1347 5942 Frontonis
1359 5893 1526 5948 Ducti
1546 5898 1736 5964 Βρίζης.

1715 454 2100 512 EPISTOLE.

3461 452 3568 508 716

1973 582 2260 652 πρόκειται
2284 581 2398 644 νῦν,
2419 582 2513 634 καὶ
2538 578 2725 652 ἡλίκον
2751 577 2904 632 ἔσται
2927 577 3023 633 τοῦ
3054 576 3481 652 κατορθώματος
3501 581 3566 635 τ’.

1976 674 2225 746 μέγεθος.
2256 673 2420 728 Ταῦτ’
2447 668 2542 728 οὖν
2574 671 2794 737 ἐννοῶν,
2828 672 3067 726 δέσποτά
3115 690 3216 744 μου
3260 671 3564 744 τιμιιῖιτατε

1970 768 2070 820 καὶ
2090 767 2476 833 εύλαϐέστατε,
2510 769 2788 838 ἐπιμεῖναι
2818 769 2885 838 τῇ
2927 767 3068 839 αὐτῇ
3116 767 3321 838 σπουδῇ
3376 784 3564 839 παρα-

1971 857 2225 928 κλήθητι.
2241 858 2400 912 Οθτω
2422 859 2532 931 γάρ
2556 858 2711 928 ὀλίγα
2735 858 3059 930 κάμνοντες,
3081 858 3326 914 ἀθάνατα
3348 861 3566 925 ἑαυτοῖς

1973 949 2428 1020 προαποθήσεσθε
2474 952 2534 1004 ἐν
2560 953 2674 1014 τοῖς
2704 951 2957 1022 οὐρανοῖς
2988 950 3100 1006 τῶν
3141 950 3326 1007 καλιῖιν
3360 951 3569 1007 τούτων

1971 1039 2202 1110 ἀγώνων
2234 1040 2304 1095 τά
2344 1040 2595 1112 βραδεῖα.

2345 1200 2532 1253 PIIE'.
2559 1199 2855 1267 Πενταδίᾳ
2889 1199 3168 1268 διακόνῳ.

2033 1354 2268 1427 Μακμν
2294 1357 2560 1430 ἐσίγησας
2582 1357 2762 1430 σιγὴν,
2799 1360 2977 1413 καίτοι
3015 1359 3226 1414 πολλῶν
3256 1359 3426 1416 ὀντων
3446 1361 3558 1414 τῶν

1963 1444 2176 1500 ἐκεῖθεν
2207 1450 2623 1520 ἀφικνουμένων
2653 1451 2792 1522 πρὸς
2823 1453 2992 1521 ἡμᾶς.
3026 1452 3094 1506 Τί
3114 1455 3232 1506 ποτ’
3257 1451 3354 1507 οὖν
3381 1453 3448 1508 ἀν
3475 1454 3562 1526 εἴη

1961 1537 2026 1590 τὸ
2047 1537 2252 1604 αῖτιον;
2293 1540 2403 1593 τῶν
2429 1541 2776 1612 πραγμάτων
2796 1545 2824 1595 6
2857 1541 3116 1612 069060;;
3140 1545 3379 1613 Ἄπαγε·
3402 1543 3565 1598 τοῦτο

1961 1629 2063 1682 οὐκ
2089 1629 2156 1683 ἂν
2195 1630 2431 1702 εἴποιμι·
2461 1626 2581 1686 οῖδα
2607 1633 2717 1703 γάρ
2751 1651 2845 1690 σου
2875 1635 2976 1705 τὴν
3008 1636 3252 1707 μεγάλην
3294 1636 3390 1691 καὶ
3423 1635 3564 1706 ὑψηο

1963 1717 2063 1789 λὴν
2081 1718 2282 1790 ψυχὴν,
2320 1722 2420 1791 τὴν
2450 1722 2546 1774 καὶ
2576 1725 2633 1776 ἐν
2653 1722 2869 1786 πολλοῖς
2903 1721 3219 1786 κλυδωνίοις
3252 1722 3564 1794 δυναμένην

1962 1809 2216 1882 ἐξουρίας
2247 1813 2424 1876 πλεῖν,
2460 1816 2553 1866 καὶ
2585 1815 2643 1866 ἐν
2672 1814 2859 1884 μέσοις
2904 1816 3112 1886 κύμασι
3149 1815 3394 1885 γαλήνης
3419 1814 3563 1867 ἀπο-

1962 1902 2149 1955 λαύειν
2173 1902 2392 1975 λευκῆς,
2431 1905 2540 1959 Καὶ
2579 1906 2738 1960 τοῦτο
2773 1907 2842 1963 δι’
2863 1907 3044 1961 αὐτῶν
3082 1906 3191 1961 τῶν
3214 1907 3562 1978 πραγμάτων

1960 1995 2186 2063 ἔδειξας,
2223 1998 2318 2050 καὶ
2351 1997 2487 2068 πρὸς
2513 1997 2806 2063 αύτάςτάς
2829 1998 3087 2070 ἐσχατιάς
3107 1998 3207 2070 τῆς
3233 1999 3564 2069 οἰκουμένης

1959 2081 2125 2159 ἦλθεν
2176 2089 2209 2159 ἡ
2263 2089 2423 2159 φήμη
2468 2088 2538 2142 τὰ
2577 2089 2648 2143 σά
2697 2090 2937 2162 φέρουσα
2987 2088 3418 2163 κατορθώματα,
3465 2090 3564 2144 καὶ

1964 2180 2168 2244 πάντες
2220 2196 2281 2233 σε
2332 2179 2828 2252 ἀνακηρύττουσιν,
2883 2183 2967 2236 ὅτι
3015 2183 3111 2235 καὶ
3158 2184 3217 2237 ἐν
3247 2183 3329 2235 ἐνὶ
3358 2181 3563 2253 χωρίῳ

1963 2271 2228 2342 ἱδρυμένη
2265 2271 2360 2324 καὶ
2380 2271 2511 2335 τοῦς
2540 2271 2828 2344 πόρρωθεν
2849 2272 3010 2336 δντας
3041 2270 3130 2325 διά
3150 2272 3251 2341 τῆς
3271 2270 3562 2334 εὐλαϐείας

1956 2363 2060 2434 τῆς
2082 2363 2182 2435 σῆς
2204 2363 2514 2434 διεγείρεις,
2540 2365 2635 2418 καὶ⁵
2662 2364 3106 2437 προθυμοτέρους
3131 2364 3438 2428 ποιεῖς.Τίς
3465 2358 3562 2417 οὖν

1962 2452 1996 2523 ἡ
2030 2451 2182 2514 αἰτία
2203 2452 2304 2523 τῆς
2333 2452 2524 2523 σιγῆςς
2573 2451 2718 2520 Ἐγὼ
2746 2453 2846 2524 μὲν
2871 2455 3047 2507 εἰπεῖν
3071 2453 3172 2507 οὐκ
3199 2453 3329 2524 ἔχω.
3376 2455 3561 2523 Παρα-

1927 2605 1930 2608 ί
1963 2542 2116 2597 καλῶ
2143 2543 2202 2596 δέ
2235 2559 2331 2596 σου
2381 2544 2482 2614 τὴν
2511 2543 2812 2616 ἐμμέλειαν
2843 2544 2932 2598 διὰ
2987 2545 3084 2598 τοῦ
3128 2546 3196 2599 τά
3253 2545 3562 2616 γράμματα

1960 2633 2363 2706 ἐγχειρίζοντός
2403 2650 2497 2686 σου
2551 2636 2618 2705 τῇ
2650 2633 2926 2706 εὐλαϐείᾳ,
2982 2634 3052 2688 δι’
3093 2633 3259 2687 αὐτοῦ
3320 2631 3560 2704 δηλῶσαι

1959 2727 2093 2797 ἡμῖν
2121 2727 2191 2780 τά
2215 2725 2345 2798 περὶ
2376 2725 2479 2796 τῆς
2506 2726 2717 2795 ὑγιείας
2744 2727 2844 2797 τῆς
2871 2727 2991 2799 σῆς,
3025 2728 3122 2782 καὶ
3145 2729 3246 2797 τῆς
3269 2725 3559 2796 εὐθυμίας,

1960 2818 2056 2872 καὶ
2075 2819 2173 2890 τῆς
2187 2818 2510 2888 ἀσφαλείας,
2545 2819 2642 2872 καὶ
2691 2818 2788 2872 σοῦ
2827 2819 2924 2873 καὶ
2963 2819 3060 2873 τοῦ
3102 2819 3254 2874 οῖκου
3303 2835 3399 2872 σου
3421 2835 3556 2872 παν.

1957 2910 2071 2974 τός’
2106 2910 2194 2966 ἴνα
2215 2911 2310 2965 καί⁸
2341 2912 2406 2964 ἐκ
2433 2909 2691 2964 τοσούτου
2720 2909 3022 2982 καθήμενοι
3042 2910 3433 2982 διαστήματος,
3464 2909 3561 2963 καί⁵

1960 3006 2020 3058 ἐν
2063 3003 2208 3058 οὕτω
2267 3005 2630 3076 χαλεπωτάτη
2674 3004 2882 3076 ἐρημίᾳ
2930 3003 3319 3076 διατρίϐοντες,
3356 3003 3560 3069 πολλὴν

1957 3096 2068 3151 ἀπὸ
2108 3097 2217 3150 τῶν
2265 3097 2526 3152 τοιούτων
2581 3097 2927 3170 γραμμάτων
2975 3096 3404 3168 καρπωσώμεθα
3457 3095 3559 3166 τὴν

1957 3189 2326 3261 παράκλησιν.

2491 3324 2681 3394 ρης.
2737 3326 3024 3393 Ἀλυπιῳ.

2025 3462 2204 3527 Αὐτὸς
2235 3461 2335 3533 μὲν
2392 3460 2604 3526 ἔδεισας
2655 3462 2732 3534 μὴ
2759 3461 2840 3534 τῷ
2895 3462 3162 3534 πρότερον
3215 3460 3555 3533 ἐπιπηδῆσαι

1952 3555 2068 3617 τοῖς
2114 3553 2253 3625 πρὸς
2285 3555 2435 3625 ἡμᾶς
2468 3554 2761 3626 γράμμασι
2793 3553 3127 3626 προπετείας
3157 3553 3364 3626 μέμψει
3397 3570 3556 3627 περι-

1956 3645 2149 3717 πέσῃςο
2179 3647 2362 3709 αὐτοῖς
2389 3647 2498 3719 γάρ
2533 3665 2630 3701 σου
2667 3648 2944 3720 χρήσομαι
2982 3649 3094 3711 τοῖς
3146 3647 3408 3718 ῥήμασιν’
3441 3645 3556 3715 ἐγὼ

1953 3739 2010 3793 δέ
2055 3757 2114 3793 σε
2144 3741 2400 3794 τοσοῦτον
2438 3742 2633 3812 ἀπέχω
2662 3741 2852 3795 τούτου
2896 3740 3211 3813 γράψασθαι
3238 3753 3288 3806 ι,
3319 3741 3402 3795 ὅτι
3459 3741 3557 3794 καὶ

1955 3830 2232 3902 ρᾳθυμίαν
2264 3833 2483 3901 ἐγκαλῶ
2507 3835 2604 3904 τῆς
2633 3831 2967 3904 βραδυτῆτος
2994 3833 3203 3897 ἐνεκεν,
3234 3833 3329 3886 καὶ
3370 3833 3555 3903 μειζό-

1955 3940 2062 3985 νως
2110 3923 2425 3994 ἀνεκήρυξα
2460 3924 2728 3996 πρότερον
2779 3925 3176 3979 ἐπεσταλκότα.
3229 3926 3338 3978 Καὶ
3391 3923 3553 3979 τοῦτο

1953 4013 2121 4082 λέγω,
2149 4015 2286 4086 αὐτῇ
2319 4014 2484 4069 πάλιν
2519 4033 2616 4070 σου
2648 4018 2715 4088 τῇ
2745 4015 2914 4088 ψήφῳ
2936 4019 3017 4078 εἰς
3050 4017 3326 4083 ἀπόδειξιν
3356 4018 3549 4072 τούτου

1954 4106 2316 4176 κεχρημένος.
2339 4107 2521 4178 Ἐφης
2547 4107 2677 4179 γάρ,
2706 4108 2865 4162 τοῦτο
2897 4111 3133 4180 μάλιστα
3162 4111 3548 4181 φιλοστοργίας

1952 4193 2113 4262 εἰναι,
2136 4199 2198 4252 16
2218 4200 2314 4253 καὶ
2337 4199 2663 4263 σιωπῶντας
2691 4205 3030 4271 προσειπεῖν.
3069 4202 3223 4256 Ἐπεὶ
3253 4197 3347 4256 οὖν
3377 4202 3440 4255 τό
3486 4219 3546 4256 τε

1949 4288 2069 4351 δέος
2099 4305 2181 4341 σοι
2215 4288 2316 4358 τῆς
2347 4288 2680 4359 προπετείας
2725 4289 3016 4361 ἀνῄρηται,
3053 4281 3192 4362 ὅπερ
3229 4289 3292 4343 οὐ
3319 4291 3549 4355 δεόντως

1952 4379 2261 4445 ἐδεδοίκεις,
2297 4381 2456 4435 τοῦτό
2504 4400 2565 4436 τε
2599 4382 2847 4454 μείζονος
2895 4384 3272 4438 ἀποδέδεικται
3321 4388 3548 4456 σημεῖον

1950 4475 2195 4545 ἀγάπης,
2249 4475 2437 4546 πέμπε
2493 4475 2682 4530 λοιπὸν
2722 4478 2856 4548 ἡμῖν
2892 4477 3122 4546 νιφάδας
3173 4480 3544 4551 γραμμάτων.

1952 4561 2124 4619 υῐσθα
2156 4565 2266 4637 γὰρ
2288 4565 2438 4629 ὅπως
2464 4566 2560 4620 καὶ
2586 4566 2906 4638 διετέθημεν
2945 4569 3041 4621 καὶ
3063 4568 3388 4640 διακείμεθα
3418 4572 3549 4644 περὶ

1948 4657 2048 4730 τὴν
2099 4656 2199 4731 σὴν
2232 4658 2544 4730 ἐμμέλειαν.
2581 4658 2702 4713 Κᾶν
2721 4659 2831 4730 γάρ
2874 4660 2954 4724 εἰς
2990 4660 3331 4732 ἐρημότατον
3386 4661 3550 4717 τοῦτο

1949 4751 2152 4823 χωρίον
2181 4743 2598 4823 ἀπεῖιεχθῶμεν,
2652 4753 2758 4807 κάν
2787 4755 2868 4818 εἰς
2919 4752 3061 4807 αύτά
3089 4752 3189 4824 τῆς
3215 4754 3549 4826 οἰκουμένης

1946 4844 2019 4898 τά
2051 4845 2287 4916 πέρατα,
2322 4844 2424 4913 τῆς
2453 4846 2781 4918 εἰλικρινοῦς
2815 4846 2842 4887 ι’
2871 4847 3094 4920 ἀγάπης
3129 4847 3223 4899 καὶ
3268 4845 3419 4899 δόλον
3447 4848 3548 4900 οὐκ

1947 4937 2180 5008 ἐχούσης
2207 4937 2465 4992 οὐδέποτε
2517 4939 2873 4994 ἐπιλαθέσθαι
2913 4939 3215 5011 δυνάμεθα,
3257 4939 3395 4993 ἀλλά
3422 4939 3547 4993 καθ’

1949 5030 2189 5103 ἑκάστην
2239 5048 2302 5086 σε
2331 5032 2431 5104 τὴν
2457 5033 2678 5105 ἡμέραν
2709 5033 3109 5105 φανταζόμενοι
3168 5032 3544 5104 διατελοῦμεν,

1945 5122 2046 5187 τάς
2074 5125 2277 5196 ἀρετάς
2310 5141 2406 5178 σου
2434 5125 2537 5195 τῆς
2561 5124 2739 5196 ψυχῆς
2758 5124 2847 5179 διὰ
2893 5127 2993 5197 τῆς
3014 5127 3236 5198 μνήμης
3267 5125 3544 5179 ἀναπλάτ-

1945 5230 2152 5276 τοντες.
2209 5215 2321 5269 Καὶ
2353 5214 2688 5286 ἐϐουλόμεθα
2730 5217 2828 5286 μὲν
2878 5218 3266 5289 συνεχέστερον
3292 5218 3546 5271 ἐπιστέλ·

1944 5304 2074 5360 λειν’
2111 5305 2266 5380 [705]
2298 5308 2487 5380 ἐπειδὴ
2539 5308 2595 5362 δὲ
2628 5309 2784 5364 τοῦτο
2812 5311 3051 5384 ἐργῶδες
3079 5313 3211 5382 ἡμῖν
3264 5312 3404 5373 ἐστι,
3451 5328 3540 5363 το-

1944 5399 2133 5452 σοῦτον
2155 5399 2308 5470 ὑμῶν
2343 5402 2771 5472 ἀπῳκισμένοις,
2807 5403 2934 5473 ὑμῖν
2960 5403 3016 5456 δέ
3043 5404 3250 5474 ῥᾴδιον,
3281 5419 3538 5473 παρακα-

1941 5490 2142 5561 λοῦμεν
2170 5492 2411 5564 συνεχῶς
2439 5496 2572 5564 ἡμῖν
2603 5495 2938 5549 ἐπιστέλλειν
2963 5495 3032 5549 τὰ
3059 5497 3188 5569 περὶ
3219 5496 3320 5567 τῆς
3348 5495 3538 5564 ὑγείας

1940 5583 2041 5656 τῆς
2078 5585 2179 5655 σῆς
2223 5588 2316 5638 καὶ
2339 5588 2540 5651 παντὸς
2586 5586 2743 5660 ὑμῶν
2764 5589 2859 5642 τοῦ
2886 5588 3062 5644 οῖκου.
3085 5589 3242 5643 Οῦτω
3274 5589 3407 5660 γάρ,
3441 5591 3536 5643 καὶ

2005 5723 2031 5805 ἒ
2054 5721 2254 5805 ξοίδιίη.
2283 5725 2385 5800 ἐγὸζ
2403 5727 2454 5774 δέ
2476 5725 2710 5805 τοσοῦτον
2733 5728 2900 5805 ἀπέχω
2922 5727 3096 5805 τούτου
3116 5731 3403 5805 γράψασθαι,

2001 5783 2030 5819 δ
2058 5785 2168 5854 Dgo
2187 5783 2418 5854 ωδε-,κάν
2438 5789 2552 5850 πρὸς
2569 5788 2693 5854 αύτά
2712 5796 2796 5854 τῆς
2817 5783 3096 5854 οἰκουμένης
3115 5783 3176 5854 τὰ
3207 5783 3537 5854 τέρματα,τῆς

1939 5845 2156 5914 εὐγενοῦς
2179 5864 2273 5914 σου.
2291 5845 2868 5914 ψγχῆςςτῆςγέλενθέρας,
2900 5845 2985 5910 τῆς
3006 5845 3274 5912 ἀπλάστου,
3292 5845 3386 5913 ’τῆς
3419 5845 3538 5906 ἑυῴἑ

1941 5909 2144 5971 κρινοῦς·
2183 5917 2236 5959 ει
2262 5909 2389 5962 [afri
2407 5912 2559 5962 ﬁdem
2580 5913 2657 5962 διὰ
2674 5909 2967 5977 τῆςμνήαης
2980 5909 3282 5972 ἀνάπτοντες.
