4218 6482
730 453 831 508 717

729 573 793 622 ιν
821 563 1072 634 ἀλλοτρίᾳ
1093 559 1478 634 διατρίϐοντες,
1516 560 1714 630 πολλὴν
1753 553 2155 630 καρπωσόμεθα
2195 548 2294 615 τὴν

731 656 1090 728 παράκλησιν.

1249 787 1423 838 ΡΠΖν.
1445 783 1766 851 Προκοπίῳ.

815 918 1001 988 Ὀλίγα
1024 919 1124 991 μέν
1159 937 1240 973 σοι
1269 919 1664 990 συνεγενόμεθα
1702 917 1907 981 αὐτόθι,
1935 912 2169 968 δέσποτά
2195 927 2296 982 μου

735 1013 1380 1085 θανμιισιώτατε,πολλὴν
1405 1014 1459 1066 δέ
1486 1031 1578 1066 σου
1611 1012 1708 1083 τὴν
1732 1013 1924 1081 πεῖραν
1948 1010 2044 1078 τῆς
2073 1005 2300 1075 γνησίας

736 1105 1035 1173 εἰλήφαμεν
1065 1104 1305 1172 ἀγάπης,
1342 1104 1432 1156 καὶ
1468 1103 1564 1172 τῆς
1587 1101 1936 1172 ἀπράγμονος
1957 1097 2154 1168 ψυχῆς.
2209 1092 2301 1148 καὶ

736 1195 831 1264 τῆς
855 1195 1079 1266 γνησίας
1112 1195 1202 1250 καὶ
1235 1195 1438 1267 θερμῆς
1467 1193 1776 1255 διαθέσεως.
1794 1191 1884 1244 Διὸ
1899 1191 1990 1243 καὶ
2016 1189 2148 1259 πρὸς
2166 1186 2303 1238 αὑτά

738 1287 837 1355 τῆς
863 1287 1183 1357 οἰκουμένης
1209 1286 1608 1356 ἀπῳκισθέντες
1636 1285 1704 1337 τά
1735 1284 2000 1353 τέρματα,
2032 1281 2123 1339 καὶ
2168 1278 2302 1350 πρὸς

737 1377 908 1447 αὑτὴν
935 1379 1033 1447 τὴν
1080 1378 1311 1447 ἐσχάτην
1345 1376 1576 1447 ἐρημίαν
1617 1373 2004 1444 ἀπενεχθέντες
2033 1384 2081 1432 ο,
2118 1370 2205 1422 διὰ
2244 1369 2304 1419 τὸ

619 1477 627 1486 '
739 1465 1012 1536 πανταχοῦ
1045 1483 1105 1519 σε
1154 1467 1484 1537 περιφέρειν,
1525 1468 1767 1546 ὅπουπερ
1794 1465 1858 1518 ἂν
1897 1464 2164 1532 ἀπίωμεν,
2213 1459 2305 1512 καὶ

741 1555 884 1628 ἔχειν
915 1558 1380 1629 ἐγκεκολαμμένον
1405 1557 1482 1628 τῷ
1506 1556 1786 1621 συνειδότι,
1813 1558 1906 1610 καὶ
1935 1553 2215 1626 γράφομεν
2242 1551 2308 1603 ἐκ

742 1649 993 1708 τοσούτου
1033 1650 1416 1721 διαστήματος,
1463 1652 1555 1703 καὶ
1600 1652 1699 1720 τὴν
1747 1646 2098 1718 ὀφειλομένην
2124 1642 2308 1698 ἀποδι-

729 1733 939 1808 δδαμεν
975 1739 1291 1810 πρόσρησιψ
1323 1740 1414 1792 καί
1445 1757 1534 1792 σου
1575 1725 2112 1810 παρακαλοῦμεν’τὴν
2139 1733 2312 1806 ἐμμέ-

745 1829 913 1894 λειαν,
940 1832 987 1882 εί
1014 1831 1087 1901 μὴ
1121 1831 1256 1900 βαρὺ
1302 1833 1392 1884 καὶ
1423 1831 1678 1902 ἐπαχθὲς,
1712 1831 1803 1882 καὶ
1839 1830 2000 1882 αὑτὸν
2025 1830 2158 1898 ἡμῖν
2183 1824 2310 1881 ταύρ

743 1935 844 1990 την
874 1922 1128 1991 παρέχειν
1153 1923 1250 1991 τὴν
1274 1922 1638 1992 χάριν,καὶίτά
1669 1921 1794 1991 περὶ
1817 1921 1912 1991 τῆς
1939 1919 2126 1987 ὑγείας
2151 1915 2312 1984 εὑαγ-

745 2011 1051 2078 γελίζεσθαι
1087 2014 1227 2083 ἡμᾶς
1384 2014 1500 2083 σῆς.
1529 1991 1882 2080 Μανθάνομεν
1915 2010 2022 2080 7&9
2047 2007 2187 2061 αὑτά
2218 2005 2313 2060 καὶ

753 2103 826 2173 μὴ
843 2104 1158 2172 γράφοντος,
1174 2105 1298 2167 τοὺς
1319 2105 1523 2157 ἐκεῖθεν
1538 2103 1962 2173 ἀφικνουμένους
1978 2099 2310 2174 ἐρωτῶντες,

748 2187 837 2241 διὰ
860 2189 919 2240 τὸ
951 2189 1149 2261 σφόδρα
1187 2179 1646 2260 περισπούδαστον
1677 2187 1814 2244 εἶναι
1852 2191 1980 2260 ἡμῖν
2016 2186 2212 2240 εἰδέναι
2248 2186 2318 2238 τά

751 2280 879 2350 περὶ
926 2281 1023 2352 τῆς
1070 2282 1287 2351 ῥώσεως
1345 2284 1442 2354 τῆς
1490 2283 1589 2352 σῆς
1636 2282 1850 2353 καὶτῆς
1894 2280 2314 2350 εὑδοκιμήσεως·

755 2369 1052 2442 βουλόμεθα
1094 2373 1150 2426 δέ
1198 2374 1290 2426 καὶ
1319 2374 1467 2445 παρά
1495 2374 1595 2444 τῆς
1628 2374 1870 2444 γλώττης
1917 2374 2013 2444 τῆς
2049 2372 2170 2437 σῆς,
2225 2370 2319 2423 καὶ

757 2461 906 2531 παρὰ
933 2462 1032 2531 τῆς
1055 2463 1234 2533 χειρὸς
1260 2465 1358 2535 τῆς
1393 2465 1491 2536 σῆς
1521 2465 1689 2519 ταῦτα
1723 2463 2030 2536 δηλοῦσθαι,
2061 2462 2200 2515 ὥστε
2237 2460 2318 2512 δι-

756 2552 1052 2623 πλῆνήμᾶς
1078 2554 1414 2625 καρποῦσθαι
1439 2555 1467 2595 ιι
1495 2557 1594 2626 τὴν
1617 2557 1950 2628 ἡδονὴν,ἀπό
1971 2573 2029 2608 τε
2059 2554 2150 2608 τοῦ
2181 2553 2319 2624 79d-

757 2661 897 2713 φειν,
921 2647 1029 2699 ἀπό
1064 2665 1122 2701 τε
1151 2647 1244 2701 τοῦ
1272 2651 1572 2720 γράμματα
1589 2649 1835 2720 δέχεσθαι
1855 2651 2004 2720 παρὰ
2040 2650 2138 2718 τῆς
2163 2649 2318 2717 εὐγε-

758 2737 900 2800 νείας
923 2742 1020 2809 τῆς
1055 2742 1170 2811 σῆς.
1186 2741 1334 2794 Δίδου
1351 2741 1408 2795 δὲ
1425 2741 1765 2813 ταύτηνὴμῖν
1789 2742 1885 2812 τὴν
1906 2742 2083 2812 χάριν,
2102 2741 2322 2810 ἡδίστην

759 2847 817 2883 τε
831 2828 994 2886 οὖσαν
1012 2833 1102 2886 καὶ
1127 2834 1364 2904 εῦλογον,
1391 2835 1482 2889 καὶ
1509 2835 1848 2906 Μλλὴνὴμῖν
1867 2835 2208 2907 παρέχουσαν
2227 2834 2323 2903 τὴν

758 2940 785 2976 ε
796 2924 1114 2997 ὑφροσύνην.

1224 3041 1389 3093 ΡΠΗ¹
1397 3078 1410 3093 .
1454 3041 1858 3108 Μαρκελλίνῳ.

835 3151 928 3215 Εἰς
960 3152 1056 3222 μὲν
1088 3152 1219 3205 αὑτό
1257 3153 1316 3205 τὸ
1363 3154 1578 3208 πάντων
1608 3154 1942 3225 ἐρημότατον
1982 3151 2178 3224 χωρίον
2225 3150 2329 3203 ἀπ-

765 3240 1032 3311 ήχθημεν,
1073 3242 1171 3313 τὴν
1204 3244 1510 3297 Κουκουσόν
1543 3255 1588 3283 ε’
1633 3234 1770 3315 πλὴν
1817 3245 1943 3297 ὅταν
1983 3243 2080 3309 τὴν
2112 3243 2330 3312 ἀγάπην

767 3330 921 3400 ὑμῶν
954 3331 1060 3384 τῶν
1105 3333 1397 3400 φιλούντων
1449 3336 1596 3406 ἡμᾶς
1653 3335 2012 3407 ἐννοήσωμεν,
2071 3333 2332 3404 μεγίστην

768 3423 1126 3494 καρπούμεθα
1141 3426 1500 3496 παράκλησιν,
1521 3430 1577 3480 ἐν
1593 3427 1796 3498 ἐρημίᾳ
1814 3428 2182 3490 πλουτοῦντες.
2199 3425 2333 3482 Οὑδέ

770 3513 880 3584 γὰρ
907 3514 1122 3586 ὀτυχὼν
1147 3517 1437 3588 θησαυρὸς,
1468 3519 1674 3589 ἀνδρῶν
1703 3521 2081 3590 ἐπιτυγχάνειν
2100 3522 2335 3592 γνησίως

771 3604 944 3674 φιλεῖν
1000 3607 1233 3661 εἰδότων.
1292 3608 1392 3661 Διά
1435 3609 1497 3678 δὴ
1558 3609 1713 3663 τοῦτο
1740 3609 1840 3664 κᾶν
1891 3613 1965 3682 μὴ
1999 3615 2076 3682 τῷ
2126 3613 2336 3684 σώματι

772 3699 1056 3770 παρῶμεν,
1087 3700 1213 3767 ὑμῖν
1250 3704 1314 3771 τῇ
1348 3701 1491 3772 ψυχῇ
1525 3702 1901 3773 συνδεδέμεθα,
1924 3707 2101 3775 ᾑτῆς
2118 3707 2336 3775 ἀγάπης

773 3790 960 3843 ἁλύσει
998 3792 1366 3862 σφιγγόμενοι.
1402 3795 1561 3849 Ὅθεν
1592 3797 1685 3849 καὶ
1716 3797 2102 3869 ἐπιστέλλομεν
2147 3802 2209 3852 ἐκ
2251 3818 2338 3853 το-

776 3883 965 3937 σούτου
1004 3885 1386 3955 διαστήματος,
1428 3888 1519 3941 καὶ
1550 3890 1648 3958 τὴν
1685 3889 2036 3961 ὀφειλομένην
2071 3892 2341 3945 ἀποδιδόα-

781 3994 879 4046 μεν
922 3977 1239 4049 πρόσρησιν.
1283 3979 1402 4032 Ὅτι
1432 3981 1538 4053 γάρ
1563 3985 1639 4047 είς
1688 3986 1811 4046 τοὺς
1841 3983 2086 4054 πρώτους
2117 4000 2175 4035 σε
2233 3984 2339 4035 τῶν

779 4069 1020 4138 ἐραστῶν
1084 4072 1399 4142 ἐγράψαμεν
1464 4073 1570 4128 τῶν
1630 4076 1935 4145 ἡμετέρων,
2000 4075 2119 4128 οὑδὲ
2183 4075 2341 4138 αὑτὸς

779 4161 1010 4227 ἀγνοεῖς,
1045 4161 1278 4215 δέσποτά
1335 4180 1434 4232 μου
1469 4163 1902 4234 θαυμασιώτατε.
1933 4165 2082 4218 Δίδου
2125 4165 2189 4236 δὴ
2249 4167 2343 4220 καὶ

781 4251 941 4313 αὑτὸς
968 4250 1169 4321 ταύτην
1209 4254 1340 4323 ἡμῖν
1364 4253 1460 4324 τὴν
1492 4254 1669 4326 χάριν,
1695 4257 1787 4308 καὶ
1813 4256 2048 4325 συνεχῶς
2072 4258 2202 4326 ἡμῖν
2226 4256 2343 4309 ἐπί-

783 4345 986 4407 στελλε,
1006 4344 1074 4397 τά
1105 4346 1232 4416 περὶ
1255 4345 1353 4414 τῆς
1381 4346 1566 4415 ὑγείας
1588 4348 1687 4416 τῆς
1719 4347 1814 4417 σῆς
1842 4347 2340 4418 εὐαγγελιζόμενος,

781 4436 868 4490 ἵνα
899 4438 990 4490 καὶ
1033 4438 1110 4507 τῷ
1140 4436 1388 4506 γράφειν,
1423 4438 1516 4490 καὶ⁹
1545 4437 1622 4508 τῷ
1649 4437 1892 4508 δέχεσθαι
1928 4437 2181 4499 τοιαύτας
2224 4438 2344 4488 ἐπι-

781 4529 994 4592 στολὰς,
1044 4528 1242 4599 πολλὴν
1289 4528 1709 4600 καρπωσώμεθα
1738 4527 1834 4599 τὴν
1871 4528 2222 4600 παραμυθίαν
2254 4531 2346 4580 καὶ

781 4619 1136 4690 εὐφροσύνην,
1165 4621 1260 4672 καὶ
1297 4621 1576 4691 μεγίστης,
1606 4621 1700 4674 καὶ
1730 4623 1786 4673 ἐν
1821 4621 2023 4692 ἐρημίᾳ
2049 4621 2218 4691 διατρ,
2244 4619 2346 4669 πον-

781 4731 892 4778 τες,
925 4715 1314 4783 ἀπολαύσωμεν
1344 4713 1750 4784 παρακλήσεως.

1302 4831 1480 4884 ΡΠΘ’.
1527 4829 1822 4900 Ἀντιόχῳ.

861 4953 997 5006 Πότε
1026 4949 1132 5020 γάρ
1163 4966 1254 5002 σου
1277 4945 1625 5010 ἐπιλαθέσθαι
1657 4941 1930 5014 δυνάμεθα
1956 4941 2054 5010 τῆς
2093 4941 2349 5008 γλυκείας

785 5043 878 5101 καὶ
914 5042 1119 5115 θερμῆς
1162 5039 1472 5100 διαθέσεως,
1516 5037 1614 5106 τῆς
1657 5034 1883 5106 γνησίας
1914 5030 2065 5104 [706]
2107 5030 2200 5084 καὶ
2226 5030 2351 5083 είλι·

787 5134 1004 5207 κρινοῦς
1030 5133 1270 5202 ἀγάπης,
1301 5131 1392 5182 καὶ
1413 5126 1698 5197 ἐλευθέρας
1734 5124 1956 5197 γνώμης
1998 5123 2091 5176 καὶ
2118 5121 2347 5192 ὑψηλῆς,

786 5229 884 5297 τῆς
915 5220 1469 5296 πεπαῤῥησιασμένης
1489 5219 1694 5288 ψυχῆςς
1725 5214 1844 5268 Κᾶν
1875 5215 1982 5283 7&9
2004 5212 2139 5283 πρὸς
2181 5211 2350 5275 αὑτάς

787 5318 1106 5387 ἀπέλθωμεν
1131 5314 1227 5377 τάς
1251 5299 1514 5382 ἐσχατιάς
1550 5311 1648 5390 τῆς
1689 5307 2028 5378 οἰκουμένης,
2081 5306 2349 5375 πανταχοῦ

790 5429 848 5463 σε
878 5409 1257 5482 περιφέροντες
1289 5408 1511 5477 ἄπιμεν,
1549 5404 1638 5458 τὸν
1673 5401 1870 5472 θερμὸν
1900 5401 2054 5472 ὴμῶν
2100 5401 2349 5471 ἐραστὴν,

854 5564 877 5591 ⁸
909 5563 1029 5621 Reg.
1053 5559 1388 5621 ἀπενεχθέντες.
1413 5557 1564 5621 Sam.
1591 5557 1707 5621 item
1749 5555 1800 5602 in
1841 5556 1982 5601 textu
2008 5551 2351 5612 ἀπενεχθέντες,

793 5627 838 5671 in
873 5619 1026 5682 marg.
1051 5619 1281 5682 ἀχθέντες,
1309 5619 1479 5668 Morel.
1509 5619 1795 5680 ἀναχθέντες.

852 5685 880 5724 Ι)
909 5681 1015 5732 Duo
1042 5681 1157 5731 mss.
1180 5681 1538 5742 καρπώσασθαι.

854 5748 878 5779 ε
905 5746 1057 5799 Valic.
1078 5747 1163 5804 τὴν
1187 5733 1465 5793 Κόκκουσὸν
1489 5744 1551 5792 de
1593 5753 1747 5792 more.
1772 5738 1897 5792 Vide
1930 5749 2075 5800 supra
2097 5738 2242 5799 epist.
2267 5733 2344 5784 ει.

1427 449 1782 512 SJOAN‘NIS
1810 440 2306 504 'CHRYSOSTOMI
2341 439 2659 496 ARClﬂEP.
2700 430 3247 495 CONSTANTINOP.

3862 427 3970 488 ἰη

2402 547 2494 601 καὶ
2529 547 2728 618 σφόδρα
2764 549 2894 618 ἡμῖν
2920 546 2999 617 τῷ
3019 550 3117 616 τῆς
3151 547 3369 617 ἀγάπης
3389 544 3538 616 νόμῳ
3567 539 3969 614 συνδεδεμένον.

2400 639 2490 692 Διὸ
2525 642 2618 692 κα)⁸
2660 640 2794 711 πρὸς
2821 639 2990 708 αὐτὴν
3034 638 3130 710 τὴν
3155 637 3386 709 ἐρημίαν
3413 638 3514 708 τῆς
3546 635 3668 691 καθ’
3697 638 3843 708 ἡμᾶς
3893 636 3977 690 0!-

2395 731 2677 800 ικουμένης
2708 730 3104 801 ἀπῳκισμένοι,
3136 729 3232 800 τὴν
3254 729 3563 784 Κουκουσδν
3589 729 3750 797 λέγω,
3798 731 3894 782 καὶ
3913 726 3972 782 οὐ

2403 821 2600 892 ῥᾳδίως
2637 822 2912 889 ἐπιτυχεῖν
2941 820 3051 872 τῶν
3091 817 3157 872 τὰ
3201 819 3503 891 γράμματα
3553 816 3978 888 διακομιζόντων

2403 912 2712 984 δυνάμενοι,
2747 911 2946 984 πολλὴν
2980 912 3357 982 ἐποιησάμεθα
3389 909 3620 978 σπουδὴν
3652 909 3977 980 ἐπιζητῆσαί

2403 1023 2462 1059 τε
2486 1009 2579 1060 καὶ
2617 1008 2796 1078 εὑρεῖν
2822 1006 2911 1060 τὸν
2933 1006 3137 1077 ταύτην
3171 1006 3327 1076 ἡμῶν
3367 1005 3463 1076 τὴν
3491 1003 3776 1074 ἐπιστολὴν
3799 1004 3964 1056 διακο

2409 1099 2649 1169 μίξοντα,
2673 1098 2812 1152 ὥστε
2843 1116 2934 1153 σου
2965 1101 3279 1167 προσειπεῖν
3298 1097 3395 1167 τὴν
3425 1097 3854 1167 θαυμασιότητα,
3889 1095 3982 1146 καὶ

2406 1190 2503 1259 τὴν
2532 1189 2886 1260 ὀφειλομένην
2910 1188 3210 1260 πρόσρησιν
3232 1187 3521 1241 ἀποδοῦναι
3546 1189 3611 1256 τῇ
3643 1185 3974 1256 μεγαλοπρεο

2409 1280 2537 1351 πείᾳ
2556 1283 2622 1352 τῇ
2656 1283 2743 1352 σῇ.
2777 1281 2895 1332 Ὀτι
2924 1280 2977 1333 δέ
3007 1280 3099 1332 καὶ
3134 1278 3314 1342 αὐτὸς,
3345 1277 3404 1343 ἐξ
3425 1271 3498 1331 ὧν
3652 1277 3982 1347 πεποίηκας,

2409 1373 2470 1424 ού
2500 1372 2664 1442 δεήσῃ
2694 1372 2794 1442 τῆς
2827 1372 2955 1442 παρ’
2978 1371 3134 1440 ἡμῶν
3163 1372 3516 1441 ὑπομνήσεως
3547 1372 3627 1432 είς
3656 1369 3717 1421 τὸ
3746 1367 3983 1436 συνεχῶς

2411 1467 2540 1534 ἡμῖν
2586 1463 2939 1524 ἐπιστέλλειν,
2983 1465 3075 1515 καὶ
3122 1464 3190 1515 τὰ
3222 1461 3351 1532 περὶ
3396 1460 3496 1530 τῆς
3526 1461 3714 1528 ὑγείας
3757 1458 3858 1528 τῆς
3888 1459 3986 1530 σῆς

2411 1542 2876 1625 εὐαγγελίζεσθαι,
2917 1556 3068 1609 οὑδέν
3110 1551 3260 1625 οἶμαι
3300 1555 3406 1607 δεῖν
3443 1551 3823 1623 ἀμφιϐάλλειν.
3877 1548 3988 1602 Καὶ

2411 1649 2521 1719 γάρ
2541 1649 2602 1700 οὺ
2632 1647 2730 1718 τὴν
2749 1646 3025 1717 -τυχοῦσαν
3044 1645 3450 1718 καρπωσόμεθε.
3479 1646 3844 1716 παράκλησιν,
3859 1645 3987 1696 ὅταν

2413 1742 2542 1811 παρ’
2584 1739 2735 1810 ὑμῶν
2790 1739 2898 1793 τῶν
2925 1738 3125 1809 σφόδρα
3155 1740 3302 1810 ἡμᾶς
3335 1736 3677 1806 ἀγαπώντων
3705 1734 3990 1805 δεχώμεθα

2414 1832 2738 1902 γράμματα,
2763 1845 2829 1883 πε
2839 1831 2890 1901 ρ“ι
2912 1833 3010 1900 τῆς
3049 1829 3267 1900 ῥώσεως
3290 1829 3385 1899 τῆς
3409 1828 3678 1899 ὑμετέρας
3705 1825 3991 1894 δηλοῦντα,

2415 1925 2509 1977 καὶ
2541 1923 2638 1994 τὴν
2689 1922 2909 1993 ἀγάπην
2950 1922 3039 1975 διὰ
3075 1920 3194 1974 ’τῶν
3226 1920 3522 1974 ἐπιστολῶν
3580 1916 3818 1987 συνεχῶς
3864 1917 3993 1969 ἀνα-

2415 2016 2655 2080 νεοῦντα,
2714 2016 2806 2068 καὶ
2838 2016 2936 2086 τὴν
2971 2013 3271 2085 παρουσίαν
3317 2015 3418 2083 τῆς
3453 2011 3724 2082 ὑμετέρας
3769 2009 3990 2079 ἀγάπης

2418 2107 2673 2161 ποιοῦντα
2699 2106 3085 2176 φαντάζεσθαι.
3135 2108 3323 2178 ’Δρκεῖ
3348 2104 3456 2176 7&9
3475 2104 3749 2174 πυκνότης
3771 2103 3992 2155 ἐπιστο-

2419 2200 2686 2264 λῶν,ὅταν
2713 2198 2862 2270 παρὰ
2885 2199 3053 2266 φίλων
3073 2199 3311 2266 γνησίων
3337 2197 3589 2268 φέρηται,
3606 2194 3700 2248 καὶ
3727 2196 3829 2264 τῆς
3855 2208 3996 2263 παρα

2421 2293 2608 2356 ουσίας
2643 2290 2968 2360 σοφίσασθαι
2990 2291 3088 2361 τὴν
3112 2291 3324 2361 ἡδονήν.

2983 2449 3102 2513 PL".
3153 2447 3430 2513 Βρίσωνι.

2493 2603 2558 2656 Τί
2601 2601 2793 2668 τοῦτο;
2833 2603 3028 2656 Αὑτόθι
3071 2603 3170 2673 μὲν
3207 2604 3374 2655 ὄντων
3405 2603 3432 2639 α
3482 2601 3636 2672 ἡμῶν
3673 2600 3843 2672 μυρία
3900 2601 3992 2654 καὶ

2424 2699 2597 2749 ποιεῖν
2631 2695 2725 2750 καὶ
2768 2696 2944 2765 λέγειν
3005 2695 3367 2760 ἐσπούδακας,
3397 2694 3490 2747 καὶ
3521 2696 3588 2764 τῇ
3632 2693 3785 2747 πόλει
3825 2695 3994 2768 πάσῃ,

2430 2789 2628 2860 μᾶλλον
2650 2789 2706 2842 δέ
2734 2791 2799 2858 τῇ
2855 2788 3144 2859 οίκουμένῃ
3180 2787 3478 2857 κατάδηλος
3518 2788 3748 2856 γέγονας
3787 2788 3882 2840 ἐπὶ
3924 2786 4001 2855 τῷ

2430 2883 2656 2952 φίλτρῳ,
2690 2875 2733 2948 ᾧ
2769 2881 2897 2951 περὶ
2921 2881 3066 2950 ἡμᾶς
3118 2881 3506 2942 ἐπιδείκνυσαι,
3537 2880 3609 2951 μὴ
3639 2880 3847 2948 στέγων
3876 2878 4005 2931 αύτό

2432 2977 2556 3045 σιγῇ
2593 2972 2863 3042 κατέχειν,
2901 2972 3037 3024 ἀλλά
3058 2972 3146 3026 διά
3189 2973 3297 3025 τῶν
3334 2973 3533 3043 ἔργων,
3565 2971 3654 3025 διὰ
3681 2971 3790 3024 τῶν
3822 2971 4004 3042 ῥημά-

2429 3084 2537 3118 των
2576 3064 2848 3135 πανταχοῦ
2875 3064 3334 3135 ὲπιδεικνύμενος,
3359 3064 3656 3118 ἐπιστεῖλαι
3689 3065 3746 3117 δέ
3779 3065 3912 3135 ἡμῖν
3927 3063 4009 3115 ού-

2430 3159 2486 3211 δέ
2509 3141 2655 3222 ἀπαξ
2686 3157 2971 3221 κατεδέξω,
3001 3159 3092 3211 καὶ
3118 3157 3286 3210 ταῦτα
3320 3155 3523 3228 σφόδρα
3543 3155 3735 3222 διψῶσι
3767 3155 3876 3208 τῶν
3893 3157 4010 3209 ἐπι-

2436 3249 2636 3303 στολῶν
2684 3249 2794 3302 τῶν
2824 3248 2952 3312 σῶν,
2988 3247 3210 3301 καὶτῶν
3232 3248 3575 3319 γραμμάτων
3609 3246 4008 3318 ἐπιθυμοῦσιν;

2436 3343 2548 3396 Οὑκ
2590 3337 2744 3395 οἶσθα
2774 3341 2904 3410 ὅσην
2943 3338 3238 3408 ἐμέλλομεν
3274 3336 3614 3408 καρποῦσθαι
3664 3336 4011 3407 παράκλησιν

2436 3435 2533 3504 τῆς
2561 3433 2702 3486 οὑτω
2734 3432 2962 3503 γνησίας
3005 3431 3204 3502 ψυχῆς,
3245 3430 3341 3500 τῆς
3381 3429 3524 3483 οὕτω
3553 3430 3762 3500 θερμῆς
3829 3428 4013 3498 φιλίας

2440 3525 2635 3592 ἐγγονα
2662 3524 2938 3594 δεχόμενοι
2957 3523 3284 3594 γράμματα;
3309 3523 3417 3574 Καὶ
3441 3521 3612 3574 ταῦτα
3636 3521 3738 3574 οὑκ
3763 3519 4014 3588 ἐγκαλῶν

2441 3616 2583 3683 λέγω
2617 3611 2753 3685 (οἶδα
2788 3615 2894 3685 7&9
2925 3616 3007 3667 ὃτι
3060 3615 3155 3667 καὶ
3205 3614 3450 3686 γράφων,
3493 3614 3584 3665 καὶ
3619 3610 3806 3679 σιγῶν,
3837 3611 4018 3681 ἀκμά-

2444 3707 2639 3770 ζουσαν
2669 3707 2943 3777 διατηρεῖς
2975 3707 3071 3777 τὴν
3099 3706 3226 3776 περὶ
3256 3706 3402 3774 ἡμᾶς
3428 3703 3709 3771 διάθεσιν),
3730 3702 3868 3755 ἀλλά
3885 3701 4020 3771 σφό-

2441 3799 2542 3869 δρα
2575 3798 2856 3869 ἐπιθυμῶν
2894 3809 2917 3836 0
2955 3815 3046 3850 σου
3090 3798 3200 3850 τῶν
3242 3795 3558 3850 ἐπιστολῶν.
3593 3796 3702 3848 Καὶ
3763 3795 3838 3865 μὴ
3883 3794 4023 3864 γρά-

2444 3908 2634 3960 φοντος
2661 3892 2759 3961 μέν
2803 3908 2916 3956 σου,
2950 3891 3012 3943 οὑ
3043 3889 3328 3960 παυόμεθα
3360 3890 3486 3953 τοὺς
3519 3887 3726 3941 ἐκεῖθεν
3755 3889 4022 3957 ἀφικνου-

2449 3982 2638 4052 μένους
2670 3982 2980 4054 ερωτῶντες
3014 3980 3140 4052 περ’)⁸
3175 3983 3273 4052 τῆς
3299 3979 3516 4052 ῥώσεώς
3546 3997 3638 4032 σου
3675 3979 3768 4033 καὶ
3801 3979 3902 4048 τῆς
3936 3979 4028 4032 εὑ-

2447 4074 2664 4146 θυμίας,
2713 4075 2806 4127 καί
2841 4074 3045 4144 σφόδρα
3080 4073 3342 4144 χαίρομεν
3389 4071 3677 4134 ἀκούοντες
3722 4071 3869 4141 ἆπερ
3903 4073 4028 4123 ἐπι·-

2449 4165 2745 4237 θυμοῦμενσ
2794 4166 2929 4220 ἀλλά
2978 4164 3277 4235 βουλόμεθα
3313 4166 3404 4218 καὶ
3454 4164 3606 4235 παρὰ
3631 4164 3728 4232 τῆς
3773 4163 4028 4235 γλώττης

2449 4259 2543 4327 τῆς
2564 4261 2683 4324 σῆς,
2711 4258 2804 4311 καὶ
2841 4257 2989 4328 παρά
3017 4260 3114 4327 τῆς
3146 4257 3324 4324 δεξιᾶς
3348 4256 3445 4326 τῆς
3464 4257 3564 4326 σῆς
3598 4255 3770 4308 ταῦτα
3813 4256 4031 4326 μανθά-

2449 4368 2578 4404 νειν,
2605 4353 2666 4404 El
2688 4351 2862 4404 τοίνυν
2892 4350 2965 4420 μὴ
2997 4349 3132 4419 βαρὺ
3155 4349 3287 4419 μηδὲ
3319 4349 3548 4419 ἐπαχθὲς
3577 4348 3846 4418 ζητοῦμεν
3866 4347 3907 4410 ί,
3933 4347 4032 4401 νῦν

2451 4442 2577 4510 γοῦν
2605 4441 2808 4512 ταύτην
2834 4444 2965 4512 ἡμῖν
2997 4442 3280 4512 παράσχου
3314 4441 3410 4511 τὴν
3442 4441 3619 4511 χάριν,
3655 4442 3921 4511 μεγίστην
3949 4436 4034 4494 οὖς

2455 4550 2552 4585 σαν
2607 4533 2700 4585 καὶ
2751 4533 2992 4603 ἡδίστην,
3051 4532 3144 4586 καὶ
3191 4532 3389 4603 πολλὴν
3421 4533 3549 4602 ἡμῖν
3615 4533 3888 4603 φέρουσαν
3933 4534 4035 4604 τὴν

2452 4625 2663 4695 ἡδονήν.

2705 4741 2853 4812 [707]
2874 4743 3045 4806 Ριιλο.
3095 4741 3467 4809 Ἂμπρούκλῃ
3499 4740 3777 4804 διακόνῳ.

2541 4877 2834 4947 Ἐδεξάμην
2857 4876 3133 4947 δευτέραν,
3167 4877 3236 4946 ἢν
3268 4876 3402 4944 ἔφης
3441 4877 3709 4946 προτέραν
3739 4877 4037 4948 ἐπιστολὴν

2457 4970 2867 5032 ἐπεσταλκέναι,
2899 4968 3153 5021 δέσποινά
3194 4985 3293 5037 μου
3328 4969 3628 5038 τιμιωτάτη
3662 4970 3754 5021 καὶ
3793 4987 4039 5040 κοσμιω-

2455 5051 2612 5128 τάτη.
2650 5057 2758 5110 Καὶ
2779 5057 2850 5109 τὰ
2873 5056 3014 5109 αὑτά
3037 5056 3197 5110 πάλιν
3226 5056 3388 5124 λέγω,
3419 5055 3491 5126 μὴ
3519 5057 3673 5110 κάλει
3720 5059 3928 5127 τόλμαν
3975 5060 4040 5113 τὸ

2457 5151 2729 5222 προτέραν
2759 5153 2868 5214 τοῖς
2901 5150 3035 5218 πρὸς
3057 5150 3202 5220 ἡμᾶς
3235 5151 3568 5220 ἐπιπηδῆσαι
3601 5151 3910 5220 γράμμασι,
3939 5169 4044 5222 μη.

2458 5246 2513 5298 δὲ
2540 5245 2842 5314 ἁμάρτημα
2875 5243 3059 5311 νόμιζε
3085 5243 3144 5294 τὸ
3175 5242 3428 5312 μέγιστον
3453 5243 3746 5312 ἐγκώμιον.
3787 5244 4036 5311 Ἀγάπης

2459 5339 2565 5408 γάρ
2595 5336 2822 5407 ζεούσης
2845 5336 2938 5389 καὶ
2963 5335 3170 5407 θερμῆς
3189 5335 3346 5388 τοῦτο
3372 5336 3567 5404 δεῖγμα
3599 5334 3917 5403 ποιούμεθα.
3942 5337 4038 5388 καὶ

2461 5429 2557 5497 τῆς
2582 5428 2808 5496 γνησίας
2842 5426 2934 5480 καὶ
2971 5425 3292 5496 εἰλικρινοῦς
3338 5443 3429 5478 σου
3462 5424 3758 5488 διαθέσεως
3781 5427 3877 5496 τῆς
3905 5427 4038 5494 φλο-

2524 5602 2548 5639 d
2576 5601 2686 5648 MSS.
2712 5602 2869 5649 αὐτόθι
2892 5602 3138 5664 μενόντων,
3161 5617 3269 5664 qua
3290 5603 3436 5652 etiam
3457 5601 3605 5651 lectio
3625 5604 3842 5664 quadraL

2528 5667 2549 5729 εξ
2578 5664 2658 5729 Sic
2685 5663 3193 5729 rect§_Sa\'il._MQrel}
3220 5672 3272 5716 et
3298 5665 3465 5715 Monlf.
3493 5663 3721 5729 ἐπιθυμῶ.
3747 5666 3879 5714 Eon.

2531 5723 2548 5762 ί
2579 5725 2698 5788 Reg.
2723 5730 2775 5775 et
2794 5724 2949 5776 Valic.
2970 5725 3211 5789 αἰτοῦμεν.
