4152 6486
186 419 293 477 ἹΠ

188 534 321 591 dine
346 530 569 588 mittatis
602 546 616 584 :
650 528 730 584 sic
759 525 905 583 enim
936 535 1161 596 peregre
1184 518 1443 590 degentes
1468 509 1663 568 solatio
1686 520 1796 563 non

190 624 457 684 mediocri
483 619 842 695 perfrnemur.

263 757 516 818 ccxxx
530 755 659 812 νη.
700 752 976 822 Procopio.
1010 748 1120 821 (Ab
1152 761 1297 803 anno
1331 744 1439 802 tot
1468 739 1536 797 ad
1560 738 1714 807 tor.)

268 894 606 963 Quamquam
651 888 842 958 exigua
889 882 1048 941 nobis
1090 890 1267 937 tecum
1306 878 1427 934 istic
1469 870 1802 931 consuetudo

192 988 321 1056 fuit,
353 985 568 1042 domine
606 981 890 1054 plurimum
933 973 1294 1047 suspiciende,
1336 983 1588 1042 magnum
1623 974 1801 1022 tamen

191 1079 429 1134 sincera:
466 1086 568 1131 tua:
608 1073 867 1140 caritatis,
912 1068 1077 1125 animi
1114 1065 1305 1139 quieti,
1349 1061 1550 1120 sinceri
1595 1075 1659 1116 ac
1694 1057 1802 1116 fer-

191 1172 377 1228 ventis
414 1169 614 1225 amoris
653 1165 947 1239 periculum
993 1162 1237 1219 fecimus.
1276 1159 1613 1229 Quapropter
1642 1152 1803 1209 etiam

192 1273 264 1324 ad
295 1269 441 1339 ipsos
464 1264 608 1321 orbis
632 1271 894 1319 terrarum
924 1259 1057 1314 fines
1077 1255 1323 1327 relegati,
1355 1260 1518 1324 atque
1538 1248 1607 1305 ad
1633 1250 1804 1320 ipsam

194 1366 503 1417 extremam
546 1353 885 1417 solitudinem
932 1349 1169 1415 abducti,
1215 1346 1468 1419 quoniam
1513 1342 1711 1414 ubique
1751 1348 1806 1395 te

194 1442 653 1516 circumferimus,
679 1458 1017 1517 quocumque
1048 1441 1266 1498 tandem
1296 1436 1719 1510 proficiscamur,
1749 1439 1808 1489 et

196 1542 525 1613 insculptum
553 1541 606 1596 in
632 1547 853 1613 pectore
878 1547 1172 1608 gestamus,
1209 1548 1275 1588 ex
1314 1538 1463 1586 tanto
1488 1528 1612 1585 licet
1638 1526 1806 1581 inter-

197 1637 345 1693 vallo
381 1634 688 1700 scribimus,
729 1647 794 1688 ac
836 1630 1071 1687 debitam
1114 1625 1493 1683 salutationem
1538 1618 1805 1694 persolvi-

197 1745 365 1789 mus:
396 1740 647 1799 tuamque
671 1725 990 1783 suavitatem
1022 1733 1260 1786 oramus,
1300 1727 1359 1773 ut
1400 1716 1504 1771 nisi
1535 1729 1697 1787 grave
1736 1711 1808 1769 sit

197 1839 266 1881 ac
296 1822 607 1888 molestum,
649 1819 789 1874 banc
815 1817 931 1889 ipse
960 1815 1117 1871 nobis
1160 1813 1385 1885 gratiam
1428 1807 1716 1873 concedas,
1750 1813 1809 1862 ct

199 1913 273 1972 de
313 1924 403 1970 tua
436 1904 741 1968 valetudine
766 1909 947 1964 laetum
969 1905 1038 1962 ad
1060 1918 1158 1960 nos
1180 1902 1427 1959 nuntium
1454 1900 1654 1955 mittas.
1682 1897 1809 1953 llmc

199 2006 350 2064 enim
373 2005 533 2062 etiam
563 2013 616 2058 te
638 2001 859 2057 minime
878 1998 1149 2055 scribente
1171 1994 1537 2065 intelligimus,
1566 1991 1691 2047 dum
1713 2004 1808 2046 eos

199 2102 297 2175 qui
346 2100 505 2157 istinc
544 2099 770 2155 veniunt
814 2094 1177 2160 sciscitamur,
1216 2091 1363 2164 quod
1411 2103 1607 2161 magno
1653 2085 1809 2143 nobis

200 2195 385 2253 studio
403 2195 494 2263 sit,
516 2203 577 2250 ut
598 2193 668 2250 de
694 2203 784 2249 tua
810 2189 1117 2247 valetudine
1140 2203 1206 2244 ac
1232 2184 1470 2243 nominis
1494 2182 1809 2241 celebritate

199 2285 465 2342 certiores
491 2284 681 2340 (lamus
710 2302 723 2338 :
752 2282 999 2353 cupimus
1028 2288 1207 2334 tamen
1237 2278 1432 2349 linguae
1466 2284 1572 2330 tua:
1601 2288 1664 2329 ac
1690 2288 1808 2328 ma-

200 2392 307 2434 nus
351 2386 458 2432 tute
501 2374 764 2432 beneficio
805 2373 961 2430 nobis
1002 2370 1193 2428 eadem
1224 2370 1581 2433 innotescere,
1623 2375 1684 2420 ut
1710 2364 1809 2421 du-

199 2468 398 2541 plicem
444 2468 769 2538 voluptatem
798 2480 1103 2537 carpamus,
1136 2471 1249 2519 tum
1294 2461 1437 2533 quod
1483 2459 1803 2525 scribamus,

203 2573 319 2619 tum
355 2561 499 2633 quod
543 2561 726 2617 literas
768 2575 798 2615 a
829 2568 917 2614 tua
948 2556 1226 2613 nobilitate
1246 2556 1440 2611 missas
1463 2552 1805 2623 recipiamus.

201 2655 359 2712 Hauc
386 2668 516 2710 vero
545 2652 702 2708 nobis
720 2650 959 2713 concede
984 2648 1230 2720 gratiam,
1278 2661 1399 2718 qua;
1438 2653 1493 2700 et
1522 2640 1807 2715 jucundis-

202 2748 342 2805 sima
371 2756 476 2815 est,
503 2762 567 2802 ac
594 2745 789 2802 rationi
812 2752 1194 2809 consentanea,
1225 2751 1280 2797 et
1307 2738 1474 2795 multa
1500 2736 1683 2792 lmtitia
1710 2749 1811 2791 nos

196 2838 493 2912 perfundit.

299 2971 551 3032 CLXXX
564 2971 731 3028 VIII.
763 2971 1088 3028 Marcellino.
1122 2971 1357 3043 (Cucuso
1383 2984 1527 3024 anno
1556 2964 1709 3041 404.)

273 3107 387 3166 Nos
406 3108 622 3182 quidem
668 3109 723 3164 in
760 3108 999 3164 omnium
1041 3106 1468 3163 desertissimum
1500 3105 1679 3162 locum
1703 3101 1810 3158 Cu-

200 3217 391 3259 cusum
421 3202 641 3272 relegati
679 3215 901 3256 sumus:
930 3215 1051 3255 cum
1094 3208 1270 3255 tamen
1301 3198 1455 3253 nobis
1479 3198 1532 3252 in
1573 3204 1808 3269 mentem

199 3296 565 3352 venitvestra:
589 3294 847 3362 caritatis,
878 3309 983 3364 qua
1017 3307 1117 3349 nos
1137 3291 1582 3363 coniplectimini,
1622 3292 1810 3362 iugen-

202 3398 318 3444 tem
367 3386 693 3458 percipimus
730 3386 1194 3455 consolationem,
1234 3394 1396 3457 atque
1430 3384 1483 3440 in
1519 3382 1809 3439 solitudine

198 3478 399 3534 divites
426 3492 632 3533 sumus.
675 3477 859 3549 Neque
892 3477 1037 3533 enim
1066 3477 1113 3533 is
1133 3478 1365 3547 vulgaris
1389 3485 1472 3533 est
1502 3480 1805 3540 thesaurus,

198 3570 248 3625 si
277 3570 427 3625 viros
468 3570 813 3637 naneiscaris,
842 3570 930 3640 qui
956 3569 1166 3625 sincere
1187 3584 1369 3624 amare
1394 3567 1658 3623 noverint.
1682 3565 1809 3622 ideo

200 3663 419 3719 tametsi
460 3678 687 3733 corpore
727 3664 945 3719 minime
986 3661 1265 3727 adsumus,
1309 3662 1588 3717 vobiscum
1628 3662 1806 3716 anima

198 3756 436 3813 devincti
484 3771 693 3821 sumus,
737 3767 792 3812 et
838 3766 1026 3811 catena
1069 3756 1309 3811 caritatis
1361 3754 1622 3824 obtricti.
1673 3754 1809 3810 llinc

200 3847 366 3903 etiam
397 3846 477 3914 lit,
509 3856 562 3901 ut
589 3847 653 3901 ad
694 3863 791 3902 vos
822 3856 973 3903 tanto
1003 3847 1285 3903 intervallo
1314 3846 1567 3918 disjuucti
1598 3846 1806 3902 scriba-

202 3954 348 4005 mus,
378 3953 443 3994 ac
469 3937 707 3994 debitam
735 3940 1111 3994 salutationem
1151 3939 1539 4011 persolvamus.
1578 3938 1709 3994 Nam
1755 3939 1807 3993 in

202 4033 499 4103 primorum
524 4048 805 4089 numerum
832 4034 1125 4089 amicorum
1158 4042 1209 4090 te
1230 4033 1560 4104 adscriptum
1589 4049 1619 4087 a
1652 4033 1806 4089 nobis

202 4125 371 4182 fuisse
399 4141 500 4182 nec
535 4128 648 4197 ipse
685 4128 918 4199 ignoras,
947 4128 1166 4183 domine
1196 4128 1268 4182 mi
1311 4127 1597 4199 plurimum
1625 4130 1806 4198 smpi-

200 4219 419 4276 ciende.
449 4219 597 4276 Hanc
624 4221 783 4292 igitur
808 4220 963 4276 nobis
986 4231 1041 4276 et
1069 4222 1183 4292 ipse
1206 4222 1430 4292 gratiam
1460 4222 1718 4289 concede,
1750 4230 1807 4277 ut

202 4310 511 4382 fmqnenter
534 4313 600 4368 ad
625 4328 725 4369 nos
751 4313 935 4370 literas
960 4314 1164 4382 mittas,
1201 4331 1321 4386 qua:
1346 4314 1413 4370 de
1456 4325 1559 4370 tua:
1598 4317 1804 4371 valetu—

200 4405 346 4463 dinis
370 4415 510 4462 statu
533 4408 653 4463 beta
676 4408 943 4477 nuntient,
966 4416 1024 4463 ut
1043 4417 1098 4463 et
1120 4408 1244 4463 dum
1274 4409 1579 4475 scribimus,
1604 4419 1658 4465 et
1677 4410 1804 4465 dum

201 4498 467 4569 ejusmodi
496 4499 677 4556 literas
702 4501 1015 4571 accipimus,
1044 4503 1265 4558 multam
1292 4503 1716 4558 consolationem
1742 4519 1806 4559 ac

202 4590 533 4660 voluptatem
563 4606 867 4663 carpamus,
899 4602 955 4649 et
984 4595 1221 4649 maximo
1249 4597 1410 4652 etiam
1435 4596 1488 4650 in
1520 4597 1805 4653 solitudine

201 4683 463 4753 degentes
486 4684 679 4739 solatio
709 4686 1066 4755 perfruamur.

372 4848 727 4905 CLXXXIX.
758 4849 1028 4904 Antiocho.
1059 4846 1293 4921 (Cucuso
1322 4862 1465 4901 auuo
1495 4846 1648 4920 404.)

282 4982 574 5056 Ecquando
612 4985 824 5041 tandem
866 4984 1045 5039 suavis
1083 4992 1139 5039 et
1177 4982 1417 5039 ardentis
1457 4985 1657 5040 amoris
1704 4984 1809 5051 tui,

206 5079 435 5148 sincera:
470 5079 797 5148 minimeque
841 5076 1031 5133 fucata:
1069 5077 1307 5133 caritatis
1345 5077 1641 5147 poterimus
1678 5078 1808 5134 oblia

207 5170 365 5237 visci,
398 5170 593 5225 mentis
618 5171 858 5241 ingenua.-
879 5186 941 5227 ac
957 5171 1226 5238 sublimis,
1258 5171 1423 5226 animi
1451 5170 1813 5227 contidentis?

206 5263 467 5332 Quamvis
495 5262 637 5317 enim
668 5262 736 5317 ad
766 5264 911 5333 ipsos
939 5263 1155 5319 ultimos
1190 5264 1339 5320 orbis
1377 5273 1641 5321 terrarum
1680 5265 1814 5320 lines

209 5353 634 5426 proficiscamur,
655 5354 852 5424 ubique
875 5364 926 5410 te
946 5353 1374 5412 circumferimus
1392 5356 1675 5421 abeuntes,
1704 5355 1813 5412 fer-

212 5446 393 5501 vidum
433 5447 602 5501 nostri
635 5459 951 5514 amatorem,
992 5456 1043 5503 et
1091 5448 1394 5503 arctissiuta
1429 5450 1669 5503 caritatis
1712 5466 1813 5504 no-

213 5542 418 5597 biscum
450 5540 568 5611 lege
592 5539 916 5597 devinctum.
951 5542 1213 5609 Quocirca
1242 5542 1327 5598 vel
1359 5543 1411 5598 in
1441 5543 1610 5613 ipsam
1644 5544 1814 5597 nostri

215 5634 373 5705 hujus
399 5634 547 5690 orbis
579 5642 838 5691 terrarum
865 5637 1231 5703 solitudinem,
1260 5638 1527 5693 Cucusum
1558 5637 1813 5692 nimirum

215 5728 458 5800 relegati,
491 5730 736 5800 quamvis
763 5729 902 5786 haud
943 5730 1116 5798 facile,
1162 5733 1255 5803 qui
1297 5732 1477 5787 literas
1522 5732 1814 5801 perferant,

213 5823 450 5877 nancisci
493 5836 773 5891 queamus,
814 5838 1030 5879 omnem
1072 5823 1415 5880 adhibuimus
1457 5825 1811 5897 diligentiam,

215 5922 279 5971 ut‘
301 5912 765 5987 investigaremus,
789 5929 848 5973 ac
874 5916 1251 5988 reperiremus,
1284 5918 1374 5992 qui
1406 5927 1647 5977 nostram
1670 5918 1809 5979 banc

1627 388 2012 453 EPISTOLM.

3410 344 3517 401 718

1906 496 2188 571 epistolam
2214 491 2290 549 ad
2310 499 2363 547 te
2392 485 2677 556 perferret,
2702 485 2755 537 ut
2778 472 3171 537 sublimitatem
3188 469 3339 571 tuam
3354 470 3515 571 com.

1906 546 2281 663 psit-aremus:
2296 546 2361 638 ac
2393 546 2638 637 debitam
2662 546 3065 628 salutationem
3082 546 3516 663 magnificentiae

1908 640 2016 740 {uae
2046 640 2495 753 pewrsolveremus.
2526 667 2713 739 Neque
2739 676 2871 719 vero
2913 658 2970 715 in
3007 651 3231 712 dubium
3270 640 3523 705 revocari

1907 750 2110 834 debere
2132 772 2386 836 arbitror,
2414 780 2539 823 cum
2564 777 2629 819 ea
2656 774 2777 833 qua:
2795 757 2909 829 jam
2928 768 2959 808 a
2985 760 3039 807 te
3063 754 3189 805 sunt
3211 750 3365 836 gesta
3387 752 3523 797 con-

1909 869 2109 936 sidero,
2139 865 2267 938 quin
2311 834 2429 919 sine
2473 865 2655 915 nostra
2680 846 3050 909 admonitione
3090 840 3161 897 ad
3206 850 3307 894 nos
3333 834 3523 891 literas

1909 930 2104 1021 crebro
2146 930 2384 1022 mittere,
2426 964 2482 1011 et
2524 950 2593 1007 de
2633 957 2726 1003 tua
2768 938 3078 1001 valetudine
3119 930 3386 1022 certiores
3420 936 3521 1022 nos

1910 1056 2093 1113 facere
2124 1046 2456 1108 memineris.
2495 1042 2612 1100 Non
2643 1039 2787 1097 enim
2813 1031 3154 1091 mediocrem
3185 1016 3519 1113 consolatioo

1911 1108 2047 1205 item
2063 1108 2397 1205 bauriemns,
2420 1152 2545 1195 eum
2570 1150 2603 1191 a
2630 1129 2805 1195 vobis,
2838 1142 2869 1182 a
2897 1122 3093 1197 quibus
3121 1119 3369 1188 impense
3390 1108 3521 1166 dili-

1910 1243 2108 1315 gimur,
2150 1237 2336 1294 literas
2372 1231 2620 1302 accipere
2648 1222 2853 1287 licebit,
2887 1232 3007 1291 quae
3054 1205 3384 1312 valetudinis
3421 1217 3518 1260 ve-

1912 1298 2037 1389 stra:
2051 1298 2248 1388 statum
2269 1298 2568 1397 exponant,
2589 1326 2645 1377 et
2661 1312 2905 1388 epistolae
2924 1303 3224 1366 ministerio
3238 1298 3519 1397 caritatem

1910 1423 2140 1481 subinde
2165 1389 2455 1483 renovent,
2484 1389 2558 1471 ac
2576 1419 2813 1468 vestram
2856 1400 3202 1478 prmsetitiam
3247 1392 3406 1452 nobis
3449 1389 3523 1447 0b

1910 1517 2097 1575 oculos
2125 1521 2348 1587 ponant.
2376 1506 2654 1581 Siquidem
2696 1507 2876 1575 potest
2911 1490 3213 1587 frequentia
3238 1487 3522 1543 iiterantm

1912 1625 2057 1677 eam,
2089 1582 2210 1680 quae
2237 1621 2304 1661 ex
2329 1599 2619 1676 praesentia
2644 1594 3032 1668 perciperetur,
3065 1582 3304 1641 laetitiam
3334 1593 3399 1635 ae
3422 1590 3521 1632 vo-

1912 1675 2171 1775 luptatem
2217 1695 2562 1762 adumbrare,
2594 1706 2718 1747 eum
2762 1703 2795 1743 a
2841 1680 3069 1742 sinceris
3116 1675 3306 1734 amicis
3346 1680 3524 1728 trans-

1912 1799 2092 1855 missa:
2122 1794 2341 1851 fuerint.

2260 1928 2416 1989 CXC.
2447 1924 2654 1983 Βήωηὶ
2682 1920 2780 1994 (α).
2811 1917 2996 1991 (Anno
3019 1910 3171 1983 40L)

1985 2073 2125 2146 Quid
2155 2074 2258 2128 hoc
2283 2067 2362 2125 rei
2390 2078 2515 2124 esse
2536 2057 2752 2119 dicam?
2775 2053 2991 2113 Siccine
3014 2057 3093 2115 tu,
3122 2044 3215 2118 qui
3252 2055 3377 2101 cum
3422 2053 3525 2095 nos

1914 2134 2036 2229 istic
2063 2180 2328 2232 essemus,
2375 2162 2660 2218 innumera
2697 2151 2877 2209 facere
2917 2162 2983 2204 ac
3016 2144 3200 2201 dicere
3247 2134 3520 2196 studuisti.

1915 2227 2076 2337 atque
2103 2259 2242 2327 urbi,
2275 2227 2361 2312 vel
2385 2252 2567 2326 potius
2592 2247 2689 2305 toti
2713 2244 2835 2303 orbi
2857 2251 3123 2299 terrarum
3149 2230 3432 2292 innotuisti
3451 2227 3527 2284 ob

1913 2324 2038 2413 cum
2073 2324 2337 2413 amorem,
2379 2324 2539 2418 quem
2573 2354 2703 2412 erga
2742 2351 2842 2392 nos
2872 2328 3219 2393 ostendebas,
3246 2336 3425 2394 neque
3447 2324 3522 2379 si-

1914 2410 2084 2505 lentio
2121 2454 2301 2515 tegere
2325 2410 2384 2495 id
2396 2410 2660 2509 'poteras,‘
2679 2429 2778 2487 sed
2801 2435 2857 2484 et
2886 2423 3049 2481 rebus
3091 2418 3225 2491 ipsis
3248 2424 3307 2474 et
3342 2410 3523 2468 verbis

1916 2541 2115 2611 ubique
2148 2506 2431 2607 specimen
2450 2527 2568 2600 ejus
2587 2522 2808 2585 edebas,
2834 2520 3017 2574 literas
3036 2511 3104 2568 ad
3130 2524 3232 2567 nos
3255 2522 3325 2563 ne
3353 2506 3525 2561 semel

1913 2607 2133 2706 quidem
2155 2628 2409 2699 dignatus
2435 2636 2496 2678 es
2525 2616 2761 2681 mittere,
2792 2611 2973 2682 idque,
3005 2620 3130 2663 cum
3156 2614 3371 2706 summe
3401 2607 3524 2653 tua-

1914 2688 2035 2783 ;um
2060 2688 2411 2795 epistularum
2442 2710 2713 2770 desiderio
2737 2714 3071 2767 tenerentur,
3094 2706 3318 2765 tuasque
3335 2688 3525 2794 literas

1913 2781 2331 2891 expeteremus?
2356 2804 2549 2864 Nescis
2582 2808 2842 2875 quantam
2862 2810 2931 2851 ex
2950 2806 3018 2849 eo
3045 2781 3352 2861 percepturi
3375 2794 3526 2837 esse

1915 2877 2036 2969 mus
2064 2903 2509 2967 consolationem,
2539 2894 2683 2969 quod
2710 2904 2816 2949 tam
2839 2885 3082 2944 ardentis
3106 2878 3356 2937 amicitiae
3383 2877 3527 2932 fetus

1915 2966 2096 3062 literas
2124 2991 2532 3070 acciperemus?
2558 2966 2733 3059 inque
2762 2983 2880 3039 inec
2904 2994 3005 3051 ego
3030 2991 3137 3033 non
3163 2966 3523 3070 exprobrandi

1913 3059 2076 3155 causa
2100 3059 2261 3157 dico:
2272 3086 2471 3161 quippe
2495 3081 2583 3155 qui
2615 3079 2782 3136 sciam
2810 3086 2884 3142 te,
2918 3073 3033 3129 sive
3059 3066 3285 3132 scribas,
3309 3062 3426 3119 sive
3446 3059 3525 3115 si-

1914 3192 2048 3255 leas,
2082 3188 2352 3257 ingentem
2393 3171 2822 3236 benevolentiam
2863 3180 2992 3238 erga
3036 3178 3137 3219 nos
3174 3169 3521 3221 conservare,

1913 3281 2010 3339 sed
2036 3248 2197 3351 quod
2236 3284 2449 3332 tuarum
2489 3265 2762 3325 desiderio
2790 3261 3014 3332 ﬂagrem
3041 3252 3416 3351 epistularum.
3440 3248 3527 3350 ,Λα

1912 3338 2153 3431 solemus
2176 3365 2416 3441 quidem,
2448 3359 2659 3419 etiamsi
2688 3371 2796 3414 non
2825 3350 3073 3439 scribas”
3098 3361 3196 3404 eos
3243 3342 3334 3415 qui
3367 3338 3525 3396 istinc

1914 3428 2227 3530 adveniunt,
2260 3428 2521 3518 sciscitari
2565 3453 2635 3510 de
2671 3460 2763 3509 tua
2805 3428 3110 3503 valetudine
3149 3449 3311 3509 atque
3340 3432 3527 3491 hilari.

1915 3571 2043 3628 tate,
2074 3572 2139 3615 ac
2165 3529 2509 3623 summopere
2536 3544 2726 3609 lauari,
2754 3549 2877 3598 Cum
2898 3554 2961 3593 ea
2984 3549 3103 3608 qua:
3129 3529 3520 3590 desideramus,

1913 3620 2163 3715 audimus
2196 3670 2209 3708 :
2245 3648 2340 3706 sed
2371 3620 2565 3717 linguae
2608 3648 2715 3696 tua:
2754 3651 2818 3691 ac
2845 3633 3084 3691 dextera:
3125 3638 3229 3682 tuae
3260 3620 3525 3679 beneficio

1914 3750 2035 3807 haec
2058 3744 2359 3815 intelligere
2387 3747 2735 3808 superemus.
2766 3726 2880 3785 Nisi
2920 3738 3049 3795 ergo
3090 3721 3319 3776 fortasse
3361 3726 3526 3785 grave

1912 3844 1984 3900 sit
2013 3857 2076 3899 ac
2104 3811 2390 3897 molestum
2418 3830 2560 3905 quod
2592 3828 2846 3901 petimus,
2875 3834 3019 3877 nunc
3042 3816 3235 3874 saltem
3257 3811 3403 3868 bane
3425 3824 3524 3864 no.

1912 3938 1997 3995 bis
2024 3931 2264 3992 concede
2300 3900 2550 4003 gratiam,
2594 3900 2717 3993 qua:
2757 3915 2990 3971 maxima
3026 3919 3113 3967 est
3153 3915 3210 3963 et
3250 3900 3525 3976 iucundis-

1910 4030 2047 4086 sima
2072 4036 2128 4085 et
2150 4035 2399 4095 magnam
2426 4016 2582 4073 nobis
2611 4011 2780 4085 pariet
2801 4007 3150 4077 voluptatem.

1914 4142 2104 4201 CXCI.
2137 4136 2435 4211 Amprucltz.
2458 4132 2534 4205 (b)
2565 4125 2885 4184 diaconissaa.
2924 4119 3163 4192 (Cucuso
3198 4126 3341 4168 anno
3366 4107 3523 4176 ιοι.)

1983 4256 2289 4319 Secundam
2329 4250 2533 4320 accepi,
2576 4259 2736 4319 quam
2770 4252 2823 4298 te
2855 4240 3088 4311 priorem
3130 4232 3345 4289 misisse
3386 4226 3522 4285 scri-

1912 4356 2016 4421 bis,
2045 4350 2355 4425 epistolam,
2383 4344 2599 4402 domina
2641 4355 2759 4396 mea
2802 4330 3253 4392 revereudissima
3280 4335 3335 4381 et
3361 4338 3523 4380 orna-

1914 4418 2140 4504 tissima.
2185 4443 2360 4512 Atque
2388 4438 2577 4493 iterum
2605 4434 2750 4497 dico,
2780 4430 2889 4486 noli
2914 4425 3195 4483 audaciam
3220 4418 3521 4493 appellare.

1911 4541 2056 4613 quod
2084 4540 2268 4595 literas
2297 4534 2372 4590 ad
2394 4548 2491 4587 nos
2519 4530 2667 4601 prior
2695 4523 2999 4597 scripseris,
3030 4533 3209 4590 neque
3238 4521 3516 4587 peccatum

1912 4611 1965 4695 id
1995 4636 2257 4693 arbitrar‘e
2286 4630 2428 4704 quod
2457 4630 2574 4685 laus
2598 4634 2683 4683 est
2707 4624 2963 4681 maxima.
2995 4619 3108 4674 Hoc
3134 4615 3280 4673 enim
3307 4611 3518 4668 ferven-

1912 4734 1983 4789 tis
2008 4743 2061 4788 et
2088 4727 2327 4784 ardentis
2350 4725 2734 4782 documentum
2763 4731 2888 4773 esse
2929 4712 3170 4770 caritatis
3211 4721 3517 4773 censemus,

1910 4841 1973 4881 ac
2000 4823 2224 4881 sincerae
2250 4819 2578 4885 minimeque
2604 4814 2796 4868 fucata:
2825 4803 3218 4865 benevolentiae
3246 4809 3372 4867 tum,
3401 4812 3523 4869 qute

1978 4932 2051 4995 ta)
2085 4928 2610 4995 tronornme‘graeeo,
2634 4928 2811 4995 Epistula,
2850 4911 2981 4982 qugd
3004 4912 3386 4995 interpretatum
3411 4911 3521 4995 ἶ

1919 4964 2513 5042 m-Eénijisir'éil'iiiti’éi,‘
2529 4964 2711 5042 ’έρζσξ-ξςέ
2735 4964 2972 5038 Brysout';
2994 4972 3088 5042 sed
3107 4964 3231 5021 intra
3260 4969 3401 5031 epist.
3430 4964 3521 5017 251

1913 5048 2044 5098 idem
2068 5037 2236 5097 Morel.
2263 5037 2595 5108 βριωιεβίιγᾲι.
2621 5043 2671 5090 in
2695 5037 2839 5108 testu
2874 5037 3319 5108 assos-anin‘ntarg.

1912 5093 2237 5161 saéafiisi;
2263 5093 2386 5157 ὲᾉέι.
2414 5104 2498 5154 lib.
2524 5105 2588 5163 6,
2624 5115 2730 5165 asp.
2756 5101 2818 5160 8,
2846 5093 2983 5165 ei...
3002 5097 3183 5165 liabet,
3343 5093 3523 5165 dicitur

1913 5157 2485 5279 lapidevpercussuaﬁqui
2510 5157 2641 5215 Briso
2662 5157 2813 5250 etiam
2832 5157 2936 5223 cap.
2966 5161 3027 5210 16
3047 5160 3225 5209 dicitur
3243 5157 3522 5229 cbrpostn-

1913 5249 2044 5279 mnm
2066 5250 2092 5279 ε
2114 5247 2279 5279 nrtore
2303 5246 2413 5279 θιδι
2436 5243 2482 5279 ιο
2503 5229 2763 5279 redunsse
2781 5259 2796 5279 .
2824 5231 2876 5274 et
2908 5222 3033 5279 apud
3061 5218 3319 5270 Palladium
3347 5230 3395 5267 tu
3421 5218 3521 5267 vna

1911 5218 2482 5298 iﬁaiﬁ'aiiiisié‘éx'sgtjo
2503 5229 2763 5279 reduxisse
2781 5259 2796 5286 ,
2824 5231 2876 5274 et
2890 5218 3319 5294 'al.ud.Paliadium
3338 5218 3395 5298 ie
3421 5218 3521 5298 vita

1910 5279 2366 5362 ξίιῖεεεῑδάῑίέκῐξζ
2382 5279 2451 5344 ‘20
2475 5279 2793 5362 memoratur
2808 5279 2992 5349 mea.
3014 5285 3085 5334 sic
3121 5295 3231 5362 ςξιητ
3370 5279 3518 5330 τινα

1913 5346 2106 5411 Palladii
2121 5346 2289 5420 ,iunde
2316 5346 2487 5420 ‘liquet
2526 5346 2847 5420 hoc__uomen'
2874 5360 2996 5420 eum.
3013 5373 3025 5397 ι
3047 5346 3361 5417 scribendum
3386 5356 3517 5393 esse.

1912 5410 2180 5476 Alius’ite'm
2200 5422 2330 5471 Briso
2349 5410 2501 5483 episc.
2528 5414 2852 5483 Pbilipporum
2876 5412 2926 5461 in
2948 5410 3146 5463 't'bracia
3165 5418 3451 5459 cumulemus
3464 5418 3509 5455 s-

1911 5494 1992 5539 tur
2010 5494 2188 5539 Soerat.
2211 5484 2296 5533 lib.
2321 5479 2502 5543 6,'cap.
2526 5479 2602 5528 l8.

1975 5536 2059 5612 (6)-
2080 5536 2309 5612 Eamdetn
2336 5536 2473 5612 putat
2495 5554 2609 5592 esse
2630 5536 3125 5612 ampruclatnnt’ronto
3147 5542 3351 5612 magna
3372 5542 3500 5612 quau

1909 5594 2494 5672 maeniana—sitvepotius
2516 5594 2728 5672 Iﬁroclani
2754 5606 2894 5672 vocat
2917 5596 3157 5672 Palladius
3177 5596 3353 5672 invita

1909 5656 2347 5736 iéét'b’tiiﬁiplio'
2364 5656 2589 5736 :igquaede
2614 5678 2678 5736 re
2714 5670 2876 5714 actum
2900 5667 2979 5736 est
3008 5661 3193 5736 in‘Vita
3217 5665 3260 5708 s.
3286 5656 3513 5736 ροοιρτῆά.

1912 5722 2037 5789 ibid:
2048 5722 2263 5801 "lit—egs‘et
2286 5722 2465 5801 Vatis;
2503 5734 2759 5801 Ἐδεξάμην
2792 5729 3044 5797 προτέρᾳν,
3065 5725 3260 5801 ﬁve?“
3283 5722 3504 5801 δξιζτέςῗαιί

1912 5781 2551 5870 aisais?
2580 5781 2812 5870 P'rierent
2827 5781 2993 5870 occepi
3011 5781 3156 5858 quem
3179 5781 3223 5835 te
3242 5781 3502 5870 s'eru'nd‘um

1912 5847 2103 5929 misisse
2128 5847 2331 5929 scribis.
2376 5860 2457 5929 Sic
2481 5860 2630 5929 etiam
2663 5854 2893 5908 Sat-ilius.
2929 5847 3124 5905 Utrovis
3163 5847 3307 5899 modo
3346 5848 3503 5908 legas,

1915 5925 2093 5977 eodem
2122 5921 2300 5974 recidit
2321 5919 2585 5973 sententia.
