4152 6482
647 395 749 450 ‘Il9

640 510 851 566 flamma
880 512 989 579 ipsa
1014 511 1081 564 sit
1110 509 1400 564 ardentior.
1421 508 1554 564 Cum
1583 509 1739 578 igitur
1769 507 1881 561 lucc
1913 507 2004 560 tibi
2036 507 2216 575 explo-

641 603 754 658 rata
781 604 908 669 sint,
940 602 1076 656 hanc
1116 602 1268 657 nobis
1313 601 1615 672 frequenter
1660 601 1849 669 largire
1890 600 2136 669 gratiam,
2166 606 2222 650 nt

639 696 706 749 de
738 705 825 747 tua
859 694 1160 749 valetudine
1199 693 1456 748 certiores
1494 706 1592 744 nos
1634 689 1816 753 facias,
1862 699 1916 742 et
1959 687 2220 742 sexcentis

639 786 883 857 epistolis
913 802 1010 840 nos
1035 785 1250 845 obruas,
1283 800 1400 854 qua:
1436 783 1486 837 id
1516 781 1835 852 signiﬁcent.
1883 779 2012 834 Nam
2053 779 2096 831 si
2129 791 2222 830 vos

638 879 727 948 qui
756 893 853 932 nos
881 877 1092 941 amatis,
1120 886 1174 931 et
1202 876 1394 930 hilares
1440 889 1580 938 esse,
1621 889 1683 927 ac
1721 887 1967 942 prospera
2015 870 2220 923 valetu-

640 971 766 1024 dine
790 980 845 1025 et
874 971 1158 1024 securitate
1185 969 1284 1023 frui
1313 976 1460 1023 certo
1499 966 1848 1029 conﬁdamus,
1883 979 1988 1018 non
2016 963 2220 1017 medio-

640 1078 788 1116 crem
821 1075 1014 1117 nostra:
1044 1063 1096 1114 in
1131 1063 1347 1127 regione
1379 1061 1652 1130 peregrina
1685 1055 2119 1112 commorationis
2148 1054 2223 1108 le-

638 1157 906 1209 vationem
936 1157 1228 1225 capiemus,
1269 1154 1360 1207 sed
1391 1163 1446 1208 et
1473 1152 1707 1206 maximo
1735 1151 1925 1204 solatio
1963 1148 2219 1211 fruemur,

643 1245 771 1300 licet
803 1248 854 1299 in
885 1257 1122 1300 extrema
1153 1243 1442 1298 solitudine
1489 1242 1809 1297 babitemus.
1855 1240 2053 1293 Tecum
2095 1251 2223 1305 ergo

642 1351 916 1408 reputans,
944 1348 1193 1408 quantam
1227 1335 1525 1390 festivitatis
1551 1335 1883 1388 occasionem
1916 1330 2067 1385 nobis
2091 1329 2223 1382 alla-

644 1443 761 1487 tura
788 1432 880 1492 sis.
916 1432 1021 1486 noli
1052 1431 1187 1485 hanc
1213 1430 1364 1484 nobis
1391 1427 1623 1481 la'titiam
1654 1425 1907 1487 invidere,
1940 1424 2032 1476 sed
2057 1436 2224 1490 quan-

643 1535 753 1578 tum
783 1524 982 1588 licebit,
1012 1533 1063 1578 et
1091 1521 1314 1576 facultas
1339 1519 1570 1582 dabitur,
1605 1518 1853 1570 continue
1881 1515 2085 1569 felicem
2129 1526 2225 1565 no-

643 1614 726 1668 bis
750 1614 817 1668 de
843 1623 928 1667 tua
961 1612 1263 1666 valetudine
1293 1611 1527 1663 nuntium
1558 1609 1724 1661 mitte.

704 1725 925 1781 CXCII.
959 1725 1281 1779 Onaicra'ic
1302 1723 1398 1793 (α).
1426 1721 1654 1793 (Cucuso
1679 1735 1818 1773 anno
1837 1719 1969 1773 forte
1987 1717 2142 1782 405.)

717 1841 960 1909 Magnum
986 1841 1165 1894 animo
1194 1838 1430 1892 dolorem
1463 1852 1558 1890 nos
1589 1849 1801 1904 quoque
1820 1835 2082 1901 cepimus,
2103 1844 2222 1885 cum

651 1935 718 1987 de
747 1943 930 1986 mort:e
975 1932 1142 1986 beata:
1187 1930 1307 1984 lilize
1339 1940 1440 1984 tua:
1471 1931 1485 1960 ⁸
1514 1928 1578 1981 ad
1607 1943 1705 1982 nos
1733 1936 1815 1980 est
1839 1925 2080 1978 allatum.
2119 1922 2224 1976 Ve-

650 2034 948 2078 rumtamen
975 2038 1095 2076 cum
1126 2021 1290 2090 probe
1319 2030 1438 2073 nota
1463 2019 1616 2074 nobis
1642 2019 1709 2072 sit
1731 2017 1892 2070 animi
1926 2015 1998 2068 tui
2021 2013 2228 2082 sapien-

650 2118 753 2180 tia,
796 2116 1092 2183 mentisque
1139 2112 1468 2177 sublimitas,
1512 2110 1668 2180 plane
1719 2107 2036 2162 conﬁdimus
2079 2104 2224 2170 fore,

650 2216 710 2258 ut
753 2205 912 2259 tantis
963 2203 1208 2257 ﬂuctibus
1247 2204 1488 2270 superior
1527 2198 1746 2255 evadas.
1787 2197 1916 2251 Nam
1941 2206 1996 2249 nt
2025 2209 2226 2264 nequa-

649 2313 808 2366 quam
856 2296 1192 2350 contristeris
1212 2335 1226 2357 ,
1258 2294 1371 2347 ﬁeri
1403 2293 1604 2363 nequit;
1637 2292 1729 2344 sed
1765 2301 1815 2342 te
1838 2290 2118 2342 hortamur
2145 2297 2226 2340 ta-

654 2404 795 2451 men,
831 2397 889 2440 ut
924 2388 1193 2440 moderate
1221 2385 1269 2438 id
1300 2399 1443 2454 agas,
1474 2399 1595 2437 cum
1625 2383 1785 2451 probe
1816 2379 2047 2443 noveris,
2071 2394 2227 2447 quam

653 2483 810 2535 ﬂuxa:
856 2481 963 2533 sint
1007 2490 1061 2533 et
1106 2478 1318 2533 caduca:
1373 2493 1456 2530 res
1502 2476 1768 2539 humanae,
1815 2487 2231 2541 communesque

653 2573 902 2625 omnibus
929 2570 1008 2622 hre
1029 2569 1380 2629 calamitates,
1409 2582 1472 2620 ae
1503 2578 1704 2620 natur-.e
1731 2566 1811 2618 lex
1836 2563 2157 2626 communis,
2183 2571 2235 2615 et

656 2662 864 2715 Domini
895 2661 1132 2713 omnium
1165 2670 1406 2712 nostrum
1439 2658 1528 2711 Dei
1557 2657 1850 2711 decretum.
1883 2654 2064 2721 Neque
2091 2654 2233 2707 enim

659 2755 798 2807 istud
826 2770 970 2808 mors
986 2764 1086 2818 est,
1113 2753 1203 2806 sed
1235 2753 1610 2822 peregrinatio,
1637 2761 1794 2820 atque
1823 2766 1853 2802 a
1879 2749 2236 2803 deterioribus

655 2848 724 2900 ad
772 2847 988 2900 meliora
1039 2847 1430 2914 commigratio.
1464 2844 1586 2898 llaec
1613 2843 1770 2911 igitur
1813 2843 1993 2895 animo
2019 2841 2235 2894 volvens

657 2941 834 2992 omnia
856 2981 870 3002 ,
900 2953 1157 3007 generose
1200 2937 1277 2989 fer
1303 2935 1442 3006 qttod
1488 2935 1680 2989 accidit
1701 2975 1714 2994 .
1747 2944 1799 2986 et
1827 2933 2074 2986 clementi
2128 2932 2236 2984 Deo

659 3032 857 3098 gratias
905 3046 1020 3098 age.
1074 3030 1325 3095 Quamvis
1370 3029 1510 3082 enim
1556 3042 1620 3080 eo
1664 3026 1872 3096 gravior
1924 3024 2120 3078 inﬂicta
2168 3026 2238 3077 sit

663 3122 816 3190 plaga
842 3161 856 3183 ,
883 3121 1022 3189 quod
1051 3121 1226 3174 adhuc
1249 3120 1446 3173 recenti
1479 3120 1638 3187 priori
1684 3116 2037 3178 successerit,
2065 3127 2236 3169 tamen

665 3230 728 3267 eo
759 3213 849 3266 tibi
881 3211 1206 3280 splendidior
1229 3226 1424 3264 corona
1459 3209 1744 3276 patientiae,
1771 3208 2077 3278 majoraque
2106 3223 2239 3276 prae-

665 3307 769 3360 mia
795 3306 1147 3370 debebuntur,
1188 3305 1232 3358 si
1264 3319 1383 3357 cum
1411 3303 1698 3372 gratiarum
1729 3301 1941 3355 actione
1986 3310 2040 3354 et
2085 3300 2241 3354 laude

667 3401 1021 3454 calamitatem
1055 3401 1209 3451 istam
1243 3398 1443 3451 tuleris.
1479 3395 1554 3450 Ne
1584 3397 1741 3464 igitur
1767 3410 1864 3448 nos
1893 3409 2103 3464 quoque
2124 3410 2238 3446 ma-

667 3508 902 3567 gnopere
930 3493 1236 3555 doleamus,
1267 3491 1359 3544 sed
1406 3491 1681 3545 evidenter
1722 3490 1950 3543 sciamus
2002 3488 2241 3542 nonnihil

671 3588 761 3640 tibi
788 3596 994 3641 nostras
1028 3586 1208 3639 literas
1239 3584 1496 3653 profuisse
1515 3626 1529 3649 ,
1559 3583 1623 3637 ad
1656 3599 1751 3637 nos
1781 3583 1882 3637 hoc
1912 3584 2080 3651 ipsum
2107 3584 2240 3636 scri-

674 3682 800 3734 bere
828 3694 893 3732 ne
913 3678 1146 3748 graveris
1165 3720 1180 3743 ,
1215 3689 1267 3730 nt
1296 3678 1494 3730 indices
1519 3693 1732 3730 omnem
1761 3677 1851 3730 tibi
1881 3676 2125 3731 mmroris
2151 3692 2246 3729 nu-

673 3773 792 3826 bem
820 3786 939 3824 esse
965 3771 1279 3833 discussam,
1314 3786 1374 3823 ac
1401 3769 1598 3822 doloris
1622 3770 1769 3822 ulcus
1797 3784 1982 3837 magna
2005 3785 2067 3822 ex
2101 3779 2246 3838 parte

678 3875 932 3918 innatum.
958 3863 1011 3918 Si
1041 3865 1184 3916 cnim
1203 3863 1313 3917 hare
1344 3863 1776 3924 intellexerimus,
1801 3871 2077 3915 sexcentas
2103 3862 2166 3914 ad
2200 3871 2250 3916 te

676 3960 884 4012 mittere
910 3956 1163 4024 epistolas
1190 3970 1293 4006 non
1322 3954 1646 4006 cessabimus
1671 3995 1685 4016 ,
1710 3952 1849 4021 quod
1897 3969 2000 4005 non
2051 3952 2250 4005 medio-

679 4053 840 4106 criter
868 4052 939 4103 tui
989 4050 1210 4104 studiosi
1259 4050 1422 4102 simus
1444 4091 1456 4110 ,
1484 4064 1602 4103 cum
1631 4048 1896 4104 sincerum
1929 4063 2139 4118 semper
2188 4063 2249 4100 ac.

682 4143 899 4195 minime
925 4140 1152 4197 tne-mum
1185 4142 1437 4194 honorem
1461 4185 1473 4200 ,
1502 4141 1852 4198 reverentiam
1895 4149 1947 4192 et
1976 4141 2250 4194 caritatem

682 4249 711 4286 ε
743 4232 994 4286 modestia
1025 4241 1111 4285 tua
1138 4231 1364 4287 delatam
1396 4233 1735 4288 senserimus.
1768 4230 2000 4298 Quorum
2018 4231 2252 4283 omnium

682 4334 938 4396 perpetuo
959 4340 1241 4382 memores.
1273 4323 1547 4378 florentem
1575 4340 1634 4377 ac
1661 4324 1923 4394 vigentem
1951 4339 2072 4393 erga
2103 4332 2151 4378 te
2174 4325 2257 4378 he-

681 4415 1035 4470 nevolcntiam
1064 4430 1438 4469 eonscrvamus
1460 4457 1472 4478 ,
1504 4416 1624 4470 licet
1649 4417 1711 4469 ad
1747 4417 1887 4485 ipsos
1915 4416 2126 4472 ultimos
2165 4432 2254 4469 or-

685 4508 768 4569 bis
795 4516 1052 4561 terrarum
1086 4508 1216 4561 lines
1241 4508 1559 4564 deferamur.

919 4597 1172 4653 CXCIII.
1208 4600 1430 4652 Pa’anio.
1469 4600 1696 4667 (Cucuso
1720 4615 1862 4653 anno
1881 4601 2028 4668 401.)

763 4692 1076 4762 Magnopere
1104 4709 1186 4750 me
1217 4695 1429 4748 crcxisti
1455 4736 1469 4757 ,
1503 4710 1564 4748 ac
1591 4709 1792 4747 summa
1821 4695 2000 4748 lmtitia
2035 4695 2264 4763 perfudi-

756 4815 771 4841 ¹
798 4813 944 4857 Juxta
967 4809 1121 4858 Vatic.
1150 4817 1202 4858 et
1237 4810 1342 4869 Reg
1368 4847 1377 4866 ,
1413 4805 1639 4869 Materia:
1661 4804 1778 4866 [ilice
1800 4812 1910 4863 tua',
1939 4813 2123 4869 gt-J’ﬁc
2154 4809 2253 4869 Ματ

693 4873 858 4933 sapia:
885 4878 966 4935 τῆς
988 4873 1208 4935 θυγατρός
1249 4866 1352 4935 apo.
1399 4867 1956 4935 Macariani_agnosCiit_t_l.
1992 4866 2257 4935 blvthologi

693 4927 926 4986 Herculis
947 4927 1110 4987 tiliam,
1132 4927 1179 4980 et
1207 4935 1252 4980 in
1279 4930 1620 4989 Martyrologio
1650 4929 1880 4981 Romano.
1907 4927 2110 4989 Macaria
2135 4927 2258 4976 mar-

696 5002 774 5052 tyr
797 4992 1007 5054 occurrit
1031 4995 1117 5041 die
1134 4988 1786 5054 8Aprili<,quoargneretur
1805 5003 1978 5037 nomen
2005 4988 2125 5038 illud
2146 5004 2258 5052 pro-

697 5054 856 5115 prium
882 5053 1099 5102 insolens
1127 5053 1367 5103 nonesse.

762 5117 832 5174 (α)
855 5115 955 5163 Vox
983 5115 1311 5172 Onesicratia’,
1349 5112 1934 5176 'Ov-natxpatiqmmnibus
1959 5111 2056 5176 Mss
2085 5114 2262 5176 nostris

697 5179 1226 5232 consonat..\tvero,si
1253 5178 1482 5227 Frontoni
1509 5175 2260 5230 l)uctt-ocredatur,scribendum

699 5246 776 5300 est
796 5237 1099 5300 Aayncrt'liw,
1122 5238 1443 5300 Ἀσυγιριτίᾳ,
1457 5236 1882 5300 quianempealiaa
1899 5239 2084 5300 suntad
2103 5241 2262 5292 Λεβη-

698 5296 885 5346 critiani
910 5314 934 5346 a
955 5296 1478 5358 Chrysostnmov'miSLSw
1498 5296 1737 5358 epistolae.
1758 5298 1853 5344 Sed
1878 5296 1915 5358 si
1941 5297 2046 5343 Mss.
2074 5306 2264 5358 nostros

702 5359 917 5412 \‘idisatet.
934 5356 1061 5408 forte
1080 5360 1375 5408 Sententiam
1396 5356 1680 5406 mutavisset
1698 5373 1708 5400 τ
1724 5372 1832 5404 nam
1851 5356 1923 5405 sic
1944 5357 2265 5406 (‘oislinianua

699 5431 752 5468 et
780 5423 1035 5470 Vaticanus
1055 5420 1384 5482 antiquissimi
1405 5422 1606 5482 (Indices
1631 5420 1823 5466 habent.
1849 5419 1928 5465 Sic.
1952 5433 2146 5479 quoque
2167 5420 2264 5466 Re-

700 5483 827 5541 gius,
849 5485 915 5529 sic
937 5483 1146 5531 Savilius
1170 5481 1308 5542 legit,
1337 5496 1498 5542 neque
1525 5481 1672 5537 aliam,
1698 5483 1954 5528 lectionem
1982 5487 2265 5528 notat:nam

700 5547 822 5616 illud
848 5543 1130 5616 Asynfritiqe
1154 5550 1293 5616 unde.
1319 5545 1553 5612 prodierit
1575 5543 1770 5602 ignoro;
1804 5549 1939 5589 certe
1966 5545 2131 5616 potius
2155 5556 2263 5616 cre-

705 5604 931 5652 diderim'
953 5604 1203 5655 librarium
1245 5606 1380 5653 illum
1415 5604 1498 5666 qui
1522 5617 1702 5667 locem
1725 5616 1928 5664 graecam
1966 5604 2268 5667 Ἀσνγκριςτίᾳ

706 5667 884 5730 posuit.
913 5680 1089 5717 nomen
1132 5667 1270 5730 illud
1295 5664 1580 5730 frequenter
1605 5666 1812 5730 positum
1839 5677 1954 5711 vero
1977 5673 2026 5730 e_t
2051 5664 2269 5730 genuino

704 5723 1030 5799 substituisse,
1058 5742 1199 5799 quam
1227 5723 1475 5777 librarium
1494 5723 1772 5799 quempiam
1795 5738 1972 5775 nomen
1999 5723 2266 5786 insolitum,

717 5788 1417 5854 'Ovncixpariq,‘eommentnm
1439 5788 1709 5854 esse,quod
1727 5795 1887 5837 tamen
1915 5801 2086 5838 nomen
2107 5801 2268 5853 greco

704 5851 889 5910 Optime
920 5852 1237 5914 compositum
1261 5860 1337 5901 est
1362 5865 1450 5901 nec
1477 5858 1664 5900 temere
1689 5851 1963 5900 formatum.

1385 393 1430 450 S
1481 393 1756 450 JOANNIS
1794 387 2260 449 CHRYSOSTOIII
2302 386 2620 444 ARCIIIEP.
2659 389 3192 450 CONSTAN'IINOP.

3813 393 3923 449 τ’ξο

2332 504 2418 568 sti,
2447 504 2585 574 quod
2609 548 2622 568 ,
2655 521 2774 560 cum
2802 508 2970 561 tristia
3013 509 3320 575 nuntiares,
3347 509 3570 566 verbum
3614 509 3886 578 adieceris
3909 550 3926 578 ,

2335 595 2474 664 quod
2497 598 2744 652 omnibus
2769 616 2888 669 quae
2917 601 3208 655 acciderint
3233 603 3583 658 aceinendutn
3610 611 3695 656 est
3717 643 3735 666 ,
3764 600 3928 655 diae-

2328 689 2542 757 risque.
2571 689 2908 746 Cloriﬁcetur
2940 693 3077 746 Deus
3133 694 3187 748 in
3236 695 3506 749 omnibus.
3553 693 3667 748 Hoc
3696 691 3930 746 verbum

2331 781 2486 835 letale
2527 782 2741 837 diabolo
2771 787 2962 839 vulnus
2993 786 3209 857 infligit;
3235 787 3338 842 hoc
3368 788 3420 842 in
3451 787 3643 857 quovis
3681 786 3931 854 periculo

2329 872 2628 926 securitatis
2674 883 2730 928 et
2788 876 3070 945 voluptatis
3116 879 3454 933 occasionem
3482 877 3653 931 affert.
3678 874 3816 930 Naut
3849 891 3930 928 si-

2331 963 2438 1016 mnl
2485 974 2643 1034 atque
2689 967 2814 1021 illud
2845 971 2964 1036 quis
2993 971 3267 1040 protulerit
3297 1013 3312 1036 ,
3358 970 3642 1025 confestim
3671 968 3928 1022 maerori:

2330 1056 2497 1109 nubes
2541 1056 2840 1113 discutitur.
2871 1060 3166 1132 Numquam
3219 1062 3376 1132 igitur
3403 1062 3504 1116 hoc
3546 1061 3722 1116 dicere
3749 1061 3924 1115 inter-

2331 1150 2479 1203 mitte
2504 1191 2518 1212 ,
2551 1159 2710 1221 atque
2735 1153 2867 1208 alios
2915 1153 3127 1209 docere.
3168 1154 3222 1209 Si
3248 1156 3388 1208 enim
3435 1169 3556 1225 quae
3586 1167 3684 1207 vos
3727 1152 3931 1206 invasit

2332 1252 2653 1312 tempestas,
2690 1246 2810 1301 licet
2837 1247 3077 1316 asperior
3102 1247 3224 1310 ﬁat,
3258 1248 3308 1300 in
3333 1248 3765 1318 tranquillitatem
3802 1260 3928 1299 mu-

2333 1335 2546 1400 tabitur;
2579 1338 2657 1391 sic
2697 1338 2787 1407 qui
2819 1348 3132 1409 tempestate
3165 1340 3453 1408 jactantur,
3483 1340 3744 1408 majorem
3773 1339 3925 1393 acci-

2333 1425 2478 1494 pient
2501 1428 2825 1492 mercedem,
2854 1431 3118 1501 simulque
3146 1446 3176 1484 a
3208 1432 3361 1485 malis
3385 1431 3774 1486 liberabuntur.
3813 1430 3926 1484 [loc

2329 1517 2522 1573 Jobum
2544 1535 2738 1574 corona
2761 1523 2945 1586 cinxit,
2976 1523 3076 1578 hoc
3107 1524 3325 1578 verbum
3355 1522 3625 1580 diabolum
3653 1524 3707 1577 in
3739 1522 3924 1593 fugam

2330 1612 2628 1675 convertit,
2658 1622 2712 1666 et
2736 1614 3016 1668 confusum
3049 1615 3297 1669 recedere
3327 1625 3500 1685 coegit
3527 1656 3542 1680 ,
3575 1615 3677 1668 hoc
3726 1613 3926 1666 tumul-

2332 1712 2441 1756 tum
2473 1719 2688 1758 omnem
2725 1705 2962 1774 depellit.
2994 1707 3156 1776 Perge
3175 1709 3348 1778 itaque
3372 1707 3621 1760 omnibus
3644 1721 3764 1775 qum
3791 1719 3925 1759 eon-

2334 1793 2540 1863 tingunt
2564 1837 2579 1861 ,
2606 1797 2740 1850 istud
2787 1798 3051 1852 aecinere.
3099 1797 3224 1851 Loci
3254 1813 3379 1852 vero
3408 1812 3597 1860 causa,
3633 1811 3794 1850 nemo
3835 1795 3926 1848 ulli

2333 1890 2600 1959 negotium
2643 1889 2888 1944 facessat.
2922 1891 3250 1961 Quamquam
3293 1892 3436 1944 enim
3483 1889 3734 1944 desertus
3775 1889 3926 1942 locus

2334 1990 2415 2035 est
2438 1979 2696 2042 Cucusus.
2727 1980 2810 2037 hic
2842 1993 3016 2038 tamen
3039 1995 3093 2038 et
3120 1984 3296 2053 quiete
3323 1983 3568 2045 fruimur,
3591 1991 3646 2035 et
3671 1995 3778 2034 non
3809 1994 3925 2033 me-

2334 2072 2586 2128 diocriter
2619 2089 2684 2128 ex
2724 2075 2913 2129 itinere
2958 2084 3283 2128 contractam
3323 2065 3685 2128 inﬁrmitatem
3731 2084 3924 2124 sanare

2337 2165 2601 2233 potuimus
2623 2207 2636 2230 ,
2676 2181 2741 2219 ex
2770 2180 2876 2236 quo
2904 2167 3164 2236 cepimus
3186 2166 3328 2219 domi
3377 2173 3637 2234 perpetuo
3663 2163 3924 2217 residere.

2336 2257 2490 2324 Quod
2526 2260 2569 2312 si
2611 2273 2708 2312 nos
2751 2274 2935 2313 rursus
2970 2274 3162 2329 cogere
3188 2259 3360 2312 velitis
3395 2258 3506 2311 loca
3548 2255 3778 2309 subinde
3809 2269 3929 2306 tnu-

2337 2359 2485 2413 tare,
2518 2352 2742 2403 summis
2784 2350 3208 2404 conﬁiCtabimnr
3234 2350 3420 2411 malis,
3462 2346 3763 2416 prasenim
3806 2358 3926 2398 cum

2340 2441 2508 2495 hiems
2533 2443 2602 2495 sit
2630 2458 2724 2510 pro
2745 2440 2966 2496 foribus.
2989 2441 3156 2496 Nemo
3187 2441 3345 2510 igitur
3369 2441 3706 2508 importunus
3729 2437 3822 2490 ulli
3841 2443 3930 2490 aut

2342 2535 2594 2588 molestus
2623 2535 2721 2588 hac
2744 2536 3025 2589 occasione
3055 2535 3142 2587 sit.
3175 2532 3369 2586 Verum
3395 2534 3462 2586 ad
3489 2545 3589 2585 nos
3629 2530 3700 2585 de
3724 2540 3811 2582 tua
3843 2543 3929 2582 va-

2343 2626 2574 2681 letudine
2595 2669 2608 2688 ,
2636 2626 2810 2695 deque
2852 2637 2937 2680 tua
2970 2626 3086 2681 istic
3117 2625 3537 2680 commoratione
3585 2621 3926 2689 nominisque

2342 2718 2650 2773 celebritate
2693 2728 2850 2788 atque
2893 2717 3157 2772 hilaritate
3203 2718 3394 2772 scribe.
3424 2716 3539 2771 Non
3582 2716 3726 2770 enim
3752 2713 3930 2782 vulga-

2343 2825 2455 2862 rem
2481 2812 2643 2862 etiam
2673 2812 2722 2862 in
2756 2820 2894 2864 tanta
2923 2810 3176 2879 degentes
3204 2809 3490 2863 solitudine
3509 2808 3928 2863 consolationem

2345 2901 2667 2964 hauriemus,
2699 2916 2820 2954 cum
2853 2901 3114 2970 ejusmodi
3141 2916 3169 2954 a
3198 2910 3285 2955 tua
3318 2901 3616 2956 reverentia
3652 2901 3832 2953 missa:
3863 2896 3930 2950 li-

2345 3001 2472 3046 tene
2498 2992 2652 3047 nobis
2680 2993 2990 3048 reddentur.

2587 3128 2751 3183 CXCI
2774 3129 2830 3181 V.
2862 3128 3104 3183 Gemello.
3129 3132 3361 3199 (Cucuso
3383 3143 3526 3182 anno
3554 3127 3706 3198 604.)

2421 3265 2692 3319 Desertum
2720 3263 2929 3333 quidem
2973 3264 3147 3319 locum
3194 3263 3494 3318 habitamus
3531 3263 3832 3330 Cucusum,
3871 3277 3931 3318 ac

2341 3359 2507 3445 totius
2543 3357 2688 3411 orbis
2723 3357 2877 3425 hujus
2907 3359 3072 3410 nostri
3094 3357 3537 3411 desertissimum.
3564 3355 3828 3422 Quamvis
3855 3364 3929 3407 ta-

2350 3465 2470 3503 men
2493 3449 2558 3503 ad
2589 3453 2730 3518 ipsos
2757 3460 2912 3503 terra:
2937 3451 3193 3503 terminos
3219 3450 3538 3518 relegemur,
3557 3448 3805 3502 oblivisci
3836 3457 3933 3500 tua:

2351 3541 2588 3594 caritatis
2620 3540 2837 3594 minime
2866 3555 3178 3609 possumus;
3207 3540 3299 3593 sed
3333 3541 3384 3592 in
3412 3550 3592 3593 extera
3618 3538 3936 3608 desertaque

2353 3634 2570 3700 regione
2599 3633 2726 3685 dum
2757 3647 3054 3695 versamur,
3083 3642 3135 3686 et
3169 3631 3342 3684 morbi
3371 3631 3624 3700 reliquias
3648 3631 3934 3684 etiamnum

2352 3725 2807 3789 circumferimus,
2838 3740 2900 3778 ac
2932 3735 3073 3778 metu
3101 3724 3366 3778 latronum
3397 3722 3712 3778 obsidemur
3733 3723 3751 3790 (
3773 3735 3937 3790 neque

2355 3816 2497 3868 enim
2543 3814 2832 3868 abscedunt
2852 3855 2865 3876 ,
2899 3816 2992 3869 sed
3023 3814 3208 3868 itinera
3261 3813 3620 3868 interclndunt
3642 3854 3656 3876 ,
3680 3823 3738 3867 et
3767 3813 3936 3866 munia

2355 3922 2546 3962 cruore
2571 3908 2838 3975 complent
2876 3907 3061 3978 Isauri)
3082 3946 3100 3973 ,
3122 3915 3380 3978 perpetuo
3411 3917 3463 3961 te
3486 3914 3664 3959 mente
3709 3905 3937 3959 circum-

2359 4001 2575 4055 ferimus
2596 4043 2608 4065 ,
2637 4015 2698 4054 ac
2727 4000 3087 4054 fortitudinetn
3115 4008 3258 4052 tuam
3283 4041 3295 4062 ,
3325 3998 3573 4067 loquendi
3602 3996 3898 4053 libertatem
3920 4036 3936 4060 ,

2358 4109 2572 4149 suavem
2603 4109 2665 4146 ac
2695 4095 2957 4147 sinceram
2988 4092 3414 4146 benevolentiam
3441 4089 3579 4158 apud
3608 4104 3707 4142 nos
3733 4088 3938 4158 elllngi-

2359 4201 2509 4249 mus,
2543 4195 2596 4240 et
2625 4186 2810 4240 harum
2841 4201 2937 4240 nos
2967 4185 3336 4239 recordatione
3375 4183 3759 4252 cogitationum
3793 4181 3938 4237 obla—

2361 4288 2584 4332 ctamns.
2609 4277 2686 4332 Tu
2709 4293 2836 4332 vero
2857 4276 3166 4348 frequenter
3188 4277 3254 4332 ad
3279 4290 3395 4342 nos,
3419 4276 3637 4337 domine
3659 4275 3939 4344 plurimum

2363 4369 2700 4438 suspiciende
2725 4410 2738 4434 ,
2772 4369 2944 4423 scribe
2970 4367 3038 4424 de
3065 4367 3387 4422 valetudinis
3429 4377 3531 4420 tua:
3558 4374 3701 4420 statu
3728 4406 3743 4428 ,
3767 4375 3943 4442 etquo

2366 4471 2521 4531 pacto
2567 4462 2855 4515 calidarum
2908 4462 3000 4514 tibi
3050 4476 3305 4530 aquarum
3348 4475 3476 4514 usus
3513 4459 3943 4524 successerit,et

2367 4555 2489 4623 quid
2533 4570 2708 4607 rerum
2740 4569 2878 4608 nunc
2922 4569 3112 4624 geras:
3141 4563 3197 4606 ut
3224 4553 3383 4608 etiam
3414 4553 3596 4623 procul
3626 4567 3654 4604 a
3701 4561 3754 4607 te
3782 4550 3941 4605 dissiti

2370 4645 2536 4698 nihilo
2561 4645 2809 4699 deteriori
2852 4646 3156 4700 conditione
3185 4646 3352 4700 simus
3374 4687 3388 4708 ,
3415 4661 3572 4711 quam
3619 4645 3709 4714 qui
3741 4658 3944 4712 semper

2371 4749 2543 4793 tecum
2596 4749 2912 4806 versantur,
2951 4750 3010 4793 ut
3053 4740 3121 4794 de
3184 4739 3344 4794 rebus
3390 4741 3494 4792 tuis
3543 4740 3804 4792 certiores
3855 4738 3943 4790 lia-

2373 4847 2507 4884 mus.
2539 4831 2683 4884 Nosti
2712 4833 2908 4901 quippe
2934 4840 3132 4901 quanto
3161 4831 3313 4885 nobis
3333 4831 3511 4886 studio
3531 4830 3620 4894 sit,
3646 4829 3716 4884 de
3748 4840 3832 4883 tua
3859 4842 3945 4882 va-

2372 4924 2604 4978 letudine
2629 4925 2900 4993 quidpiam
2926 4924 3143 4988 audire;
3167 4923 3308 4993 quod
3332 4935 3384 4978 te
3413 4922 3766 4978 vehementer
3804 4935 3944 4977 amc-

2374 5031 2532 5080 mus;
2565 5028 2616 5070 et
2647 5016 2950 5071 arctissime
2993 5033 3113 5071 cum
3161 5028 3246 5070 tua
3291 5015 3683 5087 magniﬁcentia
3729 5014 3944 5072 devincti

2374 5124 2561 5162 simus.

2558 5203 2692 5256 CXC
2709 5203 2764 5254 V.
2792 5202 3102 5269 Claudiano.
3125 5201 3228 5270 (Ab
3253 5217 3392 5256 anno
3413 5201 3518 5257 404
3543 5199 3610 5254 ad
3632 5200 3788 5269 407.)

2448 5292 2707 5361 Quidnam
2725 5292 2823 5345 hoc
2836 5307 2953 5345 esse
2965 5290 3162 5345 dicam?
3178 5290 3328 5344 Tune
3350 5291 3454 5353 ille,
3473 5292 3562 5361 qui
3580 5304 3766 5344 nosne
3783 5304 3953 5345 arnore

2380 5385 2658 5454 ﬂagrabas,
2689 5393 2742 5437 ct
2772 5382 3164 5452 quodammodo
3194 5382 3496 5437 insaniebas
3516 5423 3531 5448 ,
3559 5383 3648 5451 qui
3681 5391 3877 5436 tantam
3901 5382 3949 5436 in

2382 5481 2533 5534 nobis
2564 5491 2815 5548 expertus
2859 5493 2915 5532 es
2958 5479 3228 5531 caritatem
3260 5519 3274 5541 ,
3303 5477 3390 5546 qni
3435 5492 3648 5545 semper
3687 5475 3949 5531 nobiscum

2381 5574 2660 5629 devinctus
2690 5587 2810 5628 eras
2831 5615 2844 5637 ,
2877 5588 2941 5626 ne
2970 5572 3135 5625 literis
3162 5570 3372 5640 quidem
3402 5585 3501 5622 nos
3532 5553 3678 5623 tanta
3711 5569 3952 5638 temporis

2383 5666 2556 5736 spatio
2586 5665 2833 5735 dignatus
2862 5679 2920 5720 es
2942 5707 2954 5728 ,
2985 5663 3079 5719 sed
3112 5675 3216 5718 tam
3241 5663 3491 5716 diuturno
3531 5661 3746 5716 silentio
3773 5664 3842 5714 uti
3867 5675 3950 5729 po-

2387 5759 2565 5812 tuisti?
2593 5758 2726 5826 Quid
2748 5760 2902 5828 igitur
2929 5759 2977 5811 in
3005 5773 3162 5813 causa
3196 5756 3328 5811 fuit?
3354 5757 3434 5812 An
3459 5769 3586 5810 vero
3615 5764 3740 5825 post
3763 5755 3950 5810 disces-

2394 5868 2513 5914 aittn
2539 5864 2774 5909 nostrum
2807 5868 2871 5908 ex
2901 5852 3079 5908 animo
3118 5861 3209 5907 tuo
3246 5865 3344 5908 nos
3387 5849 3621 5922 eiecisti,
3651 5856 3706 5905 et
3755 5846 3953 5920 segnior
