4218 6488
212 470 320 524 ’119

210 586 306 657 τος
334 583 689 656 θερμοτέρας.
712 581 876 637 Ταῦτ’
903 575 998 637 οῦν
1027 580 1202 644 εἰδυῖα
1232 577 1577 649 ἐπιδαψίλευε
1612 588 1646 618 ι
1673 573 1805 629 ταύτ-

209 691 313 746 την
342 675 474 744 ἡμῖν
489 672 588 742 τὴν
626 671 787 744 χάριν
821 669 1083 741 συνεχῶς,
1134 669 1263 741 περὶ
1300 667 1404 739 τῆς
1441 665 1633 735 ὑγείας
1673 666 1805 735 ἡμῖν

210 764 451 837 δηλοῦσα
476 768 575 835 τῆς
605 765 728 842 σῆς,
757 764 852 818 καὶ
887 763 1073 834 πέμπε
1111 760 1341 830 νιφὰδας
1379 761 1513 831 ἡμίν
1536 755 1804 830 γραμμά-

210 876 344 922 των,
368 857 526 911 τοῦτο
555 853 1028 924 ἀπαγγελλούσας.
1064 853 1196 910 Ἐἀν
1224 851 1335 922 γάρ
1356 850 1651 923 θαρρῶμεν
1669 848 1804 919 περ)⁸

209 950 325 1004 τῶν
344 946 686 1018 ἀγαπώντων
729 947 899 1018 ἡμᾶς,
942 945 1026 999 ὅτι
1055 945 1113 1006 ἐν
1149 942 1416 1014 ἐπιθυμίᾳ
1445 941 1541 999 καὶ
1569 942 1627 993 ἐν
1645 937 1805 1008 ὑγεία

212 1042 310 1097 καὶ
344 1043 404 1094 ἐν
454 1038 725 1110 ἀσφαλείᾳ
769 1037 1169 1109 καθεστήκατε,
1201 1035 1264 1090 οὑ
1309 1031 1513 1105 μικρὰν
1539 1029 1803 1101 δεξόμεθα

209 1135 314 1207 τῆς
339 1135 401 1187 ἐν
432 1131 688 1204 ἀλλοτρίᾳ
715 1129 1000 1204 διατριϐῆς
1023 1128 1389 1201 παράκλησιν,
1418 1123 1555 1181 ἀλλὰ
1593 1123 1688 1177 καὶ
1704 1139 1805 1193 με-

211 1223 412 1293 γίστην
439 1219 848 1293 καρπωσόμεθα
879 1218 1254 1292 παραμυθίαν,
1273 1214 1449 1271 καίτοι
1474 1231 1540 1284 γε
1565 1212 1801 1285 ἐσχάτην

210 1315 456 1387 ἐρημίαν
508 1311 803 1376 οίκοῦντες.
857 1310 1206 1382 Δογισαμένη
1265 1309 1445 1366 τοίνυν
1492 1308 1627 1377 ὅσην
1667 1306 1802 1376 ἡμῖν

211 1408 425 1480 ἐργάσῃ
454 1404 552 1478 τὴν
571 1403 786 1476 ἑορτὴν,
825 1402 901 1474 μὴ
929 1401 1204 1474 φθονήσῃς
1226 1401 1361 1472 ἡμῙν
1379 1399 1482 1469 τῆς
1507 1396 1800 1467 καλλίστης

211 1499 422 1570 ταύτης
443 1495 808 1570 εὐφροσύνης,
835 1493 952 1549 ἀλλ’
975 1494 1052 1558 ὼς
1079 1495 1146 1548 ἀν
1169 1494 1412 1564 ἐγχωρῇ,
1443 1491 1541 1546 καὶ
1571 1484 1683 1544 οἷόν
1738 1505 1802 1541 τε

211 1585 269 1663 ᾖ,
297 1587 652 1658 εὑαγγελίζου
667 1584 935 1659 διηνεκῶς
966 1587 1101 1659 ἡμῖν
1130 1583 1203 1638 τά
1256 1584 1385 1650 περὶ
1435 1584 1536 1654 τῆς
1581 1579 1804 1652 ῥώσεως

210 1681 316 1753 τῆς
339 1680 458 1752 σῆς.

675 1788 847 1859 ΡιιΗ.
897 1786 1340 1857 ’ονησικρατίςι.

282 1928 498 2002 Σφόδρα
518 1929 839 1999 ὴλγηοαμεν
871 1927 969 2001 καὶ
994 1927 1159 1998 ἡμεῖς
1186 1923 1521 1987 ἀκούσαντες
1541 1921 1671 1993 περὶ
1702 1921 1802 1991 τῆς

213 2021 496 2092 μακαρίας
541 2020 812 2092 θυγατρός
845 2037 961 2074 σου.
1008 2018 1145 2072 Ἀλλ’
1174 2019 1326 2088 ὅμως
1348 2015 1551 2080 εἰδότες
1572 2014 1635 2071 τὸ
1656 2013 1804 2084 φιλόι

213 2112 380 2183 σοφόν
423 2128 518 2166 σου
549 2112 652 2182 τῆς
694 2111 954 2177 διανοίας,
990 2120 1086 2164 και
1116 2108 1179 2162 τὸ
1199 2106 1402 2181 ὑψηλὸν
1425 2105 1526 2177 τῆς
1551 2104 1798 2177 γνώμης.

211 2204 356 2258 πάνυ
383 2201 696 2274 θαρροῦμεν
725 2201 802 2265 ὡς
817 2201 1067 2274 ἀνωτέρα
1097 2203 1272 2273 στήσῃ
1297 2199 1406 2253 τῶν
1427 2197 1684 2252 τοιούτων
1706 2214 1803 2251 κυ-

213 2293 403 2364 μάτων
436 2292 484 2345 ι.
520 2293 612 2367 Μὴ
637 2292 926 2348 λυπεῖσθαι
961 2293 1060 2363 μὲν
1091 2293 1201 2364 γὰρ
1230 2293 1530 2362 ἀμήχανον,
1552 2306 1802 2361 παρακα-

209 2379 416 2456 λῖοῦμεν
443 2386 503 2439 δέ
541 2384 868 2457 συμμέτρως
888 2383 1048 2437 τοῦτο
1077 2385 1248 2438 τωιεῖν
1281 2382 1481 2436 εἰδυῖαν
1510 2381 1572 2434 τὺ
1600 2381 1800 2451 ἐπίκη-

213 2493 308 2547 ρον
328 2475 437 2530 τῶν
459 2477 817 2547 ἀνθρωπίνων
835 2476 1198 2546 πραγμάτων,
1229 2474 1324 2528 καὶ
1349 2474 1425 2540 ὡς
1455 2473 1609 2528 κοινὰ
1627 2473 1801 2528 ταῦτα

209 2569 349 2622 πᾶσι
385 2568 456 2623 τά
483 2567 656 2638 πάθη,
697 2568 796 2622 καὶ
820 2568 898 2632 ὡς
927 2567 1143 2639 φύσεως
1167 2569 1329 2638 νόμος
1359 2566 1556 2630 κοινὸς,
1586 2565 1682 2619 καὶ
1706 2565 1801 2619 τοῦ

211 2662 434 2716 πάντων
475 2661 633 2732 ἡμῶν
657 2661 930 2716 Δεσπότου
961 2660 1097 2716 Θεοῦ
1141 2660 1436 2730 ἀπόφασις.
1482 2660 1556 2714 Οὑ
1593 2658 1705 2731 γὰρ
1735 2658 1801 2731 δὴ

209 2753 443 2816 θάνατος
473 2753 652 2819 τοῦτο,
707 2753 822 2806 ἀλλ’
854 2752 1137 2824 ἀποδημία
1186 2753 1281 2806 καὶ
1325 2751 1658 2822 μετάστασις
1689 2751 1800 2804 ἀπὸ

207 2845 320 2900 τῶν
343 2846 605 2918 χειρόνων
635 2847 772 2918 πρὸς
801 2847 868 2902 τά
900 2847 1111 2917 βελτίω.
1147 2847 1314 2901 Ταῦτ’
1337 2843 1432 2901 οὑν
1462 2847 1678 2900 ἅπαντα
1715 2844 1794 2897 λο-

207 2939 500 3010 γιζομένη,
529 2939 662 3010 φέρε
688 2939 951 3009 γενναίως
980 2939 1048 2995 τὸ
1087 2939 1326 3009 συμϐὰν,
1363 2941 1458 2993 καὶ
1485 2937 1799 3010 εὐχαρίστει

206 3029 287 3100 τῷ
313 3027 681 3100 φιλανθρώπῳ
699 3029 841 3102 θεῷ.
862 3032 927 3084 Et
941 3030 1050 3102 γὰρ
1064 3032 1158 3084 καὶ
1179 3031 1536 3102 χαλεπωτέρα
1563 3034 1596 3102 ἡ
1617 3029 1800 3102 πληγὴ

208 3123 425 3191 γέγονε,
452 3122 590 3193 πρὸς
626 3122 688 3176 τὸ
709 3122 908 3195 νεαρὰν
935 3119 1098 3178 οὖσαν
1123 3123 1224 3194 τὴν
1255 3124 1528 3195 προτέραν
1561 3122 1800 3177 καταλα-

207 3214 346 3278 ϐεῖν,
394 3213 534 3268 ἀλλά
591 3216 686 3268 καὶ
743 3215 1124 3288 λαμπρότερός
1163 3226 1254 3269 σοι
1295 3218 1324 3270 ὁ
1384 3216 1648 3285 στέφανος
1697 3215 1800 3285 τῆς

209 3309 508 3379 ὑπομονῆς,
546 3309 641 3362 καὶ
677 3309 848 3379 μείζω
885 3310 954 3364 τά
979 3310 1225 3382 βραϐεἶα,
1287 3311 1404 3380 μετ’
1446 3308 1799 3381 εὐχαριστίας

209 3398 310 3452 καὶ
335 3396 644 3468 δοξολογίας
674 3399 916 3473 φερούσῃ
943 3400 1006 3454 τὸ
1032 3401 1225 3463 πάθος.
1259 3402 1355 3455 ’Ἰν⁹
1385 3396 1478 3455 οῦν
1523 3401 1618 3453 καὶ
1640 3401 1800 3471 ἡμεῖς

212 3491 290 3561 μὴ
319 3491 526 3562 σφόδρα
546 3492 824 3563 ἀλγῶμεν,
866 3493 983 3546 ἀλλ’
1017 3494 1251 3565 εἰδῶμεν
1284 3493 1469 3563 σαφῶς
1497 3495 1580 3547 ὅτι
1608 3493 1800 3562 γέγονέ

210 3583 297 3637 σοί
322 3601 376 3637 τι
392 3584 558 3637 πλέον
589 3585 699 3639 ἀπὸ
731 3584 841 3638 τῶν
879 3588 1223 3657 γραμμάτων
1250 3587 1356 3640 τῶν
1380 3587 1686 3658 ἡμετέρων,
1723 3586 1799 3656 μὴ

209 3676 558 3748 κατοκνήσης
579 3678 712 3748 ἡμῖν
737 3677 949 3749 γράψαι
969 3678 1129 3731 τοῦτο
1150 3678 1302 3741 αὐτὸ,
1337 3676 1574 3748 δηλοῦσα
1599 3678 1683 3730 ὅτι
1719 3694 1800 3730 σοι

206 3768 311 3839 τῆς
333 3769 576 3841 ἀθυμίας
594 3771 946 3842 διεσκεδάσθη
995 3771 1057 3826 τὸ
1080 3771 1262 3840 νέφος,
1295 3772 1389 3824 καὶ
1427 3771 1490 3824 τὸ
1520 3770 1654 3824 πολὺ
1701 3772 1801 3843 τῆς

207 3861 405 3932 ὀδύνης
440 3862 536 3916 τοῦ
563 3862 754 3930 ἐλκους
782 3866 1176 3937 ὑποτέτμηται.
1207 3866 1273 3920 El
1299 3865 1408 3936 γάρ
1450 3864 1624 3918 ταῦτα
1644 3862 1797 3937 [708]

212 3954 506 4026 μάθοιμεν,
539 3957 600 4011 00
632 3959 955 4028 παυσόμεθα
980 3960 1208 4030 νιφάδας
1232 3958 1531 4014 ἐπιστολῶν
1557 3960 1799 4030 πέμπειν

213 4063 314 4098 σοι·
350 4046 446 4100 καὶ
474 4046 584 4118 γάρ
611 4049 710 4118 οὑχ
759 4049 835 4113 ὡς
859 4050 1048 4121 ἔτυχεν
1091 4052 1432 4122 ἀντεχόμεθά
1458 4068 1552 4105 σου
1579 4053 1677 4123 τῆς
1705 4051 1797 4103 εύ-

209 4137 446 4206 γενείας,
473 4141 702 4210 γνησίας
731 4141 818 4194 ἀεὶ
853 4143 947 4195 καὶ
990 4143 1315 4214 εἰλικρινοῦς
1347 4143 1443 4197 καὶ
1487 4147 1676 4215 τιμῆς,
1705 4141 1800 4197 καὶ

209 4228 414 4294 αἰδοῦς,
441 4230 544 4284 καὶ
568 4230 790 4304 ἀγάπης
818 4233 1226 4299 ἀπολαύσαντες
1262 4235 1415 4306 παρά
1449 4235 1547 4305 τῆς
1582 4235 1682 4303 σῆς
1703 4251 1796 4286 κο-

210 4323 523 4394 σμιότητος.
572 4318 671 4378 Ὧν
728 4327 970 4397 συνεχῶς
1021 4329 1382 4399 μεμνημένοι,
1440 4327 1800 4397 ἀκμάζουσαν

206 4417 310 4484 τὴν
337 4416 469 4486 περὶ⁷
495 4416 555 4470 σὲ
589 4417 828 4472 διάθεσιν
861 4419 1159 4491 τηροῦμεν,
1188 4419 1291 4474 κάν
1331 4419 1471 4493 πρὸς
1491 4419 1664 4485 αὑτὰς
1692 4421 1798 4490 ἀφ-

211 4506 458 4579 ικώμεθα
480 4509 578 4580 τῆς
603 4509 927 4581 οἰκουμένης
954 4512 1053 4576 τάς
1079 4512 1352 4583 ἐσχατιάς.

755 4650 930 4714 PU“.
967 4650 1247 4714 Παιανίῳ.

281 4783 494 4853 Σφόδρα
529 4801 595 4854 με
646 4783 1055 4856 ἀνεπτέρωσας,
1101 4784 1194 4840 καὶ
1233 4789 1463 4859 σκιρτᾷν
1510 4787 1796 4859 ἐποίησας,

204 4874 312 4940 ὅτι,
359 4873 432 4928 τά
485 4875 704 4947 λυπηρά
749 4876 1110 4944 ἀπαγγείλας,
1141 4877 1416 4948 ἐπέθηκας
1447 4879 1508 4932 τὸ
1555 4882 1727 4951 ρῆμα,
1768 4880 1798 4932 ὃ

208 4967 346 5020 πᾶσι
381 4968 493 5029 τοῖς
529 4966 920 5036 συμϐαίνουσιν
952 4968 1227 5037 ἐπιλέγειν
1259 4971 1386 5041 χρὴ,
1427 4971 1619 5025 εἰπών’
1658 4972 1795 5040 Δόξα

205 5060 271 5130 δὴ
299 5058 378 5130 τῷ
405 5057 526 5129 Θεῷ
555 5060 773 5114 πάντων
799 5062 982 5115 ἕνεκα.
1018 5063 1188 5116 Τοῦτο
1223 5064 1286 5117 τὸ
1313 5064 1466 5136 ρῆμα
1504 5066 1694 5138 καιρία
1715 5067 1795 5137 τῷ

205 5140 442 5222 διαϐόλῳ
475 5151 678 5224 πληγή’
714 5153 874 5207 τοῦτο
907 5155 1138 5227 μεγίστη
1179 5155 1258 5227 τῷ
1296 5156 1509 5226 λέγοντι
1540 5161 1598 5213 ἐν
1632 5161 1794 5212 παντὶ

208 5244 441 5316 κινδύνῳ
485 5245 786 5314 ἀσφαλείας
839 5248 934 5299 καὶ.
980 5249 1174 5319 ἡδονῆς
1213 5250 1488 5314 ὑπόθεσις.
1553 5253 1703 5322 Ἀμα
1734 5271 1794 5305 τε

205 5337 316 5408 γάρ
360 5354 444 5401 τις
480 5339 780 5407 ἐφθέγξατο
828 5339 1009 5402 τοῦτο,
1055 5343 1148 5393 καὶ
1199 5342 1555 5396 σκεδάννυται
1588 5344 1792 5408 εὐθέως

212 5429 306 5500 τῆς
327 5430 566 5502 ἀθυμίας
589 5431 650 5484 τὸ
668 5431 848 5500 νέφος.
878 5433 968 5505 Μὴ
992 5434 1057 5504 δὴ
1086 5434 1270 5505 παύσῃ
1293 5436 1452 5489 τοῦτό
1475 5453 1532 5488 τε
1555 5436 1726 5506 λέγων
1745 5449 1793 5502 ε,

261 5587 298 5660 ’⁸
323 5587 477 5636 [idem
499 5589 855 5652 έπιδαψιλεύου,
884 5597 936 5640 ει
969 5593 1039 5642 sic
1063 5594 1190 5657 legit
1209 5594 1423 5645 Savilius
1445 5613 1457 5644 :
1489 5602 1697 5660 utraque
1723 5603 1794 5650 Ie-

211 5655 307 5698 ειιο
329 5651 551 5701 quadrat.

271 5708 298 5746 δ
318 5708 524 5778 _Coi§l_iq.
553 5715 649 5778 τῶν
670 5715 924 5778 Δτοιούτων
963 5717 1211 5778 καμάτων.
1234 5718 1344 5769 Mox
1371 5721 1474 5772 duo
1491 5736 1608 5772 mss.
1651 5723 1796 5773 τοῦτο

213 5774 366 5822 ποιεῖν
392 5775 586 5825 εἰδυῖαν.
614 5775 740 5826 Εόίι.
773 5776 940 5826 εἰδυῖα.

271 5836 295 5868 ⁸
328 5834 436 5903 Quo
461 5850 576 5885 mss.
602 5839 762 5903 παύσῃ
793 5838 956 5903 αὑτός
977 5857 1029 5888 τε
1063 5842 1232 5903 λέγων.
1259 5841 1385 5898 lum
1413 5843 1561 5896 iidem
1603 5849 1796 5897 πλείονα

212 5896 545 5959 καρπώσονται
564 5901 648 5958 τήν
667 5896 858 5961 ἡδονὴν,
885 5903 1003 5957 μετά
1026 5905 1105 5952 καὶ
1129 5896 1215 5952 τοῦ
1233 5907 1343 5954 τῶν.

1658 448 1849 503 ΕΗδί
1866 447 2052 502 υιΑι.

3390 455 3496 512 7‘20

1904 572 2159 637 καὶτοὺς
2218 573 2415 640 ἀλλους
2449 574 2744 630 παιδεύων.
2789 573 2957 628 Οὕτω
2986 573 3081 630 καὶ
3134 575 3166 628 ὁ
3211 575 3418 648 χειμὼν
3464 579 3517 632 ἃ

1905 663 2250 730 καταλαϐὼν,
2297 665 2402 721 κάν
2452 666 2789 739 τραχύτερος
2835 667 3086 737 γένηται,
3125 667 3208 732 είς
3250 667 3497 742 γαλήνην

1904 759 2326 830 μεταπήσεταν
2380 758 2525 812 οὕτω
2579 760 2675 812 καὶ
2727 760 2788 813 ol-
2831 759 3219 831 χειμαζόμενοι
3272 751 3498 815 πλείονα

1903 846 2290 921 καρταὺσονται
2314 848 2420 920 τὴν
2457 849 2696 922 ἀμοιϐὴν
2746 848 2887 921 μετά
2916 848 3014 904 τοῦ
3045 849 3140 904 καὶ
3165 850 3276 904 τῶν
3305 850 3496 906 δεινῶν

1901 939 2306 1012 ἀπαλλαγῆναι.
2352 940 2640 997 Τοῦτο.τὸν
2679 941 2801 996 Ἰὼϐ
2830 941 3201 1012 ἐστεφάνωσε,
3228 941 3388 997 τοῦτο
3431 942 3496 997 τὸ

1904 1033 2057 1105 ῥῆμα
2071 1032 2431 1092 τὸν-διάϐολον
2455 1035 2744 1108 ἐτρέψατο,
2779 1037 2872 1092 καὶ
2900 1034 3350 1108 ἐγκαλυψάμενον
3363 1038 3497 1092 ἀνα-

1901 1127 2148 1200 χωρῆσαι
2175 1129 2499 1201 πεποίηκεν,
2529 1129 2691 1186 τοῦτο
2714 1129 2946 1201 θορύϐου
2971 1129 3175 1196 παντὸς
3194 1130 3494 1204 ἀναίρεσις.

1900 1221 2047 1275 Μένε
2079 1220 2144 1292 δὴ
2183 1221 2344 1276 τοῦτο
2374 1222 2590 1296 ἐπᾴδων
2620 1224 2737 1287 τοῖς
2776 1223 3084 1294 γινομένοις
3143 1224 3338 1279 ἀπασι.
3384 1221 3498 1279 Τοῦ

1899 1309 2066 1364 τύπου
2088 1310 2146 1364 δέ
2170 1311 2380 1376 ἕνεκεν,
2408 1313 2608 1386 μηκέτι
2638 1313 2822 1368 λοιπὸν
2859 1313 3050 1386 μηδεὶς
3077 1312 3388 1386 ἐνοχλείτω.
3431 1316 3496 1371 El

1901 1402 2021 1474 γάρ.
2043 1403 2139 1459 καὶ
2179 1404 2386 1477 ἔρημον
2430 1405 2494 1460 τὸ
2530 1407 2729 1478 χωρίον
2751 1409 2787 1478 ἡ
2810 1407 3146 1472 Κουκουσὸς,
3195 1409 3314 1463 ἀλλ’
3343 1411 3496 1481 ὅμως

1901 1498 1997 1552 καὶ
2027 1497 2258 1570 ἡσυχίας
2285 1498 2632 1570 ἀπολαύομεν
2661 1496 2917 1567 ἐνταῦθα,
2945 1501 3042 1556 καὶ
3071 1503 3134 1555 ού
3161 1501 3224 1554 τὸ
3255 1502 3418 1572 τυχδν
3430 1504 3497 1557 ἐκ

1896 1588 2000 1659 τῆς
2018 1581 2314 1655 ’ἀσθενείας
2331 1591 2431 1663 τῆς
2458 1591 2601 1648 κατά
2622 1591 2723 1665 τὴν
2763 1593 2883 1648 ὁδὸν
2909 1593 3211 1666 γενομένης
3234 1596 3268 1668 ἡ
3277 1597 3388 1666 μίν,
3405 1593 3497 1651 διά

1900 1678 1999 1749 τῆς
2015 1679 2157 1734 οἶκοι
2185 1677 2472 1753 καθέδρας,
2493 1682 2594 1753 τῆς
2619 1681 2926 1753 διηνεκοῦς,
2954 1680 3250 1755 διορθῶσαι
3275 1683 3494 1755 ισχύσα-

1903 1787 2026 1841 μεν.
2051 1773 2150 1827 Ἂν
2193 1772 2250 1826 δέ
2274 1772 2506 1845 μέλλητε
2536 1775 2702 1830 πάλιν
2743 1774 2893 1850 ἡμᾶς
2921 1776 3257 1846 ἀναγκάζειν
3293 1779 3498 1844 τόπους

1900 1864 1966 1918 ἐκ
1986 1864 2167 1919 τόπων
2186 1865 2457 1937 ἀμείϐειν,
2482 1866 2551 1921 τά
2571 1866 2779 1937 ἐσχατα
2795 1867 3119 1937 πεισόμεθα,
3143 1868 3239 1923 καὶ
3262 1869 3498 1941 μάλιστα

1899 1956 1995 2009 τοῦ
2052 1954 2320 2030 χειμῶνος
2372 1959 2467 2013 ἐπὶ
2535 1958 2731 2031 θύραις
2798 1960 2971 2024 ὄντος.
3041 1961 3250 2032 Μηδενὶ
3317 1962 3499 2018 τοίνυν

1902 2048 2160 2120 φορτικὸς
2186 2049 2396 2120 μηδεὶς,
2427 2050 2566 2122 μηδὲ
2595 2049 2843 2124 ἐπαχθὴς
2875 2051 3118 2121 γενέσθω
3141 2053 3346 2126 ταύτης
3377 2054 3498 2108 ἐνε-

1901 2157 1996 2195 κεν
2022 2141 2122 2214 τῆς
2178 2142 2510 2207 ὑποθέσεως.
2559 2143 2722 2199 Ἀλλά
2749 2144 2932 2216 γράφε
2963 2146 3101 2216 ἡμῖν
3158 2146 3402 2218 συνεχῶς
3431 2147 3498 2202 τά

1900 2238 2028 2306 περὶ
2061 2235 2162 2308 τῆς
2184 2237 2374 2306 ὑγείας
2396 2237 2499 2309 τῆς
2525 2237 2648 2310 σῆς,
2669 2240 2887 2310 καὶτῆς
2903 2238 3194 2310 διατριϐῆς
3216 2239 3315 2312 τῆς
3333 2239 3497 2294 αὑτό-

1900 2330 1976 2394 θι,
2010 2330 2225 2402 καὶτῆς
2249 2332 2681 2404 εὑδοκιμὴσεως,
2714 2332 2809 2386 καὶ
2842 2332 2943 2404 τῆς
2965 2331 3254 2402 εὐθυμίας.
3278 2334 3355 2387 Οὑ
3389 2332 3498 2406 γάρ

1899 2425 1999 2496 τὴν
2025 2424 2318 2496 τυχοῦσαν,
2350 2414 2448 2480 καὶ
2496 2427 2556 2479 ἐν
2587 2425 2799 2498 ἐρημίᾳ
2846 2426 3073 2499 τοιαύτη
3106 2425 3496 2498 διατρίϐοντες,

1901 2515 2314 2588 καρπωσόμεθα
2349 2516 2722 2587 παράκλησιν,
2772 2515 3002 2577 τοιαῦτα
3047 2514 3202 2592 παρὰ
3243 2518 3344 2591 τῆς
3397 2517 3497 2590 σῆς

1898 2611 2210 2682 τιμιότητος
2240 2610 2521 2682 δεχόμενοι
2544 2610 2889 2684 γράμματι,

2436 2833 2600 2898 PRM.
2653 2829 2958 2900 Γεμόλλῳ.

1974 2989 2220 3060 Ἐρημον
2274 2987 2375 3058 μὲν
2422 2985 2682 3055 οἰκοῦμεν
2729 2984 2931 3056 χωρίον
2964 2982 3064 3055 τὴν
3102 2982 3413 3038 Κουκουσὸν
3443 2981 3494 3049 ἀ,

1900 3083 1995 3135 καὶ
2046 3081 2228 3152 πάσης
2256 3081 2357 3152 τῆς
2409 3078 2530 3133 καθ’
2574 3080 2722 3150 ἡμᾶς
2758 3078 3091 3149 οἰκουμένης
3132 3077 3492 3150 ἐρημότατον.

1900 3173 2049 3245 Πλὴν
2074 3173 2178 3226 κάν
2207 3171 2345 3244 πρὸς
2373 3172 2514 3226 αὐτὰ
2554 3171 2653 3241 τῆς
2686 3170 3016 3241 οἰκουμένης
3041 3168 3112 3222 τὰ
3146 3168 3362 3241 πέρατα
3397 3170 3499 3224 ἀπ-

1899 3266 2234 3336 ενεχθῶμεν,
2255 3263 2613 3320 ἐπιλαθέσθαι
2632 3281 2729 3318 σου
2746 3263 2845 3334 τῆς
2865 3262 3089 3335 ἀγάπης
3113 3263 3174 3316 ού
3193 3262 3495 3335 δυνάμεθα·

1899 3359 2036 3414 ἀλλά
2073 3360 2170 3414 καὶ
2217 3361 2275 3412 ἐν
2302 3359 2565 3430 ἀλλοτρίᾳ.
2599 3359 2693 3412 καὶ
2736 3358 2795 3409 ἐν
2841 3357 3055 3430 ἐρημία
3101 3356 3495 3426 διατρίϐοντες,

1901 3453 1996 3506 καὶ
2033 3453 2115 3506 ἔτι
2147 3451 2379 3521 λείψανα
2409 3452 2729 3523 ἀρρωστίας
2760 3451 3178 3522 περιφέροντες,
3219 3451 3314 3504 καὶ
3345 3450 3500 3521 φόϐῳ

1899 3544 2112 3617 λῃστῶν
2134 3545 2582 3615 πολιορκούμενοι
2615 3544 2695 3614 (οὑ
2723 3543 2833 3615 γὰρ
2863 3543 3198 3612 ἀφίστανται
3222 3543 3322 3605 τὰς
3343 3542 3500 3607 ὁδοὺς

1900 3637 2345 3708 ἀποτειχίζοντες
2398 3638 2494 3690 καὶ
2544 3637 2726 3690 πάντα
2774 3635 3025 3708 αἱμάτων
3075 3635 3416 3708 πληροῦντες
3446 3637 3498 3690 οἱ

1913 3730 2194 3802 ’1σαῦροι),
2239 3731 2508 3803 διηνεκῶς
2560 3749 2620 3785 σε
2665 3732 2760 3786 ἐπὶ
2817 3730 3055 3795 διανοίας
3101 3730 3498 3802 περιφέρομεν,

1900 3823 1998 3894 τὴν
2031 3824 2286 3897 ἀνδρείαν
2327 3842 2445 3890 σου,
2473 3826 2574 3896 τὴν
2601 3824 2942 3897 παρρησίαν,
2969 3822 3071 3895 τὴν
3112 3821 3376 3891 γλυκεῖαν
3405 3823 3501 3876 καὶ

1901 3916 2132 3986 γνησίαν
2183 3917 2424 3971 διάθεσιν
2476 3918 2607 3989 παρ’
2658 3917 2844 3980 αὑτοῖς
2889 3914 3373 3989 ἀναπλάττοντεςζ
3404 3916 3501 3968 καὶ

1900 4007 2107 4060 τούτων
2136 4008 2247 4060 τῶν
2262 4007 2542 4079 λογισμῶν
2567 4007 2947 4078 ἐντρυφῶντες
2974 4009 3041 4078 τῇ
3081 4008 3186 4078 μνή
3197 4023 3293 4082 μη.
3315 4008 3500 4079 Γράφε

1901 4099 2052 4173 [709]
2076 4100 2132 4153 δέ
2147 4100 2311 4164 αὐτὸς
2342 4103 2477 4172 ἡμῖν
2503 4100 2767 4171 συνεχῶς,
2793 4100 3032 4154 δέσποτα
3055 4098 3498 4171 θαυμασιώτατε,

1900 4192 1969 4246 τά
2003 4193 2135 4264 περὶ
2175 4193 2275 4263 τῆς
2311 4192 2504 4261 ὑγείας
2527 4192 2626 4264 τῆς
2668 4193 2790 4263 σῆς,
2831 4193 2926 4247 καὶ
2959 4193 3077 4256 πῶς
3113 4210 3196 4246 σοι
3227 4193 3298 4247 τά
3318 4192 3500 4264 θερμά

1902 4287 2196 4358 ἐχρήσατο,
2231 4285 2327 4340 καὶ
2373 4288 2430 4339 ἐν
2464 4286 2608 4340 τίσιν
2639 4287 2791 4358 ὁρμᾷ
2817 4297 2840 4325 ο
2886 4286 2957 4340 τά
3000 4285 3070 4339 σά
3117 4285 3237 4340 νῦνο
3279 4286 3367 4340 ἵνα
3404 4287 3500 4340 καὶ

1902 4379 2186 4450 πόρρωθεν
2205 4379 2376 4443 ὄντες,
2415 4378 2582 4450 μηδὲν
2616 4378 2840 4432 ἔλαττον
2887 4377 3104 4448 ἔχωμεν
3138 4377 3249 4432 τῶν
3281 4378 3368 4434 ἀεί
3414 4396 3499 4433 σοι

1902 4471 2329 4542 συγγινομένων,
2349 4471 2429 4534 είς
2453 4469 2514 4525 τὸ
2541 4470 2731 4538 σαφῶς
2754 4469 3038 4525 είδέναιτά
3067 4469 3156 4525 σά.
3187 4465 3360 4525 Οἶσθα
3386 4470 3506 4542 γὰρ

1899 4565 2049 4628 ὅπως
2082 4565 2215 4634 ἡμῖν
2238 4562 2711 4635 περισπούδαστον
2735 4562 2865 4634 περὶ
2898 4561 2999 4633 τῆς
3031 4561 3254 4634 ρὼσεως
3278 4563 3376 4633 τῆς
3396 4561 3499 4633 σῆς

1903 4655 2220 4727 μανθάνειν,
2250 4655 2339 4709 διά
2369 4655 2430 4709 τὸ
2467 4655 2676 4726 σφόδρα
2717 4672 2811 4709 σου
2843 4656 2998 4728 ἐρᾷν,
3028 4655 3122 4709 καὶ
3154 4653 3498 4709 συνδεδέσθαι

1903 4749 2042 4822 μετά
2069 4750 2358 4823 ἀκριϐείας
2376 4752 2444 4821 τῇ
2477 4750 2930 4824 μεγαλοπρεπείᾳ
2957 4753 3026 4823 τῇ
3045 4753 3135 4822 σῇ.

2399 4914 2570 4978 Ρῌιῖ.
2611 4908 2992 4976 Κλαυδίαν-ᾧ.

1968 5067 2040 5120 Τί
2085 5067 2274 5132 τοῦτο;
2320 5069 2378 5120 '0
2423 5066 2628 5139 θερμὸς
2667 5068 2829 5140 ἡμῶν
2875 5069 3203 5141 ἐραστὴςιὺ
3239 5069 3495 5142 μανικὸς,

1895 5163 2168 5234 τοσαύτης
2216 5162 2349 5233 παρ’
2380 5162 2539 5233 ἡμῶν
2576 5162 2898 5227 ἀπολαύσας
2943 5164 3188 5235 ἀγάπης,
3241 5165 3271 5217 ὁ
3317 5165 3497 5235 διηνεο

1898 5255 2009 5318 κῶς
2050 5257 2184 5326 ἡμῖν
2233 5255 2640 5325 συνδεδεμένος,
2673 5255 2794 5308 οὑδὲ
2842 5256 3194 5327 γραμμάτων
3243 5259 3392 5328 ἡμᾶς
3439 5259 3496 5310 ἐν

1895 5351 2041 5404 οὕτω
2077 5351 2260 5422 χρόνῳ
2310 5349 2508 5422 μακρῴ
2546 5349 2811 5419 ἠξίωσας,
2841 5351 2958 5404 ἀλλ’
2989 5352 3222 5424 ἡνέσχρυ
3272 5354 3493 5423 σιγῆσαι

1899 5442 2059 5514 σιγὴν
2089 5442 2235 5496 οὕτω
2271 5443 2522 5513 μακράν,;
2559 5442 2625 5494 Τί
2674 5459 2807 5500 ποτε
2854 5443 2962 5515 ἀρα
3009 5447 3071 5497 τὸ
3104 5445 3308 5510 αῖτιον;
3350 5441 3493 5518 Ἀρσ

1901 5536 2040 5606 μετὰ
2070 5535 2170 5606 τὴν
2189 5535 2500 5605 ἀποδημίαν
2537 5533 2795 5601 ἐξέϐαλες
2821 5536 2970 5605 ἡμᾶς
2993 5535 3094 5606 τῆς
3128 5536 3369 5601 διανοίας
3395 5536 3493 5607 τῆς

1900 5630 2021 5699 σῆς,
2069 5627 2163 5680 καὶ
2209 5626 2585 5697 ῥᾳθυμότερος
2623 5625 2755 5698 περὶ
2798 5626 2897 5696 τὴν
2945 5628 3226 5699 ἡμετέραν
3261 5629 3492 5697 γέγονας

1959 5789 1985 5827 d
2013 5789 2169 5837 Valic.
2198 5791 2284 5846 τήν
2327 5790 2610 5838 Κοκκουοόν
2651 5801 2741 5852 pro
2782 5802 2935 5839 mum.
2966 5787 3122 5840 Paulo
3155 5796 3265 5853 post
3286 5788 3501 5848 Coislm

1896 5859 1979 5911 τῆς
2001 5854 2280 5916 οἱκουμένης
2297 5853 2357 5916 τὰ
2380 5853 2608 5916 τέρματα.

1961 5917 1983 5944 ⁸
2011 5913 2161 5967 Savil.
2187 5913 2338 5979 ὁρμεῖ.
