4152 6490
192 460 296 518 711

200 595 331 649 erga
373 577 651 633 caritatem
684 584 920 630 nostram
969 574 1222 632 evasisti?
1269 572 1385 630 Non
1429 573 1677 645 equidem
1706 589 1799 629 ar-

206 671 400 734 bitror;
425 685 598 740 neque
626 669 768 724 enim
792 668 909 724 fieri
936 679 1152 739 potest,
1180 677 1241 722 ut
1259 667 1437 723 anima
1475 675 1584 722 tam
1606 668 1799 731 amica,

205 771 319 819 mm
360 762 560 819 fervida
590 771 789 816 tantam
817 761 1166 817 mutationem
1197 760 1450 831 patiatur.
1482 761 1566 814 An
1596 773 1726 814 vero
1752 771 1804 815 te

207 857 441 913 fortasse
470 855 688 911 morbus
732 854 993 911 detinuit?
1020 856 1090 909 At
1133 853 1220 908 hic
1258 851 1642 922 impedimento
1685 866 1806 907 esse

207 965 321 1005 non
355 950 545 1020 potuit,
570 947 855 1019 quominus
897 946 1182 1002 scriberes.
1204 946 1467 1015 Quoniam
1497 944 1655 1016 igitur
1679 959 1806 1000 cau-

207 1057 328 1098 sam
355 1043 659 1114 ignoramus
684 1081 699 1105 ,
729 1039 889 1096 simul
935 1054 989 1095 et
1011 1039 1288 1095 silentium
1315 1037 1462 1093 solve
1485 1079 1500 1100 ,
1531 1046 1586 1093 et
1610 1036 1806 1092 silentii

207 1147 427 1188 causam
455 1131 651 1202 indica,
682 1141 738 1188 et
758 1131 1153 1202 quamprimum
1179 1131 1463 1201 epistolam
1485 1129 1658 1196 mitte,
1687 1144 1806 1199 qum

208 1240 316 1282 nos
340 1225 410 1281 de
436 1234 522 1279 tua
548 1223 854 1280 valetudine
895 1223 1157 1279 certiores
1199 1223 1376 1278 faciat.
1413 1221 1503 1279 Sic
1522 1224 1666 1278 enim
1695 1238 1809 1301 ma.

208 1316 362 1372 ximo
386 1331 483 1370 nos
509 1313 716 1370 aflicies
740 1313 1028 1381 beneficio,
1051 1322 1106 1369 et
1133 1313 1439 1369 solitudinis
1468 1329 1576 1369 non
1603 1315 1810 1370 medio-

207 1422 310 1462 cre
341 1406 499 1463 nobis
521 1406 774 1462 solatium
798 1406 1099 1476 przebehis,
1131 1406 1173 1461 si
1203 1405 1468 1476 ejusmodi
1509 1407 1694 1462 literas
1719 1422 1809 1462 ac-

207 1500 536 1568 ceperimus.
573 1498 681 1554 Sed
727 1513 858 1554 cave
892 1499 1162 1570 pigriteris
1191 1517 1204 1553 2
1235 1513 1357 1553 nam
1378 1499 1422 1553 si
1467 1498 1566 1553 hac
1591 1510 1808 1569 accepta

206 1590 430 1658 demum
473 1590 698 1662 epistola
743 1590 1015 1646 silentium
1049 1605 1271 1656 serves,
1299 1606 1406 1646 non
1443 1591 1678 1661 amplius
1709 1605 1806 1648 vc-

210 1682 357 1737 niam
387 1681 632 1738 dabimus
651 1724 665 1748 ,
695 1682 790 1738 sed
814 1692 865 1738 te
888 1698 1038 1737 reum
1062 1683 1252 1753 ingrati
1281 1683 1443 1737 animi
1472 1698 1806 1753 peragemus.

209 1771 367 1841 Quod
398 1773 526 1839 tibi,
560 1782 644 1829 sat
671 1774 784 1830 scio
806 1815 822 1841 ,
849 1774 1114 1845 supplicio
1139 1774 1330 1846 quovis
1357 1787 1501 1831 esset
1541 1775 1807 1832 acerbius.

464 1866 705 1924 CXCVI.
734 1869 897 1923 Actio.
928 1870 1172 1940 (Cucuso
1196 1884 1339 1925 anno
1377 1870 1541 1940 404.)

281 1957 393 2015 Nos
421 1968 525 2015 tute
547 1961 789 2018 caritatis
812 1961 1056 2018 oblivisci
1080 1977 1186 2017 non
1206 1978 1515 2034 possumus,
1543 1963 1806 2030 ardentis,

208 2052 470 2121 sincerae,
518 2053 788 2110 defaecata:
811 2097 828 2123 ,
859 2071 1041 2128 purae,
1088 2058 1419 2128 minimeque
1462 2057 1685 2127 fucatae,
1716 2059 1811 2115 sed

209 2158 472 2216 perpetuo
500 2157 552 2203 te
575 2147 755 2204 animo
783 2150 1231 2220 circumferimus,
1265 2163 1319 2209 et
1348 2153 1672 2226 insculptum
1712 2171 1809 2226 pe-

209 2241 348 2295 ctori
400 2249 587 2296 nostro
627 2251 917 2313 gestamus.
963 2245 1031 2302 Et
1072 2261 1393 2319 cuperemus
1439 2250 1654 2321 quidem
1705 2251 1811 2308 fre-

208 2343 441 2405 quenter
469 2346 520 2391 te
545 2351 768 2394 cernere
794 2339 1042 2410 :quando
1091 2350 1271 2397 autem
1311 2343 1424 2412 jam
1471 2344 1523 2398 id
1560 2344 1675 2400 fieri
1717 2360 1811 2401 ne-

209 2427 356 2498 quit,
382 2436 620 2484 nostram
673 2445 768 2500 per
801 2430 983 2486 literas
1013 2433 1366 2502 cupiditatem
1408 2435 1722 2505 explemus,
1758 2446 1812 2492 ct

207 2530 319 2576 tute
374 2521 558 2592 pietati
601 2521 837 2579 debitam
885 2525 1260 2582 salutationem
1300 2528 1694 2596 persolvimus,
1746 2544 1812 2585 ac

207 2623 266 2669 te
309 2615 692 2680 cohortamur,
728 2625 786 2671 ut
813 2617 929 2687 ipse
974 2633 1188 2689 quoque
1217 2620 1414 2690 szepius
1442 2621 1510 2676 ad
1551 2637 1651 2678 nos
1679 2623 1813 2677 scri-

203 2704 333 2760 bas.
361 2705 694 2776 Quamquam
723 2707 868 2763 enim
901 2709 1068 2764 multa
1108 2710 1162 2764 in
1199 2711 1492 2768 solitudine
1520 2712 1764 2784 degimus
1790 2756 1806 2782 ,

201 2811 273 2852 ac
310 2808 459 2853 metu
499 2797 766 2854 latronum
793 2799 1127 2868 obsidemur,
1162 2803 1458 2874 morboque
1481 2804 1804 2871 detinenmr,

205 2889 258 2945 si
280 2897 461 2945 tamen
491 2905 522 2944 a
549 2900 634 2946 tua
659 2892 936 2951 nobilitate
963 2893 1149 2950 literas
1175 2897 1566 2967 acceperimus,
1596 2910 1716 2967 quae
1743 2897 1810 2951 de

206 2991 304 3037 tua
330 2982 639 3041 valetudine
678 2986 936 3042 certiores
963 3003 1062 3043 nos
1102 2986 1330 3057 faciant,
1362 2988 1617 3054 multam,
1649 2988 1811 3044 etiam

202 3072 338 3129 dum
378 3089 599 3144 peregre
640 3091 936 3146 versamur,
961 3079 1384 3135 consolationem
1432 3080 1811 3150 percipiemus.

204 3161 342 3220 Cum
374 3164 534 3236 igitur
561 3167 782 3225 minime
821 3169 1066 3241 ignores,
1108 3183 1360 3241 quantam
1403 3187 1433 3226 a
1463 3172 1620 3228 nobis
1646 3173 1812 3228 initu-

204 3269 304 3311 rus
328 3255 403 3310 sis
431 3258 678 3328 gratiam,
703 3270 896 3330 quanta
924 3275 1024 3316 nos
1043 3261 1228 3318 laetitia
1256 3264 1332 3319 sis
1362 3264 1672 3333 aflâ€˜ecturus,
1706 3281 1774 3321 ne
1793 3305 1809 3332 ,

203 3361 396 3420 quaeso
420 3390 435 3416 ,
468 3358 666 3404 tantam
719 3353 872 3408 nobis
912 3342 1154 3410 invideas
1199 3355 1562 3427 voluptatem,
1609 3357 1703 3413 sed
1743 3358 1812 3414 da

203 3456 452 3511 operam,
471 3451 530 3498 ut
557 3443 889 3515 frequentius
915 3447 982 3504 ad
1011 3463 1112 3504 nos
1139 3449 1320 3505 literas
1348 3452 1528 3508 mittas
1552 3452 1811 3507 :multam

205 3539 355 3595 enim
386 3538 510 3595 inde
540 3545 841 3612 percepturi
873 3557 1056 3599 sumus
1081 3545 1431 3616 voluptatem.

344 3672 621 3729 CXCVII.
651 3675 838 3732 Studia
871 3676 944 3749 (a)
977 3683 1217 3751 prafecto
1248 3681 1406 3737 urbis.
1437 3680 1668 3756 (Cucuso

851 3785 996 3828 anno
1020 3772 1170 3845 405.)

281 3905 408 3961 Scio
431 3906 679 3977 equidem
716 3915 767 3963 te
802 3908 1118 3978 prudentem
1151 3909 1455 3980 hominem,
1479 3928 1543 3968 ac
1573 3913 1812 3986 philoso-

212 3997 416 4069 phandi
449 4002 674 4070 peritum
699 4042 714 4066 ,
746 4004 904 4058 etiam
932 4013 1219 4074 antequam
1255 3991 1438 4064 literas
1470 4019 1682 4064 nostras
1724 4024 1816 4066 ac-

209 4091 402 4162 cipias,
423 4091 560 4148 beati
589 4092 769 4150 fratris
798 4095 1205 4166 magnificcntin:
1238 4107 1342 4154 tute
1365 4099 1664 4156 discessum
1695 4119 1814 4157 mo-

211 4182 401 4239 deratc
429 4185 658 4240 laturum
691 4202 706 4241 :
745 4203 855 4243 non
889 4189 1032 4244 enim
1059 4199 1287 4246 mortem
1316 4192 1490 4262 placet
1517 4194 1808 4264 appellare.

211 4273 478 4342 Quoniam
517 4289 696 4332 autem
745 4293 843 4334 nos
870 4281 1027 4335 etiam
1052 4297 1170 4350 quae
1206 4291 1510 4338 nostrarum
1541 4294 1666 4339 sunt
1694 4300 1816 4355 par-

214 4369 348 4422 tium
379 4379 633 4438 praestare
655 4385 876 4426 necesse
902 4381 1004 4440 est,
1038 4374 1411 4430 excellentiam
1433 4385 1577 4430 tuam
1607 4377 1812 4445 hortor,

211 4459 432 4514 domine
451 4460 972 4531 magnificentissime
1001 4465 1040 4529 Â¹,
1069 4473 1128 4519 Î¹Î¹Î¹
1169 4464 1268 4520 hoc
1295 4481 1507 4537 quoque
1538 4476 1777 4538 tempore
1796 4509 1812 4535 ,

211 4551 390 4621 qualis
419 4567 497 4620 es,
528 4561 579 4608 te
609 4554 781 4624 ipsum
813 4555 1067 4611 exhibeas
1091 4599 1106 4623 ,
1137 4571 1242 4612 non
1268 4567 1324 4612 ut
1350 4559 1569 4614 omnino
1593 4575 1698 4615 non
1719 4559 1817 4615 do-

212 4643 332 4699 leas
365 4662 380 4699 :
409 4643 460 4700 id
487 4646 628 4701 enim
659 4646 773 4702 fieri
803 4649 1018 4718 nequit,
1047 4664 1168 4704 cum
1190 4651 1351 4706 homo
1380 4651 1455 4706 sis
1479 4654 1691 4722 corpori
1717 4667 1816 4707 an-

214 4751 409 4804 nexus,
437 4746 493 4793 et
513 4738 774 4808 ejusmodi
807 4740 1024 4797 fratrem
1054 4747 1295 4813 requiras
1323 4760 1337 4796 :
1362 4743 1458 4799 sed
1503 4753 1559 4799 Î¹Î¹Î¹
1586 4745 1817 4801 tristitiae

215 4827 438 4884 modum
470 4829 746 4886 adhibeas.
792 4831 944 4887 Nosti
989 4833 1130 4888 enim
1162 4849 1319 4904 quam
1351 4834 1566 4906 fragiles
1595 4836 1704 4893 sint
1731 4852 1818 4893 res

216 4922 504 4991 humanae,
538 4938 600 4979 ac
645 4923 938 4981 fluvialium
989 4927 1354 4984 conditionem
1405 4930 1666 4984 undarum
1699 4930 1819 4986 imi-

219 5023 421 5078 tentur,
452 5016 530 5071 sic
565 5025 624 5071 ut
648 5032 743 5073 eos
769 5019 943 5074 solum
971 5019 1158 5076 beatos
1181 5023 1389 5078 censeri
1416 5033 1698 5093 oporteat,
1730 5023 1819 5094 qui

215 5122 342 5163 cum
370 5107 510 5165 bona
540 5123 636 5181 spe
680 5122 1000 5182 przesentem
1032 5116 1196 5171 vitam
1227 5115 1482 5172 finierint.
1514 5116 1635 5172 Non
1673 5119 1818 5174 enim

292 5206 470 5277 19059.
497 5220 688 5277 Î½ÏÏ‚Î¾ÎµÎ·Î¹Ï…
724 5207 1195 5277 Î·Îºá¿–Î¸Î·Î¸Î²ÎµÎ²Î·Î¹á½·Î´Îµá½·Î·Î¹Îµ
1240 5211 1817 5277 (Î¼ÎµÎµÎ³ÏÎ¹Î»ÎµÎ¾Ï€ÏÎµÏ€á½³Ï‰Î±Ï„Ïˆ

220 5267 395 5329 adjicit
439 5267 679 5328 Savilius,
708 5276 754 5321 et
781 5267 1110 5322 it'lus'trissime
1155 5267 1622 5331 (xai'Ã©vaosÃ©rÃ©tra);
1665 5267 1821 5322 ambs?

224 5342 349 5401 vero
387 5331 809 5401 compellationes
838 5331 1044 5401 Tatiano
1075 5332 1310 5396 praefecto
1343 5334 1477 5383 urbis
1507 5331 1822 5385 ascribuntur

222 5391 280 5441 in
303 5391 486 5453 Synod.
502 5391 759 5453 â€™Chalced.,
781 5394 892 5444 Act.
915 5394 960 5442 1.

288 5463 552 5531 Ï‚Ï†á¿ƒÎ¹Ï‚Î¹Î¹Î¹Î¹Î¹Ï‚
566 5460 718 5531 studii
739 5459 928 5531 mentio
946 5460 1065 5531 facta
1089 5467 1166 5510 est
1188 5461 1236 5531 in
1261 5461 1362 5510 Vita
1386 5463 1706 5531 Qhryspstomi
1730 5475 1822 5526 per

225 5520 516 5586 á¿Î¹Îµá½¶Î¹ÎµÎ¹á½±Î¹Î¹Î¹Î¹Î¹Î¹,Î”
530 5520 686 5573 studii
707 5521 928 5583 praefecti
951 5521 1099 5580 urbis.
1125 5525 1206 5586 qui
1235 5536 1345 5571 cum
1370 5520 1498 5572 aliis'
1516 5525 1698 5574 ibidem
1721 5520 1825 5574 fne-

222 5585 435 5650 morat-is,
446 5583 736 5634 calumniam
759 5596 785 5632 a
808 5591 992 5650 Joanne
1008 5583 1264 5650 episeopo.
1291 5586 1336 5634 id
1358 5594 1441 5650 est
1467 5587 1822 5650 Chrysostomo,

220 5644 562 5714 depellehant,
587 5658 698 5710 qua:
720 5648 877 5714 omnia
892 5644 1112 5710 pluribus
1132 5644 1301 5700 inâ€˜vita
1323 5644 1661 5714 Chrysostomi,
1678 5644 1826 5700 Temo

224 5711 398 5772 primo.
429 5711 559 5761 Alius
579 5709 744 5760 autem
761 5709 958 5773 hiceSt,
985 5717 1039 5760 ut
1057 5720 1196 5760 recte
1218 5719 1385 5761 monet
1407 5709 1580 5761 Fronto
1604 5719 1823 5773 Ducams,

224 5771 288 5822 ab
311 5785 374 5821 eo
395 5773 561 5823 studio
582 5773 665 5835 qui
689 5784 816 5820 anno
832 5771 941 5833 459,
968 5773 1244 5834 imperante
1263 5781 1444 5835 Leone,
1467 5782 1512 5824 s.
1539 5771 1824 5827 Prmenrsori

225 5835 670 5897 templumerexit,
696 5837 745 5885 in
777 5847 876 5897 quo
895 5836 1157 5886 monachos
1178 5845 1446 5887 secemetas
1465 5837 1620 5888 diuos
1641 5839 1824 5889 consti-

586 5896 810 5962 tempore
833 5898 1005 5948 Leonis
1026 5899 1175 5950 Isauri
1199 5899 1394 5964 pra:fuit
1414 5901 1696 5954 Theodorus
1715 5908 1822 5958 ÎµÎ¹Ï…Ï‚

276 5969 354 6012 tes
375 5968 552 6011 ÏƒÎ¹Î¹Î¿Î¹Î¹Î¹Î¹.

1667 454 2048 514 EPISTOLIE.

3415 466 3519 522 79â€˜!

1915 575 1982 629 ad
2011 583 2241 632 mortem
2267 587 2535 649 pergunt,
2566 579 2663 636 sed
2687 594 2719 635 Î¹
2749 581 3134 639 certaminibus
3163 582 3230 638 ad
3259 583 3477 653 prternia
3500 623 3518 650 ,

1912 680 1942 720 a
1970 667 2130 724 luetis
2154 683 2216 724 ac
2233 669 2502 740 palaestris
2526 670 2592 726 ad
2623 686 2878 738 coronas,
2902 688 2934 728 a
2964 675 3099 729 mari
3131 674 3384 744 procellis
3407 674 3520 744 agi-

1913 769 2025 817 tato
2075 762 2141 816 ad
2170 772 2381 833 portum
2434 766 2800 836 tranquillum.
2835 767 2961 823 Haec
3003 783 3132 838 ergo
3159 764 3402 839 cogitans
3438 776 3522 822 te-

1913 852 2086 922 ipsum
2117 855 2417 922 consolare,
2439 857 2872 928 quandoquidem
2904 874 3001 914 nos
3027 875 3241 930 quoque
3272 874 3379 915 non
3408 875 3526 914 nie-

1912 942 2081 999 diocri
2108 945 2293 1002 dolore
2309 948 2540 1018 correpti
2571 949 2806 1004 maximo
2834 961 3077 1006 nostrum
3099 967 3389 1007 maerorem
3430 966 3522 1007 so-

1914 1036 2044 1093 latio
2087 1040 2427 1111 mitigamus,
2459 1057 2579 1097 cum
2626 1044 2792 1100 menti
2820 1053 3018 1100 nostra:
3043 1043 3142 1100 viri
3185 1043 3329 1101 illius
3353 1045 3525 1100 virtus

1913 1131 2250 1198 obversatur,
2281 1148 2347 1188 ex
2377 1147 2478 1204 qua
2505 1149 2611 1189 non
2641 1134 2857 1201 dubito,
2889 1135 3017 1206 quin
3047 1135 3141 1192 tibi
3171 1151 3385 1206 quoque
3408 1151 3525 1190 ma-

1915 1224 2056 1278 xima
2085 1225 2381 1281 consolatio
2410 1227 2736 1297 prtebeatur.
2763 1227 2898 1283 Nam
2928 1229 2973 1283 si
3001 1228 3221 1300 quidem
3245 1228 3529 1300 improbus

1917 1317 2104 1374 fuisset
2131 1318 2176 1374 is
2210 1319 2299 1389 qui
2325 1319 2611 1388 discessit,
2645 1330 2700 1376 et
2728 1320 3024 1377 sceleribus
3052 1331 3374 1392 coopertus,
3408 1320 3530 1389 ejus

1915 1424 2076 1465 causa
2121 1410 2407 1481 lugendum
2457 1427 2519 1466 ac
2568 1411 2973 1468 lamentandum
2999 1421 3146 1467 esset
3174 1429 3189 1467 :
3218 1425 3341 1468 cum
3392 1423 3528 1466 vero

1917 1504 2059 1571 talis,
2092 1513 2147 1559 et
2173 1505 2250 1558 sic
2275 1514 2544 1560 transacta
2591 1505 2698 1560 vita
2721 1547 2734 1571 ,
2766 1514 2822 1559 ut
2844 1513 2953 1559 tota
2979 1505 3169 1560 civitas
3199 1504 3370 1571 novit,
3399 1517 3523 1558 cum

1915 1596 2180 1652 modestia
2204 1639 2218 1663 ,
2251 1611 2373 1652 cum
2406 1597 2658 1665 lenitate,
2685 1597 2945 1668 justitiam
2975 1612 3190 1667 semper
3215 1595 3403 1652 colens
3427 1637 3442 1661 ,
3471 1601 3527 1649 et

1917 1705 1980 1746 ea
2024 1706 2126 1760 qua
2168 1705 2264 1760 par
2293 1701 2410 1746 erat
2441 1689 2632 1746 fiducia
2657 1689 2916 1760 praeditus
2937 1732 2951 1755 ,
3002 1689 3248 1744 libertate
3272 1729 3286 1752 ,
3317 1687 3527 1740 fortitu-

1917 1782 2064 1848 dine,
2098 1799 2184 1838 rcs
2211 1792 2506 1854 praesentes
2539 1797 2636 1852 pro
2659 1782 2829 1837 nihilo
2861 1781 3084 1847 habens,
3113 1779 3211 1836 sed
3250 1779 3318 1834 ab
3346 1777 3527 1834 omni-

1917 1877 2017 1932 bus
2061 1878 2203 1932 curis
2229 1876 2578 1932 saecularibus
2617 1876 2824 1932 alienus
2853 1874 3042 1941 fuerit,
3070 1874 3239 1930 lactari
3269 1879 3523 1944 oportet,

1918 1985 1982 2026 ac
2011 1981 2122 2026 tum
2152 1971 2260 2038 illi,
2294 1979 2404 2025 tum
2433 1969 2770 2025 excellentiae
2815 1976 2920 2022 tua:
2949 1965 3236 2038 gratulari,
3270 1963 3413 2035 quod
3442 1973 3525 2017 ta-

1918 2062 2026 2118 lem
2073 2061 2293 2119 fratrem
2347 2062 2672 2134 prabmiseris
2696 2102 2711 2127 ,
2741 2061 2833 2131 qui
2881 2075 2945 2114 ea
2976 2060 3139 2127 bona,
3171 2073 3292 2128 qua:
3343 2055 3532 2111 habuit

1919 2170 2043 2210 curn
2064 2154 2330 2220 discessit,
2364 2155 2417 2208 in
2442 2162 2556 2209 tuto
2583 2152 2837 2221 deinceps
2868 2160 2921 2206 et
2949 2149 3244 2206 inviolabili
3274 2148 3530 2203 thesauro

1919 2245 2216 2309 collocarit.
2240 2244 2359 2300 Noli
2389 2259 2518 2315 ergo
2547 2243 2840 2314 quidquam
2875 2252 2926 2296 te
2949 2240 3225 2311 indignum
3252 2238 3527 2310 cogitare,

1918 2339 2140 2395 domine
2183 2337 2254 2392 mi
2295 2336 2582 2408 plurimum
2613 2334 2955 2406 suspiciende
2979 2374 2996 2401 ,
3028 2332 3114 2388 vel
3141 2331 3286 2388 luctu
3308 2329 3481 2400 frangi
3513 2346 3527 2382 :

1919 2430 2015 2486 sed
2047 2430 2149 2486 hoc
2173 2438 2437 2500 tempore,
2468 2429 2642 2500 qualis
2661 2444 2741 2494 es,
2763 2426 2992 2496 teipsum
3024 2424 3244 2488 exhibe,
3271 2424 3532 2493 nobisque

1920 2522 2224 2593 significare
2252 2519 2506 2590 dignare,
2540 2529 2754 2574 nostras
2793 2518 2885 2572 tibi
2919 2517 3103 2572 literas
3133 2514 3436 2588 profuisse,
3471 2524 3532 2570 ut

1920 2627 2020 2668 nos
2051 2626 2264 2682 quoque
2291 2620 2439 2667 tanto
2481 2625 2510 2664 a
2541 2619 2593 2665 te
2618 2608 2898 2664 intervallo
2927 2607 3179 2678 disjuncti
3210 2606 3526 2677 gloriemur,

1918 2704 2061 2776 quod
2087 2703 2257 2759 solius
2285 2702 2529 2772 epistola:
2568 2699 2832 2756 beneï¬cio
2863 2715 2969 2754 non
3012 2697 3356 2754 mediocriter
3386 2696 3531 2752 hunc

1919 2811 2208 2853 maerorem
2237 2795 2568 2867 potuerimus
2593 2793 2861 2864 mitigare.

2097 2926 2411 2988 CXCVIII.
2455 2926 2734 3000 Hesychia.
2777 2925 3011 2998 (Cucuso
3035 2938 3176 2978 anno
3205 2919 3356 2993 404.)

1989 3067 2129 3138 Quid
2159 3067 2262 3123 hoc
2290 3075 2370 3122 est
2391 3064 2560 3137 quod,
2591 3079 2713 3120 cum
2743 3073 2848 3118 tam
2869 3062 3223 3118 vehementer
3253 3075 3350 3116 nos
3377 3075 3529 3117 ames

1921 3163 2119 3239 (neque
2149 3162 2292 3218 enim
2337 3159 2388 3216 id
2419 3174 2520 3215 nos
2546 3159 2714 3225 latet;
2765 3173 2887 3212 nam
2930 3155 3045 3211 fieri
3076 3151 3295 3225 nequit,
3341 3163 3399 3210 ut
3438 3153 3529 3225 qui

1920 3257 2269 3312 vehementer
2295 3259 2469 3319 atriat,
2499 3267 2622 3308 eum
2652 3251 2815 3306 lateat
2839 3264 2999 3320 quem
3028 3263 3214 3303 amore
3244 3245 3527 3318 prosequi-

1921 3351 2072 3421 tur),
2116 3347 2285 3403 literis
2316 3346 2535 3401 minime
2579 3359 2675 3400 nos
2704 3343 2953 3413 dignatus
2997 3355 3096 3408 cs,
3147 3341 3242 3397 sed
3286 3354 3528 3395 amorem

1920 3443 2136 3500 silentio
2163 3455 2408 3513 premere
2437 3436 2697 3509 potuisti?
2723 3436 2988 3505 Quidnam
3020 3435 3182 3506 igitur
3206 3447 3382 3488 causa:
3405 3431 3529 3488 est?

1920 3534 2185 3608 Equidem
2212 3532 2339 3604 quid
2369 3532 2545 3588 dicam
2585 3544 2692 3585 non
2734 3528 2943 3596 habeo;
2999 3537 3148 3582 tuum
3200 3539 3363 3596 porro
3403 3524 3530 3593 erit,

1921 3640 1979 3685 ut
2003 3629 2130 3684 dum
2160 3626 2373 3684 silentio
2403 3625 2563 3680 finem
2594 3625 2838 3694 impones
2857 3665 2872 3690 ,
2902 3621 3062 3677 simul
3091 3630 3146 3676 et
3170 3618 3368 3676 silentii
3396 3633 3529 3674 cau-

1920 3736 2036 3777 sam
2061 3718 2350 3790 significes.
2381 3715 2674 3786 Propterea
2702 3729 2936 3785 namque
2983 3712 3190 3783 priores
3229 3710 3295 3765 ad
3333 3708 3530 3764 nobili-

1922 3823 2086 3869 tatem
2119 3821 2262 3866 tuam
2303 3811 2488 3866 literas
2522 3808 2770 3863 misimus
2793 3847 2808 3873 ,
2859 3815 2913 3859 ut
2942 3820 3008 3859 ne
3040 3803 3145 3858 hoc
3187 3800 3405 3873 quidem
3433 3798 3530 3854 tibi

1923 3903 2220 3976 perfugium
2271 3901 2626 3972 relinquatur.
2700 3897 3038 3967 Frequenter
3088 3894 3252 3965 igitur
3307 3891 3376 3947 ad
3428 3905 3530 3946 nos

1921 3997 2133 4064 scribe,
2164 3995 2382 4051 domine
2424 3993 2714 4065 plurimum
2753 3988 3057 4045 venerande
3081 4002 3144 4041 ac
3173 3983 3529 4048 nobilissime,

1921 4090 2356 4159 desideriumque
2396 4095 2642 4141 nostrum
2672 4083 2849 4154 exple.
2894 4080 3076 4137 Semel
3121 4079 3320 4150 quippe
3363 4076 3530 4131 solius

1923 4184 2051 4239 nudi
2080 4181 2312 4237 rumoris
2341 4177 2594 4234 illecebra
2635 4175 2811 4245 capti,
2859 4182 2915 4228 et
2952 4187 3074 4227 cum
3123 4180 3210 4224 tua
3251 4165 3533 4224 nobilitate

1921 4276 2177 4342 devincti,
2210 4289 2311 4330 nec
2333 4274 2432 4344 ipsi
2465 4282 2641 4327 tacere
2672 4269 2944 4341 potuimus
2969 4266 3220 4335 amplius,
3254 4278 3352 4318 nec
3378 4271 3530 4319 tuum

1921 4369 2194 4428 silentium
2225 4368 2457 4422 tolerare
2486 4383 2500 4419 :
2526 4364 2621 4419 sed
2651 4361 2827 4418 modis
2851 4360 3101 4415 omnibus
3133 4358 3226 4413 tibi
3254 4354 3535 4426 negotium

1923 4460 2250 4517 facessemus
2273 4499 2290 4526 ,
2323 4456 2425 4512 nisi
2452 4455 2735 4512 continuas
2760 4468 2824 4508 ac
2857 4452 3168 4522 frequentes
3188 4447 3256 4503 ad
3283 4462 3382 4502 nos
3409 4446 3530 4515 epi-

1923 4557 2089 4612 stolas
2115 4555 2318 4620 mittas,
2347 4562 2402 4608 et
2421 4550 2729 4622 praesentiae
2754 4548 3088 4618 voluptatem
3116 4543 3391 4599 literarum
3423 4537 3537 4594 [Î½Î¿Ï‚

1923 4651 2138 4724 quentia
2161 4647 2485 4703 adumbrare
2509 4641 2825 4700 contendas.

1960 4761 2204 4821 CXCIX.
2233 4760 2439 4815 Danieli
2469 4755 2759 4830 presbytero
2783 4754 2883 4829 (a).
2927 4751 3160 4827 (Cucuso
3178 4765 3321 4806 anno
3341 4747 3504 4820 404.);

1997 4875 2320 4938 Benedictus
2372 4873 2556 4937 Deus,
2607 4872 2695 4942 qui
2740 4869 2909 4925 multo
2955 4865 3219 4937 majorem
3274 4863 3536 4920 aerumnis

1926 4969 2347 5045 consolationem
2399 4965 2659 5036 largitur,
2717 4971 3028 5031 tantamque
3081 4958 3237 5014 vobis
3294 4957 3536 5028 impertit

1929 5061 2236 5133 patientiam
2265 5101 2280 5125 ,
2329 5067 2385 5114 ut
2412 5058 2572 5112 multa
2598 5056 2758 5111 etiam
2793 5069 2916 5110 cum
2955 5052 3221 5107 hilaritate
3247 5065 3367 5121 quae
3387 5050 3534 5105 acci-

1928 5156 2059 5213 dunt
2103 5155 2328 5211 adversa
2372 5152 2633 5208 toleretis.
2679 5151 2790 5206 Hoc
2831 5147 3102 5219 praecipue
3131 5145 3284 5201 vobis
3327 5157 3536 5200 merce-

1928 5249 2052 5306 dem
2083 5248 2359 5319 duplicat,
2390 5246 2531 5317 quod
2558 5254 2612 5299 et
2637 5243 2877 5299 toleretis
2897 5282 2911 5308 ,
2945 5249 2999 5296 et
3023 5254 3145 5295 cum
3172 5237 3366 5310 gaudio
3399 5236 3535 5316 tole:

1929 5345 2060 5399 retis
2097 5360 2110 5397 :
2143 5343 2248 5397 hoc
2290 5355 2389 5396 nos
2440 5353 2653 5409 quoque
2697 5352 2805 5391 non
2853 5332 3115 5390 mediocri
3160 5329 3534 5386 consolatione

1931 5445 2158 5500 recreat,
2190 5449 2313 5490 cum
2339 5432 2406 5488 de
2433 5441 2611 5487 vestra
2636 5427 2968 5492 fortitudine,
2988 5423 3237 5496 loquendi
3264 5423 3532 5488 libertate,

1933 5529 2128 5586 mentis
2153 5524 2476 5590 constantia,
2509 5521 2814 5585 tolerantia,
2842 5518 3122 5590 patientia,
3145 5515 3290 5581 1telo,
3319 5511 3534 5568 ï¬‚amma

1931 5622 2257 5693 fervidiore,
2306 5617 2376 5673 ad
2422 5631 2524 5672 nos
2565 5613 2828 5670 adfertur.
2875 5610 3235 5681 Quamobrem
3277 5605 3438 5663 etiam
3483 5605 3537 5660 in

1931 5713 2222 5774 solitudine
2265 5708 2584 5776 constituti,
2642 5723 2708 5763 ac
2750 5716 2899 5762 metu
2949 5702 3262 5775 praedonum
3303 5697 3537 5763 obsessi,

1998 5843 2072 5898 (Ï„Î¹)
2097 5836 2284 5884 Omnes
2309 5826 2692 5898 Mss_.._aqvt_v'1).cp
2715 5825 3042 5898 npeacorÃ©pq),
3070 5829 3124 5874 et
3157 5821 3412 5898 slc_etiam
3442 5823 3533 5898 Sa-

1936 5886 2019 5960 vil'.
2045 5886 2238 5960 {quare
2262 5905 2355 5938 non
2384 5887 2559 5960 dubito
2586 5886 2717 5960 nque
2731 5886 3007 5960 genuinam
3022 5901 3134 5937 esse
3159 5886 3444 5938 lectionem.
3479 5886 3530 5935 In

1938 5949 2115 6013 Morel.
2146 5949 2240 6007 vo'x
2263 5951 2593 6017 Ï€ÏÎµÏƒÏÏ…Ï„á½³Ïá¿³,
2616 5949 2948 6002 desideratur.
