4152 6516
647 559 860 631 iamque
885 557 1076 616 hiemis
1105 567 1348 630 tempore
1361 556 1634 632 dirpxati,
1682 558 1817 614 nihil
1842 559 2063 614 istorum
2111 573 2222 627 pra:

649 648 862 705 exi-ia
889 647 1120 706 noinis
1146 648 1308 704 vestri
1348 648 1658 704 celebritate
1701 649 1959 704 sentimus
1989 665 2002 701 :
2034 647 2128 703 sed
2167 654 2226 702 et

649 739 976 806 exsultantius
1013 749 1068 795 et
1096 738 1405 810 gaudemus,
1432 747 1486 793 et
1509 749 1725 810 propter
1749 738 1884 793 hanc
1906 747 2106 794 unum
2133 752 2225 792 ve-

651 834 812 886 stram
844 831 1148 902 patientiam
1185 845 1282 887 nos
1323 830 1613 888 cﬂ‘erimus.
1658 830 1729 888 Ut
1765 832 1921 901 igitur
1941 830 2067 884 dum
2109 829 2226 886 ba‘c

642 917 934 986 audimus,
975 936 1188 992 semper
1211 921 1537 992 gaudeamus
1559 963 1575 985 .
1605 937 1817 992 semper
1841 921 1995 976 nobis
2018 929 2074 976 et
2098 935 2227 975 con-

653 1011 802 1066 tinuo
830 1010 1013 1067 literas
1036 1012 1227 1068 mittite
1249 1055 1264 1078 ,
1288 1028 1407 1083 qua
1433 1028 1553 1068 cum
1584 1012 1651 1068 de
1688 1013 1770 1068 bis
1796 1015 1992 1084 rebus,
2021 1022 2130 1068 tum
2156 1013 2227 1070 de

659 1110 833 1156 vestra
859 1101 1160 1158 valetudine.
1187 1117 1283 1157 nos
1311 1101 1507 1158 faciant
1526 1103 1799 1159 certiores.
1822 1104 2007 1175 Πίσα
2031 1103 2229 1175 quippe

657 1206 754 1246 nos
780 1190 830 1244 id
856 1201 1074 1263 agentes
1099 1192 1278 1247 latitia
1306 1191 1649 1261 perfundetis.

657 1281 755 1338 CC.
795 1279 1086 1338 Callistrato
1113 1281 1331 1339 Isauria
1357 1286 1613 1355 episcopo.
1654 1284 1885 1357 (Cucuso
1909 1300 2048 1340 anno
2073 1285 2228 1353 ‘0‘.)

725 1370 973 1442 Optarem
1011 1373 1256 1444 equidem
1304 1377 1700 1431 venerationem
1731 1385 1873 1430 tuam
1914 1386 2228 1446 presentem

659 1461 745 1518 hic
768 1478 1007 1538 cernere,
1055 1474 1116 1519 ut
1158 1474 1248 1520 tuo
1288 1481 1498 1536 possem
1542 1467 1798 1523 obiectari
1824 1481 2135 1537 congressu,
2167 1482 2232 1523 ac

657 1556 862 1612 sincera
903 1555 1232 1627 ferventique
1261 1567 1349 1612 tua
1393 1555 1495 1612 frui
1524 1558 1743 1613 caritate
1769 1575 1783 1612 :
1813 1558 2024 1628 quando
2053 1567 2232 1612 autem

661 1647 711 1702 id
759 1646 992 1703 nondum
1037 1649 1193 1715 licet,
1238 1663 1358 1703 cum
1411 1658 1627 1719 propter
1665 1650 1789 1704 anni
1839 1657 2232 1719 tempestatem,

662 1747 775 1792 tum
821 1749 1037 1808 propter
1082 1739 1286 1794 itineris
1329 1739 1800 1811 longinquitatem,
1853 1741 2084 1795 debitam
2141 1739 2233 1794 tibi

662 1847 758 1904 per
801 1830 983 1886 literas
1033 1831 1400 1886 salutationem
1457 1832 1736 1900 persolvo;
1790 1847 1853 1888 ac
1906 1830 2236 1886 venerationi

665 1931 767 1975 tua:
805 1922 999 1990 gratias
1042 1935 1176 1990 ago,
1219 1921 1360 1992 quod
1407 1921 1574 1977 literis
1619 1922 1726 1976 tuis
1768 1921 2013 1992 dignatus
2037 1923 2110 1976 sis
2137 1936 2235 1976 nos

669 2011 948 2067 lacessere.
1002 2011 1112 2066 iioc
1154 2011 1296 2067 enim
1325 2011 1582 2068 ferventis
1608 2028 1669 2068 ac
1692 2014 1913 2068 sincera:
1934 2021 2018 2068 est
2043 2013 2239 2066 amici-

666 2100 751 2155 tia:
773 2117 786 2152 :
812 2115 983 2170 neque
1010 2101 1180 2157 solum
1208 2118 1313 2156 non
1343 2103 1593 2170 absurde,
1621 2103 1714 2158 sed
1741 2113 1796 2159 et
1824 2104 1914 2158 tibi
1944 2102 2235 2159 admodum

664 2193 1041 2248 convenienter
1060 2194 1232 2263 egisti.
1282 2195 1391 2249 Hoc
1431 2195 1607 2264 itaque
1633 2195 1785 2251 nobis
1823 2196 2037 2252 assidue
2074 2197 2238 2252 bene—

669 2283 843 2341 ficium
872 2286 1080 2356 largire,
1098 2287 1270 2356 deque
1291 2289 1589 2344 valetudine
1611 2298 1696 2342 tua
1721 2288 2047 2359 frequentius
2076 2288 2241 2344 redde

666 2376 940 2430 certiores.
993 2376 1144 2444 Quod
1173 2378 1216 2432 si
1267 2377 1378 2434 fieri
1415 2388 1621 2448 potest,
1668 2388 1725 2433 ut
1765 2379 2000 2433 laborem
2043 2379 2108 2433 ad
2146 2395 2242 2433 nos

669 2481 836 2536 usque
878 2468 1119 2523 veniendi
1161 2470 1432 2524 veneratio
1471 2480 1557 2524 tua
1594 2469 1882 2540 suscipiat,
1910 2485 2118 2524 summo
2146 2485 2244 2525 nos

672 2561 930 2617 beneficio
954 2562 1046 2617 tibi
1089 2562 1387 2628 devincies,
1435 2577 1498 2618 ac
1526 2564 1688 2638 multa
1723 2563 1901 2617 laetitia
1929 2563 2240 2633 complebis.

668 2650 801 2707 Cum
831 2653 988 2724 igitur
1030 2653 1292 2725 intelligas
1328 2669 1423 2708 nos
1467 2669 1677 2724 quoque
1705 2668 1995 2724 percupere
2022 2669 2244 2708 venera-

671 2743 864 2797 tionem
913 2753 1055 2798 tuam
1106 2759 1359 2806 cernere,
1413 2760 1584 2814 neque
1624 2759 1736 2799 rem
1781 2745 2099 2800 laboriosam
2126 2759 2245 2800 esse

669 2832 953 2886 admodum
979 2874 993 2898 ,
1023 2834 1066 2886 si
1099 2843 1306 2903 tempus
1333 2833 1423 2887 fiat
1449 2833 1695 2888 idoneum
1726 2834 1792 2888 ad
1833 2833 1934 2890 iter
1959 2835 2242 2905 agendum,

673 2940 739 2979 ne
777 2935 868 2980 tuo
905 2940 1194 2996 congressu
1223 2941 1320 2981 nos
1348 2926 1539 2996 privcs.
1574 2926 1750 2981 Donec
1779 2926 1830 2981 id
1869 2927 1958 2980 flat
1976 2965 1993 2991 ,
2022 2926 2087 2980 da
2113 2940 2246 2998 ope-

672 3031 808 3078 ram,
840 3025 897 3070 ut
923 3018 1247 3086 voluptatem
1275 3032 1392 3071 eam
1414 3059 1430 3082 ,
1460 3033 1616 3087 quam
1647 3018 1927 3088 praemia
1955 3026 2039 3072 tua
2062 3033 2244 3074 secum

670 3107 930 3172 accersit,
959 3121 1055 3176 per
1080 3106 1379 3177 frequentes
1409 3107 1589 3163 literas
1613 3107 1855 3179 effingas.

872 3195 1004 3267 CCI.
1046 3196 1306 3252 Herculio.
1348 3197 1452 3270 (Ab
1474 3214 1613 3254 anno
1638 3199 1742 3255 ‘0‘
1778 3199 1844 3253 ad
1873 3199 2025 3270 ‘07.)

740 3286 883 3342 Nihil
921 3297 1003 3344 est
1043 3289 1390 3360 quamobrem
1432 3289 1668 3345 diuturni
1710 3290 1907 3346 silentii
1945 3290 2248 3347 excusatio-

673 3394 794 3434 nem
819 3394 1046 3448 quteras,
1067 3390 1121 3436 et
1141 3382 1208 3435 ad
1236 3382 1505 3437 raritatem
1530 3382 1925 3437 tabellariorum
1950 3382 2244 3454 confugias,

673 3472 886 3528 domine
936 3474 1009 3526 mi
1077 3474 1592 3544 magniﬁcentissime
1644 3489 1707 3529 ac
1758 3474 2018 3545 imprimis
2071 3474 2248 3544 suspi-

673 3563 881 3620 ciende.
933 3563 1040 3619 Nos
1066 3565 1206 3620 enim
1232 3607 1246 3630 ,
1287 3565 1399 3620 sive
1428 3567 1629 3621 scribas
1647 3566 1804 3633 ,λίνα
1829 3577 2043 3632 taceas,
2083 3565 2250 3619 nihilo

676 3667 850 3712 tamen
877 3658 1045 3727 magis
1074 3657 1195 3712 ideo
1219 3657 1286 3712 de
1308 3659 1568 3713 sententia
1599 3668 1653 3712 et
1681 3659 1928 3727 opinione
1947 3699 1962 3722 ,
1993 3673 2151 3727 quam
2180 3656 2251 3713 de

677 3758 764 3802 tua
791 3747 1009 3803 caritate
1037 3750 1375 3818 concepimus
1395 3788 1418 3823 ,_
1464 3763 1746 3818 possumus
1791 3749 2051 3816 dimoveri
2083 3766 2096 3801 :
2127 3763 2251 3803 cum

675 3839 745 3893 ita
770 3838 1052 3894 manifeste
1079 3839 1237 3893 rebus
1283 3840 1412 3908 ipsis
1456 3839 1596 3893 illam
1642 3841 2005 3908 expresseris,
2055 3846 2113 3892 ut
2158 3840 2250 3893 toti

673 3929 872 3983 civitati
897 3938 1078 3983 notum
1111 3931 1264 3984 fuerit
1287 3969 1304 3995 ,
1349 3945 1505 3999 quam
1543 3930 1843 3984 vehementi
1883 3944 1946 3983 ac
1973 3944 2253 3999 propemo-

675 4024 804 4078 dum
831 4025 1020 4081 insano
1049 4039 1231 4078 amore
1265 4024 1430 4078 nostri
1475 4023 1747 4093 flagrares.
1797 4022 2148 4077 Nihilominus
2179 4033 2254 4076 ta-

680 4132 799 4171 men
825 4117 904 4172 sic
927 4116 1104 4172 affecti
1126 4118 1342 4171 crebras
1368 4117 1610 4186 accipere
1640 4116 1822 4172 literas
1843 4116 1910 4170 ab
1939 4117 2252 4172 excellentia

679 4216 764 4261 tua
795 4209 1132 4277 percupitnus
1155 4250 1170 4274 ,
1218 4224 1338 4279 quae
1387 4208 1458 4266 de
1498 4219 1598 4262 tua:
1645 4207 1958 4262 valetudinis
1985 4216 2124 4262 statu
2155 4222 2254 4264 nos

678 4297 1016 4352 admoneant.
1078 4297 1144 4354 Ut
1186 4299 1327 4353 enim
1379 4299 1492 4368 ipse
1534 4298 1748 4362 dixisti,
1798 4299 2083 4354 maximum
2113 4299 2250 4353 istud

679 4390 1026 4458 separationis
1054 4391 1304 4445 solatium
1326 4391 1517 4447 afferre
1535 4432 1552 4458 ,
1589 4392 1632 4446 si
1661 4391 1726 4450 de
1751 4406 1927 4445 nostra
1949 4391 2254 4447 valetudine

680 4483 873 4537 certior
900 4482 995 4537 llas
1027 4484 1147 4552 (nec
1179 4493 1228 4539 te
1267 4485 1430 4548 latet,
1461 4485 1642 4555 quanti
1682 4484 1783 4538 hoc
1810 4483 1900 4538 liat
1925 4484 1993 4538 ab
2019 4483 2252 4551 homine,

682 4573 772 4642 qui
800 4590 979 4630 amare
1005 4580 1227 4640 noverit,
1254 4592 1374 4632 cum
1395 4588 1448 4644 et
1472 4579 1583 4648 ipse
1597 4593 1777 4633 amare
1805 4576 1970 4647 probe
1997 4577 2253 4648 noveris),

687 4669 754 4721 ita
785 4667 936 4722 nobis
961 4667 1061 4723 hoc
1084 4678 1166 4723 est
1194 4669 1423 4724 maxime
1461 4669 1627 4723 cordi.
1689 4670 1834 4724 Hanc
1881 4671 2057 4747 itaque
2101 4670 2254 4726 nobis

683 4759 914 4816 concede
933 4762 1177 4830 gratiam,
1209 4772 1263 4815 ut
1284 4762 1336 4815 in
1360 4771 1500 4815 tanta
1531 4763 1786 4832 degentes
1807 4763 2092 4817 solitudine
2114 4763 2254 4816 mul-

686 4862 790 4907 tum
816 4843 1232 4910 consolationem
1263 4854 1384 4909 inde
1412 4856 1702 4924 capiamus.

1111 4989 1217 5045 CCI
1227 4988 1278 5043 1.
1317 4989 1529 5061 Cyriaco
1551 4991 1806 5060 episcopo.

760 5126 998 5183 limine
1028 5125 1239 5182 ferenda
1268 5126 1427 5182 sunt?
1472 5125 1708 5180 hzeccine
1738 5124 2046 5179 toleranda?
2089 5134 2144 5179 tu
2176 5125 2258 5180 vel

688 5219 926 5275 umbram
969 5219 1062 5275 tibi
1109 5217 1467 5274 excusationis
1507 5227 1790 5286 suppetere
1829 5215 2146 5271 arbitraris?
2203 5216 2258 5270 in

689 5321 830 5365 tanta
857 5310 1063 5365 tristitia
1084 5352 1100 5377 ,
1153 5321 1259 5365 tam
1299 5310 1454 5380 longo
1483 5318 1752 5377 tempore.
1782 5307 1833 5362 in
1864 5316 2008 5362 tanto
2036 5307 2258 5362 tumultu

687 5419 750 5459 ac
795 5402 1220 5473 perturbatione,
1272 5402 1322 5456 in
1369 5410 1511 5456 tanta
1559 5399 1899 5455 tribulatione
1945 5414 2007 5454 ac
2049 5399 2259 5454 miseria

688 5495 989 5549 constitutis
1017 5494 1166 5549 nobis
1209 5510 1276 5548 ne
1305 5493 1469 5548 semel
1499 5491 1712 5563 quidem
1741 5491 1950 5545 mittere
1986 5490 2162 5544 literas
2182 5488 2263 5543 di-

688 5596 878 5656 gnatus
923 5601 982 5641 es
1016 5604 1030 5640 :
1061 5597 1116 5639 at
1161 5602 1256 5640 nos
1305 5585 1514 5656 quidem
1569 5585 1730 5640 semel
1779 5595 1936 5653 atque
1982 5585 2168 5637 iterum
2209 5591 2265 5638 et

688 5694 830 5748 smpe
860 5679 1098 5733 misimus
1123 5721 1135 5742 ,
1168 5689 1222 5733 tu
1270 5693 1396 5733 vero
1438 5687 1544 5733 tam
1585 5679 1743 5748 longo
1773 5685 2011 5746 tempore
2036 5675 2180 5740 siles,
2211 5687 2265 5730 et

690 5771 809 5826 leve
834 5781 1102 5841 peccatum
1149 5780 1202 5826 te
1235 5771 1510 5827 admisisse
1551 5771 1820 5827 existimas
1842 5812 1858 5838 ,
1899 5785 2019 5825 cum
2052 5778 2158 5823 tam
2185 5770 2263 5823 in—

691 5873 873 5935 gratus
899 5865 950 5924 iu
980 5880 1078 5925 nos
1106 5866 1301 5923 lucris?
1347 5864 1428 5924 Ile
1453 5864 1665 5938 quidem
1690 5864 1744 5930 in
1770 5879 2029 5922 summam
2058 5862 2264 5928 dubita-

1388 445 1446 502 s.
1483 443 1759 501 JOANNIS
1797 435 2266 506 οιιηῖςοδτοιι
2305 444 2625 502 AnClllEP.
2665 441 3200 502 CONSTANTINOP.

3812 438 3918 494 7H

2325 561 2525 616 tionem
2551 569 2609 616 et
2632 559 2958 616 anxietatem
3335 554 3452 610 Non
3490 555 3638 611 «sit:
3690 568 3923 624 mum

2324 665 2539 706 causam
2564 649 2762 706 silentii
2788 648 3139 711 comminisci.
3165 661 3287 704 eum
3323 645 3562 702 ardentis
3588 661 3656 702 ac
3683 645 3931 702 share

2329 750 2434 797 tua
2459 741 2697 798 caritatis
2739 740 2870 798 mihi
2910 742 2963 796 in
3007 749 3241 796 mentem
3281 737 3467 804 venit,
3502 737 3658 808 citius
3696 750 3932 806 semper

2326 849 2448 906 erga
2477 848 2574 889 nos
2599 833 2868 904 specimen
2893 831 3128 888 edidisti.
3171 830 3302 886 Nam
3328 843 3503 901 neque
3524 827 3784 900 segnitiei
3828 828 3931 881 tri-

2328 926 2493 982 buere
2521 925 2573 980 id
2601 939 2815 996 possum
2846 941 2863 990 ;
2902 924 3015 980 scio
3040 922 3236 994 quippe
3276 935 3437 992 qum
3464 918 3704 991 viilanti
3734 916 3935 972 animo

2328 1019 2405 1074 sis
2429 1034 2446 1083 ;
2470 1031 2643 1088 neque
2659 1014 2927 1072 formidini
2957 1033 2971 1068 :
2999 1013 3120 1070 novi
3133 1013 3330 1086 quippe
3343 999 3714 1067 fortitudinem
3730 1016 3898 1064 tuam
3918 1025 3937 1066 :

2329 1124 2500 1181 neque
2528 1109 2728 1178 torpori
2765 1123 2829 1164 ac
3109 1104 3268 1162 :uovi
3299 1103 3444 1159 eui
3483 1099 3827 1173 diligentiam
3880 1109 3941 1152 et

2329 1203 2600 1258 solertiam
2644 1211 2821 1265 tuam;
2865 1200 2960 1257 sed
3012 1211 3183 1269 neque
3233 1192 3706 1251 morboztametsi
3739 1205 3941 1259 neque

2331 1294 2421 1350 ille
2461 1293 2528 1348 ad
2573 1300 2626 1348 te
2665 1289 3062 1362 impediendum
3106 1286 3404 1353 sufﬁceret;
3452 1291 3832 1340 verumtamen
3865 1296 3937 1336 ex

2333 1385 2435 1441 illis
2459 1384 2548 1455 qui
2598 1383 2753 1438 istinc
2796 1382 3017 1438 veniunt
3039 1375 3199 1436 didici
3227 1389 3279 1435 te
3307 1392 3497 1433 sanum
3526 1389 3650 1432 esse
3680 1388 3746 1430 ac
3797 1387 3936 1444 pro—

2332 1491 2486 1546 spera
2530 1473 2632 1529 frui
2678 1472 3003 1546 valetudine.
3059 1471 3196 1539 Quid
3243 1469 3401 1541 igitur
3422 1476 3506 1523 est
3532 1464 3760 1521 causa?
3807 1462 3933 1519 Non

2334 1582 2548 1638 possum
2575 1563 2796 1629 dicere’,
2851 1563 2948 1619 sed
2994 1562 3098 1618 hoc
3144 1562 3350 1628 suum,
3399 1558 3560 1614 doleo
3596 1566 3655 1613 et
3683 1555 3929 1612 crucior.

2333 1660 2560 1716 Omnem
2605 1659 2765 1728 igitur
2791 1655 3019 1726 lapidem
3056 1669 3248 1720 move,
3295 1661 3357 1709 ut
3395 1651 3498 1707 hoc
3541 1665 3783 1707 morere
3828 1663 3931 1703 nos

2336 1750 2549 1805 liberes.
2604 1747 2748 1803 Nam‘
2784 1747 2883 1802 nisi
2919 1745 3150 1815 θακρὼ
3189 1744 3348 1801 etiam
3395 1743 3478 1798 bis
3522 1742 3697 1797 literis
3726 1739 3801 1795 ad
3829 1753 3931 1795 nos

2336 1841 2498 1896 multa
2523 1855 2644 1896 cum
2673 1837 2948 1894 celeritate
2978 1836 3215 1893 scribere
3239 1835 3491 1899 volueris,
3517 1847 3793 1888 summum
3825 1846 3928 1886 no-

2337 1935 2419 1990 bis
2442 1935 2687 2014 dolorent
2708 1933 2980 1988 lnusturus
3005 1945 3065 1986 es
3095 1949 3110 1986 :
3145 1929 3216 1984 ita
3255 1928 3476 1984 multum
3501 1925 3745 1981 adhiberi
3774 1924 3931 1979 labo-

2339 2041 2451 2082 rem
2479 2028 2496 2058 ¹
2524 2038 2659 2096 opus
2685 2034 2786 2090 est,
2817 2031 2878 2078 ut
2910 2031 3089 2079 nostra
3110 2020 3228 2077 hac
3254 2019 3466 2077 tristitia
3497 2018 3797 2089 mitigetur.

2410 2137 2612 2195 CCIII.
2653 2136 2902 2194 Sallustio
2927 2136 3231 2207 νεώρια-ο.
3272 2133 3507 2204 (Cum
3533 2147 3676 2188 anno
3699 2128 3859 2199 ‘0‘.)

2410 2233 2526 2289 Non
2567 2231 2907 2288 mediocriter
2943 2229 3125 2295 dolui,
3160 2243 3282 2283 cum
3329 2227 3545 2281 allatum
3583 2234 3669 2280 est
3707 2222 3775 2278 ad
3820 2238 3930 2289 me,

2344 2337 2396 2384 te
2423 2343 2486 2383 ac
2512 2326 2864 2398 Theophilum
2889 2325 3258 2397 presbyterum
3285 2323 3558 2394 segniores
3582 2322 3750 2377 factos
3787 2333 3928 2375 esse.

2343 2419 2468 2475 Scio
2504 2432 2733 2490 namque
2772 2432 2936 2472 unum
2982 2431 3052 2473 ex.
3085 2415 3236 2470 vobis
3280 2415 3518 2485 quinque
3570 2412 3826 2467 humilius
3863 2410 3930 2466 ad

2342 2509 2624 2564 Octobrem
2655 2508 2730 2579 (α)
2760 2523 2929 2578 usque
2969 2520 3207 2562 mensem
3237 2504 3486 2559 habuisse
3505 2544 3520 2567 ,
3552 2503 3787 2558 alterum
3817 2499 3934 2555 nul-

2344 2600 2470 2667 lam,
2497 2610 2656 2670 atque
2677 2599 2728 2654 id
2756 2598 2882 2653 mihi
2906 2598 3119 2668 gravius
3148 2596 3246 2650 hac
3268 2593 3555 2650 solitudine
3578 2594 3795 2649 accidit.
3821 2593 3932 2648 lloc

2346 2693 2506 2762 igitur
2521 2691 2694 2758 nobis,
2715 2692 2759 2745 si
2781 2690 2966 2744 falsum
2983 2690 3072 2753 sit,
3102 2687 3351 2750 indicate.
3373 2701 3590 2758 quaeso;
3616 2687 3700 2741 sin
3720 2701 3927 2750 verum,

2349 2782 2642 2838 remedium
2667 2781 2935 2846 adhibete,
2969 2793 3171 2851 vosque
3195 2778 3422 2834 invicem
3453 2777 3682 2834 excitate
3713 2793 3731 2831 :
3761 2777 3931 2849 siqui-

2348 2872 2472 2928 dem
2495 2887 2710 2944 gravem
2755 2871 3037 2930 admodum
3083 2870 3210 2925 mihi
3256 2869 3496 2924 dolorem
3543 2868 3805 2933 inuretis,
3847 2879 3930 2923 ta-

2349 2965 2504 3020 metsi
2551 2973 2731 3020 vestro
2776 2963 3062 3018 admodum
3108 2977 3292 3017 amore
3339 2960 3606 3032 ﬂagranti.
3675 2959 3932 3030 Quodque

2347 3056 2560 3127 gravius
2589 3063 2694 3121 est,
2732 3069 2853 3110 cum
2884 3062 3031 3108 tanto
3056 3054 3108 3108 in
3136 3055 3248 3108 otio
3267 3061 3321 3108 et
3346 3053 3534 3108 inertia
3561 3052 3725 3107 vitam
3749 3051 3931 3107 tradu-

2347 3147 2511 3210 catis,
2545 3160 2716 3216 neque
2762 3160 2984 3200 munere
3025 3153 3204 3199 vestro
3243 3143 3554 3214 fungamini,
3586 3142 3814 3197 multum
3844 3141 3932 3197 Dei

2349 3239 2402 3294 in
2429 3252 2525 3293 vos
2557 3236 2813 3307 judicium
2838 3235 3144 3291 accersetis.
3197 3233 3327 3301 Quis
3360 3235 3505 3290 enim
3549 3233 3707 3289 venia
3747 3233 3932 3304 dignos

2351 3344 2443 3384 vos
2471 3337 2708 3392 censeat,
2741 3327 2830 3398 qui
2859 3325 2984 3381 dum
3011 3326 3193 3382 caeteri
3223 3324 3693 3396 pcrsequutiouem
3724 3325 3930 3394 patiun-

2351 3431 2435 3477 tur
2453 3420 2487 3487 ,'
2508 3420 2561 3476 in
2586 3419 2828 3475 exsilium
2857 3418 3168 3485 mittuntur,
3216 3417 3556 3488 relegantur,
3599 3429 3774 3486 neque
3798 3431 3930 3486 pra:-

2351 3514 2517 3570 sentia
2548 3523 2723 3568 vestra
2742 3510 2828 3568 vel
2853 3511 3156 3567 eruditione
3179 3509 3372 3579 populo
3399 3516 3719 3580 tempestate
3733 3507 3929 3578 jactatu

2352 3622 2449 3678 pro
2478 3606 2614 3660 virili
2643 3618 2953 3660 succurrere
2980 3601 3278 3658 studeatis!

2605 3715 2793 3772 CCIV.
2833 3716 3065 3772 Pisanis.
3108 3713 3339 3785 (Cucuso
3367 3726 3510 3766 anno
3537 3712 3690 3781 ‘0‘.)

2425 3835 2558 3890 Cum
2587 3844 2758 3889 tecum
2796 3833 2976 3887 animo
3017 3840 3263 3902 reputas.
3308 3829 3524 3885 domine
3551 3830 3623 3884 mi
3653 3830 3929 3900 plurimum

2354 3925 2690 3998 suspiciende
2716 3939 2778 3980 ac
2801 3925 2955 3980 nobis
2984 3924 3141 3979 melle
3181 3923 3395 3978 suavior
3417 3963 3435 3989 ,
3482 3935 3644 3992 grave
3678 3935 3743 3975 ac
3770 3921 3928 3976 mole-

2355 4030 2492 4075 stum
2538 4035 2660 4075 esse
2686 4034 2715 4073 a
2752 4019 2911 4074 nobis
2951 4026 3255 4088 separatum
3303 4030 3458 4080 esse,
3511 4015 3754 4086 cogitans
3788 4014 3929 4086 quale

2354 4116 2618 4186 negotium
2658 4128 2812 4184 geras
2833 4155 2847 4177 ,
2879 4121 3038 4182 teque
3065 4110 3334 4166 civitatem
3376 4123 3564 4178 regere
3609 4108 3927 4175 universam,

2354 4208 2436 4262 vel
2464 4206 2638 4272 potius
2666 4213 2832 4259 totum
2857 4203 3040 4258 orbem
3071 4211 3329 4257 terrarum
3357 4215 3453 4270 per
3479 4200 3624 4255 illam
3644 4200 3922 4264 civitatem,

2355 4300 2524 4369 gaude
2541 4309 2596 4354 ct
2623 4298 2850 4353 exsulta.
2871 4297 3026 4352 Putes
3044 4295 3186 4351 enim
3212 4309 3331 4349 cum
3362 4293 3588 4349 utilitate
3617 4309 3728 4347 non
3744 4291 3929 4348 medio-

2355 4408 2500 4446 crem
2517 4390 2639 4445 inde
2659 4390 2933 4460 percipere
2955 4387 3299 4458 voluptatem.
3316 4386 3374 4441 Si
3394 4387 3536 4441 enim
3550 4385 3675 4440 dum
3693 4385 3929 4455 pecunias

2359 4482 2594 4537 nunnulli
2632 4481 2918 4554 colligunt,
2964 4495 3082 4550 qua:
3106 4489 3162 4534 et
3189 4487 3435 4549 pereunt,
3461 4487 3515 4533 et
3542 4477 3662 4532 illos
3693 4476 3926 4548 perdunt,

2360 4584 2504 4629 tanta
2556 4573 2736 4628 laetitia
2788 4571 3171 4642 perfunduntur
3196 4613 3211 4636 ,
3260 4569 3386 4626 licet
3436 4569 3505 4625 ab
3558 4569 3764 4624 adibus
3808 4569 3926 4634 suis,

2360 4685 2546 4734 uxore,
2574 4668 2752 4723 liberis
2771 4709 2785 4733 ,
2816 4676 2870 4721 et
2898 4665 3206 4736 prepinquis
3225 4664 3477 4719 erunibus
3505 4662 3673 4717 multo
3705 4672 3929 4733 tempore

2359 4763 2466 4814 siut
2507 4759 2731 4828 sejuncti
2767 4776 2779 4812 :
2809 4760 2929 4828 quis
2967 4757 3350 4827 iucunditatem
3398 4755 3607 4809 illarum
3635 4769 3794 4823 opum
3819 4764 3926 4809 tau-

2362 4863 2641 4924 torumque
2705 4852 3070 4907 thesaurorum
3129 4849 3305 4904 verbis
3353 4848 3656 4918 exprimere
3695 4847 3925 4917 poterit,

2361 4964 2494 5018 quos
2529 4948 2649 5003 istic
2680 4946 2912 5015 quotidie
2941 4944 3034 5000 tibi
3065 4943 3147 4998 vel
3171 4943 3452 5013 praesentia
3476 4941 3590 4996 sola
3611 4942 3925 5012 congregssl

2361 5040 2477 5095 Non
2514 5040 2658 5094 enim
2694 5037 2808 5093 haec
2833 5034 3319 5091 assentandi‘causa
3345 5033 3467 5088 dico
3491 5073 3506 5098 ,
3553 5040 3613 5086 ut
3650 5031 3812 5100 probe
3838 5047 3923 5085 no-

2364 5141 2527 5199 runt,
2558 5132 2647 5202 qui
2673 5130 2834 5185 etiam
2860 5129 3081 5184 absente
3106 5135 3160 5183 te
3195 5125 3280 5181 hic
3306 5140 3335 5179 a
3365 5125 3520 5180 nobis
3545 5124 3659 5178 haec
3695 5123 3919 5192 audiunt,

2436 5250 2452 5279 '
2479 5246 2652 5304 Savll.,
2675 5250 2876 5308 tempus.

2433 5308 2504 5378 (α)
2534 5309 2601 5378 lix
2623 5314 2835 5369 quatuor
2869 5305 3118 5378 Ila-tres-
3136 5301 3441 5378 habent‘isi;
3463 5297 3924 5378 33-

2371 5359 2610 5435 wﬁréml;
2635 5359 2761 5435 inus
2785 5382 2893 5435 ουῐη
2917 5363 3070 5435 Εάἐιτο
3097 5367 3187 5435 ius
3208 5363 3456 5426 νοιμδρίον
3480 5359 3569 5435 (σε
3597 5359 3920 5435 Wes):

2375 5422 2621 5504 .Ssvilgin
2659 5434 2798 5504 textu
2828 5427 3139 5504 ρξτωξείουη
3159 5427 3206 5474 in
3423 5422 3922 5504 veneﬁciﬁtnbud

2377 5492 2498 5562 item
2514 5483 3933 5562 οράςμδκτῳσρίοε-μοτςιςμοεμερξουςξειειεεξεειωεει-ψει

2376 5558 2532 5603 ferme
2549 5552 2766 5608 Codices,
2791 5545 3071 5613 ὸιὲωϐρίου,
3095 5545 3333 5604 habeant,
3347 5547 3469 5595 hanc
3484 5545 3734 5593 lectioneu
3750 5547 3924 5610 adopta-

2376 5624 2541 5666 vimus.
2563 5628 2673 5666 ante
2711 5616 2921 5665 ﬁrmatur
2944 5616 3093 5664 etiam
3133 5623 3195 5660 ex
3221 5612 3428 5666 epistola
3461 5610 3556 5657 210
3590 5608 3832 5666 sequenti,
3856 5607 3934 5659 uti

2367 5624 2541 5696 vimus,
2563 5628 2673 5690 qm;
2711 5619 2921 5665 lit-matur
2944 5619 3098 5687 etiam
3133 5623 3195 5660 ex
3221 5619 3428 5682 epistola
3461 5619 3556 5679 ηιξ
3590 5619 3832 5671 sequenti,
3856 5619 3927 5659 tu

2366 5686 2538 5734 dieitur
2561 5680 2638 5729 hic
2661 5691 2765 5742 Ipse
2786 5675 3035 5742 Sallustius
3057 5687 3136 5742 vix
3155 5684 3372 5742 qumque

2369 5728 2714 5808 Βὲἶᾙιωίξὲδὲς
2752 5737 3144 5808 νευιο.ῐόει.ί¹ιιο
3165 5728 3305 5792 ⁵³εεὶ
3628 5728 3923 5808 99ἰῆβὲ-

2370 5791 2581 5875 Euasit,-
2600 5791 2816 5871 suum
2840 5791 2974 5864 velis;
2991 5799 3065 5852 sin
3086 5791 3561 5862 vcrwmrcmedﬁmt
3582 5791 3927 5859 adulteram

2370 5883 2462 5935 quc
2483 5870 2684 5921 mortem
2705 5871 2941 5918 euitare.
