4218 6488
207 445 315 502 723

208 565 428 635 ἡμενοι,
458 562 551 617 καὶ
578 562 730 634 φόϐῲ
759 563 974 636 λῃστῶν
1003 566 1477 637 πολιορκούμενοι,
1505 571 1596 621 καὶ
1619 569 1684 638 τῇ
1706 567 1804 622 τοῦ

208 654 482 726 χειμῶνος
509 655 630 729 ῶρᾳ
656 655 844 710 λοιπὸν
873 660 1339 729 κατατεινόμενοι,
1362 661 1578 724 οὐδενὸς
1604 661 1814 714 τούτων

208 746 607 818 αίσθανόμεθα,
641 748 732 801 διά
765 749 828 802 τὸ
878 749 1111 820 μέγεθος
1143 753 1244 822 τῆς
1281 751 1558 822 ὑμετέρας
1605 753 1813 807 εὐδοκι-

210 843 456 912 μήσεως,
496 840 635 894 ἀλλά
687 843 784 896 καὶ
831 845 1168 914 σκιρτῶμεν,
1223 846 1318 897 καὶ
1373 845 1662 917 χαίρομεν,
1721 847 1812 898 καὶ

206 934 360 1004 μέγα
388 933 700 1005 φρονοῦμεν
728 935 818 988 ἐπὶ
839 937 906 1006 τῇ
941 937 1185 1008 τοσαύτῃ
1214 937 1371 1007 ὑμῶν
1395 937 1684 1009 καρτερίᾳ.
1709 937 1808 991 Ἱν’

204 1021 304 1080 οῦν
347 1027 612 1098 διηνεκῶς
650 1030 934 1100 χαίρωμεν
973 1030 1150 1084 ταῦτα
1187 1030 1507 1096 ἀκούοντες,
1547 1029 1812 1100 διηνεκῶς

203 1120 342 1190 ἡμῖν
363 1120 461 1173 καὶ
493 1121 905 1191 συνεχέσταται
949 1122 1319 1186 ἐπιστέλλετε,
1354 1122 1495 1176 αὐτά
1534 1138 1592 1174 τε
1613 1121 1808 1185 ταῦτα,

206 1209 306 1263 καὶ
339 1209 408 1263 τά
431 1210 558 1281 περὶ
583 1211 684 1281 τῆς
713 1211 902 1279 ὑγείας
937 1211 1093 1283 ὑμῶν
1113 1210 1612 1280 εὐαγγελιζόμενοι.
1636 1210 1811 1278 Μεγί-

207 1317 348 1370 στην
402 1300 512 1373 γάρ
549 1303 682 1373 ἡμῖν
707 1302 974 1374 παρέξετε
1025 1302 1365 1375 εὐφροσύνην
1418 1300 1666 1355 ἐντεῦθεν
1717 1301 1812 1354 καὶ

209 1391 431 1463 ἡδονήν.

386 1505 460 1560 Σ’.
503 1506 936 1576 Καλλιστράτῳ
967 1509 1284 1576 ἐπισκόπῳ
1328 1512 1645 1579 Ἰσαυρίας.

295 1617 441 1687 Ἐγὼ
477 1618 577 1689 μέν
606 1637 701 1672 σου
733 1620 834 1691 τὴν
865 1621 1155 1676 εὐλάϐειαν
1181 1625 1275 1676 καὶ
1298 1623 1530 1677 ἐνταῦθα
1557 1633 1814 1695 ’παραγε-

207 1710 446 1782 νομένην
476 1711 791 1782 ἐπεθύμουν
840 1713 992 1780 ίδεῖν,
1033 1714 1176 1768 ῶστε
1225 1715 1568 1786 ἐντρυφῆσαι
1618 1733 1711 1769 σου
1741 1719 1808 1786 τῇ

211 1803 499 1875 συνουσίᾳ,
527 1806 622 1857 καὶ
645 1804 953 1859 ἀπολαῦσαί
982 1823 1076 1859 σου
1101 1808 1200 1878 τῆς
1224 1809 1456 1880 γνησίας
1478 1810 1572 1862 καὶ
1601 1808 1812 1880 θερμῆς

208 1893 471 1964 ἀγάπης·
508 1894 698 1965 ἐπειδὴ
737 1894 794 1948 δὲ
836 1895 997 1949 τοῦτο
1035 1897 1176 1960 τέως
1214 1901 1314 1950 οὐκ
1348 1899 1445 1957 ἔνι,
1484 1898 1574 1952 διά
1610 1915 1670 1952 τε
1711 1899 1812 1969 τὴν

207 1982 308 2036 τδῦ
370 1983 525 2046 ἔτους
575 1983 748 2054 ῶραν,
808 1987 906 2039 καὶ
957 1987 1019 2039 τὸ
1051 1987 1155 2056 τῆς
1191 1987 1312 2040 όδοῦ
1362 1988 1561 2060 μῆκος,
1595 1989 1696 2059 τὴν
1723 1989 1813 2042 διὰ

209 2075 566 2144 γραμμάτων
597 2076 960 2149 ὀφειλομένην
1004 2096 1086 2132 σοι
1130 2080 1436 2152 πρόσρησιν
1482 2079 1809 2151 ἀποδίδωμι,

211 2167 308 2220 καὶ
355 2169 519 2238 χάριν
563 2168 674 2239 ἔχω
726 2187 819 2222 σου
872 2174 939 2243 τῇ
990 2172 1274 2244 εὐλαϐείᾳ,
1302 2174 1385 2227 ὅτι
1418 2174 1514 2226 καὶ
1546 2174 1815 2244 πρότερος

209 2261 329 2323 τοῖς
358 2261 496 2332 πρὸς
531 2263 683 2333 ἡμᾶς
715 2263 1071 2335 ἐπεπήδησας
1102 2266 1416 2337 γράμμασι.
1445 2267 1666 2336 Θερμῆς
1707 2268 1815 2337 γὰρ

210 2352 375 2406 τοῦτο
404 2354 498 2406 καὶ
523 2355 755 2426 γνησίας
788 2355 1005 2426 φιλίας·
1059 2359 1154 2411 καὶ
1194 2359 1254 2411 οὐ
1298 2358 1462 2429 μόνον
1514 2359 1615 2411 οὐκ
1663 2361 1817 2412 ἀπει-

212 2445 395 2509 κότως
419 2445 665 2518 ἔπραξας
684 2448 734 2512 ι’,
763 2449 902 2509 ἀλλά
934 2450 1026 2503 καὶ
1054 2451 1262 2519 σφόδρα
1287 2467 1372 2503 σοι
1401 2451 1811 2523 προσηκόντως.

209 2540 463 2610 Χαρίξου
512 2541 575 2612 δὴ
625 2541 834 2612 ταύτην
887 2543 1125 2612 συνεχῶς
1181 2545 1316 2612 ἡμῖν
1372 2545 1474 2616 τὴν
1505 2548 1688 2616 χάριν,
1720 2545 1816 2598 καὶ

212 2635 558 2705 πυκνότερον
582 2637 715 2704 ἡμῖν
753 2635 918 2701 δήλου
944 2637 1012 2688 τὰ
1040 2637 1170 2706 περὶ
1202 2637 1302 2707 τῆς
1331 2637 1520 2705 ὑγείας
1558 2639 1659 2708 τῆς
1692 2638 1812 2708 σῆς.

214 2726 317 2779 *Δν
365 2726 424 2778 δὲ
477 2727 569 2780 καὶ
631 2727 856 2780 δυνατὸν
927 2729 1156 2800 γένηται
1205 2732 1272 2800 τῇ
1326 2729 1585 2800 εὐλαϐείᾳ
1645 2734 1712 2800 τῇ
1749 2732 1843 2800 σῇ,

214 2818 484 2889 σκυλῆναι
533 2819 638 2883 ἔως
683 2821 864 2891 ἡμῶν,
913 2822 984 2894 τά
1040 2823 1275 2892 μέγιστα
1330 2827 1465 2894 ἡμῖν
1507 2827 1694 2894 χαριῇ,
1723 2827 1818 2876 καὶ

214 2909 424 2982 πολλῆς
455 2913 603 2982 ἡμᾶς
646 2892 1682 2987 ἐμπλήσειξεύφροσύνης..ἽἙννοὴσας
1716 2919 1820 2970 τοί-

215 3020 317 3056 νυν
349 3003 427 3066 ὡς
465 3005 562 3057 καὶ
594 3006 756 3075 ἡμεῖς
798 3006 1179 3078 ἐπιθυμοῦμεν
1225 3009 1352 3061 ἰδεῖν
1397 3025 1491 3061 σου
1532 3008 1633 3080 τὴν
1666 3008 1820 3061 εὐλά-

216 3097 396 3161 ϐειαν,
437 3099 532 3151 καὶ
563 3098 639 3161 ὼς
668 3100 728 3152 τὸ
750 3103 985 3172 πρᾶγμα
1015 3103 1074 3154 οὐ
1107 3103 1312 3174 σφόδρα
1347 3103 1604 3174 ἐργῶδες,
1641 3105 1690 3156 εί
1724 3105 1818 3172 γέ-

218 3208 369 3245 νοιτο
390 3192 583 3262 καιρὸς
609 3192 916 3263 ἐπιτήδειος
948 3195 1087 3266 πρὸς
1117 3195 1448 3267 ὁδοιπορίαν,
1479 3197 1554 3267 μὴ
1586 3198 1820 3250 ἀποστε-

220 3284 398 3358 ρήσῃς
427 3285 574 3354 ἡμᾶς
601 3285 701 3355 τῆς
731 3287 1020 3355 συντυχίας
1049 3287 1149 3357 τῆς
1178 3288 1298 3356 σῆς.
1334 3289 1476 3350 Ἕως
1496 3288 1541 3340 δ’
1571 3288 1636 3341 ἂν
1660 3288 1820 3342 τοῦτο

217 3375 472 3446 γένηται,
506 3379 574 3447 τῇ
609 3378 912 3449 πυκνότητι
959 3378 1068 3431 τῶν
1108 3380 1459 3450 γραμμάτων
1502 3381 1603 3451 τὴν
1626 3382 1690 3433 ἐκ
1719 3381 1821 3452 τῆς

217 3468 528 3539 παρουσίας
556 3468 752 3540 ἡδονὴν
784 3470 1102 3538 σοφίζεσθαι
1134 3472 1521 3543 παρακλὴθητι
1542 3483 1593 3526 ε.

664 3581 816 3656 [712]
849 3586 980 3638 EA'.
1024 3584 1366 3652 Ἐρκοιιλίῳ.

292 3697 386 3766 Μὴ
424 3697 604 3768 κάμνε
638 3697 820 3769 ζητῶν
865 3698 1165 3766 ἀπολογίαν
1214 3700 1315 3769 τῆς
1357 3702 1577 3772 μακρᾶς
1637 3703 1820 3772 σιγῆς,

218 3792 462 3845 δέσποτά
499 3809 602 3862 μου
631 3791 1056 3862 θαυμασιώτατε
1103 3791 1198 3846 καὶ
1233 3793 1818 3864 μεγαλοπρεπέστατε,

221 3888 320 3944 καὶ
353 3886 448 3940 ἐπὶ⁵
484 3886 584 3958 τὴν
633 3889 830 3939 σπάνιν
857 3886 966 3940 τῶν
1012 3888 1506 3959 γραμματηφόρων
1545 3889 1822 3956 καταφεύ-

220 3997 358 4051 γων.
403 3981 596 4052 Ἡμεῖς
623 3979 755 4051 γάρ,
792 3983 889 4035 καὶ
922 3981 1227 4052 γράφοντός
1259 3998 1354 4034 σου
1391 3982 1488 4035 καὶ
1534 3983 1818 4050 σιγῶντος,

219 4074 484 4148 ἀκίνητόν
535 4093 628 4129 σου
658 4075 758 4147 τὴν
802 4077 931 4146 περ).
963 4077 1063 4147 τῆς
1102 4075 1324 4146 ἀγάπης
1362 4093 1454 4129 σου
1489 4076 1674 4147 ψῆφον
1705 4077 1823 4148 ἐχο-

224 4185 348 4240 μεν,
381 4169 448 4239 ἡν
484 4167 572 4221 διά
599 4168 710 4222 τῶν
756 4167 933 4238 ἔργων
987 4169 1250 4234 ἐπεδείξω
1295 4167 1441 4221 οῦτω
1497 4169 1708 4239 σαφῶς,
1745 4171 1821 4235 ὡς

222 4262 410 4317 πᾶσαν
447 4261 648 4316 εἰδέναι
681 4261 780 4332 τὴν
806 4263 963 4315 πόλιν
986 4262 1080 4315 τὸν
1117 4263 1320 4333 θερμὸν
1346 4262 1506 4333 ἡμῶν
1533 4264 1628 4316 καὶ
1656 4282 1822 4334 μανι-

223 4353 321 4410 κδν
358 4355 620 4426 ἐραστήν.
657 4354 806 4424 Πλὴν
833 4355 972 4409 ἀλλά
995 4356 1092 4410 καὶ
1120 4354 1266 4408 οῦτω
1285 4355 1650 4426 διακείμενοι,
1693 4358 1825 4426 σφό-

221 4447 327 4520 δρα
353 4445 734 4516 ἐπιθυμοῦμεν
766 4447 1005 4518 συνεχῶς
1034 4447 1290 4518 δέχεσθαι
1320 4449 1629 4520 γράμματα
1670 4451 1825 4520 παρά

222 4539 325 4609 τῆς
356 4539 456 4609 σῆς
486 4538 950 4612 θαυμασιότητος,
982 4541 1052 4593 τὰ
1081 4556 1144 4592 πε
1157 4540 1209 4609 ρὶ
1247 4541 1345 4611 τῆς
1377 4542 1568 4608 ὑγείας
1600 4541 1826 4613 δηλοῦν-

221 4652 293 4690 τα
325 4635 428 4706 τῆς
452 4636 572 4706 σῆς.
607 4635 817 4704 Ὠσπερ
847 4631 957 4703 γὰρ
984 4633 1144 4696 αὐτὸς
1179 4635 1446 4704 μεγίστην
1475 4635 1612 4706 ἔφης
1642 4653 1824 4707 παρα-

221 4730 404 4802 ψυχὴν
456 4725 597 4782 εἶναι
637 4727 732 4781 τοῦ
788 4726 1098 4798 χωρισμοῦ,
1125 4727 1185 4780 τὸ
1212 4729 1342 4798 περ).
1375 4730 1473 4799 τῆς
1503 4728 1694 4796 ὑγείας
1722 4729 1822 4800 τῆς

223 4823 505 4896 ἡμετέρας
538 4820 829 4892 μανθάνειν
866 4820 983 4890 (καὶ
1011 4816 1169 4875 οἶσθα
1227 4820 1416 4891 ἡλίκον
1477 4821 1636 4875 τοῦτο
1667 4822 1823 4894 ἀνδρὶ

225 4915 404 4985 φιλεῖν
434 4913 806 4984 ἐπισταμένῳ,
833 4913 1022 4985 ἐπειδὴ
1046 4916 1139 4966 καὶ
1155 4912 1375 4981 φιλεῖνά
1399 4909 1557 4967 οἶσθα
1593 4915 1819 4988 καλῶς),

221 5009 370 5063 οὑτω
406 5007 500 5060 καὶ
544 5009 676 5078 ἡμῖν
721 5005 1193 5074 περισπούδαστον
1233 5006 1415 5060 τοῦτο.
1459 5008 1704 5078 Χαρίζου
1759 5008 1824 5080 δὴ

221 5101 432 5171 ταύτην
463 5101 598 5171 ἡμῖν
635 5098 736 5170 τὴν
762 5099 947 5170 χάριν,
978 5099 1067 5154 ἴνα
1111 5097 1208 5153 καὶ
1257 5102 1316 5152 ἐν
1341 5099 1549 5171 ἐρημίᾳ
1585 5100 1825 5175 τοσαύτῃ

225 5193 556 5264 καθήμενοι,
611 5190 812 5262 πολλὴν
842 5190 1093 5246 ἐντεῦθεν
1124 5191 1552 5263 καρπωσώμεθα
1590 5193 1690 5264 τὴν
1721 5210 1826 5246 πα-

229 5286 516 5360 ράκλησιν.

623 5379 750 5430 ΣῘῖ.
777 5373 1052 5444 Κυριακῷ
1082 5375 1414 5444 ἐπισκόπῳ.

300 5490 490 5546 Ταῦτα
545 5490 776 5557 ἀνεκτά;
834 5489 1008 5544 ταῦτα
1062 5490 1304 5561 φορητά;
1363 5491 1466 5544 οἴει
1510 5491 1615 5545 κᾶν
1666 5493 1827 5548 σκιὰν

293 5625 329 5656 ι
347 5625 430 5686 Sic
450 5636 623 5673 omnes
645 5637 763 5672 mss.
790 5621 961 5671 nostri.
991 5621 1120 5671 Εάὶίὶ
1143 5626 1505 5686 συνεχέστατον,
1531 5628 1680 5677 male.

294 5687 322 5752 ᾔ
356 5685 548 5752 Omnes
570 5699 686 5734 mss.
715 5687 796 5734 καὶ
914 5687 1055 5752 μόνον
1079 5687 1133 5734 οὑ
1162 5685 1700 5752 καθηκόντως-ἔπραξας.

295 5750 534 5816 1ξοῑιηιεεε
580 5761 693 5798 mss.
737 5750 1011 5810 σοφίζεσθαι
1053 5752 1396 5812 παρακλήθητι.
1437 5750 1609 5801 Μοῑὸι.
1655 5755 1828 5816 προθυ-

510 5886 544 5923 e
571 5873 754 5937 Savillo
793 5878 993 5937 recepla
1033 5880 1165 5924 sunt.
1210 5874 1329 5925 Mor.
1376 5881 1429 5926 el
1470 5875 1639 5928 MonlI.
1669 5879 1823 5928 ἐπιστ.

227 5935 364 6001 εἶναι,
399 5937 482 5986 καὶ
503 5953 553 6000 φ.
581 5936 716 5988 Eon.

1676 436 2066 509 ενιδτοιίε.

3413 449 3520 507 7Ξ6

1921 564 2226 633 ἀπολογίας
2266 564 2446 636 ἔχεινς
2491 566 2580 622 Ἑν
2608 569 2674 639 τῇ
2704 567 2942 638 τοσαύτῃ
2973 567 3182 641 ἀθυμίᾳ
3201 579 3248 634 ο,
3285 567 3345 621 ἔν
3375 566 3521 622 οῦτω

1919 657 2096 727 χρόνῳ
2123 656 2345 728 μακρῷ,
2386 658 2444 710 ἐν
2482 659 2726 728 τοσούτῳ
2755 659 2992 730 θορύϐῳ,
3031 659 3126 713 καὶ
3150 662 3389 732 ταραχῇ,
3425 661 3524 716 καὶ

1921 746 2206 816 συντριϐῇ,
2235 747 2330 799 καὶ
2369 746 2723 819 ταλαιπωρίᾳ
2772 749 3138 802 καθεστώτων
3182 751 3365 821 ἡμῶν,
3397 749 3521 804 οὐδὲ

1919 837 2069 902 ἅπαξ
2111 840 2244 909 ἡμῖν
2276 839 2580 894 ἐπιστεῖλαι
2617 841 2924 907 κατεδέξω·
2957 842 3073 894 ἀλλ’
3104 844 3268 914 ἡμεῖς
3304 843 3404 913 μὲν
3429 843 3525 897 καὶ

1918 929 2208 994 ἆπαξ,καὶ
2247 930 2346 993 δίς,
2400 932 2496 984 καὶ
2527 931 2794 993 πολλάκις
2851 933 3296 1004 ἐπεστάλκαμεν,
3349 935 3414 988 σὺ
3465 933 3524 987 δὲ

1920 1023 2082 1092 σιγᾷς
2122 1022 2316 1092 χρόνον
2365 1022 2512 1077 οὕτω
2576 1024 2810 1095 μακρὸν,
2841 1024 2936 1078 καὶ
2965 1024 3211 1095 νομίζεις
3253 1026 3316 1078 τὸ
3357 1027 3525 1097 τυχὸν

1919 1115 2301 1186 ἡμαρτηκέναι
2333 1115 2854 1188 ἀμάρτημα,οὖτως
2899 1116 3176 1188 ἀγνώμων
3203 1118 3333 1190 περὶ
3373 1120 3524 1188 ἡμᾶς

1919 1206 2328 1277 γεγενημένος
2370 1206 2504 1278 Ἐμὲ
2529 1209 2612 1272 είς
2636 1206 2841 1279 πολλὴν
2887 1207 3123 1279 ἀπορίαν
3150 1208 3522 1280 κατέστησας.

1918 1299 2055 1352 Οὐδέ
2080 1300 2189 1370 γάρ
2221 1298 2458 1370 δύναμαι
2499 1301 2602 1372 τῆς
2643 1301 2807 1370 σιγῆς
2830 1301 2929 1372 τὴν
2953 1303 3136 1356 αίτίαν
3157 1303 3362 1374 εὑρεῖν,
3390 1303 3522 1356 ὅταν

1919 1392 2161 1462 ἐννοὴσω
2183 1408 2276 1444 σου
2310 1393 2410 1459 τὴν
2438 1391 2650 1464 θερμὴν
2674 1393 2899 1465 ἀγάπην
2929 1395 3024 1448 καὶ
3053 1394 3311 1464 γνησίαν,
3340 1396 3405 1465 ἡν
3435 1395 3524 1448 ἀεὶ

1918 1485 2046 1556 περὶ
2085 1486 2236 1554 ἡμᾶς
2266 1483 2547 1549 ἐπεδείξω.
2578 1485 2714 1538 υύδέ
2743 1485 2853 1557 γὰρ
2883 1486 3160 1557 ρᾳθυμίαν
3198 1484 3524 1555 λογίσασθαι

1917 1574 2058 1645 ἔχω·
2091 1572 2210 1628 οἴδα
2241 1577 2352 1646 γάρ
2372 1594 2466 1631 σου
2494 1578 2594 1647 τὴν
2611 1578 2894 1648 ἄγρυπνον
2922 1579 3122 1649 ψυχήν·
3150 1577 3274 1630 οὐτε
3297 1577 3523 1632 δειλίαν’

1915 1660 2037 1718 οἶδα
2066 1665 2175 1737 γάρ
2207 1682 2302 1718 σου
2327 1665 2425 1738 τὴν
2455 1667 2711 1740 ἀνδρείαν
2731 1683 2745 1698 ο
2782 1667 2884 1720 οὐκ
2911 1666 3101 1720 δκνονο
3133 1662 3253 1721 οἶδα
3291 1668 3399 1740 γάρ
3430 1685 3527 1723 σου

1916 1757 1977 1809 τό
1993 1758 2424 1828 διεγηγερμένον
2455 1760 2552 1812 καὶ
2581 1759 2856 1828 ἐντρεχές·
2887 1757 3004 1812 ἀλλ’
3034 1758 3156 1812 οὐδέ
3186 1759 3523 1831 ἀρρωστίαν·

1918 1850 2096 1902 καίτοι
2123 1867 2187 1919 γε
2218 1850 2341 1903 οὐδὲ
2362 1849 2507 1922 αῦτη
2540 1851 2703 1922 ἱκανὴ
2730 1846 2800 1922 ἦν
2827 1867 2886 1903 σε
2906 1850 3154 1904 κωλῦσαι
3173 1867 3188 1879 ’
3223 1850 3365 1922 πλὴν
3387 1850 3527 1905 ἀλλὰ

1923 1942 2183 2013 μανθάνω
2210 1941 2363 2014 παρά
2388 1943 2499 1997 τῶν
2526 1943 2742 1997 ἐκεῖθεν
2775 1943 3116 2014 ἐρχομένων,
3151 1943 3236 1996 ὃτι
3258 1943 3527 2010 ὑγιαίνεις

1921 2036 2015 2088 καὶ
2045 2035 2309 2106 ἔρρωσαι.
2346 2035 2413 2089 Τί
2441 2031 2535 2090 οῦν
2565 2035 2769 2089 ἔστιτὸ
2808 2038 3003 2102 αἴτιον,
3037 2038 3214 2089 εἰπεῖν
3252 2036 3354 2088 οὐκ
3393 2035 3527 2106 ἔχω,

1918 2125 2033 2188 ἀλλ’
2087 2125 2147 2179 ἓν
2211 2125 2393 2194 μόνον,
2429 2125 2582 2195 ἀλγῶ
2614 2125 2710 2178 καὶ
2763 2125 3062 2195 όδυνῶμαι.
3101 2124 3289 2179 Πάντα
3342 2125 3531 2178 τοίνυν

1918 2219 2147 2289 ποίησον
2185 2218 2328 2272 ῶστε
2359 2217 2672 2284 ἀπαλλάξαι
2699 2219 2850 2288 ἡμᾶς
2897 2218 2993 2271 καὶ
3037 2216 3141 2286 τῆς
3193 2215 3392 2287 λύπης,
3429 2213 3529 2269 καὶ

1917 2307 2012 2363 τοῦ
2032 2310 2335 2381 διαπορεῖν.
2369 2311 2524 2363 Ἐπεὶ
2548 2312 2598 2364 εί
2634 2312 2730 2364 καὶ
2761 2310 2902 2380 μετά
2923 2310 2992 2363 τά
3025 2310 3331 2381 γράμματα
3351 2307 3529 2362 ταῦτα

1922 2404 1998 2472 μὴ
2041 2403 2180 2473 μετά
2215 2402 2411 2456 πολλοῦ
2457 2401 2554 2455 τοῦ
2597 2403 2802 2473 τάχους
2855 2405 2988 2474 ἡμῖν
3025 2400 3349 2472 βουληθείης
3405 2400 3530 2452 ἐπι-

1922 2493 2152 2559 στεῖλαι,
2189 2493 2364 2558 οὕτως
2395 2494 2542 2565 ἡμᾶς
2580 2492 2725 2564 ἔχεις
2758 2493 3022 2564 λυπῆσαι,
3051 2493 3126 2557 ώς
3163 2492 3360 2546 πολλοῦ
3411 2491 3532 2563 δεηο

1921 2585 2082 2657 θῆναι
2121 2588 2287 2640 πόνου
2321 2585 2338 2624 ί
2375 2588 2457 2650 είς
2482 2587 2542 2640 τὸ
2574 2585 2914 2658 θεραπεῦσαι
2945 2584 3102 2656 ἡμῶν
3128 2586 3230 2657 τὴν
3261 2584 3524 2654 ἀθυμίαν.

2252 2701 2387 2756 ΣΓ.
2413 2703 2772 2760 Σαλουστίω
2793 2699 3200 2770 πρεσϐυτέρῳ.

1993 2817 2108 2887 Οὐχ
2138 2816 2214 2882 ὡς
2263 2817 2454 2887 ἔτυχεν
2512 2818 2728 2889 ἡλγησα
2770 2817 3013 2882 ἀκούσας
3053 2818 3136 2871 ὅτι
3183 2817 3277 2870 καὶ
3320 2818 3386 2871 σὺ
3430 2818 3528 2872 καὶ

1921 2911 2182 2981 Θεόφιλος
2209 2913 2238 2964 ὁ
2285 2911 2661 2983 πρεσϐύτερος
2690 2911 3013 2966 ἀνεπέσετε.
3051 2911 3265 2980 Ἐγνων
3297 2912 3409 2984 γὰρ
3439 2913 3526 2967 ὅτι

1921 3005 1950 3057 ὁ
1985 3003 2139 3076 [⁸715]
2184 3004 2284 3074 μὲν
2314 3004 2473 3076 ὑμῶν
2523 3007 2687 3057 πέντε
2737 3005 2957 3075 ὁμιλίας
2985 3001 3142 3057 εἶπεν
3169 3004 3279 3067 ἔως
3323 3004 3523 3058 Ὀκτω-

1924 3099 2081 3170 ϐρίυυ
2125 3097 2318 3168 μηνὸς,
2357 3087 2468 3150 δ’δέ
2492 3097 2771 3168 οὐδεμίαν,
2796 3099 2891 3151 καὶ
2919 3098 3019 3168 τῆς
3041 3098 3279 3168 ἐρημίας
3311 3115 3400 3167 μοι
3429 3097 3529 3166 τῆς

1925 3189 2162 3243 ἐνταῦθα
2217 3190 2377 3243 τοῦτο
2409 3190 2604 3259 γέγονε
2638 3189 3043 3262 χαλεπώτερον.
3079 3189 3389 3261 Βουλήθητε
3418 3188 3532 3242 τοί-

1926 3301 2040 3347 νυν,
2072 3285 2121 3336 εί
2155 3282 2254 3354 μὲν
2288 3281 2485 3353 ψεῦδος
2513 3282 2694 3346 τοῦτο,
2719 3281 2961 3353 δηλῶσαί
2987 3299 3114 3354 μοι’
3145 3285 3193 3336 εί
3219 3283 3276 3336 δὲ
3306 3280 3530 3353 ἀληθὲς,

1925 3375 2328 3447 διορθώσασθαι
2348 3393 2362 3406 ·
2402 3377 2498 3430 καὶ
2543 3375 2809 3448 ἀλλήλους
2837 3377 3145 3448 διεγείρατε
3165 3381 3210 3418 Β·
3242 3377 3367 3431 ἐπεὶ
3398 3376 3532 3447 σφό-

1923 3467 2029 3537 δρα
2070 3483 2137 3536 με
2175 3466 2329 3536 ἔχετε
2357 3466 2624 3536 λυπῆσαι,
2654 3466 2838 3520 καίτοι
2879 3468 3000 3538 μεθ’
3032 3467 3348 3540 ὑπερϐολῆς
3398 3467 3533 3535 σφό·

1923 3559 2028 3629 δρα
2056 3560 2362 3628 ἀγαπῶντα
2397 3559 2566 3630 ὑμᾶς.
2591 3561 2704 3612 Καὶ
2728 3560 2788 3613 τὸ
2809 3559 2874 3632 δὴ
2893 3558 3300 3633 χαλεπώτερον,
3323 3561 3408 3614 ὅτι
3435 3563 3533 3615 καὶ

1925 3653 2077 3723 παρά
2115 3652 2211 3706 τοῦ
2257 3653 2395 3706 Θεοῦ
2437 3656 2574 3708 πολύ
2627 3655 2752 3709 καθ’
2791 3655 3005 3708 ἑαυτῶν
3054 3655 3430 3709 ἐπισπάσεσθε
3470 3656 3534 3709 τὸ

1925 3749 2123 3818 κρῖμα,
2184 3747 2354 3819 ἀργίᾳ
2399 3746 2641 3820 τοσαύτῃ
2682 3746 2956 3811 συζῶντες
2997 3749 3092 3801 καὶ
3124 3747 3290 3820 ὄκνῳ,
3339 3749 3434 3802 καὶ
3464 3748 3536 3802 τά

1926 3839 2059 3910 παρ’
2099 3838 2312 3892 ἑαυτῶν
2362 3839 2465 3894 οὐκ
2503 3839 2873 3910 εἰσφέροντες.
2926 3840 3097 3894 Ποίαν
3145 3840 3254 3912 γὰρ
3312 3841 3534 3912 σχοίητε

1929 3930 2266 4003 συγγνώμην
2286 3931 2492 4003 ἐτέρων
2519 3931 2893 4002 διωκομένων,
2918 3931 3338 4004 ἐξοριξομένων,
3367 3932 3534 3986 ἐλαυο

1927 4026 2194 4095 νομένων,
2247 4025 2408 4096 ὑμεῖς
2455 4025 2512 4078 δὲ
2566 4025 2705 4097 μηδὲ
2754 4025 2855 4096 τὴν
2899 4025 3009 4078 ἀπὸ
3060 4025 3162 4095 τῆς
3222 4025 3536 4096 παρουσίας

1927 4119 2083 4190 ὑμῶν
2125 4120 2160 4190 ἢ
2207 4120 2308 4190 τῆς
2331 4118 2687 4182 διδασκαλίας
2716 4119 3069 4188 εἰσφέροντες
3091 4118 3170 4190 τῷ
3200 4118 3535 4191 χειμαζομέι

1927 4231 2002 4282 νῳ
2034 4212 2149 4284 λαῷ
2177 4212 2414 4286 σπουδήν
2435 4231 2449 4279 ;

2499 4327 2625 4381 ΣΝ.
2666 4327 2949 4392 Παιανιῳ.

2001 4443 2173 4495 Ὅταν
2205 4441 2756 4512 ἐννοήσῃς.δὲσποτά
2801 4458 2904 4511 μου
2963 4440 3384 4514 θαυμασιώτατε
3439 4445 3538 4499 καὶ

1933 4536 2150 4609 μέλιτος
2189 4537 2321 4607 ἡμῖν
2365 4533 2692 4606 γλυκύτερε,
2727 4535 2812 4588 ὅτι
2867 4536 3007 4608 βαρύ
3064 4537 3158 4590 καὶ
3189 4537 3428 4609 ἐπαχθὲς
3474 4539 3538 4593 τὸ

1931 4630 2267 4704 κεχωρίσθαι
2307 4629 2490 4703 ἡμῶν,
2523 4629 2878 4700 λογιζόμενος
2922 4625 3035 4683 οἷον
3086 4633 3322 4703 πρᾶγμα
3367 4650 3538 4704 μετα-

1930 4727 2167 4800 χειρίζῃ.
2204 4728 2300 4780 καὶ
2333 4728 2416 4779 ὅτι
2444 4726 2600 4778 πόλιν
2624 4725 2921 4796 ὁλόκληρον
2948 4725 3238 4798 κατορθοῖς
3261 4727 3310 4790 δ,
3328 4728 3537 4797 μᾶλλον

1928 4820 1984 4872 δὲ
2035 4819 2364 4890 οἰκουμένην
2414 4817 2712 4887 ὁλόκληρον
2740 4816 2828 4869 διά
2874 4816 2973 4886 τῆς
3025 4816 3235 4879 πόλεως
3292 4818 3534 4889 ἐκείνης,

1933 4914 2134 4983 σκίρτα
2166 4915 2262 4966 καὶ
2283 4911 2601 4982 εὐφραίνου.
2618 4911 2773 4964 Μετά
2803 4909 2911 4981 γὰρ
2932 4911 3029 4982 τῆς
3044 4909 3316 4979 ὡφελείας
3331 4909 3537 4983 πολλὴν

1931 5006 2111 5071 ἔξεστί
2144 5024 2228 5058 σοι
2259 5005 2607 5077 καρποῦσθαι
2643 5005 2738 5058 καὶ
2766 5004 2866 5075 τὴν
2894 5001 3108 5075 ἡδονήν.
3150 5005 3212 5057 El
3259 5004 3368 5076 γὰρ
3398 5007 3538 5078 χρή-

1936 5102 2088 5171 ματά
2125 5118 2272 5164 τινες
2295 5099 2649 5167 συλλέγοντες
2676 5098 2748 5152 τά
2775 5115 2833 5151 τε
2858 5097 3215 5169 ἀπολλύμενα
3245 5100 3341 5152 καὶ
3369 5099 3538 5153 ἀπολ-

1931 5195 2098 5247 λύντα
2126 5194 2343 5257 αὐτοὺς,
2363 5191 2632 5263 τοσαύτης
2659 5191 3030 5264 ἐμφοροῦνται
3054 5192 3151 5262 τῆς
3169 5193 3536 5264 εὐφροσύνης,

1932 5288 2029 5342 καὶ
2062 5285 2272 5350 οἰκιῶν,
2306 5287 2400 5340 καὶ
2444 5285 2724 5354 γυναικὸς,
2753 5286 2849 5338 καὶ
2901 5285 3133 5345 τέκνων,
3166 5287 3261 5338 καὶ
3313 5286 3538 5341 πάντων

1931 5381 2040 5434 τῶν
2061 5380 2456 5451 προσηκόντων
2486 5379 2579 5430 ἐπὶ
2614 5378 2784 5430 πολὺν
2813 5379 3178 5448 χωριζόμενοι
3212 5379 3425 5449 χρόνον,
3451 5381 3536 5445 τίς

1934 5473 2000 5526 ἂν
2025 5474 2405 5543 παραστήσειε
2452 5468 2610 5537 λόγος
2650 5469 2748 5538 τὴν
2780 5469 2980 5538 ἡδονὴν
3003 5468 3100 5520 τοῦ
3141 5468 3402 5530 πλούτου,
3438 5469 3532 5521 τὸν

1932 5565 2187 5620 τοσοῦτον
2212 5563 2510 5636 θησαυρὸν,
2530 5562 2590 5614 δν
2608 5561 2731 5615 καθ’
2750 5561 2989 5631 ἑκάστην
3011 5561 3266 5630 συνάγεις
3292 5561 3532 5633 ἡμέραν,

2000 5693 2025 5762 ξ
2046 5691 2307 5762 Ρησωεςλ
2323 5687 2370 5734 ἐν
2389 5685 2599 5762 τοσαύτῃ
2628 5687 2848 5762 ῥᾳθυμίᾳ.

2002 5751 2021 5788 τ
2044 5753 2196 5802 Savil.
2225 5751 2414 5814 χρόνου·
2443 5748 2652 5810 ulraqué
2670 5748 2833 5797 'léclio
2853 5748 3077 5809 quadrat.

2000 5819 2023 5856 ε
2047 5817 2153 5864 Duo
2188 5828 2303 5861 mss.
2335 5814 2592 5875 βουλήθητι
2629 5812 2847 5860 τοίνυν...
2884 5812 2966 5858 καὶ
3011 5810 3244 5867 ἀλλήλους
3271 5809 3516 5872 διεγείρειν

1935 5880 2086 5930 Savil.
2111 5876 2348 5938 διεγεῖραι.

2004 5942 2033 5986 υ
2058 5941 2096 5991 Τ
2103 5936 2321 5993 ιέςηισε.
2356 5936 2693 6002 μεταχειρίζεις
2721 5974 2752 5988 ..
2774 5937 3037 6001 ὀλόκληρον
3057 5937 3225 6003 ὀρθοῖς.
