4152 6496
693 433 806 491 725

692 551 799 605 καὶ.
820 546 1139 618 φαινόμενος
1171 538 1357 596 αὐτόθι
1389 537 1546 609 μόνον
1567 528 1595 599 ς’
1618 535 1692 588 Οὑ
1723 532 1832 606 γάρ
1855 530 1920 602 δὴ
1955 527 2264 583 κολακεύων

697 659 756 694 σε
790 641 962 694 ταῦτα
990 636 1154 705 λέγω,
1190 632 1284 684 καὶ
1315 629 1494 682 ἴσασιν
1517 628 1565 679 οί
1592 625 1685 678 καὶ
1709 622 1999 683 ἀκούοντες
2038 619 2263 678 ἀπόντος

695 750 791 786 σου
815 730 985 784 ταῦτα
1004 727 1133 796 παρ’
1157 726 1190 792 ὴ
1200 722 1313 794 μῶν
1335 716 1589 783 ἐνταῦθα,
1617 714 1730 768 ἀλλ’
1762 713 2014 783 ἡδόμενος
2041 707 2265 796 σφόδρα,

695 822 790 875 καὶ
840 819 1062 890 χαίρων,
1089 795 1198 867 καὶ
1221 809 1582 880 πτερούμενο;
1609 805 1715 857 ὑπὸ
1765 802 1862 870 τῆς
1911 795 2264 867 εὐφροσύνης.

708 885 1080 982 Ἀρκεῖςγάρ.
1122 904 1216 958 καὶ
1257 900 1602 970 φαινόμενος,
1643 894 1870 955 πολλοὺς
1894 889 2131 962 ὀρθῶσαι
2163 885 2268 938 τῶν

695 975 902 1064 αὐτόθι,
947 975 1216 1068 στηρίξαι,
1257 991 1494 1061 ἀλεῖψαι,
1538 986 1922 1057 συγκροτῆσαι.
1972 976 2103 1033 Οἶδα
2159 975 2270 1044 ἐγὼ

695 1094 789 1146 τὸν
826 1064 1065 1163 ἀριστέα.
1088 1088 1179 1140 τὸν
1207 1085 1360 1155 ἐμὸν,
1388 1078 1504 1136 οἶδά
1538 1095 1631 1131 σου
1664 1076 1760 1137 τάς
1785 1068 2150 1142 ἀνδραγαθίας
2172 1064 2270 1127 τὰς

697 1155 904 1248 αὑτόθί,
932 1183 1022 1234 τὸν
1051 1179 1228 1248 ζῆλον,
1253 1175 1349 1244 τὴν
1378 1168 1704 1240 ἀγρυπνίαν,
1732 1166 1856 1228 τοὺς
1893 1161 2146 1232 δρόμους,
2177 1155 2268 1207 τὸν

696 1275 858 1328 πόνον
894 1247 996 1340 τῆς
1030 1247 1237 1338 ψυχῆς,
1286 1266 1384 1334 τὴν
1435 1256 1764 1331 παρρησίαν,
1805 1256 1906 1324 τὴν
1961 1247 2272 1317 ἐλευθερίαν

700 1364 819 1438 μεθ’
853 1359 919 1433 ῆς
953 1334 1056 1415 καὶ.
1098 1334 1408 1411 ἐπισκόπων
1456 1348 1897 1413 κατεξανίστασο,
1950 1341 2043 1394 τοῦ
2078 1334 2272 1408 καιροῦ

698 1457 886 1512 τούτου
929 1449 1306 1512 ἀπαιτοῦντος,
1346 1445 1482 1517 μετά
1531 1441 1626 1494 τοῦ
1675 1439 2043 1510 προσήκοντος
2091 1430 2275 1501 μέντοι

701 1549 921 1620 μέτρου.
971 1543 1080 1596 Καὶ
1115 1534 1423 1609 ἐθαύμαζόν
1461 1552 1517 1588 σε
1570 1534 1656 1586 ἐπ’
1706 1529 1954 1591 ἐκείνοις,
1991 1521 2172 1593 πολλῷ
2218 1521 2276 1573 δὲ

699 1613 862 1695 πλέον
895 1638 1007 1704 νῦν,
1034 1638 1135 1699 ὅτι,
1163 1635 1255 1686 καὶ
1289 1629 1514 1702 μηδενός
1547 1643 1630 1679 σοι
1659 1620 2034 1694 παραστάντος
2063 1613 2274 1678 αὐτόθι,

697 1732 835 1789 ἀλλά
860 1729 968 1783 τῶν
1002 1728 1097 1799 μὲν
1141 1723 1469 1794 φευγόντων,
1503 1718 1608 1772 τῶν
1648 1717 1704 1768 δὲ
1746 1713 2138 1782 ἐλαυνομένων,
2170 1706 2278 1759 τῶν

699 1823 759 1878 δέ
807 1797 1213 1891 κρυπτομένων,
1256 1813 1413 1884 μόνος
1463 1811 1702 1880 ἕστηκας
1754 1806 1846 1858 ἐπὶ
1889 1803 1989 1872 τῆς
2031 1797 2279 1869 παρατά-

702 1911 860 1980 ξεως,
906 1910 967 1963 τὸ
1018 1907 1264 1978 μέτωπον
1297 1903 1465 1972 αὑτῆς
1529 1895 1914 1968 κατακοσμῶν,
1964 1894 2057 1947 καὶ
2092 1891 2280 1944 οὑδένα

703 1979 883 2074 ἀφιεὶς
923 2000 1173 2070 γενέσθαι
1215 1994 1594 2063 λειποτάκτην,
1643 1987 1780 2043 ἀλλά
1825 1986 1918 2040 καὶ
1969 1986 2094 2045 τοὺς
2143 1979 2281 2052 μετά

703 2067 811 2148 τῶν
865 2067 1120 2146 ἐναντίων
1164 2085 1528 2155 τεταγμένους
1578 2084 1644 2152 τῇ
1691 2075 1958 2149 ἐμμελείᾳ.
2019 2090 2111 2125 σου
2161 2067 2280 2121 καθ’

705 2185 941 2254 ἑκάστην
964 2183 1174 2252 ἡμέραν
1210 2177 1487 2250 μεθιστᾷς.
1514 2173 1589 2224 υὺ
1614 2169 1702 2223 διά
1727 2167 1900 2220 ταῦτα
1932 2165 1988 2218 δὲ
2019 2159 2284 2231 θαυμάζω

708 2277 888 2348 μόνον,
911 2275 1022 2328 ἀλλ’
1046 2276 1128 2327 ὅτι
1163 2273 1254 2325 καὶ
1286 2272 1341 2322 ἐν
1377 2268 1458 2319 ἐν).
1495 2260 1777 2334 ίδρυμένος
1825 2256 2029 2329 χωρίῳ,
2063 2255 2160 2324 τὴν
2205 2254 2282 2305 οἰ-

705 2341 977 2436 κουμένην
1026 2365 1240 2416 ἃπασαν
1283 2355 1572 2429 μεριμνᾷς,
1621 2351 1690 2403 τὰ
1723 2351 1779 2402 ἐν
1823 2344 2171 2415 Παλαιστίνῃ,
2215 2341 2283 2393 τά

706 2457 766 2508 ἐν
798 2433 1036 2526 φοινίκῃ,
1083 2455 1150 2508 τά
1182 2454 1238 2504 ἐν
1270 2448 1512 2518 Κιλικία,
1551 2438 1625 2500 ὧν
1654 2443 1748 2496 καὶ
1781 2440 2013 2510 μάλιστα
2063 2433 2283 2506 φροντί-

708 2551 819 2616 ζειν
864 2547 1120 2616 ὀφείλεις.
1172 2540 1516 2598 Παλαιστινοὶ
1570 2537 1668 2608 μὲν
1716 2534 1824 2604 γάρ
1868 2532 1962 2585 καὶ
2007 2531 2284 2588 Φοίνικες,

709 2638 887 2713 καθὼς
937 2637 1107 2705 ἔγνων
1156 2633 1363 2702 σαφῶς,
1406 2631 1506 2682 οὑκ
1561 2626 1808 2690 ἐδέξαντο
1839 2623 1929 2676 τὸν
1979 2620 2130 2689 παρά
2177 2619 2286 2670 τῶν

708 2729 968 2812 ἐναντίων
994 2725 1370 2781 ἀποσταλέντα
1409 2723 1612 2781 ἐκεῖσε,
1640 2718 1763 2771 οὑδὲ
1800 2714 2144 2785 ἀποκρίσεως
2188 2711 2289 2763 αύ-

707 2825 799 2879 τδν
851 2804 1118 2894 ἠξίωσαν·
1161 2821 1189 2873 δ
1217 2820 1272 2872 δὲ
1305 2817 1505 2885 Αἰγῶν,
1538 2815 1613 2876 ῶς
1647 2814 1841 2880 εγνων,
1889 2809 1983 2863 καὶ
2011 2809 2041 2859 ό
2070 2804 2288 2875 Ταρσοῦ

713 2919 829 2988 μετ’
864 2913 1016 2988 [714]
1061 2912 1282 2966 ἐκείνων
1330 2909 1613 2962 τάττονται
1639 2943 1652 2966 ,
1711 2904 1804 2956 καὶ
1849 2904 1876 2954 ὁ
1920 2897 2291 2952 Κασταὸάλων

711 3007 944 3062 ἐνταῦθα
991 3004 1224 3077 ἐδήλωσέ
1284 3019 1391 3054 τινι
1455 2999 1563 3051 τῶν
1633 2995 1917 3066 ἡμετέρων
1961 2991 2162 3058 φίλων,
2210 2989 2292 3041 ὅτι

711 3098 1105 3168 ἀναγκάζουσιν
1161 3094 1358 3156 αὐτοὺς
1410 3091 1456 3143 οί
1502 3088 1610 3141 ἀπὸ
1660 3081 2289 3141 Κωνσταντινουπόλεως

710 3191 776 3259 τῇ
809 3186 1119 3257 παρανομίᾳ
1147 3181 1326 3237 αὑτῶν
1357 3176 1664 3237 συνθέσθαι,
1697 3177 1792 3228 καὶ
1819 3174 1953 3235 τέως
1984 3171 2286 3241 ἀντέχουσι.

715 3279 921 3350 Πολλῆς
971 3277 1151 3330 τοίνυν
1202 3291 1282 3327 σοι
1316 3272 1397 3325 δεῖ
1449 3271 1546 3340 τῆς
1606 3268 1908 3338 μερίμνης,
1955 3263 2156 3333 πολλῆς
2193 3263 2292 3331 τῆς

712 3369 1038 3445 ἀγρυπνίας,
1073 3367 1214 3420 ὥστε
1256 3366 1348 3419 καὶ
1377 3361 1534 3416 τοῦτο
1568 3360 1856 3432 διορθῶσαι
1897 3359 1957 3410 τὸ
2002 3358 2184 3428 μέρος,
2215 3353 2293 3424 τῷ

714 3462 945 3532 δεσπότῃ
977 3477 1078 3531 μου
1113 3457 1381 3528 γράψαντι
1410 3453 1487 3524 τῷ
1512 3451 1718 3521 ἀνεψιῷ
1756 3467 1870 3513 σου,
1897 3449 1973 3519 τῷ
2011 3448 2184 3518 κυρίῳ
2215 3445 2294 3515 τῷ

715 3553 1001 3622 ἐπισκόπῳ
1029 3549 1305 3619 Θεοδώρῳ.
1338 3547 1419 3600 Τά
1452 3544 1592 3598 κατά
1619 3543 1916 3615 Φαρέτριον
1949 3539 2168 3610 λυπηρά
2196 3539 2294 3608 μὲν

715 3647 812 3700 καὶ
840 3644 1042 3715 σφόδρα
1077 3641 1302 3712 ἀνιαρά·
1335 3639 1473 3710 πλὴν
1494 3637 1608 3692 ἀλλ’
1632 3635 1821 3706 ἐπειδὴ
1848 3636 1898 3687 οί
1934 3633 2294 3705 πρεσϐύτεροι

718 3736 882 3792 αὑτοῦ
916 3735 1039 3789 οὗτε
1074 3734 1362 3803 συνέτυχον
1402 3732 1514 3793 τοῖς
1551 3729 1834 3791 ἐναντίοις,
1883 3727 1957 3790 ὡς
2007 3727 2134 3798 φὴς,
2171 3723 2294 3777 οὑτε

718 3826 1000 3899 αἱροῦνται
1045 3826 1231 3886 αὑτοῖς
1273 3821 1620 3891 κοινωνῆσαι,
1669 3820 1782 3873 ἀλλ’
1815 3818 1889 3881 ὡς
1921 3818 2188 3886 λέγουσιν,
2217 3815 2296 3867 ἔτι

724 3918 840 3990 μεθ’
863 3917 1019 3990 ἡμῶν
1056 3917 1342 3987 ἐστήκασι,
1379 3917 1542 3987 μηδὲν
1568 3914 1770 3968 τούτων
1799 3911 2136 3981 κοινωνήσῃς
2163 3908 2298 3978 πρὸς

723 4011 918 4074 αύτούς
949 4022 976 4050 ι
998 4025 1011 4038 ⁸
1045 4010 1167 4061 ἐπεὶ
1199 4008 1234 4062 ἃ
1264 4008 1517 4078 ἐποίησεν
1549 4009 1626 4066 είς
1656 4007 1802 4074 ἡμᾶς
1836 4005 1864 4055 ό
1889 4001 2188 4073 Φαρέτριος
2217 3999 2300 4050 0'3-

721 4100 912 4171 δεμίαν
939 4099 1050 4169 ἔχει
1083 4095 1429 4166 συγγνώμην.
1468 4097 1529 4148 '0
1562 4095 1742 4164 μέντοι
1771 4092 1968 4163 κλῆρος
1997 4089 2159 4143 αὺτοῦ
2192 4089 2299 4150 πᾶς

725 4194 820 4242 καὶ
853 4189 1027 4259 ῆλγει.
1066 4188 1159 4241 καὶ
1196 4185 1450 4257 ὠδύρετο,
1485 4187 1577 4238 καὶ
1606 4185 1842 4255 ἐθρήνει,
1871 4181 1965 4234 καὶ
1999 4180 2116 4251 μεθ’
2140 4179 2298 4251 ἡμῶν

724 4285 860 4347 ὅλως
893 4279 960 4356 ἦν
994 4283 1059 4352 τῇ
1091 4280 1304 4350 γνώμῃ.
1346 4279 1484 4331 Ἀλλ’
1515 4279 1602 4330 ἴνα
1635 4277 1710 4348 μὴ
1737 4275 1954 4337 τούτους
1985 4275 2299 4344 ποιήσωμεν

728 4373 1097 4444 ἁποπηδῆσαι,
1141 4373 1236 4424 καὶ
1279 4370 1642 4441 τραχυτέρους
1689 4365 2071 4438 ἐργασώμεθά,
2113 4362 2302 4434 μαθὼν

731 4470 944 4521 ἅπαντα
970 4465 1039 4517 τά
1067 4464 1174 4518 ἀπὸ
1199 4461 1306 4516 τῶν
1334 4460 1668 4532 ἐπαρχικῶν,
1695 4457 1845 4529 παρὰ
1875 4455 2056 4527 σαυτῷ
2080 4455 2300 4525 κάτεχε,

732 4558 822 4612 καὶ
849 4556 988 4627 μετά
1017 4555 1217 4623 πολλῆς
1247 4555 1583 4625 ἡμερότητος
1613 4552 1796 4612 αὑτοῖς
1822 4549 2161 4618 προσφέρουο
2187 4543 2303 4600 οἶδα

731 4649 839 4718 γάρ
889 4664 980 4700 σου
1025 4645 1086 4698 τὸ
1132 4643 1500 4712 οίκονομικόν·
1542 4642 1635 4696 καὶ
1679 4641 1832 4707 λέγε,
1875 4639 1957 4692 ὅτι
2005 4638 2113 4691 Καὶ
2146 4637 2304 4706 ἡμεῖς

734 4737 1065 4809 ἠκούσαμεν,
1091 4737 1171 4788 ὅτι
1203 4735 1406 4805 σφόδρα
1433 4733 1668 4804 ῆλγησεν
1699 4730 1790 4783 ἐπὶ
1822 4732 1934 4792 τοῖς
1973 4728 2304 4798 γενομένοις,

734 4832 827 4888 καὶ¹
852 4831 933 4882 ὅτι
963 4829 1174 4898 ἕτοιμος
1202 4822 1269 4896 ἦν
1298 4825 1474 4877 πάντα
1507 4822 1700 4875 παθεῖν
1727 4822 1866 4892 ὑπὲρ
1891 4819 1985 4873 τοῦ
2014 4817 2307 4890 διορθῶσαι

736 4929 910 4983 πάντα
937 4925 1006 4978 τά
1035 4923 1217 4986 κακῶς
1239 4920 1594 4991 τολμηθέντα.
1619 4917 1692 4970 Τὸ
1721 4917 1880 4987 σῶμα
1905 4917 2038 4986 ἡμῖν
2063 4916 2121 4966 ἐν
2148 4913 2308 4983 ὑγεία

737 5019 927 5088 πολλῇ,
963 5016 1059 5069 καὶ
1091 5016 1156 5066 τά
1195 5013 1422 5082 λείψανα
1465 5010 1561 5079 τῆς
1607 5005 1914 5080 ἀρρωστίας
1952 5001 2304 5074 ἀπεθέμεθα·

721 5110 862 5164 ,ὅταν
904 5108 960 5160 δὲ
1005 5105 1369 5174 ἐννοήσωμεν,
1412 5103 1493 5154 ὅτι
1552 5101 1632 5153 σοῖ⁸
1688 5100 1781 5151 καὶ
1834 5097 1990 5151 τοῦτο
2037 5095 2307 5167 φροντίςδ

737 5204 905 5262 ἐστιν,
951 5199 1011 5252 ού
1055 5198 1224 5268 μικρά
1275 5197 1366 5249 καὶ
1415 5196 1575 5248 τοῦτο
1627 5193 1811 5260 ὑγείας
1868 5193 2002 5261 ἡμῖν
2053 5187 2310 5252 ὑπόθεσις

737 5294 966 5361 γίνεται,
997 5292 1079 5343 ὅτι
1129 5288 1270 5342 οὑτω
1307 5286 1531 5357 σφοδρὸν
1562 5285 1756 5355 ἔχομεν
1786 5285 2038 5354 ἐραστήν.
2081 5283 2138 5334 'U
2179 5283 2310 5345 Θεός

741 5403 822 5438 σοι
850 5383 946 5454 τῆς
984 5381 1238 5450 τοιαύτης
1280 5379 1538 5447 σπουδῆς,
1574 5376 1674 5445 τῆς
1713 5376 1964 5445 ἀγάπης,
1998 5372 2093 5426 τοῦ
2122 5372 2308 5443 ζήλου,

738 5479 837 5546 τῆς
869 5475 1174 5546 ἀγρυπνίας
1202 5472 1278 5544 δῷ
1310 5471 1401 5525 τὸν
1431 5468 1641 5541 μισθὸν,
1679 5469 1781 5522 κάν
1812 5467 1889 5538 τῷ
1926 5465 2158 5538 παρόντι
2190 5465 2308 5536 βίῳ,

743 5570 844 5623 κάν
888 5566 966 5637 τῷ
1003 5565 1248 5636 μέλλοντι
1287 5563 1466 5629 αἰῶνι,
1511 5562 1603 5614 καὶ
1635 5561 1913 5630 τειχίσειε,
1943 5558 2036 5612 καὶ
2072 5559 2313 5630 φρουρὴ-

745 5677 876 5715 σειε.
907 5661 1001 5712 καὶ
1039 5656 1415 5726 ἀσφαλίσαιτο,
1466 5654 1561 5708 καὶ
1609 5651 1959 5718 καταξιώσειε
1996 5651 2105 5705 τῶν
2142 5652 2311 5722 ἀπορ·

806 5826 835 5856 ⁸
861 5825 966 5887 Duo
991 5840 1105 5875 mss.
1135 5826 1275 5887 μηδὲν
1292 5825 1468 5874 τούτων
1490 5826 1684 5886 κινήσῃς
1704 5825 1814 5886 πρὸς
1837 5822 2018 5880 αύτούς.

808 5895 836 5931 ιι
856 5886 1001 5941 Cum.
1028 5886 1195 5939 τούτου
1219 5888 1415 5954 φροντίς.

1360 427 1418 484 S.
1464 425 1749 485 JOANNIS
1784 416 2271 482 CIIRYSQSTOMI
2311 413 2627 472 ABCIIIEP.
2671 407 3209 469 CONSTANTINOP.

3851 384 3949 441 726

2377 528 2556 594 ρήτων
2589 522 2811 576 ἐκείνων
2853 513 3090 584 ἀγαθῶν.
3125 509 3250 580 Δοίη
3290 507 3345 561 δὲ
3395 505 3485 557 καὶ
3518 501 3655 572 ἡμῖν
3684 497 3893 568 ταχέως
3919 505 3946 536 ⁸

2381 620 2506 672 ίόεῖν
2545 633 2638 668 σου
2675 613 2737 665 τὸ
2763 607 3009 663 ποθεινόν
3035 603 3346 674 πρόσωπον,
3379 590 3684 650 ἀπολαῦσαί
3720 605 3820 642 σου
3854 589 3951 656 τῆς

2377 707 2635 773 γλυκείας
2673 701 2870 772 ψυχῆς,
2914 696 3005 750 καὶ
3040 695 3139 766 τῆν
3179 689 3469 756 καλλίστην
3511 682 3718 751 ταύτην
3762 679 3953 749 ἑορτὴν

2377 771 2624 867 ἀγαγεῖν.
2670 771 2842 847 Οἶσθα
2873 789 2983 860 γὰρ
3025 788 3106 840 ὃτι
3157 784 3248 836 καὶ
3293 779 3454 850 ἐορτὴ
3495 778 3628 846 ἡμῖν
3676 771 3773 825 καὶ
3818 786 3953 823 παν·

2379 860 2576 959 ήγυρις
2622 885 2681 938 τὸ
2735 877 3136 946 καταξιωθῆναι
3180 874 3278 943 τῆς
3323 870 3543 942 ἡδίστης
3595 867 3691 918 καὶ
3745 860 3954 915 πολλῶν

2380 955 2601 1049 ἀγαθῶν
2646 974 2919 1047 γεμούσης
2957 966 3241 1030 συνουσίας
3277 982 3393 1028 σου,
3438 962 3532 1016 καὶ
3576 958 3784 1024 ταύτης
3830 955 3954 1008 ἀπιο-

2378 1073 2572 1136 λαῦσαι
2609 1070 2794 1124 πάλιν.

2747 1217 2793 1268 Σ
2796 1215 2855 1268 E'
2862 1252 2876 1266 .
2927 1207 3238 1270 Ἀνατολίῳ
3268 1198 3589 1271 ἐπαρχικῷ.

2466 1363 2591 1433 Ὀψέ
2627 1360 2725 1433 μὲν
2751 1355 3047 1412 ἐπιστέλλω
3075 1353 3168 1406 καὶ⁵
3199 1349 3404 1422 βραχέα
3426 1347 3476 1409 ὃ,
3515 1344 3718 1416 μᾶλλον
3743 1341 3804 1394 δὲ
3837 1339 3962 1411 βρα-

2390 1431 2548 1520 δέως,
2569 1431 2706 1525 πρὸς
2730 1453 2829 1521 τὴν
2860 1450 2957 1520 σὴν
2986 1445 3269 1514 εὐγένειαν
3289 1459 3302 1471 ο
3329 1440 3466 1509 πλὴν
3492 1437 3607 1491 ἀλλ’
3629 1436 3692 1489 οὐ
3721 1431 3958 1505 ῥᾳθυμία

2384 1551 2482 1620 τὴν
2512 1547 2668 1616 σιγὴν
2712 1544 3021 1615 είργάσατο,
3070 1536 3182 1593 ἀλλ’
3219 1531 3498 1606 ἀρρωστία
3530 1527 3746 1598 μακράο
3789 1525 3861 1586 ῶς
3892 1526 3956 1592 τῇ

2387 1616 2450 1712 γε
2483 1641 2672 1711 ἀγάπῃ
2701 1635 2962 1708 διηνεκῶς
2986 1629 3358 1699 συνδεδέμεθα,
3392 1623 3456 1678 τὸ
3487 1619 3709 1692 γνήσιόν
3736 1634 3832 1670 σου
3860 1616 3955 1686 τῆς

2387 1707 2606 1802 ἀγάπης
2877 1727 2937 1779 τὸ
2968 1722 3268 1792 ἐλευθέριον
3294 1719 3392 1788 τῆς
3424 1713 3672 1784 γνώμης,
3700 1710 3762 1764 τὺ
3782 1707 3960 1765 ⁸ἀπλα-

2390 1797 2510 1876 στον
2564 1797 2657 1874 καὶ
2712 1816 3017 1887 εἰλικρινές.
3074 1811 3182 1867 Καὶ
3235 1811 3337 1862 οὑκ
3396 1801 3755 1887 ἐπαυσάμεθα
3825 1797 3961 1868 πρὸς

2390 1913 2629 1972 ἅπαντας
2674 1883 3137 1975 ἀνακηρύττοντες
3167 1899 3264 1969 τὴν
3314 1893 3571 1954 διάθεσιν,
3601 1885 3671 1960 ῆς
3725 1883 3962 1956 συνεχῶς

2389 1998 2781 2069 ἀπηλαύσαμεν
2804 1973 2956 2060 παρά
2981 1989 3081 2057 τῆς
3111 1987 3208 2058 σῆς
3237 1979 3532 2052 εὐγενείας,
3561 1979 3681 2046 οὑχὶ
3703 1973 3963 2044 παρόντες

2395 2063 2573 2163 μόνον,
2606 2063 2741 2141 ἀλλά
2768 2085 2860 2138 καὶ
2898 2080 3156 2142 ἀπόντεςο
3196 2076 3255 2129 ού
3297 2073 3404 2145 γάρ
3452 2069 3591 2142 μετά
3627 2067 3726 2138 τὴν
3766 2063 3967 2132 ἀποδη-

2396 2152 2521 2252 μίαν
2554 2176 2739 2231 ἔλαθεν
2779 2174 2946 2246 ἡμᾶς,
2985 2171 3084 2244 ὅσα
3128 2167 3220 2220 καὶ
3253 2165 3425 2217 ποιεῖν
3472 2159 3567 2214 καὶ
3609 2157 3791 2224 λέγειν
3828 2152 3964 2222 ὑπὲρ

2394 2242 2549 2343 ῆμῶν
2582 2242 2940 2326 ἐσπούδακας.
2979 2242 3038 2314 'O
3072 2258 3202 2320 Θεός
3238 2272 3318 2310 σοι
3349 2252 3462 2323 δῴη
3502 2249 3594 2303 τὸν
3636 2245 3829 2318 μισθὸν
3872 2242 3968 2311 τῆς

2395 2333 2546 2437 [Ιῖιὸ]
2593 2359 2848 2427 τοιαύτης
2893 2353 3147 2419 σπουδῆς,
3194 2349 3287 2402 καὶ
3335 2342 3588 2404 ἐνταῦθα,
3641 2340 3736 2392 καὶ
3781 2340 3840 2390 ἐν
3893 2333 3967 2403 τῷ

2399 2427 2643 2525 μέλλοντι
2689 2448 2864 2504 αίῶνι.
2900 2447 3018 2498 Ἵνα
3062 2442 3118 2495 δέ
3167 2439 3260 2493 καὶ¹
3309 2435 3551 2498 πλείονος
3605 2427 3968 2495 ἀπολαύωμεν

2396 2521 2622 2615 ἦδονῆς,
2671 2541 2745 2612 μὴ
2787 2539 3087 2610 γράφοντες
3130 2533 3309 2604 μόνον,
3353 2527 3489 2581 ἀλλά
3529 2523 3626 2577 καὶ
3671 2521 3971 2592 γράμματα

2395 2609 2683 2707 δεχόμενοι
2707 2609 2852 2702 παρά
2896 2629 2996 2698 τῆς
3028 2622 3316 2696 ἐμμελείας
3362 2619 3462 2689 τῆς
3495 2616 3627 2686 σῆς,
3676 2609 3971 2665 ἐπιστεῖλαι

2397 2703 2534 2798 ἡμῖν.
2562 2723 2963 2796 παρακλήθητι,
2997 2718 3124 2790 περὶ
3157 2715 3254 2784 τῆς
3279 2711 3467 2780 ὑγείας
3491 2708 3587 2777 τῆς
3623 2707 3723 2773 σῆς
3745 2703 3971 2768 εὐαγγε-

2398 2793 2696 2889 λίζόμενος,
2735 2815 2822 2867 ἵνα
2855 2813 2948 2866 καὶ
2978 2814 3034 2864 ἐν
3071 2811 3135 2880 τῇ
3163 2803 3367 2878 ἐρημίᾳ
3404 2799 3578 2872 ταύτῃ
3620 2793 3971 2863 καθεζόμενοι

2401 2883 2598 2979 πολλὴν
2655 2901 3076 2977 καρπωσὼμεθα
3132 2899 3230 2970 τὴν
3300 2893 3667 2964 παράκλησιν.
3713 2887 3813 2940 ‘Av
3867 2883 3970 2955 γὰρ

2400 2974 2678 3071 δεξώμεθα
2707 2974 2994 3064 ἐπιστολὴν
3030 2991 3128 3061 τῆς
3167 2989 3386 3058 ἀγάπης
3418 3002 3532 3047 σου,
3584 2980 3654 3034 τά
3702 2977 3831 3049 περὶ
3877 2974 3974 3045 τῆς

2402 3069 2619 3165 ῥώσεως
2659 3092 2788 3160 ἡμῖν
2831 3083 3278 3154 ἀπαγγέλλουσαν
3319 3079 3418 3148 τῆς
3455 3076 3579 3145 σῆς,
3623 3073 3717 3127 καὶ
3748 3069 3855 3124 τῶν
3895 3069 3974 3121 σοι

2402 3161 2786 3256 προσηκόντων
2821 3177 3094 3238 ἀπάντων,
3121 3171 3345 3241 πολλὴν,
3374 3169 3469 3222 καὶ
3497 3169 3554 3220 ἐν
3587 3163 3845 3234 ἀλλοτρία
3867 3161 3974 3214 δια-

2401 3276 2675 3349 τρίϐοντες
2704 3276 2795 3345 γῇ,
2822 3268 3087 3342 δεξόμεθα
3117 3264 3486 3338 παράκλησιν.

2796 3427 2932 3483 EG".
2972 3420 3281 3484 Θεοδούλῳ
3307 3416 3585 3483 διακόνῳ.

2476 3591 2536 3644 Εἰ
2571 3587 2662 3641 καὶ
2704 3583 2936 3656 χαλεπὸς
2963 3585 2996 3636 ό
3021 3577 3248 3650 χειμὼν,
3292 3575 3387 3628 καὶ
3417 3573 3553 3645 πρὸς
3587 3569 3719 3640 ὕψος
3756 3570 3980 3640 ἐγήγερ-

2404 3699 2493 3736 ται
2539 3679 2700 3750 μέγα,
2737 3675 2830 3728 καὶ
2867 3674 2917 3726 οί
2951 3670 3262 3742 βουλόμενοι
3305 3662 3664 3735 λυμαίνεσθαι
3703 3662 3824 3722 ταῖς
3863 3659 3980 3712 ἐκ-

2405 3772 2654 3841 κλησίαις
2680 3770 2798 3830 ταῖς
2831 3776 2855 3803 ο
2883 3767 2963 3827 είς
2992 3761 3215 3815 Γοτθίαν
3261 3757 3462 3826 πολλὴν
3507 3752 3788 3807 ποιοῦνται
3819 3765 3982 3802 σπου-

2405 3866 2520 3934 δὴν,
2565 3857 2836 3928 πανταχοῦ
2871 3855 3307 3927 περιτρέχοντες,
3351 3848 3467 3902 ἀλλ’
3493 3848 3650 3917 ὑμεῖς
3685 3845 3760 3914 μὴ
3810 3841 3980 3896 διαλί-

2407 3927 2546 4026 πητε
2588 3953 2658 4006 τα
2687 3927 2817 4021 παρ’
2848 3947 3054 4002 ἑαυτῶν
3093 3943 3458 4014 εἰσφέροντες.
3494 3937 3611 3992 Κᾶν
3663 3936 3774 4006 γάρ
3816 3927 3979 4005 μηδὲν

2406 4025 2640 4118 ἁνύσητε
2674 4043 2856 4106 πλέον,
2901 4042 3039 4110 ὅπερ
3081 4039 3178 4108 ούχ
3217 4033 3478 4106 ἡγοῦμαι,
3527 4030 3642 4083 ἀλλ’
3691 4029 3842 4098 ὅμως
3887 4025 3982 4095 τῆς

2407 4140 2668 4208 γνώμης,
2717 4136 2810 4188 καὶ
2864 4133 2964 4201 τῆς
3016 4128 3323 4200 προθέσεως
3362 4119 3771 4194 ἀπηρτισμένον
3831 4117 3981 4187 ἔχετε

2410 4232 2560 4302 παρά
2601 4227 2692 4283 τοῦ
2725 4222 3106 4297 φιλανθρώπου
3149 4218 3282 4272 θεοῦ
3313 4218 3404 4271 τὸν
3445 4213 3654 4285 μισθόν.
3685 4211 3780 4282 Μὴ
3807 4210 3982 4262 τοίνυν

2409 4325 2613 4396 κάμῃς,
2639 4317 2910 4389 ἀγαπητέ,
2942 4313 3275 4377 σπουδάζων,
3322 4306 3624 4396 μεριμνῶν,
3661 4302 3978 4375 φροντίζων,

2411 4389 2504 4469 καῖ
2535 4389 2622 4466 διὰ
2659 4409 2878 4474 σαυτοῦ,
2923 4408 3016 4460 καὶ
3061 4405 3128 4458 δι’
3170 4405 3390 4475 ἐτέρων,
3434 4393 3509 4454 ῶν
3541 4399 3608 4453 ἀν
3653 4391 3765 4449 οἷόν
3811 4412 3872 4447 τι
3912 4389 3981 4467 ᾖ,

2411 4500 2552 4554 ὥστε
2587 4497 2661 4570 μὴ
2682 4494 2933 4566 γενέσθαι
2957 4492 3200 4566 ταραχὰς
3226 4490 3412 4546 αὑτὸθι
3441 4489 3534 4542 καὶ
3561 4485 3842 4558 θορύδους.
3873 4483 3983 4552 Πρὸ

2410 4593 2467 4646 δὲ
2510 4592 2728 4645 πάντων
2756 4574 2998 4659 εῦχεσθε,
3040 4586 3133 4640 καὶ
3164 4584 3240 4656 μὴ
3285 4583 3567 4652 διαλίπητε
3601 4578 3834 4640 ἐκτενῶς
3872 4576 3984 4630 δεό-

2417 4703 2567 4758 μενοι
2611 4683 2705 4736 τοῦ
2752 4678 3130 4752 φιλανθρώπου
3177 4677 3333 4741 Θεοῦ,
3369 4678 3465 4729 καὶ
3501 4673 3639 4746 μετά
3679 4672 3779 4742 τῆς
3821 4685 3984 4741 προσ-

2415 4778 2654 4851 ηκούσης
2691 4774 2942 4843 σπουδῆς,
2979 4773 3068 4826 ἵνα
3105 4769 3240 4841 λύσῃ
3268 4769 3338 4822 τά
3372 4767 3670 4837 κατέχοντα
3696 4764 3792 4816 νῦν
3821 4761 3981 4824 κακὰ,

2417 4873 2511 4925 καὶ
2556 4867 2756 4938 πολλὴν
2800 4865 3057 4938 παράσχῃ
3085 4861 3180 4918 καὶ
3211 4860 3431 4932 βαθεῖαν
3467 4861 3536 4930 τῇ
3574 4854 3872 4926 Ἐκκλησία
3911 4853 3986 4904 εί-

2419 4965 2608 5036 ρήνην.
2631 4961 2781 5023 Τέως
2810 4959 3010 5029 μέντοι,
3035 4959 3173 5028 ὅπερ
3197 4954 3290 5008 καί¹
3321 4951 3628 5023 ἔμπροσθεν
3659 4947 3983 5012 ἐπέσταλκα,

2418 5056 2594 5111 πάντα
2647 5052 2932 5122 ποιήσατε,
2969 5049 3109 5102 ὥστε
3153 5044 3418 5116 ἀναϐολήν
3454 5060 3576 5096 τινα
3620 5039 3873 5108 γενέσθαι
3913 5038 3986 5108 τῷ

2417 5146 2726 5218 πράγματι,
2757 5141 2851 5195 καὶ
2889 5141 3068 5211 γράφε
3108 5141 3238 5211 ἡμῖν
3266 5134 3526 5206 συνεχῶς,
3557 5131 3663 5196 ἓως
3691 5130 3760 5185 ἂν
3799 5125 3866 5205 ᾖς
3898 5131 3988 5184 αὑ-

2418 5240 2554 5295 τόθι.

2419 5354 2546 5410 ΣΖ’.
2587 5353 2710 5417 Τοῖς
2741 5349 3064 5421 μονάζιγυσι
3103 5348 3347 5432 Γότθοις
3389 5343 3514 5408 τοῖς
3563 5342 3632 5396 ὲν
3675 5337 3800 5402 τοῖς
3845 5340 3984 5408 Προ-

3092 5433 3311 5488 μωτου.

2496 5537 2708 5604 Ἔγνων
2749 5534 2843 5588 καὶ
2881 5533 2987 5604 πρὸ
3024 5531 3130 5585 τῶν
3174 5527 3516 5601 γραμμάτων
3556 5526 3668 5582 τῶν
3714 5524 3984 5599 ὑμετέρων

2487 5761 2506 5782 ⁸
2533 5754 2730 5803 Cnlslin.
2755 5757 2808 5801 et
2833 5750 3018 5801 Fabric.
3045 5751 3123 5799 καὶ
3147 5754 3273 5811 ἡμᾶς
3292 5750 3491 5811 ταχέως.

2487 5765 2506 5782 τ
2533 5765 2730 5803 ιζοιειιῐι.
2755 5765 2808 5801 et
2835 5765 3018 5801 nunc.
3045 5765 3123 5799 και
3147 5765 3273 5811 ἡμας
3292 5765 3350 5796 τα
3385 5765 3491 5804 εως.

2484 5815 2511 5858 d
2535 5816 2683 5865 νειιυ.
2711 5821 2765 5863 ει
2783 5812 2932 5864 Savil.
2970 5813 3088 5876 Ὀψέ
3112 5829 3194 5876 μεν
3220 5765 3585 5876 ima-tingui!
3606 5808 3822 5874 βραδέως

2489 5883 2510 5910 ε
2535 5879 2730 5932 Coislin.
2757 5870 3056 5939 λυμαίνεσθαι
3075 5870 3157 5930 τὰς
3177 5871 3429 5932 ἐκκλησίας
3445 5870 3544 5927 τάς.
