4152 6486
187 424 312 484 735

187 541 298 597 sed
342 555 452 612 pr:
496 539 664 596 nimio
705 537 902 612 gaudio
943 552 1008 594 ac
1051 535 1234 594 latitia
1259 543 1532 608 gestiens,
1575 541 1631 590 et
1673 531 1806 615 inci-

191 641 370 690 tatus.
401 632 595 690 Multos
621 632 764 688 enim
805 646 1022 695 eorum,
1058 631 1148 702 qui
1193 629 1314 686 istic
1353 635 1513 694 sunt,
1545 634 1699 697 potes
1724 625 1809 681 vel

187 723 320 780 sola
365 726 648 796 presentia
691 735 780 780 tua
827 723 1106 780 meliorem
1153 721 1221 778 ad
1267 720 1474 792 frugem
1505 719 1805 783 traducere,

191 821 461 887 firmare,
509 819 818 886 instruere,
868 817 1239 873 corroborare.
1305 814 1438 870 Novi
1493 829 1592 884 ego
1646 826 1809 884 quam

194 925 336 966 acer
364 909 592 966 bellator
631 910 729 974 sls,
753 907 877 963 novi
905 923 1064 978 quam
1104 907 1268 962 multa
1298 913 1445 976 gesta
1472 904 1582 959 sint
1620 903 1738 958 istic
1779 916 1810 955 a

194 1013 256 1059 te
285 1001 547 1074 prmelara
569 999 825 1067 facinora,
845 1001 966 1054 novi
994 999 1189 1063 zelum,
1217 996 1567 1068 vigilantiam,
1594 1008 1808 1059 cursus,

195 1099 403 1153 anima:
430 1095 688 1161 laborem,
719 1093 988 1160 ﬁduciam,
1037 1094 1362 1157 libertatem,
1394 1106 1497 1160 qua
1543 1087 1811 1160 episcOpis

199 1191 474 1255 restitisti,
505 1203 627 1244 cum
677 1195 886 1257 tempus
914 1187 965 1240 id
994 1187 1330 1255 requireret,
1359 1183 1571 1238 tametsi
1598 1196 1721 1238 cum
1746 1195 1811 1236 ca

201 1298 312 1352 qua
342 1281 522 1338 decuit
549 1279 930 1335 moderatione.
978 1280 1055 1332 Ac
1079 1276 1361 1332 laudabam
1399 1284 1459 1330 te
1486 1274 1702 1346 quidem
1743 1273 1812 1328 ob

199 1377 326 1432 limo
356 1384 500 1431 tanta
529 1384 701 1446 gesta,
721 1373 890 1427 multo
922 1388 1050 1427 vero
1071 1371 1302 1440 amplius
1330 1386 1492 1435 nunc,
1515 1383 1661 1434 cum,
1689 1366 1816 1421 licet

199 1468 581 1525 nemoisticte
609 1466 845 1536 adjuvet,
900 1464 994 1520 sed
1024 1463 1113 1518 alii
1151 1461 1417 1534 fugerint,
1463 1461 1555 1515 alii
1594 1458 1815 1529 relegati

200 1565 340 1631 sint,
368 1563 460 1618 alii
498 1575 617 1617 sese
641 1559 968 1627 abdiderint,
999 1569 1056 1614 tu
1086 1559 1139 1614 in
1180 1559 1296 1613 acie
1323 1557 1472 1612 solus
1497 1564 1632 1620 stes,
1663 1554 1814 1623 ejus-

201 1671 318 1728 que
340 1655 573 1711 frontem
600 1669 783 1721 ornes,
816 1668 916 1709 nec
941 1653 1108 1708 ullum
1126 1651 1332 1707 ordinis
1359 1651 1690 1705 desertorem
1721 1646 1818 1702 lie-

202 1750 257 1806 ri
272 1750 439 1816 siaas,
470 1748 562 1803 sed
579 1762 674 1803 eos
689 1747 849 1802 etiam
869 1744 960 1816 qui
979 1744 1410 1800 adversariorum
1424 1750 1605 1811 partes
1623 1753 1818 1810 seque-

202 1842 427 1906 bantur,
459 1839 692 1912 quotidie
717 1838 784 1894 ad
814 1848 931 1893 tuas
959 1838 1090 1891 mira
1113 1835 1374 1890 suavitate
1407 1833 1676 1888 traducas.
1707 1829 1813 1886 Ne-

201 1952 317 2008 que
339 1945 393 1991 te
422 1945 636 2005 propter
666 1934 780 1990 lucc
812 1932 974 1988 laudo
1004 1941 1231 1998 tantum,
1272 1931 1366 1986 sed
1395 1931 1560 1985 etiam
1589 1928 1731 1998 quod
1764 1927 1816 1982 in

206 2044 322 2084 uno
352 2028 674 2084 constitutus
712 2028 853 2092 loco,
887 2025 1118 2080 universi
1150 2033 1419 2079 terrarum
1457 2024 1607 2078 orbis
1632 2036 1816 2076 curam

205 2135 392 2191 geras,
414 2121 728 2185 Palaestinae,
755 2118 1061 2183 Phoenicim,
1088 2118 1288 2173 Cilicia:
1312 2117 1671 2188 negotiorum,
1697 2131 1819 2185 qua:

209 2213 554 2283 potissimum
593 2226 782 2266 curare
808 2209 994 2265 debes.
1028 2209 1158 2263 Nam
1191 2209 1461 2264 Patrestini
1491 2207 1706 2278 quidem
1757 2221 1821 2262 ac

209 2304 521 2370 Phoenices,
555 2314 612 2358 ut
633 2303 799 2373 probe
829 2303 973 2368 novi,
999 2302 1270 2355 hominem
1293 2301 1440 2355 illum
1467 2299 1534 2354 ab
1563 2299 1820 2356 adversa-

208 2397 313 2452 riis
342 2399 564 2451 missum
592 2412 699 2451 non
729 2395 1090 2457 admiserunt;
1121 2393 1373 2464 )Egensis
1405 2404 1582 2448 autem
1610 2403 1665 2448 et
1685 2393 1820 2447 'l'ar-

208 2489 394 2544 sensis
428 2503 456 2541 a
487 2487 729 2559 partibus
759 2486 968 2542 illorum
999 2495 1163 2552 stant,
1195 2493 1255 2540 ut
1281 2485 1481 2551 audivi,
1527 2492 1584 2540 et
1636 2485 1822 2540 admo-

214 2582 631 2652 nuitquemdam
650 2599 714 2638 ex
745 2582 931 2636 amicis
950 2581 1148 2636 nostris
1175 2580 1579 2636 Castabalorum
1603 2579 1680 2653 (a)
1707 2582 1824 2651 epi-

211 2691 415 2746 scopus
441 2717 455 2741 ,
487 2676 630 2746 ipsos
652 2689 682 2728 a
703 2673 1305 2744 Constantinopolitanis
1327 2676 1443 2742 cogi
1473 2673 1687 2727 illorum
1717 2673 1822 2726 ini-

213 2769 411 2839 quitati
437 2767 710 2834 assentiri,
741 2767 832 2822 sed
859 2768 1071 2822 interim
1096 2776 1272 2821 tamen
1297 2764 1820 2826 resistere._blultam

215 2863 384 2933 igitur
411 2861 667 2916 adhibeas
719 2859 1132 2915 sollicitudinem
1195 2867 1433 2928 oportet,
1495 2858 1822 2928 vigilantiam

218 2955 469 3018 multam,
499 2965 557 3008 ut
583 2955 708 3010 huic
745 2969 958 3024 quoque
989 2953 1124 3024 parti
1157 2952 1452 3008 remedium
1483 2950 1675 3006 afferas
1698 2993 1713 3017 ,
1771 2959 1827 3006 et

218 3049 290 3104 ad
322 3048 702 3103 consobrinum
744 3058 914 3113 tuum,
949 3046 1222 3101 dominum
1269 3060 1446 3100 meum
1478 3043 1823 3099 Theodorum

216 3147 534 3212 episcopum
577 3140 801 3195 scribas.
859 3139 987 3208 Qua:
1039 3137 1106 3193 ad
1152 3137 1492 3193 Pharetrium
1536 3145 1822 3206 spectant,

218 3233 447 3287 molesta
473 3231 626 3286 valde
653 3238 779 3286 sunt
819 3241 874 3286 et
913 3231 1080 3285 tristia
1122 3238 1528 3285 :verumtamcn
1564 3244 1685 3284 cum
1707 3230 1824 3299 ejus

219 3323 523 3396 presbyteri
547 3339 718 3393 neque
739 3323 1116 3379 commercium
1145 3331 1200 3377 et
1232 3321 1674 3376 consuetudinem
1703 3336 1824 3376 cum

219 3418 550 3475 adversariis
567 3419 869 3486 habuerint,
899 3429 955 3473 ut
979 3419 1080 3487 ais,
1104 3435 1277 3488 neque
1307 3434 1427 3474 cum
1455 3420 1558 3474 illis
1583 3435 1827 3474 commuo

223 3513 411 3568 nicare
438 3514 741 3578 statuerint,
764 3513 880 3578 sed,
914 3521 971 3568 ut
991 3512 1194 3576 dicunt,
1231 3512 1404 3566 adhuc
1434 3521 1578 3568 stent
1599 3527 1628 3566 a
1655 3514 1825 3583 parti-

224 3606 332 3660 bus
353 3605 570 3667 nostris,
594 3603 726 3659 nihil
757 3605 947 3660 horum
975 3620 1095 3660 cum
1121 3605 1227 3658 illis
1243 3605 1608 3660 communices
1635 3621 1831 3675 :quan-

223 3699 515 3770 doquidem
546 3714 666 3769 qua:
715 3699 766 3753 in
806 3713 902 3752 nos
937 3699 1207 3753 commisit
1250 3698 1582 3764 Pharetrius,
1626 3699 1824 3754 nullam

225 3791 451 3844 omnino
482 3792 692 3846 veniam
722 3800 1018 3844 merentur.
1052 3789 1241 3845 Clerus
1270 3801 1416 3846 certe
1443 3791 1612 3861 ipsius
1650 3793 1829 3846 omnis

227 3894 285 3938 et
308 3898 447 3953 a'gre
476 3883 701 3948 ferebat,
725 3891 779 3938 et
808 3884 1072 3952 gemebat,
1105 3898 1166 3938 ac
1199 3893 1339 3938 totus
1388 3885 1440 3940 in
1465 3894 1675 3940 nostras
1707 3902 1832 3957 par-

228 3987 317 4032 tes
346 3976 522 4029 animo
553 3976 834 4031 transibat.
865 3975 971 4029 Sed
1004 3991 1070 4030 ne
1101 3975 1236 4031 forte
1277 3976 1330 4031 in
1365 3992 1525 4033 causa
1551 3978 1740 4044 simus,
1774 3989 1831 4034 ut

228 4070 285 4125 lii
320 4069 577 4136 rcsiliant,
608 4078 663 4124 et
689 4070 989 4138 asperiores
1018 4068 1331 4135 reddantur,
1393 4071 1481 4126 ubi
1523 4080 1718 4126 cuncta
1765 4087 1830 4126 ex

228 4163 469 4236 praefecti
499 4164 751 4219 militibus
777 4165 1111 4234 cognoveris,
1143 4180 1204 4219 ea
1237 4164 1376 4236 apud
1413 4174 1465 4222 te
1488 4165 1736 4231 contine,
1769 4181 1832 4220 ac

229 4256 638 4326 perhumaniter
662 4255 782 4311 illos
806 4265 1006 4321 tracta;
1043 4257 1162 4311 novi
1191 4259 1386 4328 quippe
1404 4274 1562 4329 quam
1595 4259 1832 4329 prudens

228 4351 309 4403 sis
339 4365 400 4402 ac
422 4347 672 4418 providus
692 4391 705 4414 ,
739 4350 893 4418 eique
914 4349 1177 4420 signiﬁca,
1207 4366 1304 4405 nos
1329 4366 1540 4420 quoque
1563 4351 1833 4407 audivisse

233 4443 462 4498 multum
507 4442 678 4512 ipsum
711 4442 774 4496 iis
799 4457 921 4512 quae
948 4443 1286 4513 contigerant
1318 4443 1709 4509 indoluissc,ac
1741 4461 1833 4513 pa-

231 4542 412 4589 ratum
448 4533 609 4589 fuisse
635 4534 846 4604 quidvis
876 4536 1006 4604 pati,
1054 4546 1109 4588 ut
1138 4536 1316 4589 omnia
1346 4535 1431 4590 illa
1477 4551 1596 4606 quze
1629 4537 1834 4592 nefarie

231 4637 360 4682 sunt
384 4636 584 4694 patrata
611 4626 956 4682 sarcirentur.
1000 4626 1165 4684 Nobis
1205 4643 1399 4697 corpus
1441 4628 1642 4697 optime
1671 4630 1831 4695 valet,

236 4736 302 4775 ac
330 4721 582 4790 reliquias
605 4720 781 4776 morbi
810 4719 1110 4791 depulimus
1134 4738 1147 4773 :
1174 4738 1293 4776 cum
1318 4739 1444 4777 vero
1464 4724 1555 4778 tibi
1581 4724 1680 4778 hoc
1702 4741 1834 4794 quo-

236 4829 345 4887 que
373 4829 516 4869 cura:
541 4829 664 4870 esse
692 4815 1010 4885 cogitamus,
1039 4829 1146 4870 non
1175 4815 1497 4870 mediocrem
1541 4816 1704 4872 etiam
1733 4833 1835 4872 no-

239 4909 325 4964 liis
353 4908 686 4964 occasionem
716 4909 766 4964 id
791 4909 945 4964 affert
964 4911 1226 4975 sanitatis,
1249 4910 1389 4980 quod
1414 4917 1519 4966 tam
1539 4911 1836 4967 vehemen-

239 5011 350 5058 tem
377 5011 668 5057 amatorem
693 5003 832 5057 nacti
850 5003 1038 5057 simus.
1083 5004 1220 5057 Deus
1248 5004 1339 5058 tibi
1365 5005 1490 5058 tanti
1520 5005 1703 5072 studii,
1741 5019 1835 5060 ca-

237 5095 436 5159 ritatis,
467 5095 588 5164 zeli,
612 5094 896 5166 vigilantiae
922 5095 1241 5165 mercedem,
1291 5111 1412 5152 eum
1441 5097 1494 5152 in
1527 5095 1628 5152 hoc
1648 5137 1666 5163 ,
1724 5105 1838 5152 tum

311 5230 382 5291 (a)
408 5229 531 5290 Reg.
546 5234 599 5276 et
619 5227 841 5291 Conslm.,
862 5228 1187 5291 Κασταϐἀλῳν
1202 5225 1630 5291 (Castabalorum);
1650 5227 1787 5279 Vatic
1812 5266 1827 5291 ,

247 5288 547 5344 Κάτὰϐἁλὼν
589 5288 997 5399 ἱσαιαὺαιοιηιηι),
1022 5296 1074 5336 et
1099 5290 1156 5336 ad
1187 5288 1456 5348 marginem
1500 5288 1830 5339 xameaim

247 5354 559 5399 emendatur.
612 5349 799 5399 ‘abric..
834 5352 1115 5398 Καστάλων.
1144 5349 1338 5399 Morel..
1383 5351 1627 5398 Ιάϐἀλων.
1677 5355 1830 5399 Uuam

245 5354 559 5404 emendatur.
589 5349 799 5407 Fabric...
834 5352 1115 5398 Καστάλων.
1144 5349 1338 5408 Morel.,
1383 5351 1627 5398 Ιάϐάλων.
1677 5355 1833 5410 Quam

246 5414 520 5483 lectionem
544 5410 895 5483 espunximus,
927 5425 1024 5458 non
1051 5412 1193 5460 modo
1217 5414 1509 5483 auctoritate
1559 5412 1670 5459 Mss.
1702 5427 1832 5483 pene

249 5476 494 5535 omnium,
520 5476 605 5521 sed
631 5476 782 5522 etiam
805 5476 918 5536 quia
948 5487 1056 5520 cum
1085 5486 1196 5522 vera
1232 5476 1428 5536 historia
1468 5483 1714 5536 pugnaret
1740 5477 1834 5524 (ia—

248 5543 310 5592 ba
338 5533 488 5607 orum
506 5533 914 5607 episcopum,qui_
943 5541 1059 5584 tunc
1083 5533 1388 5607 Severianus
1415 5533 1558 5604 erat;
1579 5536 1710 5584 inter
1735 5540 1837 5599 pri—-

251 5601 515 5662 mipilares
539 5595 1197 5662 inimicorum'Chrysostomi
1224 5606 1340 5662 tunc
1363 5600 1575 5662 maxime
1601 5595 1836 5662 numera-

256 5659 355 5722 tns‘,
381 5667 504 5709 clam
527 5664 769 5709 monuisse
795 5659 977 5708 amicos
998 5659 1136 5709 illius
1160 5659 1252 5709 sibi
1274 5661 1367 5722 vim,
1390 5659 1579 5720 inferri,
1609 5670 1660 5710 ut
1680 5659 1839 5722 gestis

255 5727 357 5774 illis
377 5728 545 5770 contra
573 5723 971 5782 Chrysostomum
997 5729 1260 5780 anuueret,
1285 5721 1374 5770 sed
1396 5721 1834 5782 ba'ctenustameu

258 5781 842 5854 restitisse._l-lratigitur
868 5784 944 5830 hic
962 5783 1334 5854 gastabalorum
1359 5781 1695 5854 episcopus_itt
1721 5785 1840 5834 Cili-

258 5846 474 5909 oia._qui
503 5843 652 5909 etiam
691 5843 773 5909 hic
795 5858 905 5892 cum
929 5843 1038 5893 aliis
1078 5844 1262 5896 Cilicia)
1304 5843 1567 5909 cpiSCOpis,
1608 5846 1842 5909 Aigarum

259 5907 463 5958 scilicet
488 5912 541 5955 et
563 5906 719 5968 Tarsi,
747 5911 1058 5956 recensetur.

1711 417 2099 481 EPISTOLE.

3419 413 3523 474 Ἰἓο

1929 533 1983 590 in
2005 532 2186 589 futuro
2207 531 2408 590 saeculo
2431 531 2714 601 retribuat,
2737 539 2898 616 teqqe
2924 529 3152 597 muniat,
3180 541 3445 602 protegat,
3473 542 3529 589 et

1917 627 2206 694 custodiat,
2233 635 2400 698 atque
2425 641 2621 682 arcana
2650 626 2740 682 illa
2785 627 2926 682 bona
2958 624 3052 681 tibi
3084 624 3528 696 largiatur.Faxit

1918 737 2102 782 autem
2127 765 2144 792 ,
2177 733 2235 780 ut
2263 738 2364 780 nos
2411 737 2626 794 quoque
2650 721 3098 793 jucundissimam
3147 719 3341 776 faciem
3381 727 3527 776 tuam
3611 741 3618 746 -

1921 817 2116 872 intueri
2147 816 2549 888 quamprimum
2575 815 2868 886 possimus,
2899 812 3042 869 dulci
3069 813 3249 868 anima
3290 821 3379 868 tua
3428 825 3530 882 po—

1921 910 2031 976 tiri,
2061 926 2126 967 ac
2154 909 2576 981 pulcherrimum
2598 909 2701 964 hoc
2729 907 2936 964 festum
2953 923 3134 979 agere.
3168 906 3286 964 Non
3311 908 3456 963 enim
3479 915 3535 963 te

1920 1003 2053 1060 latet
2074 1019 2175 1075 pro
2205 1002 2343 1059 festo
2370 1018 2436 1059 ac
2468 1003 2812 1059 solemnitate
2839 1017 2938 1057 nos
2981 1001 3203 1068 habere,
3237 1011 3296 1057 ut
3319 1002 3534 1057 suavis-

1919 1097 2058 1153 simo
2093 1097 2385 1166 multisque
2424 1096 2578 1152 bonis
2608 1095 2929 1151 redundanti
2967 1109 3264 1166 congressu
3305 1101 3400 1150 tuo
3445 1094 3533 1150 di-

1921 1203 2172 1260 gnemur,
2213 1200 2268 1245 et
2291 1204 2483 1245 rursus
2506 1188 2770 1244 fruamur.

1994 1281 2152 1338 CCV.
2184 1282 2422 1336 Anatolio
2462 1282 2810 1352 prafectiano.
2842 1280 3087 1353 (Cucnso
3123 1294 3267 1335 anno
3291 1277 3461 1349 405.)

1992 1377 2130 1434 Sero
2155 1377 2372 1448 quidem
2395 1386 2451 1433 et
2480 1392 2648 1449 pauca
2671 1375 2736 1431 ad
2766 1376 3100 1432 nobilitatem
3135 1384 3283 1431 tuam
3313 1373 3533 1430 scribo:

1923 1478 2298 1525 verumtamen
2328 1483 2434 1524 non
2483 1469 2828 1540 negligentia,
2884 1467 2980 1524 sed
3009 1467 3216 1539 prolixa
3271 1467 3536 1540 aegritudo

1925 1564 2168 1634 corporis
2191 1563 2391 1618 silentii
2423 1577 2641 1618 causam
2667 1562 2848 1617 attulit
2882 1579 2897 1618 :
2938 1560 3136 1632 alioqui
3162 1571 3423 1632 perpetuo
3447 1575 3540 1614 ca-

1925 1660 2082 1714 ritate
2111 1657 2343 1712 devincti
2372 1667 2548 1713 tecum
2575 1671 2785 1724 sumus,
2819 1665 3004 1726 utpote
3022 1655 3217 1727 quibus
3248 1664 3535 1726 perspecta

1923 1754 1995 1810 sit
2036 1753 2278 1809 caritatis
2306 1761 2412 1807 tua:
2437 1752 2744 1817 sinceritas,
2772 1760 2828 1806 et
2857 1750 3194 1822 ingenuitas,
3226 1749 3431 1805 candor
3474 1763 3540 1805 ac

1927 1851 2132 1917 puritas
2152 1849 2318 1904 animi
2351 1849 2447 1903 tui.
2473 1848 2659 1921 Neque
2685 1849 2984 1905 desinimus
3010 1847 3154 1920 apud
3175 1862 3366 1904 omnes
3383 1860 3536 1901 amo-

1927 1957 2043 1997 rem
2072 1941 2392 2014 praedicare,
2436 1957 2598 2012 quem
2657 1957 2782 2014 erga
2826 1957 2926 1998 nos
2968 1943 3085 1996 sine
3138 1941 3545 1997 intermissione

1929 2047 2036 2088 non
2064 2042 2361 2104 praesentes
2387 2033 2583 2098 solum,
2621 2034 2713 2090 sed
2742 2033 2906 2089 etiam
2935 2033 3188 2089 absentes
3208 2049 3318 2104 prze
3343 2048 3401 2088 se
3427 2032 3544 2088 tulit

1929 2135 2017 2182 tua
2048 2127 2300 2182 nobilitas
2332 2144 2344 2180 :
2379 2143 2485 2182 non
2517 2128 2660 2183 enim
2689 2142 2785 2182 nos
2811 2127 2944 2199 fugit
2976 2138 3095 2198 post
3119 2128 3417 2184 discessum
3441 2143 3546 2183 no-

1929 2229 2123 2287 strum,
2153 2228 2349 2290 quanta
2383 2232 2564 2274 nostra
2588 2235 2746 2276 causa
2771 2221 2946 2277 facere
2961 2236 3025 2276 ac
3045 2221 3226 2279 dicere
3245 2221 3543 2278 studueris.

1933 2312 2072 2367 Deus
2109 2312 2202 2368 tibi
2222 2313 2353 2367 tanti
2377 2313 2540 2368 studii
2571 2314 2900 2380 mercedem,
2928 2330 3052 2370 eum
3102 2314 3155 2369 in
3190 2316 3312 2381 hoc,
3341 2322 3452 2369 tum
3485 2315 3538 2369 in

1930 2404 2112 2461 futuro
2135 2422 2251 2462 aevo
2281 2406 2567 2477 rependat.
2608 2406 2994 2462 Verumtamen
3027 2414 3088 2461 ut
3108 2406 3369 2476 majorem
3415 2405 3547 2461 hau-

1931 2500 2134 2556 riamus
2161 2499 2342 2555 animo
2368 2499 2719 2571 voluptatem,
2751 2516 2856 2555 non
2879 2500 3054 2556 solum
3074 2499 3202 2555 dum
3233 2498 3544 2567 scribimus,

1932 2594 2026 2649 sed
2058 2594 2220 2650 etiam
2246 2594 2376 2650 dum
2404 2594 2588 2650 literas
2615 2610 2644 2650 a
2701 2603 2788 2649 tua
2824 2595 3091 2650 suavitate
3118 2595 3311 2649 missas
3340 2595 3544 2665 accipi-

1933 2703 2075 2752 mus,
2116 2686 2278 2754 felici,
2307 2701 2510 2758 quaeso,
2540 2687 2610 2742 de
2639 2696 2726 2741 tua
2758 2685 3063 2742 valetudine
3094 2687 3282 2741 nuntio
3326 2700 3426 2742 nos
3447 2701 3547 2742 ex-

1931 2779 2125 2845 hilara,
2167 2789 2226 2833 ut
2272 2779 2433 2835 etiam
2483 2779 2534 2834 in
2563 2778 2662 2835 bac
2696 2779 2955 2851 degentes
2980 2780 3271 2836 solitudine
3319 2779 3544 2835 multam

1932 2873 2358 2929 consolationem
2394 2875 2771 2944 percipiamus.
2802 2874 2858 2930 Si
2885 2875 3031 2930 enim
3062 2883 3167 2929 tua:
3199 2873 3440 2930 caritatis
3461 2888 3549 2930 re-

1933 2969 2196 3038 cipiamus
2233 2967 2539 3037 epistolam,
2581 2983 2704 3038 qua:
2730 2966 2801 3024 de
2842 2977 2934 3022 tua
2961 2969 3190 3024 sanitate
3221 2975 3548 3038 tuorumque

1934 3061 2174 3115 omnium
2223 3060 2645 3131 propinquorum
2674 3059 2936 3116 certiores
2965 3074 3066 3116 nos
3115 3059 3305 3125 faciat,
3340 3058 3547 3128 multo,

1935 3156 2094 3210 etiam
2127 3154 2252 3209 dum
2285 3155 2337 3209 in
2370 3164 2552 3210 extera
2583 3156 2800 3226 regione
2827 3169 3139 3220 versamur,
3187 3153 3381 3210 solatio
3425 3167 3550 3224 per-

1935 3247 2196 3302 fruentur.
2335 3295 2346 3342 ,Χ

2046 3402 2235 3458 CCVI.
2293 3401 2558 3458 Theodqu
2588 3403 2822 3459 diacono.
2855 3400 3090 3474 (Cucuso
3115 3417 3260 3458 anno
3285 3399 3440 3472 404.)

2013 3540 2127 3594 Etsi
2159 3539 2336 3610 gravis
2359 3555 2498 3593 nunc
2523 3538 2717 3594 hiemis
2736 3538 3172 3609 smvitasperitas
3189 3575 3204 3604 ,
3228 3546 3284 3593 et
3307 3536 3374 3592 ad
3404 3552 3554 3593 sum-

1939 3647 2086 3686 mum
2118 3631 2385 3702 fastigium
2418 3639 2502 3685 est
2531 3640 2743 3695 evecta,
2780 3645 2955 3700 neque
2979 3631 3144 3684 ullum
3187 3638 3408 3685 cessant
3435 3643 3553 3686 mo-

1940 3739 2066 3778 vere
2098 3722 2353 3793 lapidem,
2403 3722 2491 3793 qui
2525 3722 2798 3778 Eeclesias
2826 3721 3037 3777 Gothiae
3090 3721 3416 3778 labefactare
3459 3737 3554 3778 co-

1941 3825 2169 3882 nantur,
2220 3817 2347 3870 dum
2385 3816 2620 3885 undique
2667 3815 3024 3870 discurrunt:
3061 3829 3158 3869 vos
3203 3825 3382 3869 tamen
3431 3830 3554 3886 qua:

1940 3921 2238 3967 vestrarum
2288 3922 2414 3966 sunt
2447 3911 2674 3981 partium
2707 3921 2966 3982 prmstare
2994 3927 3062 3965 ne
3089 3911 3368 3967 desinatis.
3403 3910 3556 3968 Licet

1940 4006 2085 4059 enim
2141 4003 2404 4058 nihilduut
2460 4004 2620 4058 fuerit
2669 4013 2844 4058 vestra
2892 4003 3181 4060 sedulitate
3226 4003 3552 4074 perfectum,

1941 4098 2083 4168 quod
2116 4113 2221 4152 non
2249 4097 2520 4163 existimo,
2552 4098 2703 4152 vobis
2726 4109 2905 4152 tamen
2936 4099 3006 4154 ob
3043 4100 3186 4154 hunc
3229 4100 3468 4154 animum
3500 4109 3557 4156 et

1944 4193 2274 4264 propositum
2307 4194 2461 4262 plena
2487 4202 2541 4248 et
2565 4194 2835 4248 cumulata
2883 4209 3091 4249 merces
3118 4195 3229 4262 jam
3254 4202 3339 4250 est
3380 4209 3410 4250 a
3457 4193 3557 4248 be-

1943 4287 2106 4356 nigno
2139 4287 2250 4341 Deo
2288 4288 2596 4342 constituta.
2649 4287 2767 4342 Noli
2812 4303 2940 4358 ergo
2984 4288 3284 4359 defatigari,
3334 4288 3554 4357 dilecte,

1943 4380 2071 4434 dum
2100 4379 2309 4447 studes,
2333 4380 2460 4435 dum
2478 4381 2743 4436 sollicitus
2765 4395 2845 4446 es,
2866 4389 2920 4434 et
2947 4394 3131 4434 curam
3157 4395 3372 4436 onmem
3403 4379 3558 4436 adhi-

1945 4472 2060 4537 bes,
2091 4488 2214 4527 cum
2249 4488 2344 4542 per
2371 4483 2442 4537 te,
2494 4482 2604 4526 tum
2637 4488 2732 4542 per
2759 4487 3129 4543 quoscumque
3155 4473 3288 4528 alios
3316 4472 3554 4537 licuerit,

1947 4574 2004 4620 ut
2037 4565 2207 4621 turba:
2235 4566 2353 4620 istic
2398 4580 2461 4620 ac
2493 4568 2754 4620 tumultus
2781 4581 2888 4620 non
2931 4567 3253 4622 excitentur.
3283 4566 3388 4622 Sed
3428 4576 3556 4621 ante

1943 4661 2124 4716 omnia
2153 4671 2327 4728 orate,
2367 4676 2539 4730 neque
2562 4661 2791 4716 assiduis
2812 4661 3063 4732 precibus
3087 4677 3206 4717 cum
3234 4675 3300 4717 eo
3329 4675 3434 4731 quo
3459 4677 3556 4732 par

1944 4763 2028 4810 est
2056 4755 2236 4809 studio
2261 4769 2291 4808 a
2336 4753 2572 4824 benigno
2604 4753 2712 4808 Deo
2745 4754 3015 4823 postulare
3040 4754 3288 4819 desinite,
3347 4761 3404 4807 ut
3433 4769 3554 4824 qua:

1945 4849 2090 4904 illata
2132 4858 2256 4904 sunt
2290 4863 2431 4904 nunc
2478 4848 2615 4903 mala
2638 4848 2895 4918 depellat,
2925 4863 2986 4902 ac
3029 4848 3250 4903 multam
3298 4847 3559 4903 Ecclesiis

1945 4942 2217 5011 altamque
2248 4957 2431 5012 pacem
2462 4941 2739 5012 largiatur.
2774 4940 2992 4996 lnterim
3042 4941 3254 5006 saltem,
3287 4940 3429 5011 quod
3460 4955 3558 4996 an-

1947 5043 2030 5090 tea
2052 5035 2262 5104 scripsi,
2294 5035 2440 5089 omni
2489 5050 2591 5104 ope
2641 5045 2946 5105 eonatuque
2988 5034 3316 5101 contendite,
3368 5044 3426 5089 ut
3456 5049 3556 5090 ne-

1944 5129 2091 5199 gotio
2119 5127 2431 5183 dilationem
2463 5129 2696 5198 aliquam
2743 5127 3052 5182 obtineatis.
3097 5126 3178 5182 Tu
3226 5142 3374 5194 vero,
3423 5126 3554 5181 dum

1946 5221 2065 5277 istic
2094 5235 2174 5290 es,
2203 5222 2424 5278 crebras
2449 5222 2517 5276 ad
2569 5237 2666 5277 nos
2695 5222 2875 5277 literas
2917 5221 3086 5276 mitte.

1946 5359 2171 5417 CCVII.
2209 5359 2476 5414 Monac/iis
2526 5359 2706 5412 Gothis
2747 5358 2834 5426 qui
2891 5357 2942 5409 in
2998 5355 3231 5410 Promoti
3278 5369 3404 5426 agro
3462 5353 3558 5407 dc-

2309 5464 2431 5525 gunt
2461 5451 2556 5524 (a).
2594 5451 2840 5522 (Cucuso
2867 5467 3009 5504 anno
3038 5448 3189 5520 404.)

2021 5593 2320 5660 Antequam
2346 5601 2553 5643 vestras
2578 5587 2760 5643 literas
2785 5587 3134 5658 accepissem,
3157 5593 3384 5657 quantas
3409 5580 3561 5652 passi

2015 5727 2088 5789 (a)
2120 5735 2284 5775 Graece
2323 5725 2525 5788 legitur,
2548 5743 2624 5782 τοῖς
2649 5738 2684 5791 ιγ
2707 5741 2782 5782 τοῖς
2806 5737 3007 5791 necatum,
3030 5721 3158 5784 quod
3198 5718 3389 5791 nonnisi
3437 5713 3567 5786 divi:

1950 5780 2108 5840 naud'o
2132 5797 2332 5838 vertere
2359 5780 2628 5847 missimus,
2656 5788 2706 5837 in
2731 5780 2943 5836 promoti
2965 5780 3101 5846 agro.
3139 5792 3251 5833 Nam
3278 5780 3443 5832 nillius
3475 5780 3566 5841 qui

1949 5854 2098 5903 vertit
2122 5853 2171 5900 in
2189 5851 2474 5899 Monasterio
2497 5850 2718 5907 Promoti,
2746 5864 2822 5906 τοις
2847 5861 2882 5897 ιν
2905 5863 3092 5913 nch
3132 5847 3568 5913 leger_at,_omtssq

1952 5913 2168 5967 secundo
2191 5913 2392 5965 articulo
2410 5927 2444 5964 ιν
2468 5929 2544 5972 τοῖς
2563 5927 2769 5978 rinam,
2794 5910 2924 5975 quod
2943 5908 3010 5962 de
3034 5908 3318 5964 monasterio
3348 5908 3574 5961 Promoti
