4152 6490
699 411 798 469 ητ

699 525 904 583 lnerltls
967 526 1316 590 alllietiones.
1371 532 1597 595 quantas
1634 522 1953 580 tentationes
1977 563 1995 590 ,
2051 530 2274 590 quantas

698 617 990 683 molestias,
1011 617 1122 688 jam
1169 629 1518 686 cognoveram
1553 632 1566 668 :
1595 628 1767 684 eoque
1794 614 2009 668 nomine
2036 626 2131 667 vos
2152 611 2278 666 bea-

700 718 786 762 tos
813 707 1099 764 admodum
1130 722 1344 773 musaeo,
1394 722 1516 762 cum
1547 706 1677 761 mihi
1705 706 1924 761 veniunt
1954 707 2005 760 in
2048 714 2280 758 mentem

701 813 941 863 corona,
974 797 1175 864 bravla,
1222 807 1277 852 et
1309 797 1524 868 pramia
1565 811 1686 866 qua
1733 797 1884 851 vobis
1913 806 2183 866 parantur.
2213 793 2285 850 Ut

703 889 847 943 enim
875 888 990 954 illi,
1022 890 1112 959 qui
1158 888 1309 944 vobis
1339 887 1557 944 insidias
1581 897 1812 952 struunt,
1844 902 2042 957 vosque
2071 895 2283 956 pertur-

703 980 852 1045 bant,
901 991 1066 1050 grave
1090 981 1189 1036 sibi
1207 980 1460 1050 judicium
1477 990 1776 1046 accersunt,
1797 989 1853 1036 et
1879 979 2052 1049 ignem
2078 979 2284 1049 gehen-

707 1086 789 1125 nte
817 1072 976 1142 capiti
1007 1087 1105 1127 suo
1128 1071 1467 1127 accumulant
1497 1087 1509 1122 :
1542 1072 1611 1125 ita
1639 1084 1732 1125 vos
1761 1069 1849 1140 qui
1881 1068 2004 1124 talia
2023 1069 2282 1139 patimini,

705 1163 926 1216 multam
956 1162 1253 1217 mercedem
1278 1164 1602 1232 multamque
1643 1161 2048 1216 retributionem
2079 1161 2287 1215 obtine-

707 1253 850 1308 bitis.
882 1252 1055 1308 Nolite
1083 1253 1240 1322 igitur
1269 1253 1495 1319 terreri,
1535 1253 1616 1308 vel
1648 1253 1770 1308 inde
1797 1253 2017 1319 turbari,
2041 1253 2135 1307 sed
2159 1267 2287 1323 gau-

707 1342 833 1398 dete
883 1353 937 1398 et
975 1343 1271 1408 essultate,
1316 1344 1442 1397 dum
1487 1343 1833 1413 apostolicum
1863 1343 2028 1397 animi
2073 1356 2288 1396 sensum

707 1435 983 1499 retinetis,
1038 1449 1108 1488 ex
1156 1449 1262 1504 quo
1290 1450 1389 1489 vos
1438 1435 1527 1489 illa
1569 1444 1866 1504 promanat,
1899 1433 2051 1487 Nunc
2094 1434 2290 1504 gaudeo

707 1528 760 1581 t'tt
803 1529 1117 1597 passionibus
1164 1529 1285 1581 meis
1340 1527 1557 1599 (Colon.
1596 1529 1646 1582 l.
1685 1527 1778 1599 24)
1803 1545 1817 1580 :
1847 1535 1903 1582 et
1933 1539 2138 1591 rursus,
2170 1524 2290 1579 Non

706 1617 868 1671 solum
889 1629 1074 1682 autem,
1105 1618 1192 1672 sed
1220 1627 1266 1671 et
1291 1617 1566 1687 gloriamur
1594 1618 1647 1670 in
1675 1615 2095 1681 tribulationibus,
2123 1615 2290 1668 scien-

710 1719 783 1762 tes
804 1709 939 1778 quod
967 1709 1223 1764 tribulatio
1251 1711 1541 1780 patientiam
1569 1718 1838 1779 operatur,
1865 1709 2104 1778 patientia
2125 1717 2292 1760 uteris

710 1801 1253 1870 probotionem‘(Rom.
1283 1802 1334 1857 5.
1361 1801 1414 1854 3.
1432 1802 1510 1871 4).
1556 1800 1891 1856 Probatiores
1929 1799 2089 1869 igitur
2115 1796 2288 1854 electi

712 1900 769 1946 et
796 1893 1154 1962 opulentiores
1182 1892 1481 1946 cmlestibus
1513 1892 1724 1960 apibus,
1769 1891 1893 1945 licet
1918 1889 2000 1944 his
2040 1891 2288 1960 graviora

711 1982 1020 2050 contingant
1039 2023 1054 2045 ,
1084 1981 1312 2050 amplius
1362 1980 1646 2035 essultate.
1704 1978 1823 2033 Non
1852 1979 1995 2034 enim
2022 1979 2292 2048 condigna

711 2082 829 2126 sunt
857 2074 1111 2141 passiones
1140 2074 1294 2141 bitias
1313 2073 1552 2142 temporis
1575 2072 1643 2124 ad
1669 2075 1892 2142 [uarum
1918 2071 2161 2142 gloriam,
2179 2085 2293 2140 quc

710 2163 1008 2216 revelabitur
1045 2166 1096 2217 in
1141 2166 1282 2218 nobis
1308 2163 1468 2233 (Ibid.
1516 2163 1571 2218 8.
1605 2163 1716 2233 l8).
1757 2161 1939 2231 Neque
1965 2177 2094 2217 vero
2138 2161 2293 2216 nobis

712 2253 890 2324 ignota
920 2263 1000 2309 est
1033 2255 1278 2324 patientia
1311 2265 1501 2319 vestra,
1535 2254 1807 2319 lortitudo,
1840 2255 2140 2320 tolerantia,
2177 2253 2292 2308 sin-

714 2361 872 2401 cerus
888 2357 940 2402 et
957 2347 1152 2401 ardens
1176 2351 1348 2414 atrior,
1367 2347 1635 2414 animique
1657 2347 1820 2400 vestri
1847 2344 1998 2399 lirtna
2019 2354 2074 2400 et
2098 2345 2291 2399 invicta

713 2438 1030 2491 constantia.
1072 2437 1240 2504 Quam
1283 2437 1352 2492 ob
1391 2452 1606 2492 causam
1656 2437 1897 2506 ingentes
1927 2435 2074 2490 vobis
2099 2435 2294 2502 gratias

715 2530 944 2598 agimus,
993 2538 1046 2584 et
1072 2545 1191 2584 cum
1212 2529 1405 2584 animis
1433 2530 1625 2584 vestris
1653 2536 1910 2598 perpetuo
1937 2526 2169 2582 devincti
2199 2541 2295 2582 su-

716 2636 840 2676 mus
862 2662 878 2687 ,
930 2637 1102 2691 neque
1127 2621 1486 2692 longinquitas
1513 2621 1717 2676 itineris
1743 2635 1845 2675 nos
1865 2635 1989 2690 erga
2019 2620 2294 2674 caritatem

719 2722 947 2768 vestram
977 2713 1386 2783 negligentiores
1427 2713 1536 2769 ullo
1561 2711 1720 2768 modo
1737 2712 1918 2768 ellicit.
1954 2713 2058 2768 Sed
2083 2723 2138 2767 et
2170 2729 2296 2783 gri-

718 2803 844 2857 tiam
874 2803 1023 2858 vobis
1048 2804 1218 2859 habeo
1241 2813 1458 2874 propter
1484 2805 1534 2859 id
1555 2804 1786 2859 studium
1802 2803 1942 2874 quod
1959 2803 2294 2871 exhibuistis,

717 2904 777 2950 ut
805 2896 982 2950 nullus
1015 2896 1069 2950 in
1096 2895 1331 2952 Ecclesia
1359 2895 1653 2952 Gothorum
1686 2896 1941 2951 tumultus
1981 2896 2132 2951 ﬂeret
2154 2937 2169 2961 ,
2199 2896 2292 2951 sed

717 2985 974 3044 dilatione
1002 2988 1178 3059 aliqua
1225 2991 1491 3059 negotium
1523 2989 1912 3045 extraheretur.
1955 2988 2139 3060 Neque
2173 2999 2293 3044 tan-

719 3085 831 3132 tum
861 3092 964 3132 non
995 3079 1347 3147 reprehendo,
1387 3079 1528 3148 quod
1571 3080 1838 3134 neminem
1879 3080 2153 3144 miseritis,
2202 3079 2296 3134 sed

721 3170 882 3224 etiam
913 3169 1070 3224 laudo
1084 3181 1138 3225 ct
1157 3171 1408 3240 suspicio.
1445 3169 1556 3226 lloc
1576 3171 1716 3226 enim
1741 3170 1831 3224 illo
1853 3171 2020 3225 multo
2045 3180 2127 3225 est
2147 3181 2298 3241 opta-

724 3259 906 3326 bilius,
962 3271 1019 3316 ut
1067 3277 1161 3317 vos
1186 3277 1374 3317 omnes
1404 3262 1456 3316 in
1497 3261 1758 3333 ejusmodi
1785 3277 1918 3332 opus
1959 3262 2295 3317 incumbatis.

719 3349 894 3406 Nolite
920 3351 1077 3421 igitur
1116 3367 1329 3408 cessare
1370 3368 1488 3424 quae
1515 3353 1676 3408 vestri
1706 3362 1829 3407 sunt
1856 3353 2094 3407 muneris
2132 3367 2296 3406 esse-

722 3442 837 3513 qui,
861 3451 971 3498 tum
999 3459 1092 3514 per
1117 3459 1210 3500 vos
1239 3445 1404 3515 ipsos,
1432 3455 1541 3500 tum
1588 3461 1683 3516 per
1705 3446 1839 3500 alios
1878 3461 1972 3513 per
2013 3460 2298 3515 quoscum-

721 3549 825 3604 que
851 3532 1060 3599 licebit.
1092 3544 1150 3590 ut
1183 3537 1453 3606 negotium
1483 3535 1737 3591 dilatione
1780 3535 1955 3605 aliqua
1982 3535 2298 3604 proteletur.

720 3623 854 3679 Nam
892 3626 1005 3681 sive
1048 3627 1173 3696 quid
1210 3625 1372 3682 fuerit
1407 3641 1571 3698 opera
1596 3637 1774 3683 vestra
1803 3625 2099 3698 periectnm
2125 3669 2142 3694 ,
2187 3626 2303 3682 sive

720 3731 849 3784 non,
879 3718 1030 3786 plena
1065 3729 1120 3774 et
1145 3721 1408 3775 cumulata
1438 3735 1644 3777 met'ces
1666 3720 1816 3776 vobis
1863 3721 1935 3776 ob
1958 3721 2097 3776 banc
2125 3723 2290 3776 animi

721 3808 1040 3862 sententiam
1060 3817 1117 3864 et
1142 3808 1372 3865 studium
1393 3812 1768 3867 constituetur.

721 3914 976 3974 CCVIII.
1015 3917 1203 3976 ’Acocio
1250 3923 1560 3993 presbytero.
1630 3921 1855 3994 (Scripta
1898 3923 1967 3978 ab
2004 3937 2146 3979 anno
2192 3924 2299 3980 404

1391 4014 1459 4068 ad
1488 4014 1637 4083 407.)

795 4123 874 4179 Tu
899 4125 988 4196 qui
1027 4135 1174 4183 tanto
1199 4129 1366 4185 nostri
1414 4145 1597 4185 amore
1627 4129 1839 4200 llagras,
1863 4139 1968 4186 tam
1999 4132 2299 4189 vehementi

723 4214 1088 4272 benevolentia
1114 4233 1213 4275 nos
1234 4221 1624 4290 complecteris,
1673 4237 1740 4277 ne
1789 4222 2059 4279 literarum
2085 4225 2298 4296 quidem

722 4321 823 4362 nos
848 4310 1130 4381 participes
1170 4323 1380 4368 tuorum
1415 4315 1564 4370 facis.
1592 4316 1751 4386 Atqui
1782 4316 1892 4386 jam
1926 4319 2090 4373 semel
2142 4329 2300 4390 atque

725 4399 916 4454 iterum
941 4401 1006 4456 ad
1039 4413 1088 4457 te
1109 4405 1450 4474 scripsimus;
1489 4415 1543 4460 tu
1575 4421 1701 4461 vero
1735 4408 1786 4462 in
1817 4407 1918 4463 hoc
1942 4410 2158 4479 segnior
2177 4425 2298 4464 eva-

727 4490 862 4544 sisti.
891 4491 1020 4546 Cum
1052 4494 1207 4563 igitur
1232 4497 1514 4567 intelligas,
1559 4506 1756 4568 quanto
1779 4513 1876 4554 nos
1913 4499 2172 4554 beneﬁcio
2203 4501 2299 4556 tibi

728 4579 1076 4639 devincturus
1118 4586 1224 4654 sis,
1253 4588 1295 4642 si
1337 4589 1405 4643 de
1447 4599 1532 4643 tua
1565 4589 1866 4645 valetudine
1908 4591 2169 4646 certiores
2203 4606 2302 4646 nos

730 4673 942 4741 reddas,
969 4674 1034 4729 da
1056 4693 1292 4746 operam,
1320 4694 1521 4748 quaso,
1552 4691 1609 4732 ut
1635 4695 1792 4749 quam
1814 4678 2091 4736 celerrime
2110 4679 2177 4735 ad
2205 4696 2302 4736 nos

727 4763 905 4820 literas
933 4765 1130 4820 mittas.
1158 4766 1273 4822 Non
1301 4770 1442 4823 enim
1487 4769 1740 4823 mediocri
1782 4771 2150 4826 consolatione
2179 4787 2306 4841 per-

730 4856 1108 4923 mulcebimur,
1160 4859 1205 4913 si
1242 4859 1311 4915 de
1343 4861 1633 4915 amicorum
1666 4869 1968 4917 nostrorum
1995 4862 2299 4919 valetudine

727 4947 842 5002 sine
869 4948 1258 5006 intermissione
1298 4965 1628 5007 moneamur.

857 5078 1045 5135 CCIX.
1077 5081 1308 5136 διιιυὶοηὶ
1328 5083 1424 5154 (o).
1457 5081 1577 5152 (Ab
1605 5098 1744 5138 anno
1773 5083 1878 5140 404
1905 5084 1970 5138 ad
1998 5084 2148 5153 407.)

796 5189 904 5245 Nos
928 5192 1139 5262 quidem
1160 5193 1253 5248 abs
1274 5205 1326 5248 te
1342 5194 1528 5260 amari,
1557 5210 1651 5250 seu
1667 5195 1885 5263 scribas,
1915 5213 2009 5253 seu
2037 5213 2141 5253 non
2163 5199 2300 5254 scri-

726 5317 985 5366 numquam
1009 5306 1360 5366 interpreteris.
1384 5305 1617 5356 Palladius
1638 5308 1687 5356 in
1709 5308 1811 5356 vita
1833 5309 2165 5372 chrysostomi,
2191 5325 2297 5374 cap.

727 5367 773 5413 4.
799 5372 994 5413 lanam
1016 5376 1357 5413 commetnont
1379 5369 1580 5413 Promotj
1606 5382 1811 5413 uxorem
1835 5370 2025 5413 viduam
2043 5373 2172 5413 inm
2195 5387 2297 5413 ως-

725 5489 1225 5568 299931599959
1386 5491 1670 5568 γίεῌιωέο,
1690 5507 1780 5568 δαίμ
1822 5494 1971 5568 sedes
2013 5495 2302 5568 habentibus

724 5549 993 5600 molestiam
1015 5551 1250 5611 intulime,
1267 5549 1436 5615 u'tpote
1456 5554 1775 5618 chrysostoml
1796 5554 2017 5616 asseclis;
2041 5563 2092 5605 at
2113 5553 2300 5606 id'non-

723 5612 814 5661 nisi
836 5612 1146 5674 coniectando
1165 5613 1364 5664 dicatur.

799 5679 870 5746 (ᾳ)
897 5679 921 5720 \
939 5686 1156 5746 attcanus
1175 5684 1233 5744 et
1250 5680 1584 5746 b‘abriotanus,
1610 5676 1837 5746 ιέᾳλϐᾇιιενι
1872 5678 2160 5746 (Galbioni).
2206 5683 2298 5733 Hic

737 5737 1414 5846 Bostremusbancepistolam
1436 5737 1510 5784 bis
1531 5738 1744 5784 continet
1767 5737 2144 5800 descriptam,et
2164 5751 2299 5793 utro-

776 5796 888 5858 ique
915 5799 1142 5851 Γαλδίωνι
1168 5799 1366 5858 legitur.
1395 5797 1719 5858 Sav.qnoque
1739 5800 1787 5846 in
1812 5807 1950 5848 textu
1964 5805 2193 5852 metm
2213 5806 2299 5855 ha-

738 5856 843 5920 bet,
854 5860 903 5909 in
920 5861 1138 5923 margine
1149 5856 1384 5910 Salviae.
1403 5857 1436 5909 U
1447 5866 1518 5910 tra
1530 5856 1676 5909 lectio
1689 5873 1804 5912 vera
1812 5864 1874 5912 sit
1888 5866 2100 5916 nondum
2117 5865 2295 5932 liquet.

1537 409 1596 467 S.
1625 405 1903 466 JOANNIS
1923 401 2393 462 CHRYSOSTOII
2418 402 2737 461 ARCﬂlEP.
2775 399 3306 460 CONSTANTINOP.

3890 398 3993 453 πε

2394 516 2511 586 bas,
2559 518 2724 590 probe
2764 520 2898 574 scio.
2937 516 3054 574 Non
3087 518 3228 574 enim
3254 525 3430 588 potest
3463 525 3572 572 tam
3599 515 3808 570 ardens
3836 530 3992 569 amor

2392 611 2446 667 in
2475 626 2573 666 nos
2621 621 2741 666 tuus
2767 627 2865 666 nos
2893 612 3078 676 latere,
3129 611 3223 666 sed
3267 609 3369 665 hoc
3419 623 3610 664 mnnes
3651 607 3988 678 pradicant,

2389 703 2669 772 multique,
2722 703 2814 772 qui
2859 702 3016 758 istinc
3059 702 3126 756 ad
3174 717 3272 756 nos
3314 703 3623 766 adveniunt,
3680 699 3984 754 lerventem

2388 808 2452 848 ac
2490 794 2752 848 sinceram
2797 794 2951 848 nobis
2997 795 3268 848 caritatem
3303 804 3447 847 tuam
3483 795 3832 847 annuntians.
3877 792 3988 847 Sed

2391 894 2446 938 et
2472 894 2780 955 optaremus
2807 898 2950 954 saepe
2995 886 3175 940 literas
3220 901 3250 939 a
3306 895 3395 940 tua
3425 885 3794 954 generositate
3846 885 3989 939 reci-

2391 991 2538 1045 pere,
2567 977 2756 1047 quibus
2787 975 2856 1031 de
2899 987 2985 1030 tua
3012 988 3066 1032 et
3090 978 3319 1032 domina:
3342 993 3477 1032 mea:
3505 982 3691 1033 uxoris
3727 987 3861 1044 tta,
3900 987 3989 1031 to-

2393 1068 2601 1138 tiusque
2642 1067 2832 1122 domus
2877 1077 2980 1122 tua
3018 1069 3319 1125 valetudine
3362 1068 3615 1124 liereruns
3670 1070 3940 1125 certiores
3971 1087 3984 1121 :

2391 1160 2497 1213 scis
2524 1159 2665 1230 enim
2693 1169 2891 1228 quanto
2918 1160 2970 1214 in
3002 1160 3154 1214 nobis
3197 1159 3372 1214 studio
3403 1161 3491 1215 sit.
3521 1160 3646 1214 ηερε
3669 1159 3835 1231 igitur
3861 1175 3984 1214 etim

2394 1251 2486 1304 tibi
2509 1259 2782 1320 perspecta
2814 1251 2940 1316 sint,
2969 1251 3185 1306 domine
3228 1252 3299 1306 mi
3327 1251 3610 1321 plurimum
3636 1252 3984 1316 venerande.

2394 1342 2604 1395 tametsi
2633 1340 2848 1395 dillicile
2885 1351 2970 1396 est
2996 1341 3140 1413 quod
3168 1343 3414 1412 petimus,
3441 1358 3564 1396 cum
3594 1351 3817 1413 propter
3843 1353 3982 1397 tem-

2393 1450 2493 1504 pus
2527 1434 2829 1501 hibernunt,
2881 1445 2992 1489 tum
3029 1435 3170 1505 quod
3223 1435 3375 1505 pauci
3426 1435 3494 1489 ad
3548 1450 3650 1489 nos
3693 1435 3980 1501 accedant,

2393 1541 2512 1581 cum
2544 1527 2769 1591 licuerit,
2799 1543 2865 1582 ne
2894 1536 2945 1583 te
2971 1528 3141 1598 pigeat
3167 1529 3233 1582 ad
3261 1544 3360 1583 nos
3399 1528 3654 1593 scribere,
3709 1541 3876 1599 atque
3920 1545 3979 1584 ea

2356 1629 2364 1636 '
2394 1618 2693 1688 signiﬁcare
2721 1634 2841 1688 qua:
2868 1618 3175 1688 petivimus.
3228 1619 3466 1674 Vestram
3495 1621 3640 1674 enim
3695 1620 3980 1674 sanitatem

2397 1721 2449 1764 et
2476 1712 2816 1765 securitatem
2846 1721 3081 1766 nostram
3112 1727 3235 1768 esse
3261 1712 3505 1767 ducimus
3533 1713 3890 1784 opulentiam,
3921 1730 3982 1767 ac

2397 1797 2652 1864 Letitiam,
2676 1810 2834 1871 atque
2865 1801 3002 1856 adeo
3027 1801 3241 1857 uberem
3268 1803 3606 1873 voluptatem.
3633 1803 3780 1858 Cave
3825 1803 3982 1874 igitur

2398 1900 2541 1945 tanta
2572 1893 2839 1962 voluptate
2870 1909 2969 1948 nos
2996 1896 3195 1965 privos,
3220 1895 3313 1950 sed
3343 1896 3407 1949 iis
3433 1897 3523 1966 qui
3551 1905 3604 1950 te
3625 1895 3872 1965 impense
3897 1893 3978 1949 di-

2398 1981 2567 2051 ligunt
2596 1981 2732 2037 hanc
2779 1999 2875 2053 per
2913 1984 3096 2040 literas
3123 1985 3546 2041 consolationem
3586 1987 3834 2056 imperti,
3862 2001 3980 2057 qua

2398 2084 2638 2131 nostrum
2667 2077 2881 2132 taedium
2905 2079 3099 2134 solatio
3132 2093 3236 2134 non
3262 2079 3517 2136 mediocri
3563 2079 3848 2150 mitigabit.

2632 2213 2786 2270 CCX.
2818 2213 3097 2271 Theodoro.
3131 2215 3380 2287 (Cucuso
3400 2232 3542 2273 anno
3563 2217 3731 2289 404.)

2468 2347 2686 2405 Miratus
2710 2366 2850 2415 sum,
2878 2352 2967 2422 qui
3020 2352 3213 2407 factum
3249 2354 3340 2420 sit,
3373 2363 3429 2408 ut
3477 2369 3542 2409 ex
3595 2353 3716 2408 aliis
3763 2353 3981 2410 Salmtii

2400 2440 2694 2511 presbyteri
2727 2444 3098 2514 negligentiam
3117 2445 3486 2516 intelligerem.
3509 2445 3787 2516 Siquidem
3816 2448 3979 2517 signi-

2401 2531 2612 2587 ﬁcatum
2639 2533 2768 2588 mihi
2798 2545 2882 2589 est
2906 2537 2993 2590 vis
3024 2552 3147 2591 eum
3192 2537 3426 2608 quinque
3475 2538 3720 2594 bomilias
3762 2539 3982 2594 Octobri

2403 2639 2587 2679 mense
2620 2624 2887 2694 habuisse,
2916 2637 3078 2698 atque
3103 2629 3276 2699 ipsum
3296 2638 3353 2685 et
3374 2629 3728 2701 Theophilum
3759 2631 3980 2702 presby-

2403 2726 2598 2782 terum,
2629 2719 2853 2773 altcrum
2884 2737 2995 2790 pra:
3033 2721 3260 2792 pigritia,
3289 2723 3514 2778 alterum
3545 2738 3655 2794 pra:
3709 2735 3857 2780 metu
3887 2725 3980 2779 mi-

2403 2807 2546 2862 nime
2574 2808 2640 2862 ad
2666 2810 2942 2865 collectam
2976 2814 3177 2867 venite.
3223 2813 3327 2869 Sed
3375 2813 3730 2886 Theophilum
3767 2816 3980 2887 quidem

2404 2912 2497 2966 per
2523 2899 2702 2953 literas
2723 2900 3084 2958 vehementius
3105 2903 3392 2975 increpavi,
3434 2905 3651 2962 Salustii
3675 2922 3805 2962 vero
3825 2924 3982 2964 caiisa

2401 2991 2468 3044 ad
2496 2996 2848 3048 reverentiam
2872 3003 3015 3050 tuam
3041 2997 3237 3063 scribo,
3265 2998 3404 3068 quod
3436 2998 3587 3053 illum
3615 3000 3711 3055 abs
3741 3010 3802 3055 te
3821 3001 3982 3056 vehe-

2403 3093 2609 3139 menter
2635 3085 2804 3140 amari
2833 3088 2996 3142 sciam
3024 3106 3039 3142 :
3068 3104 3227 3160 quam
3253 3089 3324 3144 ob
3355 3105 3572 3145 causam
3615 3107 3720 3146 non
3779 3094 3982 3148 medio-

2402 3175 2567 3229 criter
2585 3177 2792 3246 gaudeo
2813 3187 2867 3232 et
2889 3178 3150 3234 oblector.
3178 3179 3281 3235 Sed
3309 3191 3360 3236 et
3383 3196 3676 3237 succenseo
3704 3193 3808 3238 tuae
3837 3198 3984 3238 reve-

2405 3268 2610 3334 rentiae,
2643 3269 2782 3339 quod
2801 3269 2903 3326 hoc
2918 3270 3048 3326 mihi
3071 3287 3173 3327 non
3193 3272 3529 3329 manifestum
3552 3275 3869 3340 reddideris,
3895 3280 3980 3346 qui

2402 3361 2680 3418 debuisses
2730 3364 2902 3434 ipsum
2940 3367 3208 3436 corrigere
3240 3384 3253 3421 :
3282 3377 3530 3423 neutrum
3576 3376 3752 3424 tatnen
3793 3367 3980 3424 borum

2406 3456 2720 3524 pricstitisti.
2751 3455 2901 3512 Nunc
2929 3473 3059 3530 ergo
3082 3460 3272 3515 saltem
3301 3476 3398 3516 oro
3425 3471 3498 3527 te,
3535 3477 3658 3516 cum
3710 3462 3822 3526 tibi,
3872 3473 3979 3518 tum

2406 3545 2558 3600 nobis
2586 3544 2723 3602 hanc
2743 3548 3026 3603 maximam
3045 3548 3281 3606 concede
3305 3550 3552 3622 gratiam,
3593 3562 3651 3607 ut
3699 3552 3982 3608 vehemen-

2408 3645 2491 3692 ter
2531 3637 2680 3693 illuni
2735 3640 2958 3705 excites,
3003 3657 3181 3712 neque
3221 3642 3849 3713 obdormirepermittas,
3893 3655 3983 3699 aut

2404 3728 2580 3784 otiari.
2623 3727 2734 3784 Nisi
2785 3731 2926 3785 enim
2976 3747 3117 3787 nunc
3165 3732 3218 3787 in
3260 3731 3359 3788 hac
3405 3733 3736 3804 negotiorum
3763 3734 3983 3790 istorum

2406 3833 2721 3894 tempestate
2767 3842 2830 3881 ac
2877 3829 3110 3899 procella
3166 3831 3569 3884 convenientem
3623 3829 3980 3886 lortitudinem

2403 3941 2514 3996 ιιι-ω
2559 3932 2620 3974 se
2666 3924 2862 3988 tulerit,
2909 3924 3123 3995 quando
3145 3925 3222 3979 sic
3264 3923 3380 3994 ejus
3419 3938 3581 3994 opera
3608 3922 3979 3996 indigebimns,

2405 4021 2494 4076 ubi
2523 4021 2878 4090 tranquillitas
2907 4027 2961 4073 et
2987 4034 3087 4089 pax
3115 4017 3372 4074 redierit?
3403 4016 3481 4072 Te
3517 4017 3678 4086 igitur
3697 4016 3882 4072 hortor
3927 4026 3981 4072 ot

2401 4127 2520 4182 qum
2549 4121 2674 4167 sunt
2697 4110 2858 4166 omnii
2879 4111 2973 4175 tui,
3001 4117 3157 4179 prout
3177 4107 3353 4175 decet,
3378 4115 3729 4177 exsequutus,
3757 4119 3812 4162 et
3835 4108 3977 4163 illum

2403 4213 2458 4258 et
2503 4217 2691 4258 omnes
2719 4201 2785 4256 ad
2827 4200 3081 4255 auxilium
3123 4199 3318 4269 populo
3364 4198 3639 4254 ferendum
3670 4208 3979 4270 tempestate

2398 4298 2596 4367 jactato
2641 4295 2863 4359 excites,
2915 4292 3054 4364 quod
3083 4303 3363 4361 antequam
3404 4291 3585 4346 litem
3610 4303 3821 4346 nosu'as
3837 4292 3976 4348 acci-

2405 4403 2580 4459 peres,
2600 4398 2684 4443 sat
2702 4387 2816 4443 scio
2846 4394 2932 4440 tua
2960 4393 3148 4455 sponte
3175 4398 3239 4440 ac
3260 4383 3408 4440 nullo
3433 4390 3686 4442 monente
3733 4392 3978 4454 uastare

2404 4480 2632 4550 cmpisti.

2476 4609 2662 4667 CCXI.
2695 4609 2953 4666 Timotheo
2980 4609 3282 4681 presbytero.
3307 4607 3555 4681 (Cncuso
3583 4623 3727 4664 anno
3745 4608 3907 4676 404.)

2475 4746 2582 4802 Nos
2607 4747 2819 4818 quidem
2849 4761 3021 4818 nuper
3043 4746 3111 4801 ad
3140 4733 3234 4800 ιί
3234 4757 3392 4815 atque
3419 4745 3486 4799 ad
3513 4743 3973 4800 honoratissimum

2404 4838 2676 4893 dominum
2731 4854 2907 4895 meum
2953 4838 3273 4893 Marcianum
3315 4837 3591 4892 tribunum
3628 4837 3972 4908 scripsimus:

2405 4939 2459 4984 tu
2485 4945 2614 4986 vero
2638 4945 2811 5000 neque
2840 4930 3024 4984 literas
3071 4929 3135 4984 ad
3185 4944 3271 4983 me
3315 4929 3384 4983 ab
3429 4929 3520 4984 illo
3571 4929 3709 4984 mitti
3762 4928 3974 4995 curasti,

2406 5036 2576 5090 neque
2599 5021 2664 5076 ad
2695 5036 2792 5076 nos
2820 5022 2934 5092 ipse
2959 5021 3242 5091 scripsisti.
3289 5019 3646 5075 Nihilominus
3676 5031 3846 5076 tamen
3878 5036 3977 5079 nos

2406 5123 2642 5168 nostrum
2685 5127 2891 5167 morem
2937 5112 3168 5182 sequuti.
3215 5112 3332 5167 sine
3377 5112 3774 5169 intermissione
3821 5117 3980 5172 vestri

2402 5209 2700 5272 recordari,
2722 5218 2880 5277 atque
2904 5205 2970 5261 ad
2992 5220 3108 5270 vos.
3135 5220 3256 5260 cum
3306 5204 3529 5261 lacultas
3570 5207 3820 5280 suppetit,
3850 5210 3981 5266 scri-

2404 5303 2532 5359 bere
2575 5318 2678 5357 non
2709 5300 3034 5364 desinimus;
3080 5298 3220 5369 quod
3264 5313 3404 5353 nunc
3428 5299 3592 5357 etiam
3620 5299 3858 5365 facimus.
3904 5317 3976 5357 m-

2403 5405 2693 5467 gentesque
2757 5393 2908 5448 vobis
2955 5392 3152 5462 gratias
3193 5392 3401 5462 agimus
3445 5393 3516 5449 ob
3561 5393 3795 5449 studium
3841 5394 3979 5464 quod

2402 5487 2687 5553 exhibetis,
2712 5496 2766 5541 et
2781 5485 3012 5556 pericula
3036 5500 3156 5554 qua:
3177 5485 3388 5551 subitis,
3407 5500 3611 5556 vosque
3634 5487 3818 5542 beatos
3844 5500 3977 5555 prai-

2403 5580 2663 5634 dicamus.
2697 5577 2879 5648 Neque
2908 5577 3051 5632 enim
3081 5577 3302 5649 exiguas
3331 5577 3482 5632 vobis
3523 5590 3755 5632 coronas
3791 5591 3980 5632 recon-

2404 5671 2547 5733 ditis,
2562 5670 2687 5724 dum
2709 5667 2774 5723 ad
2788 5666 3056 5726 modicum
3077 5679 3284 5738 tempus
3299 5669 3502 5734 amicti,
3521 5682 3814 5738 perennem
3831 5667 3979 5723 vobis

2405 5764 2456 5817 in
2482 5761 2616 5817 czelo
2645 5760 2948 5818 mercedem
2978 5775 3042 5816 ac
3069 5761 3237 5816 multo
3276 5760 3537 5830 majorem
3570 5759 3655 5824 his
3705 5755 3980 5817 sudoribus

2408 5853 2740 5927 pra-paratis.
2770 5851 2825 5910 Ν
2828 5871 2893 5910 οη
2914 5853 3057 5912 enim
3081 5861 3194 5910 sunt
3217 5853 3386 5924 dignus
3407 5851 3667 5926 passiones
3687 5851 3837 5924 hujus
3861 5862 3975 5909 temp
