4218 6480
722 381 827 438 υτ)

959 495 1109 568 πρὸς
1140 493 1253 564 τὴν
1272 492 1628 564 μέλλουσαν
1653 487 1841 553 δόξαν
1865 480 2292 553 ἀποκαλυφθῆ-

725 616 826 655 ναι
861 599 949 664 είς
984 593 1161 668 ἡμᾶς.

1077 749 1224 806 ΣΙΗ.
1254 749 1520 817 Θεοφίλῳ
1545 743 1938 818 πρεσϐυτέρῳ.

799 885 1009 956 Σφόδρα
1050 883 1265 954 ήλγησα
1319 880 1558 944 ἀκούσας
1592 879 1673 933 ὅτι
1723 879 1815 931 καὶ
1861 876 1925 930 σύ
1966 875 2059 930 καὶ
2099 872 2298 928 Σαλού-

729 999 875 1046 στιος
901 982 932 1034 ό
965 978 1337 1052 πρεσϐύτερος
1375 977 1436 1031 οὐ
1483 974 1720 1044 συνεχῶς
1764 973 1899 1044 πρὸς
1937 970 2034 1042 τὴν
2080 969 2298 1037 σύναξιν

729 1076 1125 1150 παραϐάλλετε.
1154 1075 1246 1128 καὶ
1292 1073 1389 1142 οὐχ
1432 1071 1505 1134 ὡς
1546 1069 1700 1139 ῑτυχέ
1740 1085 1806 1139 με
1837 1069 1994 1120 τοῦτο
2035 1065 2294 1136 ἐλύπησε.

731 1161 1039 1246 Παρακαλῶ
1073 1170 1274 1233 τοίνυν,
1308 1169 1356 1221 εί
1389 1166 1489 1237 μέν
1518 1163 1710 1234 ψεῦδος
1739 1161 1916 1226 τοῦτο,
1941 1161 2174 1234 δηλῶσαί
2208 1177 2299 1230 μοι

731 1269 1087 1332 σπουδάσατε,
1113 1266 1194 1318 δτι
1237 1265 1416 1336 μάτην
1443 1260 1945 1333 ἐσυκοφαντήθητε·
1989 1260 2039 1312 εί
2074 1257 2130 1311 δέ
2166 1257 2300 1327 ἀλη-

731 1367 855 1432 θές,
901 1362 1265 1437 διορθώσασθε
1313 1361 1409 1433 τὴν
1460 1358 1716 1428 τοιαύτην
1761 1355 2048 1429 ῥᾳθυμίαν.
2089 1354 2300 1424 Ὠσπερ

731 1463 841 1534 γάρ
876 1461 1130 1533 μέγιστος
1169 1460 1298 1532 ὑμῖν
1342 1460 1491 1510 ἐστιν
1525 1457 1554 1509 δ
1604 1453 1815 1526 μισθὸς,
1852 1451 2084 1523 μάλιστα
2131 1452 2188 1505 ἐν
2221 1448 2300 1521 τῷ

731 1557 960 1630 παρόντι
992 1556 1169 1630 καιρῷ
1196 1556 1293 1628 τὴν
1321 1556 1704 1629 προσήκουσαν
1729 1551 1980 1624 ἀνδρείαν
2006 1550 2304 1605 ἐπιδεικνυ-

737 1654 947 1726 μένοιςο
1005 1653 1175 1716 οὐτως
1227 1652 1287 1705 οὐ
1338 1649 1515 1724 [718]
1560 1650 1622 1703 τὺ
1692 1648 1852 1719 τυχὸν
1910 1646 2061 1700 ισται
2127 1648 2302 1718 κρῖμα

737 1749 980 1815 ὀκνοῦσι,
1011 1748 1106 1802 καὶ
1136 1747 1538 1817 ἀναδυομένοις,
1567 1745 1661 1800 καὶ
1691 1743 1759 1798 τὰ
1784 1745 1914 1815 παρ’
1961 1740 2171 1796 ἑαυτῶν
2203 1742 2303 1795 οὐκ

735 1846 1095 1917 εἰσφέρουσιν.
1127 1845 1270 1897 Ἷστε
1313 1843 1423 1915 γάρ
1453 1842 1506 1895 τί
1557 1840 1824 1895 πέπονθεν
1854 1841 1884 1893 ό
1929 1839 1990 1893 τὸ
2040 1839 2303 1894 τάλαντον

740 1939 1059 2011 καταχώσας
1086 1940 1147 1993 τδ
1178 1939 1255 2002 ἐν,
1283 1939 1341 2002 δ(
1370 1938 1520 1992 οὐδὲν
1556 1938 1741 2010 ἕτερον
1769 1937 2186 2008 ἐγκαλούμενος,
2215 1936 2303 1990 διά

737 2038 894 2092 τοῦτο
938 2037 1094 2107 μόνον
1131 2035 1437 2101 ἐκολάζετο,
1466 2035 1560 2088 καὶ
1607 2034 1979 2107 ἀπαραίτητον
2026 2033 2196 2088 ἐδίδου
2227 2033 2304 2087 δί-

740 2149 862 2204 κην.
901 2131 1241 2186 Σπουδάσατε
1265 2127 1358 2203 οῦν
1379 2131 1467 2185 διά
1491 2131 1688 2202 τάχους
1712 2130 2072 2204 ἐλευθερῶσαί
2106 2148 2174 2202 με
2206 2131 2306 2203 τῆς

741 2228 1034 2301 φροντίδος.
1060 2228 1270 2300 Ὠσπερ
1294 2227 1403 2298 γὰρ
1431 2227 1631 2300 πολλήν
1663 2246 1752 2300 μοι
1775 2229 1934 2300 φέρει
1965 2227 2309 2300 παράκλησιν

740 2326 834 2380 καὶ
861 2325 1232 2396 παραμυθίαν,
1277 2324 1494 2378 ἐπειδὰν
1529 2325 1768 2389 ἀκούσω,
1803 2326 1884 2379 ὃτι
1925 2325 2064 2396 μετά
2105 2323 2308 2395 προθυ-

745 2420 881 2493 μίας,
926 2420 1141 2474 ἅπαντα
1182 2421 1274 2474 τὸν
1311 2419 1703 2492 χειμαζόμενον
1747 2420 1875 2477 λαὸν
1925 2427 2305 2495 συγκροτεῖτεο

740 2514 915 2581 οὕτως
949 2515 1169 2571 ἐπειδὰν
1209 2515 1384 2588 μάθω,
1429 2516 1510 2571 δτι
1550 2517 1693 2580 τινές
1725 2517 2080 2589 ρᾳθυμοῦσιν,
2107 2520 2204 2590 οὐχ
2233 2519 2311 2584 ὡς

740 2613 931 2686 ἔτυχεν
973 2614 1121 2685 ἀλγῶ
1167 2615 1306 2687 ὑπὲρ
1356 2615 1536 2670 αὐτῶν
1582 2616 1691 2671 τῶν
1745 2616 2152 2689 ῥᾳθυμούντων.
2200 2616 2311 2688 Τὴν

745 2710 844 2784 μὲν
869 2710 979 2783 γὰρ
1009 2712 1301 2783 καλλίστην
1333 2713 1536 2784 ἀγέλην
1559 2714 1774 2786 ἐκείνην
1803 2716 1836 2785 ή
1870 2714 1964 2768 τοῦ
1990 2713 2124 2768 Θεοῦ
2150 2715 2311 2786 χάρις

743 2795 1128 2880 καθίέκάστην
1157 2813 1449 2882 συγκροτεῖ
1472 2811 1706 2883 ἡμέραν,
1737 2811 1986 2884 καθάπερ
2023 2813 2119 2867 καὶ
2158 2814 2316 2884 ὑμεῖς

739 2903 832 2959 διὰ
857 2904 965 2958 τῶν
986 2903 1160 2976 ἐργων
1185 2905 1367 2960 αὐτῶν
1385 2904 1587 2975 ἐγνωτε
1607 2923 1620 2938 ·
1647 2907 1698 2961 οί
1723 2908 1781 2961 δέ
1811 2907 2056 2981 ῥᾳθυμίᾳ
2081 2908 2154 2962 τά
2183 2909 2314 2980 παρ’

740 3001 950 3056 ιαυτῶν
996 3002 1446 3074 ἐλλιμπάνοντες,
1489 3003 1549 3056 οὐ
1600 3005 1795 3076 μικρὸν
1827 3006 2041 3071 ἑαυτοῖς
2082 3007 2170 3061 διά
2216 3008 2316 3078 τῆς

741 3097 1015 3170 ῥᾳθυμίας
1039 3098 1241 3170 ταύτης
1268 3098 1561 3168 συνάγουσι
1592 3102 1783 3172 κρῖμα.

1073 3256 1233 3309 ΣιΓν.
1267 3253 1542 3320 Φιλίππῳ
1572 3255 1970 3327 πρεσϐυτέρῳ.

829 3389 1162 3461 Ἐθαύμασα,
1199 3391 1319 3454 πῶς
1347 3393 1404 3444 ἐν
1437 3391 1578 3446 οῦτω
1609 3393 1786 3465 χρόνῳ
1813 3393 2008 3465 μακρῷ
2043 3395 2174 3465 ἡμῖν
2215 3394 2314 3448 οὐκ

743 3486 1105 3552 ἐπέσταλκας,
1144 3487 1258 3541 ἀλλ’
1284 3489 1505 3560 ἀγάπην
1539 3491 1636 3562 μὲν
1676 3493 1805 3562 περὶ
1838 3492 1982 3563 ήμᾶς
2022 3492 2316 3546 ἐπιδείκνυο

744 3602 843 3641 σαι
888 3587 981 3641 καὶ
1029 3586 1266 3652 ἀπόντας
1321 3587 1538 3660 πολλὴν,
1573 3591 1916 3662 γραμμάτων
1961 3591 2018 3644 δέ
2069 3593 2202 3663 ήμῖν
2255 3592 2316 3646 οὐ

745 3683 1057 3755 μετέδωκας
1093 3683 1201 3738 τῶν
1248 3684 1373 3739 σῶν.
1421 3685 1534 3740 Νῦν
1582 3687 1711 3756 γοῦν
1747 3690 1878 3758 ήμῖν
1921 3689 2200 3758 γράφειν·
2242 3689 2317 3759 μὴ

746 3783 1107 3852 κατοκνήσῃς,
1143 3781 1211 3836 τά
1240 3783 1367 3855 περὶ
1392 3783 1491 3854 τῆς
1516 3783 1700 3852 ὑγείας
1731 3785 1831 3855 τῆς
1870 3783 1971 3854 σῆξ
2003 3784 2210 3857 δηλῶν·
2245 3788 2321 3851 ὡς

748 3877 909 3948 ἡμεῖς
943 3894 1028 3946 γε,
1076 3878 1169 3931 καὶ
1207 3876 1284 3950 μὴ
1313 3880 1614 3949 γράφοντος
1650 3897 1765 3944 σου,
1803 3878 1872 3931 τὰ
1915 3879 1984 3933 σά
2026 3897 2320 3951 περιεργα-

752 3971 975 4043 ζόμεθα,
1028 3975 1120 4027 καὶ
1161 3974 1423 4045 ἔγνωμεν,
1456 3977 1539 4028 ὅτι
1585 3976 1679 4029 καὶ
1719 3976 1818 4046 τῆς
1855 3977 2051 4047 σχολῆς
2095 3975 2319 4048 ἐξεϐλή-

749 4069 906 4138 θητε,
933 4069 1033 4140 τήν
1057 4071 1186 4140 ὑμῖν
1213 4073 1529 4143 πρέπουσαν
1551 4075 1864 4145 παρρησίαν
1895 4075 2316 4147 ἐπιδειξάμενοι.

753 4166 925 4220 τοῦτο
967 4167 1094 4238 ὑμῖν
1158 4169 1378 4239 μισθὸς,
1427 4169 1584 4222 τοῦτο
1634 4173 1982 4242 πραγματεία
2034 4172 2319 4245 οὐράνιος,

752 4265 911 4319 τοῦτο
943 4266 1202 4336 στέφανος
1244 4268 1538 4340 ἀκήρατος,
1571 4268 1725 4322 τοῦτο
1775 4269 2043 4341 βραδείων
2090 4271 2316 4342 πλῆθος.

754 4359 920 4414 Ταῦτ’
953 4356 1044 4414 οῦν
1074 4363 1284 4416 ἅπαντα
1312 4363 1666 4435 λογιζόμενοι,
1711 4367 1972 4434 γενναίως
2017 4367 2210 4438 φέρετε
2253 4367 2324 4421 τὰ

759 4458 1154 4528 συμπίπτοντα.
1201 4459 1404 4524 Ἱκανὸς
1457 4461 1566 4532 γάρ
1605 4463 1633 4515 δ
1681 4461 1813 4526 Θεὸς
1875 4465 1968 4517 καὶ
2026 4466 2150 4530 τοὺς
2199 4483 2324 4520 πει-

761 4556 1001 4627 ρασμοὺς
1031 4554 1186 4608 λῦσαι
1215 4555 1453 4622 τούτους,
1479 4557 1574 4611 καὶ
1607 4559 1867 4628 ταχίστην
1899 4561 2121 4631 ποιῆσαι
2150 4562 2324 4633 γαλή-

759 4670 878 4726 νην,
935 4653 1153 4722 καὶτῆς
1195 4653 1468 4725 ὑπομονῆς
1506 4655 1632 4726 ὑμῖν
1671 4655 1871 4727 ταύτης
1921 4657 2086 4712 πολὺν
2129 4659 2221 4712 καὶ
2263 4661 2321 4712 ἐν

759 4749 837 4821 τῷ
868 4749 1113 4820 μέλλοντι
1138 4749 1292 4802 αίῶνι
1322 4749 1504 4804 δοῦναι
1536 4752 1625 4804 τὸν
1657 4752 1868 4823 μισθόν.

942 4848 962 4877 ε

1040 4905 1190 4959 Σ1Δ’.
1231 4906 1603 4973 Σεϐαστιανῷ
1640 4909 2036 4978 πρεσϐυτέρῳ.

832 5043 896 5095 El
923 5043 1015 5096 καὶ
1044 5041 1120 5112 τῷ
1156 5041 1365 5112 σώματι
1399 5045 1778 5116 κεχωρίσμεθά
1804 5064 1894 5099 σου
1939 5047 2036 5116 τῆς
2077 5047 2330 5118 τιμιότη-

763 5155 875 5203 τος,
907 5139 1040 5193 ἀλλά
1068 5141 1159 5192 καὶ
1190 5143 1256 5211 τῇ
1285 5141 1469 5212 ἀγάπῃ
1510 5158 1591 5194 σοι
1622 5143 1997 5212 συνδεδέμεθα,
2029 5147 2122 5198 καὶ
2164 5145 2327 5198 ὃπω-

766 5253 874 5307 περ
897 5235 963 5292 ἂν
983 5231 1152 5308 ὧμεν,
1187 5238 1552 5309 περιφέρομέν
1585 5257 1679 5293 σου
1705 5240 1802 5310 τήν
1828 5240 2065 5294 διάθεσιν
2099 5242 2190 5295 ἐπὶ
2225 5245 2326 5314 τῆς

771 5332 1009 5403 μνήμης,
1047 5333 1147 5387 κᾶν
1176 5337 1254 5399 είς
1286 5335 1423 5388 αὐτά
1451 5335 1550 5406 τῆς
1579 5335 1901 5405 οἰκουμένης
1938 5339 2320 5410 ἀπενεχθῶμεν

768 5427 837 5482 τὰ
874 5429 1139 5500 τέρματα.
1174 5432 1293 5483 Ὅτι
1335 5431 1391 5484 δὲ
1438 5432 1530 5484 καὶ
1582 5432 1742 5495 αὐτὸς
1783 5432 2012 5504 ἀληστον
2058 5435 2200 5504 ἔχεις
2233 5436 2330 5507 τὴν

771 5528 991 5600 μνήμην
1018 5529 1196 5602 ήμῶν,
1232 5530 1384 5583 οὐδὲν
1421 5525 1572 5602 οἶμαι
1613 5533 1722 5586 δεῖν
1763 5533 2142 5604 ἀμφιϐάλλειν.
2196 5531 2327 5611 Οἶδα

774 5711 1064 5831 ςόἱήιὲἓέῗεε
1102 5725 1215 5762 mss.
1239 5712 1351 5774 ἡμῖν
1389 5711 1583 5776 γράψαι.
1611 5711 1734 5762 Infra
1761 5713 1832 5762 ὅτι
1853 5713 1931 5761 καὶ
1952 5718 2036 5771 τῆς
2060 5714 2237 5776 σχολῆς
2257 5717 2330 5771 ἐξ-

1388 379 1447 438 3.
1483 375 1768 438 JOANNIS
1795 375 2287 438 οηιιῖεοδτοιιι
2321 373 2637 433 ARCIIIEP.
2681 367 3231 432 CONSTANTINOP.

3847 379 3955 434 731

2395 485 2507 555 γάρ
2549 502 2646 539 σου
2680 487 2742 540 τὸ
2774 490 2996 560 γνήσιον
3024 489 3124 558 τῆς
3156 486 3470 552 διαθέσεως,
3516 485 3616 558 τῆς
3656 486 3880 558 ἀγάπης
3917 488 3974 544 τὸ

2398 594 2718 664 στερρὸνκιδ
2747 594 3143 666 ἀπερίτρεπτον
3170 593 3271 663 τῆς
3298 591 3651 663 γνὼμης.Διδ
3672 592 3766 648 καὶ
3782 611 3974 665 παρα-

2397 694 2666 764 καλοῦμεν
2689 697 2929 766 συνεχῶς
2952 698 3083 766 ήμῖν
3113 694 3470 758 ἐπιστέλλειν,
3490 694 3585 748 καὶ
3611 693 3681 748 τά
3710 696 3843 767 περὶ
3873 695 3977 765 τῆς

2399 802 2584 872 ὑγείας
2617 802 2719 872 τῆς
2774 805 2872 873 σῆς
2924 800 3393 872 εὐαγγελίζεσθαι.
3441 801 3653 871 Σφόδρα
3692 801 3806 874 γάρ
3838 804 3976 872 ήμίν

2399 908 2865 980 περισπούδαστον
2898 909 3028 981 περὶ⁵
3050 907 3255 980 ταύτης
3285 907 3614 979 μανθάνειν
3649 908 3744 962 καὶ
3771 906 3980 975 πολλὴν

2399 1015 2492 1067 καὶ
2520 1015 2579 1067 ἐν
2601 1013 2806 1084 ἐρημίᾳ
2833 1013 3204 1085 διατρίϐοντες
3236 1013 3344 1067 ἀπὺ
3363 1012 3473 1068 τῶν
3501 1012 3759 1068 τοιούτων
3790 1029 3977 1086 γραμο

2403 1120 2590 1189 μάτων
2621 1118 3034 1190 καρπωσόμεθα
3063 1117 3162 1189 τὴν
3196 1118 3566 1192 παράκλησιν.

2647 1271 2796 1346 [719]
2836 1271 2996 1365 τις.
3028 1273 3298 1343 Helm-(cp
3328 1273 3730 1341 πρεσϐυτέρῳ.

2469 1423 2606 1485 οῐδά
2642 1445 2738 1482 σου
2761 1428 2824 1483 τὸ
2855 1429 3031 1501 πρᾶον
3050 1469 3068 1494 ,
3118 1429 3181 1483 τὸ
3211 1429 3474 1492 ἐπιεικές,
3508 1426 3573 1480 τὸ
3599 1425 3841 1498 χρηστὸν
3861 1465 3877 1480 .
3917 1423 3983 1479 τὺ

2401 1532 2596 1601 γλυκὺ,
2617 1533 2680 1587 τὸ
2706 1533 2908 1606 θερμὸν
2929 1536 3029 1606 τῆς
3058 1533 3301 1606 ἀγάπης.
3331 1534 3394 1588 τὸ
3427 1534 3652 1605 γνήσιον
3674 1533 3774 1604 τῆς
3799 1529 3985 1587 διαθέ-

2404 1655 2542 1703 σεως
2567 1639 2666 1709 τῆς
2696 1640 2824 1712 περὶ
2865 1641 3032 1711 ἡμᾶς.
3065 1639 3155 1693 Διδ
3189 1640 3286 1694 καὶ
3323 1637 3720 1710 προσαγορεύω
3753 1654 3850 1690 σου
3878 1635 3980 1707 τὴν

2400 1743 2690 1815 τιμιότητα
2733 1743 2873 1814 μετά
2918 1742 3120 1812 πολλης
3167 1742 3267 1815 τῆς
3297 1742 3644 1815 προθυμίας,
3677 1743 3772 1796 καὶ
3817 1741 3980 1812 δῆλον

2403 1849 2563 1914 ποιῶ,
2591 1850 2674 1904 ὅτι
2695 1849 2938 1922 ὅπουπερ
2965 1849 3034 1904 ἂν
3055 1843 3101 1904 ὦ
3117 1849 3171 1913 δ,
3194 1850 3288 1903 ἐπὶ
3315 1849 3553 1916 διανοίας
3576 1866 3637 1903 σε
3671 1849 3975 1919 περιφέρει.

2403 1955 2720 2029 Παρακαλῶ
2744 1956 2946 2020 τοίνυν,
2973 1956 3061 2011 ἵνα
3088 1957 3184 2010 καὶ
3219 1955 3415 2029 ἐτόραν
3437 1954 3727 2026 δεχώμεθα
3749 1955 3850 2026 τὴν
3887 1953 3980 2006 εὐ-

2405 2061 2702 2134 φροσύνην,
2738 2061 2813 2132 μή
2845 2060 3008 2133 μόνον
3035 2060 3144 2115 ἀπὸ
3170 2060 3266 2115 τοῦ
3301 2060 3554 2134 γράφειν,
3582 2059 3720 2114 ἀλλά
3751 2059 3848 2114 καὶ
3875 2059 3988 2114 ἀπὶ

2406 2166 2498 2222 τοῦ
2540 2166 2836 2239 μανθάνειν
2863 2165 2932 2220 τά
2973 2167 3103 2236 περὶ
3138 2165 3238 2238 τῆς
3288 2166 3478 2236 ὑγείας
3509 2166 3611 2238 τῆς
3651 2167 3770 2244 σῆς,
3819 2164 3986 2237 δήλου

2409 2276 2541 2346 ήμῖν
2569 2273 2742 2330 ταῦτα
2775 2273 3036 2345 συνεχῶς.
3060 2273 3180 2328 Κάν
3208 2271 3316 2345 γάρ
3342 2274 3423 2338 είς
3439 2271 3832 2346 χαλεπωτέραν
3855 2267 3989 2325 ταύ-

2408 2397 2508 2452 της
2545 2381 2784 2454 ἐρημίαν
2815 2381 3232 2454 ἀπενεχθῶμεν,
3280 2380 3561 2453 δεχόμενοι
3590 2379 3819 2435 τοιαῦτα
3851 2381 3988 2452 παρ’

2409 2489 2564 2560 ὑμῶν
2589 2488 2698 2544 τῶν
2727 2488 3068 2558 ἀγαπώντων
3095 2489 3247 2560 ἡμᾶς
3278 2473 3602 2561 γράμματα,
3627 2487 3831 2559 πολλῆς
3852 2488 3992 2544 ἀω-

2409 2593 2724 2668 λαυσόμεθα
2744 2593 2848 2668 τῆς
2877 2593 3239 2675 εὐφροσύνης.

2917 2751 3089 2824 Σιεῖ.
3127 2753 3479 2818 Μουσωνίῳ.

2487 2909 2594 2964 Καὶ
2635 2907 2736 2980 ήδη
2770 2904 3191 2977 ἐπεστάλκαμέν
3226 2921 3321 2960 σου
3353 2907 3420 2976 τῇ
3450 2900 3723 2975 εὐγενείᾳ,
3755 2902 3995 2957 δέσποτά

2419 3026 2519 3080 μου
2559 3007 2857 3080 τιμιώτατα
2895 3007 2990 3062 καὶ
3035 3006 3437 3073 εὐλαδίστατε,
3482 3007 3578 3062 καὶ
3607 3005 3702 3061 νῦν
3739 3006 3798 3060 τὺ
3856 3005 3994 3062 αὐτδ

2414 3113 2576 3170 πάλιν
2609 3111 2892 3179 ποιοῦμεν,
2919 3112 3098 3168 καίτοι
3127 3111 3262 3186 μηδὲ
3293 3111 3442 3177 ἀπαε
3471 3111 3567 3167 σοῦ
3596 3111 3997 3178 ἐπεσταλκότος

2414 3219 2567 3289 ἡμῖν.
2598 3217 2737 3270 Ἀλλ’
2763 3217 2914 3288 ὅμως
2945 3219 3112 3289 ήμεῖς
3134 3218 3196 3271 οὐ
3223 3217 3573 3290 διαλείψομεν
3601 3218 3840 3289 συνεχῶς
3867 3219 3996 3290 ὑμῖν

2415 3321 2846 3386 ἐπιστέλλοντες,
2869 3322 2964 3376 καὶ
2987 3321 3048 3376 τδ
3072 3323 3206 3395 ήμῖν
3232 3323 3418 3388 αὐτοῖς
3447 3324 3657 3394 πρέπον
3688 3322 3992 3390 ποιοῦντες.

2428 3426 2791 3498 Ἐδουλόμεθα
2812 3425 2922 3498 γάρ
2942 3427 3037 3481 καὶ
3058 3426 3392 3499 πυκνότερον
3407 3426 3566 3480 τοῦτο
3587 3430 3762 3481 ποιεῖν
3779 3443 3792 3457 ·
3809 3425 3997 3500 ἐπειδὴ

2416 3533 2591 3587 δὲκαὶ
2631 3533 2688 3586 ἐν
2720 3533 2926 3605 ἐρημία
2967 3531 3136 3604 πολλῇ
3163 3533 3366 3614 χωρίου
3415 3531 3786 3604 διατρίϐομεν,
3839 3532 3937 3586 καὶ
3968 3534 3992 3586 ἐ

2418 3637 2527 3690 τῶν
2555 3636 2769 3708 λῃστῶν
2811 3637 2976 3706 φόδος
3019 3637 3302 3708 πολιορκεῖ
3332 3637 3432 3698 τὴν
3487 3635 3665 3698 πόλιν,
3702 3635 3795 3690 καὶ
3834 3637 3868 3708 ή
3899 3635 3992 3690 τοῦ

2420 3737 2689 3809 χειμῶνος
2713 3738 2834 3809 ῶρσ.
2865 3737 3201 3809 ἀποτειχίζει
3223 3737 3321 3801 τάς
3349 3738 3526 3806 ὁδους,
3547 3738 3642 3792 καὶ
3665 3737 3839 3792 ταῦτα
3862 3739 3997 3793 πάν-

2421 3861 2490 3896 τα
2520 3843 2619 3896 οὐκ
2651 3842 2843 3912 ἀφίησι
2885 3842 3114 3906 πολλοὺς
3147 3844 3281 3914 ήμῖν
3312 3843 3555 3914 συνεχῶς
3584 3842 3995 3918 ἐπιχωριάζειν,

2423 3948 2583 4019 ἡνίκα
2609 3947 2674 4002 ἂν
2703 3947 2820 4019 ἐξῇ,
2841 3949 2936 4001 καὶ
2969 3947 3461 4019 γραμματηφόρων
3494 3948 3861 4019 ἐπιτύχωμεν,
3898 3948 3998 4021 τὴν

2422 4049 2779 4122 ὀφειλομένην
2797 4050 3101 4122 πρόσρησιν
3127 4049 3488 4120 ἀποδιδόαμέν
3507 4067 3600 4103 σου
3620 4053 3686 4123 τῇ
3717 4051 3997 4120 εὐλαϐείᾳ.

2428 4159 2618 4228 Ἵσμεν
2649 4157 2757 4228 γάρ
2789 4174 2884 4210 σου
2912 4156 2972 4210 τὸ
3006 4158 3228 4225 γνήσιον
3258 4156 3360 4226 τῆς
3387 4157 3628 4228 ἀγάπης,
3664 4157 3764 4230 τήν
3790 4158 4000 4232 θερμὴν

2423 4264 2682 4328 διάθεσιν,
2713 4264 2774 4318 τὸ
2803 4263 3207 4337 ἀπερίτρεπτον
3235 4262 3333 4332 τῆς
3368 4262 3617 4334 γνώμης,
3651 4262 3751 4333 τήν
3784 4263 3997 4320 ἐλευθε-

2430 4367 2570 4438 ρίαν,
2598 4365 2660 4419 τό
2687 4365 3069 4438 ἀνυπόκριτον.
3096 4365 3186 4419 Διὸ
3219 4367 3314 4420 καὶ
3343 4365 3438 4419 ἐπὶ
3477 4368 3696 4438 μνήμης
3733 4384 3791 4420 σε
3827 4368 4002 4440 διηνε-

2426 4471 2538 4532 κῶς
2567 4470 2970 4542 περιφέρομεν,
3021 4471 3267 4542 ὅπουπερ
3305 4471 3370 4524 ἂν
3395 4464 3575 4540 ὦμεν,
3611 4472 3705 4525 καὶ
3748 4470 4002 4526 ἐπιλαθέ-

2429 4575 2552 4630 σθαι
2582 4593 2675 4628 σου
2706 4575 2806 4645 τῆς
2835 4575 3130 4646 ἐμμελείας
3162 4576 3223 4628 οὐ
3247 4574 3544 4646 δυνάμεθα.
3577 4576 3694 4629 Ἵνα
3719 4575 3776 4628 δὲ
3811 4575 3887 4647 μὴ
3926 4576 4004 4649 τῷ

2427 4679 2659 4750 γράφειν
2697 4678 2887 4748 μόνον,
2944 4676 3077 4731 ἀλλὰ
3129 4678 3223 4731 καὶ
3269 4675 3346 4746 τῷ
3375 4675 3629 4745 δέχεσθαι
3662 4675 4001 4760 γράμματα,

2429 4780 2556 4851 περὶ
2592 4783 2688 4851 τῆς
2725 4780 2914 4847 ὑγείας
2943 4780 3042 4850 τῆς
3078 4779 3178 4849 σῆς
3214 4777 3500 4848 δηλοῦντα,
3556 4777 4004 4849 εὐφραινώμεθα,

2430 4884 2615 4955 πέμπε
2643 4884 2882 4956 συνεχῶς
2912 4886 3049 4955 ἡμῖν
3071 4881 3325 4946 τοιαύτας
3368 4882 3677 4946 ἐπιστολάς.
3706 4858 3864 4936 Οὕτω
3896 4883 4005 4956 γὰρ

2430 4989 2522 5041 καὶ
2549 4988 2829 5060 πόρρωθεν
2862 4988 3014 5049 ὑντες
3063 4987 3266 5057 πολλὴν
3299 4985 3711 5057 καρπωσόμεθα
3745 4985 3856 5040 ἀπὸ
3898 4985 4008 5040 τῶν

2431 5090 2686 5144 τοιούτων
2718 5089 3066 5161 γραμμάτων
3110 5089 3485 5160 παραμυθίαν,
3529 5090 3661 5142 ὅταν
3693 5087 4005 5159 ἀκούωμεν,

2432 5197 2513 5249 ὅτι
2563 5196 2722 5266 ὑμεῖς
2758 5196 2808 5248 οί
2840 5195 3060 5266 σφοδροὶ
3117 5194 3275 5264 ήμῶν
3301 5193 3532 5265 ἐρασταὶ
3575 5193 3669 5248 καὶ
3712 5193 3908 5265 θερμοὶ
3953 5199 4008 5250 ἐν

2434 5284 2665 5356 εὐθυμία
2687 5283 2782 5336 καὶ
2804 5282 3072 5352 ἀσφαλείᾳ
3100 5281 3334 5350 διάγετε.

2940 5442 3100 5494 ΣΙΖ’.
3140 5439 3500 5503 Βαλεντίνῳ.

2507 5593 2640 5650 Οἷδά
2669 5613 2763 5650 σου
2790 5596 2888 5668 τὴν
2915 5595 3196 5667 φιλότιμον
3217 5595 3416 5666 ψυχὴν,
3443 5594 3536 5648 τὸν
3567 5595 3747 5658 ἔρωτα
3771 5596 3864 5652 τὸν
3897 5595 4016 5665 θερ-

2498 5780 2529 5820 b
2554 5779 2636 5831 Sic
2656 5793 2829 5833 omnes
2850 5795 2965 5833 mss.
2987 5782 3118 5834 Edit.
3142 5785 3350 5848 ὅπουπερ
3370 5782 3428 5831 ἂν
3447 5781 3592 5846 ὦμεν.
