4152 6490
195 369 308 441 τις

197 495 347 658 {anns
392 496 464 647 at;
792 502 1035 577 gloriam,
1083 521 1200 575 qua
1244 510 1545 566 revelabitur
1570 513 1624 569 in
1663 515 1813 572 nobis

295 604 401 642 om.
467 591 529 645 ,1
614 629 631 646 .

295 604 401 642 om.
427 588 631 647 8.18).

234 699 464 760 CCXII.
492 702 774 780 Theophila
798 709 1107 784 presbytero.
1139 711 1391 784 (Cucuso
1419 731 1563 773 anno
1599 671 1768 792 404.

283 814 645 876 Vehementer
688 819 860 887 dolui,
905 837 1028 879 cum
1071 825 1252 881 audivi
1303 837 1356 884 te
1406 843 1471 884 ac
1516 828 1807 888 Solustium

207 905 583 979 presbyterum
612 908 755 967 haud
783 911 1094 986 frequenter
1121 916 1188 972 ad
1215 918 1497 977 collectam
1525 922 1804 991 accedere,

200 1015 383 1072 neque
433 1003 756 1062 mediocrem
809 1007 862 1064 id
891 1009 1024 1066 mihi
1079 1026 1367 1070 mmrorem
1410 1016 1626 1072 inussit.
1675 1016 1808 1074 Peto

199 1093 386 1163 igitur,
440 1103 520 1164 ut,
573 1097 620 1152 si
672 1098 888 1170 quidem
938 1101 994 1157 id
1045 1102 1238 1160 falsum
1287 1104 1378 1172 sit,
1407 1106 1645 1164 indicare
1674 1107 1807 1164 mihi

200 1183 486 1255 studeatis,
515 1187 659 1259 quod
685 1188 804 1247 sine
831 1205 993 1249 causa
1018 1187 1342 1252 calumniam
1370 1198 1516 1267 passi
1537 1198 1690 1266 sitis;
1721 1200 1805 1256 sin

202 1290 416 1345 verum,
454 1280 719 1351 ejusmodi
746 1287 1120 1359 negligentiam
1165 1290 1486 1349 emendetis.
1537 1292 1609 1350 Ut
1662 1293 1808 1350 enim

201 1368 440 1426 maxima
469 1372 624 1428 vobis
665 1390 875 1433 merces
914 1380 1278 1449 constituitur,
1307 1385 1606 1454 presertim
1655 1385 1700 1441 si
1751 1385 1805 1443 in

197 1457 308 1515 hoc
358 1463 561 1520 seculo
604 1468 1015 1526 convenientem
1042 1471 1414 1530 fortitudinem
1457 1475 1804 1533 exhibeatis:

202 1547 284 1606 ita
312 1566 424 1608 non
465 1555 740 1614 mediocre
782 1560 937 1618 vobis
973 1551 1234 1633 judicium
1264 1564 1529 1634 imminet,
1557 1569 1601 1624 si
1632 1569 1807 1642 negli-

195 1653 394 1715 gentes
418 1648 536 1705 sitis
564 1664 629 1706 ac
667 1653 901 1722 remissi,
932 1670 1109 1727 neque
1153 1673 1378 1716 munere
1409 1672 1590 1718 vestro
1616 1662 1807 1736 funga-

198 1737 359 1793 mini.
411 1736 573 1796 Scitis
600 1756 833 1815 namque
870 1743 997 1817 quid
1034 1761 1224 1817 passus
1268 1748 1361 1806 ille
1418 1749 1578 1808 fuerit
1602 1754 1693 1825 qui
1723 1764 1806 1810 ta-

200 1827 412 1885 lentum
441 1846 604 1887 unum
631 1833 932 1904 defoderat,
978 1839 1070 1908 qui
1121 1838 1191 1896 de
1232 1840 1382 1897 nullo
1433 1843 1541 1900 alio
1581 1845 1809 1904 crimine

201 1931 513 1987 accusatus,
541 1924 610 1980 ob
639 1925 742 1981 hoc
763 1928 934 1984 solum
961 1930 1178 2000 punitus
1216 1942 1323 2002 est,
1373 1943 1429 1991 et
1475 1935 1806 1996 inevitabiles

204 2025 399 2082 pennas
420 2013 588 2070 dedit.
619 2015 752 2074 Date
778 2017 940 2089 igitur
980 2034 1224 2090 operam,
1250 2031 1311 2079 ut
1338 2039 1426 2081 me
1452 2042 1612 2097 quam
1637 2029 1809 2086 celer-

199 2103 345 2160 rime
373 2119 500 2160 cura
539 2105 797 2164 liberetis.
830 2109 898 2166 Ut
919 2111 1064 2168 enim
1089 2126 1356 2170 summam
1385 2119 1804 2176 consolationem

196 2194 337 2250 mihi
367 2196 570 2266 praabet
596 2213 660 2255 ac
687 2200 954 2268 solatium,
984 2217 1110 2259 cum
1135 2205 1301 2261 audio
1341 2221 1438 2262 vos
1483 2223 1607 2264 cum
1660 2210 1806 2266 omni

197 2285 479 2346 alacritate
532 2290 787 2361 populum
835 2293 1145 2351 universum
1188 2307 1506 2369 tempestate
1548 2300 1807 2371 iactatum

198 2376 473 2436 instruere
500 2397 514 2434 :
547 2381 625 2437 sic
645 2397 768 2439 cum
789 2384 1028 2441 adfertur
1060 2387 1129 2443 ad
1183 2404 1270 2445 me
1297 2391 1559 2461 quosdam
1608 2409 1807 2465 segnes

203 2484 366 2537 esse,
397 2489 503 2528 non
532 2475 859 2534 mediocrem
888 2478 1020 2534 mihi
1050 2482 1304 2551 segnities
1325 2484 1536 2540 illorum
1564 2484 1806 2544 dolorem

199 2559 391 2617 inurit.
417 2563 562 2620 Sane
585 2566 802 2637 quidem
830 2570 1254 2641 pulcherrimum
1285 2573 1434 2630 illum
1463 2591 1679 2650 gregem
1709 2576 1807 2634 Dei

198 2654 373 2740 gratia
402 2658 638 2726 quotidie
683 2661 984 2729 confirmat,
1019 2673 1079 2719 ut
1101 2680 1200 2721 vos
1219 2682 1431 2739 quoque
1459 2670 1635 2740 reipsa
1658 2685 1808 2726 com-

199 2736 460 2814 peristis:
490 2748 581 2818 qui
610 2764 737 2806 vero
773 2768 885 2823 pra
930 2755 1094 2810 nimia
1122 2736 1466 2828 negligentia,
1514 2736 1634 2831 qum
1676 2775 1805 2816 sua-

200 2849 328 2891 rum
373 2847 498 2892 sunt
543 2841 794 2910 partium,
845 2854 1106 2915 praestare
1148 2847 1424 2918 desinunt,
1459 2864 1570 2906 non
1595 2851 1805 2908 medio-

200 2939 297 2982 cre
324 2942 419 2997 per
445 2928 691 2986 inertiam
713 2933 979 3004 ejusmodi
1004 2937 1108 2994 sibi
1126 2937 1390 3011 judicium
1415 2953 1726 3000 accersunt.

198 3035 462 3097 CCXIII.
531 3041 772 3116 mappa
820 3047 1128 3121 presbytero.
1177 3050 1432 3123 (Cucuso
1460 3070 1604 3113 anno
1635 3056 1805 3130 tot.)

287 3149 510 3209 Miratus
535 3169 675 3222 sum,
704 3157 794 3228 qui
819 3158 1018 3216 factum
1046 3163 1138 3229 sit,
1159 3171 1221 3219 ut
1243 3171 1351 3220 tam
1379 3166 1635 3225 diuturno
1663 3178 1803 3226 tem-

202 3255 336 3313 pore
358 3242 489 3299 nihil
509 3245 576 3300 ad
603 3261 704 3303 nos
728 3250 1046 3320 scripseris;
1091 3262 1252 3326 atque
1277 3257 1433 3314 nobis
1455 3259 1670 3330 quidem
1718 3262 1804 3318 vel

198 3336 518 3392 absentibus
557 3354 666 3396 non
717 3343 1042 3401 mediocrem
1081 3361 1323 3406 amorem
1350 3351 1678 3420 exhibueris,
1709 3355 1804 3410 sed

200 3443 306 3483 nos
354 3431 624 3488 literarum
682 3445 894 3492 tuarum
961 3439 1252 3512 participes
1317 3443 1540 3501 minime
1588 3445 1802 3504 feceris.

199 3518 359 3575 Nunc
386 3522 574 3578 saltem
605 3524 672 3580 ad
700 3541 800 3583 nos
829 3529 1066 3588 scribere
1093 3547 1164 3589 ne
1192 3535 1484 3606 pigriteris,
1528 3552 1592 3595 ac
1618 3538 1686 3595 de
1715 3549 1804 3595 tua

198 3612 514 3671 valetudine
541 3614 722 3674 facere
747 3621 1005 3678 certiores
1036 3640 1050 3678 :
1079 3639 1206 3680 nam
1248 3627 1372 3683 licet
1411 3643 1520 3684 non
1565 3631 1801 3698 scribas,

200 3702 274 3759 de
299 3704 460 3761 rebus
504 3709 608 3763 tuis
666 3710 1025 3780 sciscitamur,
1054 3725 1110 3772 et
1148 3732 1248 3773 vos
1275 3718 1563 3780 didicimus
1590 3738 1620 3777 a
1645 3723 1806 3779 scho-

201 3793 252 3849 la
289 3794 366 3868 (α)
401 3798 589 3868 pulsos
615 3798 802 3870 fuisse,
855 3819 980 3862 cum
1027 3822 1147 3864 eam
1176 3809 1430 3882 loquendi
1481 3814 1802 3885 libertatem,

201 3899 369 3956 quam
396 3905 493 3959 par
518 3903 654 3960 erat,
697 3894 1101 3956 exhibuissetis.
1125 3901 1242 3959 Hoc
1268 3905 1422 3960 vobis
1450 3921 1679 3976 merces,
1704 3909 1806 3965 hoc

200 3976 438 4035 celestis
463 3990 547 4036 est
587 3988 913 4056 negotiatio,
964 3988 1068 4046 hoc
1097 3991 1411 4051 immortalis
1437 4011 1657 4066 corona,
1703 4000 1808 4056 hoc

205 4072 494 4140 congeries
522 4079 886 4144 prmmiorum.
930 4081 1056 4140 Haec
1084 4084 1242 4156 igitur
1294 4090 1475 4146 omnia
1527 4091 1803 4147 vobiscum

205 4169 544 4231 reputantes,
566 4167 820 4239 quidquid
841 4172 1117 4238 acciderit,
1145 4192 1405 4247 generose
1447 4181 1598 4238 ferte.
1626 4183 1808 4240 Potest

200 4252 351 4308 enim
377 4254 516 4311 Deus
551 4261 872 4318 tentationes
921 4265 1050 4322 istas
1076 4267 1366 4338 depellere,
1396 4288 1460 4328 ac
1503 4276 1806 4346 tranquilli-

202 4352 369 4437 tatem
417 4351 811 4420 quamprimum
882 4357 1177 4428 reducere,
1224 4363 1482 4434 vobisque
1534 4369 1804 4437 copiosam

202 4436 364 4493 istius
387 4441 656 4510 patientia:
684 4447 988 4506 mercedem
1021 4451 1074 4506 in
1105 4451 1205 4508 hac
1229 4453 1337 4509 vita
1389 4465 1445 4511 et
1499 4458 1552 4513 in
1606 4460 1806 4515 saeculo

200 4525 387 4584 futuro
413 4531 616 4602 largiri.

314 4639 562 4698 CCXIV.
615 4645 920 4706 Sebastiano
971 4655 1283 4726 presbytero.
1339 4660 1582 4732 (Scripta
1629 4663 1697 4720 ab

687 4753 830 4796 anno
879 4742 986 4800 404
1022 4746 1088 4801 ad
1127 4749 1292 4820 407.)

275 4843 393 4901 Etsi
419 4859 651 4919 corpore
673 4863 705 4906 a
735 4860 822 4907 tua
851 4858 1156 4914 reverentia
1189 4864 1381 4918 remoti
1404 4880 1607 4934 sumus,
1661 4871 1802 4926 cari-

267 4978 344 5054 (aj
376 4979 520 5032 mm
549 4987 958 5059 Constantinopoli
995 4993 1193 5056 Scholm,
1233 5009 1324 5047 seu
1345 5000 1575 5053 cohortes
1595 5005 1802 5060 militum

213 5042 894 5130 33929332959929
901 5058 1214 5130 319mm
1229 5067 1378 5130 atque
1393 5065 1574 5125 palatii.
1593 5081 1800 5130 auorum

218 5110 812 5188 9m
820 5110 1086 5188 scriptae
1109 5110 1341 5188 .masiuie
1357 5110 1800 5188 Mariam;

199 5166 962 5246 etiaEAiuqltsihusiversahan-tur
983 5166 1172 5246 Scholia
1183 5166 1800 5246 huiusmodi—“Seble

198 5227 1798 5317 ξξνξηωὲρὲ-Ἢθηὲιξρξὲηῆ

196 5299 314 5368 qam
335 5299 861 5368 permsaepeoccurrunt.
896 5303 947 5348 lu
973 5301 1199 5368 _Bcclesia_
1238 5304 1384 5358 latina
1429 5299 1610 5362 scholae
1629 5299 1798 5368 alii}:

197 5360 313 5431 sum
321 5362 683 5431 .m‘emoraﬂtir,
695 5430 710 5431 η
725 5355 933 5421 aliaque
959 5362 1088 5431 item
1131 5355 1349 5418 Scholae."
1359 5355 1798 5431 "vrba—QEBEEE

199 5410 1330 5498 nauseantemgrassata“
1346 5410 1798 5498 εῐιίιῖέδίυῖῑῖῖηῗ

198 5481 946 5562 Ξὲἳζίέἷίέξθι..ίὲἓίλθέ.ἓὲξ¹2¹³
972 5481 1140 5562 time"?
1174 5481 1324 5562 ιίιίξεεξ
1345 5481 1795 5562 άίέίίιῖἷῖιῖῑῖἒιῗῦἔί

199 5536 922 5627 Ξςξρλιὲιᾶιὲιξιιῖἓξςιὶςξὲιέ
935 5536 1795 5627 chqupiam";hhids}§i6&i_Elian};

199 5596 286 5679 ἷξε
295 5596 372 5679 32
599 5596 1203 5679 ecclesiasticaﬂitaﬁat;
1221 5596 1797 5679 ξιῖίέδῖΞΝνῗῖυέίὶἰὸῗίίῖέ

201 5663 373 5705 autem
395 5663 578 5733 cpulari
599 5663 792 5714 videtur
816 5663 1077 5741 hosfuissé
1112 5663 1384 5728 Scholariim

203 5728 272 5767 αι
294 5718 387 5768 hoc
407 5713 561 5770 odiem
581 5723 765 5770 puluis.
795 5733 886 5770 Res
907 5743 956 5770 ιη
997 5743 1184 5770 mpm-sn
1215 5749 1438 5770 vol-cohu-
1492 5748 1615 5770 ...ωε
1645 5749 1762 5770 ...πμ

203 5728 272 5787 ᾳ
294 5728 561 5787 ηοςοωρὶο
581 5728 765 5787 pulsos.
795 5733 886 5778 Res
907 5730 1009 5780 ini

201 5761 983 5876 tamgjjjm
997 5761 1795 5876 'sat‘suissrs‘tzs‘lﬁt‘wéi‘;

536 5972 812 6036 ΡΑτιιοι..
857 5975 976 6038 Gn.
1025 5979 1152 6042 Lll.

1692 399 2076 467 EPISTOLJJ.

1916 529 2029 581 tate
2059 532 2236 584 tamen
2267 535 2444 587 tecum
2470 530 2705 591 devincti
2731 549 2940 603 sumus,
2967 545 3023 594 et
3049 537 3376 612 ubicumque
3403 537 3522 598 fue-

1913 615 2104 685 rimus,
2131 620 2428 679 amicitiam
2455 631 2600 680 tuam
2629 629 2890 684 memoria
2918 629 3370 696 circumferimus,
3399 631 3524 688 licet

1911 707 1980 764 ad
2011 709 2157 782 ipsos
2183 712 2331 770 orbis
2356 723 2622 774 terrarum
2651 717 2788 777 ﬁnes
2836 722 3060 794 relegati
3103 723 3294 779 simus.
3343 725 3416 779 At
3463 734 3524 782 tn

1913 816 2129 874 quoque
2156 817 2473 877 perpetuam
2499 813 2671 868 nostri
2703 816 3021 871 memoriam
3049 817 3177 887 quin
3204 831 3522 882 conserves.

1915 894 2060 950 nulla
2100 897 2312 955 ratione
2339 900 2578 959 arbitror
2603 918 2730 961 esse
2758 904 3135 963 dubitandum.
3167 907 3301 964 Novi
3326 909 3531 980 quippe

1913 988 2279 1050 sinceritatem
2300 997 2503 1054 amoris
2527 998 2628 1067 tui,
2654 991 2900 1056 caritatis
2926 1001 3257 1070 ﬁrmitatem,
3279 1011 3335 1059 et
3358 1003 3526 1059 animi

1912 1081 1992 1137 tui
2015 1087 2399 1146 constantiam.
2427 1090 2691 1160 Quocirca
2717 1103 2773 1152 te
2798 1109 3016 1153 oramus
3041 1107 3100 1153 ut
3121 1096 3430 1170 frequenter
3456 1097 3526 1154 ad

1913 1188 2014 1229 nos
2045 1178 2272 1247 scribas,
2302 1195 2369 1237 ac
2405 1185 2476 1239 de
2513 1191 2603 1241 tua
2631 1200 2893 1258 prospera
2920 1188 3231 1246 valetudine
3266 1190 3529 1246 certiores

1912 1282 2013 1324 nos
2040 1268 2223 1328 facias.
2249 1273 2382 1330 Nam
2411 1275 2481 1333 de
2500 1278 2620 1348 ejus
2646 1287 2792 1336 statu
2843 1282 3073 1339 subinde
3112 1283 3320 1340 moneri
3369 1298 3526 1339 sum-

1911 1373 2135 1430 mopere
2181 1363 2586 1436 desideramus;
2611 1379 2664 1426 et
2694 1386 2802 1426 non
2825 1372 3154 1430 mediocrem
3182 1373 3516 1430 consolatio-

1913 1467 2038 1509 nem
2065 1496 2081 1519 ,
2114 1456 2243 1512 dum
2274 1457 2328 1513 in
2364 1459 2465 1516 hac
2489 1461 2784 1522 solitudine
2809 1465 3056 1539 degimus
3075 1507 3093 1537 ,
3124 1482 3194 1524 ex
3259 1465 3528 1539 ejusmodi
3551 1462 3564 1469 ’

1911 1543 2191 1603 literarum
2216 1549 2450 1608 lectione
2483 1553 2782 1625 capiemus.
2870 1617 2872 1619 ,

1908 1679 2049 1738 CCX
2061 1680 2122 1737 V.
2155 1683 2373 1758 Pelagio
2430 1691 2743 1762 presbytero.
2798 1691 3048 1765 (Scripta
3098 1693 3168 1751 ab
3213 1707 3359 1752 anno
3409 1692 3521 1753 404

2172 1779 2174 1781 '
2593 1785 2661 1840 ad
2692 1785 2857 1860 507.)

1982 1907 2448 1971 Mansuetudinem
2502 1924 2648 1974 tuam
2675 1960 2692 1986 ,
2758 1921 3113 1988 modestiam,
3165 1921 3523 1994 probitatem.

1911 2003 2152 2061 caritatis
2221 2007 2470 2066 ardorem
2498 2051 2516 2079 ,
2573 2013 2776 2069 amoris
2833 2030 2960 2086 erga
3008 2029 3108 2070 nos
3157 2015 3525 2072 sinceritatem

1912 2097 2245 2167 exploratam
2277 2101 2468 2158 habeo.
2501 2104 2708 2162 idcirco
2736 2106 2906 2162 multo
2953 2122 3076 2163 cum
3129 2107 3324 2165 aﬁ'ectu
3365 2123 3526 2165 reve-

1913 2189 2142 2244 rentiam
2171 2200 2316 2246 tuam
2343 2194 2540 2261 saluto,
2569 2211 2634 2253 ac
2659 2197 2903 2269 signiﬁco
2929 2206 2982 2254 te
3001 2213 3033 2254 a
3065 2214 3172 2266 me,
3201 2199 3526 2270 ubicumque

1911 2285 2150 2356 gentium
2179 2287 2353 2356 fuero,
2384 2291 2564 2346 animo
2590 2291 2949 2349 circumferri.
2972 2292 3082 2349 Fac
3111 2294 3295 2364 igitur,
3312 2309 3523 2365 quaeso,

1913 2389 1974 2432 ut
1993 2377 2221 2435 alteram
2270 2381 2631 2453 percipiamus
2657 2383 3012 2456 voluptatem,
3035 2399 3144 2441 non
3167 2384 3340 2440 solum
3364 2400 3431 2441 ex
3458 2400 3524 2440 eo

1913 2475 2054 2543 quod
2085 2475 2255 2532 literae
2282 2479 2583 2547 mittantur,
2616 2479 2713 2536 sed
2743 2483 2908 2537 etiam
2935 2497 3002 2538 ex
3025 2497 3092 2538 eo
3118 2482 3263 2554 quod
3305 2481 3377 2539 de
3431 2492 3522 2538 tua

1914 2565 2222 2624 valetudine
2259 2567 2522 2627 certiores
2563 2571 2755 2628 ﬁamus
2787 2591 2802 2629 :
2830 2572 2949 2630 hac
2999 2575 3156 2631 nobis
3214 2575 3522 2647 frequenter

1911 2654 2174 2724 signiﬁca.
2203 2659 2354 2716 Licet
2373 2665 2516 2717 enim
2541 2662 2595 2717 in
2623 2665 2980 2734 asperrimam
3007 2665 3148 2722 hanc
3176 2666 3520 2723 solitudinem

1912 2749 2133 2820 relegati
2156 2753 2346 2823 simus,
2369 2770 2492 2810 cum
2521 2755 2590 2811 ab
2611 2757 2801 2813 amicis
2824 2759 3025 2814 nostris
3050 2759 3319 2830 ejusmodi
3338 2760 3519 2818 literas

1910 2844 2298 2915 acceperimus,
2332 2848 2502 2904 multa
2530 2847 2716 2904 laetitia
2753 2851 3163 2921 perluudemur.

2110 3002 2358 3061 CCXVI.
2386 3003 2648 3062 Musonio.
2678 3005 2930 3078 (Cucuso
2967 3021 3111 3064 anno
3134 3007 3263 3064 404.
3288 3009 3310 3078 )

1985 3157 2052 3212 Et
2072 3156 2182 3228 jam
2210 3157 2526 3229 scripsimus
2547 3159 2612 3215 ad
2643 3161 3062 3231 genuositatem
3089 3170 3258 3231 tuam,
3303 3160 3517 3222 domine

1909 3248 1982 3304 mi
2008 3248 2426 3306 honoratissimo
2454 3265 2519 3305 ac
2543 3250 2975 3322 religiosissime,
3009 3261 3064 3308 et
3097 3269 3243 3309 nunc
3286 3253 3518 3326 idipsum

1910 3349 2099 3397 rursus
2127 3341 2356 3412 agimus,
2387 3341 2602 3398 tametsi
2651 3352 2708 3398 tu
2739 3358 2809 3399 ne
2863 3345 3029 3399 semel
3074 3345 3290 3416 quidem
3337 3346 3517 3403 literas

1911 3434 1977 3488 ad
2007 3449 2106 3489 nos
2135 3434 2370 3490 dederis.
2401 3433 2512 3490 Nos
2550 3444 2732 3492 tamen
2754 3437 2975 3492 crebras
2999 3437 3066 3493 ad
3097 3448 3152 3493 te
3179 3437 3363 3495 literas
3388 3437 3516 3496 dare

1912 3542 2018 3582 non
2045 3527 2397 3594 cessabimus,
2427 3535 2481 3583 et
2500 3527 2645 3598 quod
2672 3537 2932 3598 praestare
2958 3543 3056 3584 nos
3081 3528 3257 3595 decet,
3288 3537 3515 3602 praesta-

1911 3618 2108 3674 bimus.
2139 3617 2476 3690 Cuperemus
2504 3622 2649 3675 enim
2678 3620 2878 3691 saepius
2905 3619 2960 3676 id
2990 3635 3149 3692 agere
3195 3639 3210 3676 :
3257 3620 3352 3677 sed
3383 3635 3516 3692 quo-

1911 3714 2054 3768 niam
2069 3713 2120 3768 in
2135 3714 2254 3769 loco
2269 3713 2556 3769 admodum
2568 3713 2782 3770 deserto
2799 3729 3099 3781 versamur,
3117 3725 3171 3771 et
3184 3723 3330 3771 metu
3353 3714 3514 3771 latro-

1911 3822 2040 3860 num
2061 3806 2249 3861 civitas
2275 3806 2708 3872 circumsidetur,
2726 3822 2790 3863 ac
2811 3808 3070 3878 temporis
3083 3807 3297 3864 hiberni
3313 3814 3514 3878 asperi-

1913 3907 1996 3953 tas
2019 3897 2207 3952 itinera
2237 3897 2579 3966 intercludit;
2624 3913 2799 3970 neque
2830 3900 3147 3970 permittunt
3172 3900 3290 3956 hac
3315 3899 3515 3966 omnia,

1913 3997 1972 4043 ut
2006 3988 2157 4043 multi
2192 3987 2260 4043 ad
2299 4003 2400 4044 nos
2421 3989 2730 4061 frequenter
2761 3990 3055 4047 accedant:
3079 3994 3515 4063 quotiescumque

1913 4083 2061 4148 licet,
2080 4094 2133 4139 et
2159 4083 2467 4140 tabellarios
2488 4085 2726 4142 nancisci
2750 4101 3059 4157 possumus,
3085 4085 3272 4157 pietati
3299 4096 3407 4142 tua:
3425 4086 3515 4142 de.

1912 4172 2079 4228 bitam
2097 4174 2470 4231 salutationem
2493 4177 2872 4247 persolvimus.
2889 4177 3023 4232 Nota
3043 4176 3240 4248 quippe
3262 4177 3418 4232 nobis
3437 4187 3515 4232 est

1913 4281 1978 4320 ac
2008 4276 2289 4336 perspecta
2332 4276 2437 4324 tum
2476 4269 2720 4324 caritatis
2760 4269 3065 4337 sinceritas,
3093 4270 3294 4325 amoris
3330 4268 3514 4333 ardor.

1912 4357 2078 4411 animi
2106 4361 2405 4415 constantia
2429 4400 2446 4425 ,
2485 4367 2542 4415 et
2576 4359 2880 4431 ingenuitas
2908 4360 2978 4416 ab
3001 4361 3151 4417 omni
3177 4361 3515 4417 simulatione

1912 4448 2108 4505 aliena.
2131 4451 2249 4518 Quo
2275 4451 2355 4519 ﬁt,
2375 4461 2432 4508 ut
2452 4457 2714 4510 memoria
2735 4465 2788 4511 te
2807 4469 3026 4528 semper
3044 4455 3514 4522 circumferamus,

1913 4541 2240 4612 ubicumque
2275 4557 2556 4601 versemur
2577 4585 2594 4613 ,
2622 4560 2798 4617 neque
2838 4557 2945 4602 tua:
2972 4547 3254 4603 suavitatis
3277 4547 3514 4604 oblivisci

1911 4633 2200 4705 possimus.
2234 4634 2434 4690 Verum
2472 4646 2529 4691 ut
2567 4652 2675 4692 non
2703 4638 2877 4694 solum
2916 4639 3044 4694 dum
3073 4639 3396 4707 scribimus,
3423 4640 3514 4696 sed

1910 4727 2074 4781 etiam
2113 4725 2241 4782 dum
2281 4727 2466 4784 literas
2499 4729 2830 4802 accipimus,
2864 4733 3061 4803 quibus
3096 4733 3165 4789 de
3200 4741 3286 4788 tua
3325 4733 3520 4789 ﬁamus

1910 4817 2218 4872 valetudine
2237 4820 2514 4886 certiores,
2532 4822 2799 4890 laztemur,
2817 4823 3038 4879 crebras
3057 4825 3124 4879 ad
3139 4839 3239 4879 nos
3250 4824 3299 4895 ej
3307 4825 3519 4883 usmodl

1910 4909 2164 4978 epistolas
2191 4911 2363 4968 mitte.
2396 4912 2486 4969 Sic
2512 4914 2678 4981 enim,
2707 4917 2951 4985 quamvis
2980 4916 3102 4972 loco
3129 4917 3283 4972 valde
3309 4917 3508 4981 dissiti,

1909 5001 2130 5058 multam
2157 5006 2580 5062 consolationem
2610 5022 2676 5062 ex
2707 5007 2973 5077 ejusmodi
3001 5008 3168 5063 literis
3194 5008 3516 5078 sentiemus,

1907 5104 2030 5146 cum
2058 5107 2188 5161 vos,
2220 5110 2250 5148 a
2289 5097 2480 5166 quibus
2509 5097 2860 5154 vehementer
2885 5106 2942 5154 et
2969 5099 3222 5156 ardenter
3247 5116 3517 5170 amamur,

1907 5182 2106 5240 hilares
2143 5197 2196 5242 et
2234 5199 2485 5259 expertes
2516 5190 2741 5260 periculi
2772 5192 2956 5247 vivere
2983 5191 3366 5262 intelligemus.

1908 5319 2185 5380 CCXVII.
2223 5323 2492 5381 Valentino
2531 5327 2630 5400 (a).
2668 5326 2898 5401 (Cucuso
2924 5343 3066 5385 anno
3093 5329 3200 5385 404
3241 5331 3327 5385 vel
3357 5325 3511 5396 405.)

1980 5453 2283 5514 Liberalem
2312 5460 2554 5516 animum
2593 5471 2742 5518 tuum
2763 5505 2778 5532 ,
2812 5472 2866 5520 et
2893 5465 3094 5521 amoris
3134 5465 3383 5523 ardorem
3416 5479 3517 5521 ex-

1933 5636 2042 5726 ...(f)
2076 5644 2186 5726 Haec
2212 5640 2419 5702 epistola
2461 5643 2538 5693 bis
2571 5645 2751 5726 scripta
2793 5649 3044 5722 reperitur
3081 5647 3325 5726 inpudice
3345 5649 3515 5726 fabri-

1903 5709 2042 5747 etano
2066 5713 2078 5748 :
2107 5709 2359 5765 primoque
2382 5714 2668 5756 numeratur
2700 5709 3011 5773 sexagesima
3053 5719 3246 5771 octava,
3272 5720 3325 5762 et
3343 5712 3513 5763 inscri-

1903 5757 2337 5838 Ρὲἑῑξῗ-εερίέεέἱοτερ
2355 5768 2669 5838 Fumea.
2692 5772 2909 5838 secundo
2947 5774 3235 5838 octogean
3257 5773 3424 5838 quinta
3443 5774 3512 5826 ιῐο

1903 5779 2036 5808 υιιυι-
2063 5779 2337 5814 senauumo
2367 5779 2669 5830 presbytero,
2692 5779 2909 5822 secundo
2947 5779 3235 5836 octogesima
3257 5779 3424 5838 quarta
3443 5779 3512 5826 at-

1900 5819 2448 5944 Γῗέἐὲἓᾶιιίῠὶιω
2465 5830 2729 5885 Valentino.
2755 5835 2910 5886 Facile
2937 5843 3014 5886 est
3035 5843 3092 5887 ut
3113 5836 3173 5886 ad
3194 5835 3318 5888 duos
3334 5837 3513 5891 eadem

1909 5901 2011 5950 Ipsa
2023 5901 2295 5958 scripserit.

3105 6014 3182 6076 '22
