4218 6480
282 409 388 469 πι

285 523 413 600 μιν,
440 523 505 580 δν
522 524 656 598 περὶ
675 522 906 590 τάςτῶν
929 523 1182 608 πενήτων
1207 521 1354 596 ἐχεις
1377 523 1740 598 προστασίας,
1767 523 1870 594 τὴν

282 631 607 703 ἐπιθυμίαν,
634 631 704 702 ἡν
726 630 816 686 ἀεὶ
844 630 975 704 περὶ
1001 633 1102 702 τὴν
1135 631 1312 704 καλὴν
1334 631 1541 703 ταύτην
1566 631 1874 686 ἐπιδείκνυ·

283 752 380 793 σαι
427 736 820 809 πραγματείαν
838 775 856 802 ,
903 736 999 811 καὶ
1033 737 1323 810 παρέχων,
1375 737 1471 791 καὶ
1529 737 1650 809 μεθ’
1679 734 1874 808 ἡδονῆς

281 841 447 896 τοῦτο
486 841 681 909 ποιῶν,
715 842 811 895 καὶ
852 841 1079 896 διπλοῦν
1111 858 1194 896 σοι
1223 839 1317 896 τὸν
1351 841 1616 911 στέφανον
1646 840 1738 893 τὸν
1771 839 1874 909 τῆς

283 942 701 1017 φιλανθρωπίας
741 943 836 998 καὶ
893 942 1277 1016 λαμπρότερον
1330 941 1617 1006 καθιστάς,
1666 942 1762 996 καὶ
1801 943 1871 1012 τῇ

279 1045 558 1120 δαψιλείᾳ,
593 1048 788 1128 καὶτῇ
811 1045 1007 1121 γνώμῃ
1032 1049 1126 1117 ἀφ’
1154 1043 1224 1121 ἦς
1249 1047 1344 1101 καὶ
1375 1047 1409 1117 ἡ
1442 1045 1697 1115 δαψίλεια
1727 1043 1876 1113 γίνε-

281 1167 398 1207 ται.
439 1151 592 1207 Ἐπεὶ
625 1146 722 1206 οὖν
755 1151 1024 1224 ἐδήλωσεν
1051 1153 1181 1223 ἡμῖν
1211 1153 1242 1205 ό
1269 1150 1601 1223 τιμιώτατος
1628 1148 1873 1220 πρεσσύ-

283 1276 448 1331 τερος
479 1260 828 1331 Δομετιανὸς,
858 1262 890 1314 δ
933 1260 1044 1315 τῶν
1081 1260 1267 1334 χηρῶν
1300 1261 1397 1316 καὶ
1437 1259 1725 1334 παρθένων
1763 1259 1873 1313 τῶν

282 1365 477 1422 αὐτόθι
525 1365 628 1438 τὴν
659 1366 1001 1437 προστασίαν
1047 1367 1221 1439 ίχων,
1277 1368 1361 1422 δτι
1403 1366 1591 1440 σχεδὸν
1619 1368 1678 1421 ἐν
1729 1365 1872 1438 λιμῷ

281 1470 713 1543 καθεστήκασιν,
741 1467 932 1543 ῶσπερ
973 1472 1055 1535 είς
1083 1471 1283 1543 λιμένα
1323 1470 1426 1535 τὰς
1453 1471 1554 1536 σάς
1589 1470 1870 1540 καταφεύ-

280 1589 456 1646 γομεν
487 1575 699 1646 χεῖρας,
927 1570 1069 1629 ὥστε
1095 1576 1249 1628 τουτὶ
1280 1574 1444 1630 λῦσαι
1474 1573 1570 1630 τοῦ
1615 1574 1778 1648 λιμοῦ
1809 1575 1871 1630 τὸ

280 1680 570 1748 ναυάγιον.
599 1681 804 1753 Δέομαι
829 1677 926 1736 οὖν
959 1697 1078 1748 σου,
1102 1682 1200 1736 καὶ
1228 1682 1434 1753 σφόδρα
1451 1682 1664 1756 δέομαι,
1700 1700 1869 1755 μετα-

284 1786 649 1858 πεμψάμενος
691 1787 786 1840 τὸν
829 1787 1225 1860 πρεσϐύτερον,
1266 1788 1404 1861 ὅπερ
1435 1787 1503 1843 άν
1546 1783 1581 1862 ᾖ
1617 1789 1868 1857 δυνατὸν,

280 1893 656 1965 ἐπικουρῆσαι
681 1892 1095 1966 παρακλὴθητι.
1129 1893 1244 1964 Τῆς
1277 1894 1389 1968 7&9
1435 1897 1495 1949 ἐν
1518 1895 1664 1967 ἀλλῳ
1689 1895 1869 1968 καιρῷ

279 1996 656 2068 ἐλεημοσύνης
679 1997 714 2068 ἡ
743 1995 840 2051 νῦν
869 1997 1222 2070 παρεχομένη
1259 1997 1444 2069 πολλῷ
1471 1995 1696 2052 πλείονα
1725 2015 1870 2071 παρ-

278 2098 400 2172 έχει
443 2101 544 2173 τὴν
569 2100 829 2174 άμοιδὴν,
877 2101 1098 2176 δσῳπερ
1126 2105 1186 2157 ἐν
1230 2104 1600 2179 χαλεπωτέρῳ
1636 2108 1870 2179 χειμῶνι

278 2205 380 2259 καὶ
429 2201 569 2279 ζάλῃ
617 2205 1028 2278 καθεστήκασιν
1061 2209 1110 2261 οἱ
1152 2207 1398 2280 δεόμενοι
1443 2211 1649 2276 λαϐεῖν,
1673 2214 1732 2267 οὐ
1769 2216 1870 2285 τῆς

277 2286 560 2371 είιυθυίας”
579 2307 950 2374 ἀπολαύοντες
1003 2310 1289 2380 ἀφθονίας.
1344 2313 1639 2385 Ἐννοὴσας
1686 2316 1867 2370 τοίνυν

277 2413 378 2465 καὶ
409 2410 506 2465 τοῦ
540 2413 868 2484 πράγματος
889 2413 951 2467 τὸ
980 2414 1192 2488 κέρδος,
1220 2418 1314 2472 καὶ
1350 2421 1452 2492 τὴν
1486 2421 1596 2475 ἀπὸ
1622 2421 1718 2476 τοῦ
1748 2441 1868 2478 και-

279 2514 379 2587 ροῦ
400 2517 701 2588 γενομένην
733 2517 1074 2590 προσθήκην,
1102 2521 1172 2575 τὰ
1197 2525 1397 2578 σαυτοῦ
1427 2527 1651 2598 ποιῆσαι
1686 2547 1867 2602 παρα-

275 2617 530 2690 κλὴθητι.
560 2619 727 2673 Οὐδέν
757 2619 866 2692 7&9
890 2621 973 2675 δεῖ
1004 2623 1166 2678 πλέον
1193 2628 1370 2682 εἰπεῖν
1394 2630 1535 2700 πρὸς
1561 2631 1866 2701 φιλάνθρω-

275 2737 384 2775 πον
407 2720 554 2775 οὕτω
603 2721 698 2775 καὶ
731 2724 1097 2798 ἡμερωτάτην
1124 2728 1431 2800 γράφοντες
1470 2733 1672 2805 ψυχήν.
1704 2732 1867 2802 Οῐδας

270 2828 408 2902 7&9,
441 2830 525 2884 δτι
553 2831 650 2886 καὶ
693 2832 1002 2903 σπόρτουλα
1029 2836 1163 2907 ἡμῖν
1191 2837 1522 2908 χρεωστεῖς·
1555 2837 1672 2894 ἀλλ’
1713 2840 1865 2912 δμως

272 2934 375 2988 καὶ
412 2935 640 2991 ἐκείνων
687 2937 875 2992 ἐνεκεν
913 2919 997 3004 είς
1041 2939 1201 2996 τοῦτό
1226 2958 1309 2995 σοι
1350 2942 1703 3016 διαλυόμεθα.
1749 2948 1862 3002 Καὶ

271 3040 490 3112 γράψαι
541 3042 601 3097 δέ
638 3044 770 3115 ἡμῖν
809 3044 1230 3118 παρακλὴθητι,
1257 3048 1341 3102 δτι
1371 3049 1675 3118 ἐπένευσας
1704 3054 1861 3126 ἡμῶν

270 3147 342 3216 τῇ
373 3148 610 3218 αίτὴσει,
650 3147 748 3202 καὶ
779 3148 849 3203 τὰ
884 3150 1014 3220 περὶ
1051 3150 1151 3222 τῆς
1181 3151 1398 3222 ὑγιείας
1423 3153 1526 3226 τῆς
1557 3154 1659 3227 σῆς
1691 3157 1860 3228 εὐαγ-

267 3248 643 3322 γελιζόμενος,
675 3254 770 3309 καὶ
800 3255 1000 3320 παντὸς
1026 3256 1121 3312 τοῦ
1155 3258 1524 3334 εὐλογημένου
1558 3281 1652 3319 σου
1685 3266 1856 3322 οἴκου.

610 3413 778 3472 ΣΙΠ.
816 3419 1096 3490 Εὐθυμίᾳ)
1122 3423 1529 3494 πρεσϐυτέρῳ.

338 3575 529 3646 Μηδὲν
571 3575 718 3646 ὑμᾶς
762 3577 1002 3634 λυπείτω
1047 3582 1111 3636 τὸ
1156 3584 1256 3656 τῆς
1307 3587 1507 3659 σχολῆς
1551 3587 1814 3656 ἐξεῶσθαι
1837 3635 1852 3661 ,

265 3677 384 3733 ἀλλ’
418 3679 747 3748 ἐννοοῦντες,
773 3683 898 3738 ὅσον
926 3685 1024 3740 καὶ
1051 3685 1302 3744 ἐντεῦθεν
1332 3691 1588 3758 ἐδέξασθε
1628 3696 1721 3750 τὸν
1766 3716 1857 3770 μισ

266 3780 418 3847 σθὺν,
446 3784 543 3838 καὶ
580 3785 700 3850 πιῖις
729 3784 951 3859 αὐξεται
994 3789 1066 3845 τὰ
1095 3791 1205 3845 τῶν
1239 3796 1521 3865 στεφάνων
1553 3799 1703 3872 ὑμῖν,
1735 3805 1856 3875 χαί-

265 3903 394 3961 ρετε
428 3889 526 3943 καὶ
564 3892 925 3962 εὐφραίνεσθε
957 3897 1100 3970 ὑπὲρ
1130 3900 1240 3953 τῶν
1271 3902 1615 3976 παθημάτων
1648 3907 1854 3962 τούτων

261 3993 364 4048 καὶ
389 3992 500 4048 τῶν
525 3994 849 4055 ἐπιϐουλῶν.
877 4000 1088 4074 Πολλὴν
1115 4004 1225 4077 7&9
1255 4008 1387 4078 ὑμῖν
1417 4012 1639 4081 συνάγει
1673 4012 1850 4067 ταῦτα

261 4100 365 4172 τὴν
392 4103 452 4155 ἐν
483 4101 736 4174 οὐρανοῖς
763 4104 1056 4180 ἐμπορίαν,
1093 4113 1187 4166 καὶ
1227 4114 1647 4190 λαμπροτέρους
1680 4126 1843 4188 ποιεῖ,

261 4206 364 4262 καὶ
404 4207 630 4279 μείζονα
668 4212 961 4287 καθίστησι
1004 4216 1074 4270 τά
1115 4219 1363 4290 βρασεεα.
1410 4225 1579 4297 Στενὴ
1612 4228 1720 4300 7&9
1753 4233 1848 4285 καὶ

259 4309 602 4385 τεθλιμμένη
641 4317 675 4387 ἡ
703 4316 823 4382 ὁδὸς
871 4320 903 4390 ἡ
951 4321 1240 4390 ἀπάγουσα
1269 4329 1351 4391 είς
1385 4328 1483 4400 τὴν
1534 4330 1699 4402 ζωήν.
1737 4337 1848 4390 Καὶ

258 4415 394 4488 ἡμῖν
415 4416 473 4472 δέ
499 4420 738 4491 συνεχῶς
765 4425 1103 4480 ἐπιστέλλειν
1132 4429 1202 4482 τά
1241 4434 1370 4504 περὶ
1398 4437 1499 4507 τῆς
1525 4439 1712 4508 ὑγείας
1744 4444 1846 4515 τῆς

259 4520 372 4592 σῆς
403 4523 480 4594 μὴ
519 4527 794 4582 κατόκνει.
824 4526 994 4585 Οἶσθα
1013 4533 1124 4606 γὰρ
1151 4535 1300 4602 ὅπως
1345 4543 1707 4614 συνδεδέμεθά
1749 4565 1843 4602 σου

254 4630 328 4701 τῇ
357 4629 569 4701 ἀγάπη,
603 4633 700 4687 καὶ
734 4633 873 4700 πῶς,
920 4639 1170 4712 ὅπουπερ
1193 4643 1258 4697 ἂν
1288 4639 1459 4718 ὦμεν,
1489 4649 1580 4704 ἐπὶ
1604 4652 1845 4722 διανοίας

257 4748 320 4785 σι
364 4736 672 4806 περιφέρω,
709 4737 797 4790 ἀεί
851 4756 946 4793 σου
999 4741 1204 4815 θερμὸς
1241 4750 1531 4822 γενόμενος
1563 4757 1838 4832 ἐραστὴςο

252 4832 353 4888 νῦν
374 4834 434 4888 δέ
456 4835 638 4909 πολλῷ
668 4837 1020 4913 θερμότερος,
1044 4846 1154 4918 ὅσῳ
1181 4851 1274 4904 καὶ
1311 4852 1693 4931 λαμπρότερος
1733 4863 1842 4918 ἀπὸ

251 4935 370 4991 τῶν
397 4939 546 5012 παθη
556 4943 742 5012 μάτων
766 4943 1019 5013 γέγονας.

571 5135 731 5192 Σιθν.
771 5141 1065 5213 Σευγφίνῃ
1101 5144 1202 5199 καὶ
1233 5145 1535 5222 Ῥωμύλῃ.

320 5287 387 5342 El
423 5289 500 5362 μὴ
549 5295 754 5367 σφόδρα
781 5296 884 5371 τὴν
939 5305 1168 5376 γνησίαν
1195 5307 1350 5379 ὑμῶν
1395 5313 1617 5386 ἀγάπην
1664 5316 1834 5387 ᾔδειν,

248 5393 348 5447 καὶ
377 5394 479 5467 τὴν
524 5401 794 5472 σπουδὴν,
829 5407 895 5476 ἡν
922 5408 1009 5462 ἀεὶ
1056 5411 1186 5482 περὶ
1227 5415 1376 5484 ἡμᾶς
1424 5418 1795 5476 ἐπιδείκνυσθε
1818 5463 1833 5488 ,

246 5494 355 5550 κάν
389 5499 662 5570 ρᾳθυμίαν
696 5507 900 5581 πολλὴν
940 5513 1071 5584 ὑμῖν
1121 5516 1440 5586 ἐνεκάλεσα,
1467 5525 1568 5595 τῆς
1614 5533 1834 5600 μακρᾶς

245 5599 439 5655 ἕνεκεν
463 5605 668 5678 ταύτης
689 5611 851 5681 σιγῆς
869 5615 935 5684 ἡν
965 5617 1281 5690 ἐσιγὴσατε,
1313 5626 1405 5678 καὶ
1434 5627 1607 5683 ταῦτα
1641 5599 1835 5688 πολλά·

245 5717 338 5766 κις
390 5703 487 5758 καὶ
530 5711 731 5782 συνεχῆ
771 5715 905 5787 παρ’
955 5718 1114 5789 ἡμῶν
1171 5721 1460 5797 δεχόμεναι
1502 5731 1827 5805 γράμματα.

257 5807 404 5865 Ἀλλ’
425 5811 610 5887 ἐπειδὴ
632 5811 749 5873 οῐδα
783 5820 867 5879 ὅτι
893 5827 988 5880 καὶ
1019 5829 1324 5898 σιωπῶσαι,
1362 5836 1458 5891 καὶ
1497 5839 1824 5911 γράφουσαι,

1715 411 2081 474 ειηετοωτ

3462 399 3573 461 73!

1976 522 2181 595 ὁμοίως
2210 522 2343 596 περὶ
2382 522 2531 595 ἡμᾶς
2557 519 2858 587 διάκεισθε,
2898 519 3093 574 τούτου
3123 518 3286 592 χάριν
3310 518 3571 590 ἐγκαλεῖν

1974 626 2077 682 οὐκ
2100 628 2168 683 ἃν
2203 628 2546 700 ἀνασχοίμην
2572 623 2678 699 τῆς
2711 626 2871 697 σιγῆς
2893 625 3109 691 ἕνεκεν,
3143 625 3194 678 εί
3227 625 3323 678 καὶ
3361 625 3572 700 σφόδρα

1976 730 2231 799 ἐπιθυμῶ
2250 728 2434 784 πυκνά
2464 731 2597 802 παρ’
2619 728 2776 801 ὑμῶν
2801 725 3054 801 δέχεσθαι
3080 729 3411 804 γράμματα,
3439 730 3572 805 περὶ

1975 834 2078 906 τῆς
2111 836 2300 906 ὑγείας
2322 834 2478 908 ὑμῶν
2512 833 2801 907 δηλοῦντα.
2825 835 2962 890 Οὐδὲ
2991 835 3102 907 γὰρ
3123 833 3288 908 ἔχοιτ’
3311 836 3381 891 άν
3407 853 3576 892 κατα-

1940 1011 1942 1013 ν
1976 944 2171 1011 φυγεῖν
2207 941 2290 1006 είς
2320 941 2382 996 τὺ
2414 940 2491 1014 μὴ
2519 940 2764 1014 συνεχῶς
2806 941 3194 1014 ἐπιτυγχάνειν
3228 958 3574 1015 γραμματη-

1976 1045 2223 1116 φόρουι·
2257 1047 2287 1100 δ
2340 1047 2452 1119 γὰρ
2486 1046 2869 1111 ποθεινότατος
2909 1048 3006 1101 καὶ
3042 1045 3385 1117 γλυκύτατος
3428 1047 3576 1117 άγαο

1975 1151 2151 1223 πητὸς
2179 1149 2340 1224 ἡμῶν
2374 1151 2721 1216 Σαλούστιος,
2747 1145 2808 1206 εὗ
2850 1142 2947 1206 οἵδ’
2977 1152 3060 1206 δτι
3092 1151 3230 1223 πρὸς
3250 1148 3414 1205 τοῦτο
3439 1150 3574 1222 ὑμῖν

1974 1255 2401 1328 διακονήσασθαι
2426 1255 2578 1330 [731]
2609 1257 2867 1326 ἠδύνατο.
2905 1257 3051 1312 Ἀλλ’
3072 1258 3224 1329 ὅμως
3254 1257 3378 1311 οὐδέ
3395 1256 3574 1321 οὕτως

1977 1359 2108 1429 ὑμῖν
2136 1359 2374 1429 ἐγκαλῶ,
2407 1357 2495 1417 διὰ
2528 1358 2590 1412 τὸ
2628 1358 2836 1432 σφόδρα
2865 1358 3090 1433 θαρρεῖν
3125 1356 3284 1429 ὑμῶν
3309 1357 3441 1428 περὶ
3468 1354 3574 1426 τῆς

1975 1465 2218 1537 ἀγάπης.
2250 1464 2427 1530 Αὐτὸς
2472 1465 2680 1537 μέντοι,
2709 1465 2878 1538 ἡνίκα
2913 1464 2983 1519 ἂν
3013 1463 3134 1536 ἐξῇ,
3167 1463 3412 1536 συνεχῶς
3445 1462 3573 1515 ἐπι-

1977 1567 2222 1624 στέλλειν
2249 1570 2312 1625 οὐ
2339 1567 2624 1641 παύσομαι
2643 1587 2658 1601 ·
2693 1565 2811 1624 οἶδα
2830 1570 2941 1642 7&9
2965 1569 3123 1642 ὑμῶν
3141 1569 3203 1624 τὸ
3224 1569 3448 1640 γνὴσιον
3478 1564 3575 1621 καὶ

1974 1676 2180 1750 θερμὸν
2197 1678 2301 1750 τῆς
2325 1677 2643 1742 διαθέσεως.

2541 1873 2674 1926 Σιρ.
2707 1871 2992 1935 Παιανίφ.

2055 2025 2520 2100 ’Δνεπνεύσαμεν,
2552 2026 2964 2101 ἐσκιρτὴσαμεν
2985 2065 3001 2091 ,
3034 2022 3220 2080 οὐκέτι
3249 2022 3568 2099 ἀλλοτρίαν,

1972 2134 2094 2189 οὐδὲ
2125 2135 2285 2206 ξένην
2321 2133 2496 2187 οίκεῖν
2519 2127 2828 2204 ἡγούμεθα,
2859 2131 2960 2203 τῆς
2987 2129 3091 2202 σῆς
3129 2126 3574 2204 θαυμασιότητος

1971 2239 2111 2310 πρὸς
2146 2237 2247 2312 τὴν
2291 2236 2521 2293 τοιαῦτα
2565 2237 2890 2308 πάσχουσαν
2929 2235 3337 2308 ἐπανελθούσης
3385 2235 3567 2293 πόλιν.

1967 2344 2123 2398 Ποιεῖ
2144 2343 2199 2396 δὲ
2224 2345 2356 2415 ἡμῖν
2382 2343 2483 2415 τὴν
2501 2342 2777 2414 τοσαύτην
2801 2341 3019 2423 ἡδσνὴν,
3046 2342 3109 2395 οὐ
3136 2341 3198 2396 τὸ
3219 2342 3288 2396 ¹σέ
3315 2341 3571 2408 πλείονος

1967 2447 2399 2503 ἀπολελαυκέναι
2425 2447 2626 2518 τιμῆςο
2655 2449 2690 2520 ἡ
2719 2445 2830 2520 7&9
2864 2447 2932 2520 σὴ
2961 2446 3099 2519 τιμὴ
3127 2447 3229 2516 τῆς
3256 2446 3441 2519 ψυχῆς
3467 2447 3566 2501 σού

1967 2557 2117 2610 ἐστιν
2140 2557 2174 2626 ἡ
2202 2554 2395 2628 ἀρετὴ,
2423 2555 2517 2609 καὶ
2544 2552 2669 2609 οὐτε
2695 2553 3009 2626 ἔμπροσθέν
3051 2553 3111 2606 σέ
3148 2571 3234 2617 τις
3257 2553 3432 2625 αὐτὴν
3460 2554 3568 2622 άφὲ

1966 2659 2185 2715 ελέσθαι
2217 2661 2461 2732 ῐσχυσεν,
2497 2659 2623 2713 οὔτε
2650 2657 2748 2713 νῦν
2777 2658 3123 2714 ἀποδέδωκεν
3157 2659 3299 2730 (πῶς
3331 2659 3442 2732 7&9
3465 2658 3567 2731 τὴν

1968 2765 2044 2838 μὴ
2073 2766 2463 2838 ἀφαιρεθεῖσαν
2477 2765 2516 2837 ς)
2534 2781 2549 2796 ·
2582 2765 2897 2838 σκιρτῶμεν
2915 2763 2975 2821 δὲ
3004 2766 3089 2820 δτι
3118 2766 3351 2838 μεγίστη
3383 2766 3566 2838 παράο

1965 2869 2160 2942 κλησις
2189 2874 2304 2936 τοῖς
2363 2870 2769 2944 ἐλαυνομένοις,
2807 2875 2924 2937 τοῖς
2972 2872 3372 2944 σφαττομένοις
3396 2912 3411 2938 ,
3447 2876 3567 2935 τοῖς

1971 2972 2300 3045 δεδεμένοις,
2324 2975 2523 3046 είςτὴν
2549 2973 2707 3028 πόλιν
2731 2975 2952 3048 ἐκείνην
2974 2972 3349 3050 είσελὴλυθας,
3382 2977 3566 3033 κοινδν

1962 3075 2157 3146 δφελος
2193 3078 2289 3132 καὶ
2321 3079 2486 3151 λιμὴν
2519 3079 2821 3152 εὐρύτατος
2851 3081 3060 3138 τούτων
3095 3084 3412 3156 γενόμενος.
3447 3084 3564 3140 Καὶ

1961 3182 2073 3255 7&9
2111 3177 2272 3239 οἶσθα
2317 3185 2622 3256 κερδαίνειν
2668 3186 2705 3241 ά
2753 3186 3057 3259 κερδαίνειν
3110 3189 3241 3261 χρὴ.
3274 3189 3462 3261 Γράφε
3491 3189 3560 3262 δὴ

1959 3285 2147 3341 λοιπὸν
2171 3287 2281 3342 τῶν
2310 3289 2760 3362 κατορθωμάτων
2795 3304 2890 3345 σου
2913 3291 2976 3346 τὸ
3017 3292 3271 3364 μέγεθος,
3301 3295 3398 3349 καὶ
3430 3293 3561 3365 λέγε

1961 3391 2152 3461 σαφῶς
2189 3391 2393 3457 πόσους
2440 3393 2732 3464 κειμένους
2784 3394 3113 3466 ἀνέστησας,
3145 3396 3348 3462 πόσους
3382 3413 3561 3455 κατα-

1959 3498 2324 3562 πεπτωκότας
2354 3496 2708 3571 ἀνώρθωσας,
2743 3500 2900 3565 τίνας
2943 3501 3347 3574 σαλευομένους
3394 3505 3561 3579 ἐστὴ-

1962 3601 2136 3674 ριξας,
2173 3603 2284 3657 τίσι
2312 3604 2679 3677 πεπονηκόσιν
2721 3603 2783 3660 ἐν
2825 3605 2905 3678 τῷ
2938 3607 3136 3680 μακρῷ
3167 3607 3344 3682 τούτῳ
3376 3610 3556 3684 χρόνῳ

1958 3706 2258 3778 παρέστης,
2290 3708 2444 3774 τίνας
2474 3711 2856 3783 ῥᾳθυμοῦντας
2903 3714 3228 3780 σπουδαίους
3260 3715 3554 3788 ἐποίησας,

1955 3810 2108 3876 τίνας
2132 3813 2457 3878 σπουδαίους
2486 3816 2646 3881 δντας
2680 3818 3135 3892 σπουδαιοτέρους
3157 3821 3426 3893 εἰργάσω,
3455 3824 3556 3879 καὶ

1957 3916 2138 3971 πάντα
2166 3918 2355 3982 ἁπλῶς
2383 3920 2504 3974 καθ’
2543 3921 2774 3977 ἐκαστον
2813 3926 2882 3978 τὰ
2913 3926 3007 3979 ἐπὶ⁵
3042 3927 3147 3999 τῆς
3188 3929 3556 4000 παρατάξεώς

1956 4035 2052 4071 σου
2078 4020 2284 4093 ταύτης
2315 4022 2804 4096 ἀνδραγαθήματα.
2835 4023 2967 4082 Οῐδα
2995 4031 3094 4100 μὲν
3120 4031 3230 4103 γάρ
3256 4031 3432 4088 ταῦτα
3454 4032 3554 4089 καὶ

1954 4123 2063 4195 πρὸ
2091 4125 2201 4178 τῶν
2224 4127 2571 4198 γραμμάτων
2602 4128 2712 4183 τῶν
2743 4131 2873 4197 σῶν,
2904 4133 3095 4206 ἐπειδὴ
3121 4138 3218 4190 καὶ
3244 4136 3345 4210 τὴν
3368 4137 3555 4211 ψυχὴν

1951 4226 2068 4284 οῖδα
2100 4232 2200 4302 τὴν
2236 4231 2355 4303 σὴν,
2386 4233 2478 4287 τὸν
2508 4239 2758 4304 γενναῖον
2781 4238 3047 4313 ἀθλητὴν,
3070 4244 3166 4298 καὶ
3195 4243 3288 4298 τὸν
3326 4245 3550 4317 θαυμαο

1952 4332 2078 4386 στὸν
2109 4332 2337 4405 ἀριστέα
2358 4350 2372 4364 ⁶
2406 4336 2526 4390 ἀλλ’
2549 4334 2644 4394 οὖν
2679 4339 2942 4414 βούλομαι
2997 4344 3092 4400 καὶ
3132 4348 3284 4420 παρά
3310 4349 3414 4421 τῆς
3447 4367 3550 4404 πο-

1950 4434 2264 4510 θεινοτάτης
2302 4457 2393 4510 μοι
2441 4441 2690 4516 γλώττης
2729 4443 2906 4501 ταῦτα
2949 4449 3262 4520 μανθάνειν.
3289 4451 3446 4507 Δίδου
3480 4453 3562 4532 δὴ,

1948 4541 2084 4611 ἡμῖν
2109 4543 2318 4615 ταύτην
2351 4548 2451 4618 τὴν
2482 4547 2700 4619 αἴτησιν
2725 4568 2739 4582 ο
2773 4546 2930 4607 οῖσθα
2971 4553 3083 4628 7&9
3129 4555 3328 4630 ἡλίκην
3375 4561 3546 4632 χαριῇ

1947 4644 2129 4715 χάριν,
2167 4647 2330 4703 τοῦτο
2361 4650 2554 4708 ποιῶν.

2202 4855 2396 4920 ,ΣΚΑἏ
2439 4858 2837 4924 Κωγσταντίῳ
2868 4863 3272 4934 πρεσϐυτέρῳ.

2015 5006 2094 5079 Τῇ
2128 5009 2363 5081 τετάρτῃ
2391 5010 2486 5064 τοῦ
2540 5012 2797 5085 Πανέμου
2851 5018 3023 5088 μηνὸς
3064 5019 3275 5090 μέλλων
3304 5022 3416 5077 ἀπὺ
3440 5024 3543 5097 τῆς

1941 5111 2177 5175 Νικαίας
2208 5109 2535 5188 διεξορμᾷν,
2585 5117 2762 5173 ταῦτα
2819 5121 3201 5196 διαπέμπομαι
3239 5126 3310 5182 τὰ
3357 5129 3544 5202 γράμ-

1939 5230 2091 5282 ματα
2121 5216 2259 5288 πρὸς
2280 5217 2382 5290 τὴν
2410 5221 2510 5292 σὴν
2535 5220 2868 5292 θεοσέϐειαν,
2896 5231 3254 5301 παρακαλῶν,
3284 5233 3426 5307 ὅπερ
3451 5235 3542 5290 άεὶ

1941 5321 2278 5392 παρακαλῶν
2307 5324 2408 5380 οὐκ
2459 5329 2825 5403 ἐπαυσάμην,
2871 5333 2977 5389 κάν
3021 5338 3408 5414 χαλεπώτερος
3439 5343 3539 5398 τοῦ

1936 5421 2034 5479 νῦν
2069 5428 2397 5500 κατέχοντος
2429 5433 2655 5505 γένηται
2683 5439 2713 5490 δ
2761 5438 3004 5511 χειμὼν,
3050 5444 3153 5499 κᾶν
3190 5447 3414 5517 μείζονα
3464 5448 3539 5504 τά

1937 5530 2178 5604 κύματα,
2216 5537 2292 5608 μὴ
2328 5538 2599 5595 διαλιπεῖν
2627 5542 2696 5596 τὰ
2739 5547 2939 5603 σαυτοῦ
2975 5550 3290 5624 πληροῦντα
3319 5557 3401 5621 είς
3432 5557 3537 5630 τὴν

1937 5640 2272 5710 οἰκονομίαν,
2308 5637 2376 5714 ἧς
2422 5645 2481 5712 ἐξ
2515 5648 2694 5719 ἀρχῆς
2744 5652 2898 5723 ἡψωο
2941 5655 3088 5727 λέγω
3120 5659 3188 5733 δὴ
3211 5660 3310 5717 τοῦ
3341 5660 3538 5738 Ἐλλη-

2003 5860 2028 5889 α
2051 5859 2244 5912 Fabric.
2267 5867 2703 5934 γραμματηφόρων.
