4152 6490
247 439 360 500 733

247 555 464 611 ciarum
488 551 968 620 constructionem,
993 549 1293 608 animam
1318 563 1505 608 curam
1536 566 1552 606 :
1597 561 1776 621 neque
1805 556 1859 605 te

253 647 514 718 supinum
539 653 632 701 aut
652 643 931 702 socordem
956 659 1136 701 rerum
1163 642 1450 701 difﬁcultas
1471 642 1648 700 faciat.
1674 641 1861 713 Neque

252 737 406 793 enim
431 737 774 809 gubernator,
801 735 892 792 ubi
925 749 1078 792 mare
1106 737 1281 808 ipsum
1305 734 1568 792 concitari
1593 741 1650 791 et
1675 731 1858 791 furere

251 827 427 893 videt,
455 842 486 883 a
514 826 672 884 navis
698 826 852 883 clavo
881 836 938 884 et
970 827 1348 899 gubernaculis
1382 825 1648 883 discedit:
1679 839 1859 897 neque

251 919 528 988 mediana,
552 918 645 975 ubi
666 933 870 991 egrum
911 921 1102 977 morbo
1124 920 1324 992 corripi
1355 921 1550 988 cernit,
1578 917 1860 976 curatione

252 1013 580 1085 supersedet
611 1031 626 1068 :
656 1013 751 1070 sed
775 1023 887 1070 tum
921 1015 1155 1070 maxime
1178 1023 1403 1086 uterque
1428 1015 1653 1070 istorum
1681 1021 1853 1070 artem

251 1120 416 1162 suam
440 1104 677 1161 adhibet.
699 1105 783 1161 Tu
805 1120 1042 1178 quoque,
1071 1105 1289 1163 domine
1309 1106 1382 1161 mi
1409 1103 1859 1162 reverendissimc

255 1209 328 1251 ac
370 1195 794 1268 religiosissime,
822 1197 1046 1253 multam
1086 1212 1231 1254 nunc
1272 1197 1437 1254 animi
1478 1194 1860 1268 promptitudi-

258 1300 391 1342 nem
421 1285 638 1354 adhibe,
660 1303 837 1360 neque
865 1301 919 1345 te
942 1288 1009 1345 ad
1027 1289 1332 1346 socordiam
1353 1288 1599 1362 redigant
1623 1303 1859 1360 praesen-

254 1377 337 1431 tia
384 1378 526 1434 mala
559 1395 576 1435 :
614 1393 723 1435 non
768 1379 912 1435 enim
945 1379 1014 1436 de
1039 1381 1139 1448 eis,
1167 1395 1288 1452 qua:
1333 1380 1491 1438 nobis
1534 1379 1856 1448 inferuntur,

252 1467 420 1524 malis
467 1469 733 1527 rationem
775 1471 1105 1540 reddemus;
1149 1473 1281 1544 quin
1325 1473 1504 1544 potius
1553 1472 1858 1530 mercedem

241 1558 610 1630 accipiemus.
627 1559 686 1617 Si
710 1576 838 1619 vero
859 1577 945 1627 ea,
975 1578 1097 1634 quae
1125 1573 1430 1620 nostrarum
1457 1573 1583 1620 sunt
1602 1564 1857 1634 partium,

253 1664 373 1706 non
400 1652 826 1722 praestiterimus,
854 1654 949 1712 sed
992 1654 1208 1713 desides
1253 1656 1536 1724 fuerimus,
1580 1656 1716 1713 nihil
1757 1670 1861 1713 nos

251 1755 324 1796 ea
349 1741 406 1797 in
429 1757 491 1799 re
511 1743 785 1814 adjuvabit
829 1756 924 1802 aut
950 1746 1207 1804 defendet
1250 1749 1515 1805 malorum
1564 1748 1856 1805 tumultus:

251 1832 694 1904 quandoquidem
725 1845 782 1893 et
827 1837 1022 1894 Paulus
1047 1854 1324 1896 carcerem
1365 1841 1626 1909 incolens,
1655 1840 1710 1896 in
1740 1840 1862 1896 vin-

252 1923 402 1980 culis
423 1923 663 1982 ofllcium
705 1941 860 1984 suum
887 1928 1030 1998 fecit,
1058 1939 1114 1987 et
1141 1931 1307 1989 Jonas
1352 1933 1405 1988 in
1434 1942 1626 1990 ventre
1667 1932 1862 1990 bellum

256 2013 487 2072 marina
514 2015 754 2074 inclusus
781 2017 902 2091 fuit,
933 2029 992 2078 et
1019 2033 1128 2078 tres
1153 2024 1304 2092 pueri
1344 2024 1398 2079 in
1424 2025 1639 2081 camino
1663 2026 1863 2082 versati

257 2114 434 2162 sunt:
461 2121 637 2179 neque
661 2117 840 2166 tamen
869 2111 1060 2168 horum
1086 2129 1412 2186 quemquam
1455 2116 1667 2172 vincula
1711 2117 1860 2173 varia

258 2197 332 2252 ad
385 2195 651 2254 desidiam
698 2201 974 2274 redegere.
1007 2203 1133 2260 llaec
1180 2206 1341 2278 igitur
1378 2217 1555 2264 tecum
1578 2218 1857 2279 reputans,

257 2285 481 2344 domine
504 2289 600 2356 mi,
619 2304 688 2345 ne
706 2293 956 2349 omiseris
975 2293 1286 2363 Pbmniciae,
1305 2297 1538 2363 Arabiae.
1552 2308 1608 2356 et
1626 2298 1863 2356 Orientis

234 2364 627 2436 'Ecclesiarum
649 2396 843 2439 curam
868 2400 1079 2455 gerere,
1106 2387 1238 2444 illud
1287 2404 1603 2460 persuasum
1629 2391 1858 2460 habens,

256 2469 667 2539 locupletiorem
688 2482 742 2529 te
766 2477 1074 2532 mercedem
1100 2487 1440 2550 recepturum
1468 2495 1612 2549 esse,
1637 2483 1684 2539 si
1709 2493 1788 2540 tot
1805 2493 1862 2542 et

254 2561 425 2618 tantis
447 2561 902 2622 intercedentibus
927 2566 1342 2639 impedimentis,
1360 2587 1482 2644 qua:
1508 2583 1718 2631 tuarum
1738 2590 1862 2647 par-

252 2651 394 2708 tium
418 2663 565 2722 sunt,
599 2659 931 2724 pmstiteﬁs.
957 2659 1143 2732 Neque
1162 2663 1257 2719 tibi
1277 2679 1442 2736 grave
1465 2665 1536 2722 sit
1562 2667 1857 2725 identidem

249 2741 328 2798 ad
354 2756 456 2800 nos
480 2745 740 2814 scribere,
768 2748 866 2804 sed
886 2759 940 2805 et
962 2751 1320 2810 creberrimas
1344 2754 1528 2812 literas
1555 2756 1705 2813 dato.
1722 2757 1858 2814 Nam

250 2833 414 2890 sicuti
439 2850 584 2892 nunc
617 2841 990 2910 cognovimus,
1020 2858 1126 2900 non
1172 2845 1508 2916 Sebasteam,
1539 2849 1636 2906 sed
1679 2850 1860 2907 Cucu-

248 2939 380 2983 sum
403 2927 704 2986 exsulatum
734 2932 814 2989 ire
832 2933 968 3003 jussi
995 2949 1202 3006 sumus,
1228 2954 1337 3010 quo
1379 2939 1474 2996 tibi
1502 2941 1692 2999 literas
1727 2944 1859 2999 mit-

250 3025 375 3074 tere
401 3017 610 3077 facilius
628 3021 750 3078 erit.
775 3022 964 3081 Scribe
992 3025 1156 3098 igitur
1183 3029 1360 3099 nobis,
1387 3042 1521 3104 quot
1547 3048 1693 3091 anno
1716 3050 1857 3106 quo-

248 3107 388 3166 libet
410 3117 630 3170 structm
662 3115 773 3172 sint
793 3118 1058 3187 ecclesia,
1081 3131 1136 3178 et
1160 3126 1254 3194 qui
1283 3125 1382 3182 viri
1413 3129 1586 3184 sancti
1611 3130 1664 3186 in
1690 3130 1856 3188 Phin-

248 3201 453 3261 niciam
489 3208 914 3288 commigrannt,
954 3221 1012 3268 et
1059 3215 1107 3270 si
1145 3231 1252 3287 qua
1297 3219 1504 3290 majora
1529 3226 1859 3282 accesserint

247 3291 603 3352 incrementa.
621 3295 754 3355 Nam
782 3315 906 3357 cum
930 3302 1207 3363 Nicaenum
1223 3310 1510 3379 quemdam
1531 3315 1856 3373 monachum

247 3389 520 3448 inclusum
542 3392 622 3468 (α)
652 3399 999 3468 reperissem,
1022 3401 1072 3458 ei
1101 3410 1160 3458 ut
1184 3402 1252 3458 ad
1281 3405 1534 3474 pietatem
1556 3417 1700 3465 tuam
1728 3410 1854 3480 iret,

245 3491 312 3539 et
343 3483 396 3539 in
430 3485 760 3544 thniciam
791 3491 1244 3563 proﬁcisceretur,
1271 3499 1538 3568 persuasi.
1578 3504 1664 3557 An
1704 3502 1752 3558 is
1787 3503 1856 3559 ad

250 3585 311 3631 te
352 3580 580 3647 venerit,
631 3579 718 3637 fac
759 3583 949 3638 sciam.
980 3584 1060 3641 De
1086 3585 1380 3656 Salamine,
1409 3591 1554 3662 quod
1599 3593 1856 3665 oppidum

245 3675 337 3724 est
363 3668 416 3726 in
440 3669 622 3742 Cypro
648 3673 833 3741 situm,
861 3676 1013 3758 etlab
1043 3677 1236 3736 heresi
1263 3680 1731 3743 Marcionistarum
1757 3704 1856 3760 op-

243 3759 520 3830 primitur,
543 3773 766 3822 acturus
781 3781 904 3824 cum
930 3769 1124 3841 quibus
1145 3775 1405 3843 oportuit,
1425 3785 1481 3832 et
1503 3793 1616 3834 rem
1636 3759 1853 3840 omnem

246 3850 478 3909 feliciter
495 3854 838 3914 confecturus
862 3874 1034 3930 eram,
1067 3863 1171 3920 nisi
1199 3865 1405 3936 ejectus
1430 3867 1679 3928 fuissem.
1699 3874 1853 3944 Quod

243 3941 297 3998 si
324 3941 600 4001 dominum
647 3963 828 4004 meum
867 3949 1156 4024 Cyriacnm
1191 3957 1505 4030 episcopum
1538 3941 1850 4024 Constanti-

247 4034 451 4128 nopolii
477 4051 600 4094 esse
618 4043 958 4111 cognoveris,
986 4045 1164 4103 scribe
1201 4047 1270 4104 ad
1295 4064 1418 4106 eum
1449 4050 1551 4109 hac
1573 4053 1644 4110 de
1665 4071 1849 4128 causa,

241 4133 304 4182 et
327 4127 587 4197 perﬁcere
621 4131 668 4188 is
693 4133 875 4191 omnia
903 4138 1430 4208 paterit.Cohnrtare
1450 4160 1660 4213 omnes,
1674 4160 1730 4205 et

245 4217 638 4282 tissimumeos
674 4227 767 4297 qui
803 4226 1058 4288 ﬁduciam
1110 4234 1254 4304 apud
1305 4235 1474 4294 Deum
1519 4217 1851 4310 κωπίω

241 4309 473 4367 multum
502 4321 559 4370 et
589 4317 808 4376 assidue
834 4331 1012 4390 orent,
1048 4331 1108 4380 ut
1134 4340 1375 4396 praesens
1400 4329 1550 4386 orbis
1584 4341 1848 4392 terrarum

240 4403 575 4479 naufragium
619 4413 984 4484 conquiescat.
1030 4415 1394 4478 lntolerabilia
1445 4425 1591 4481 enim
1635 4429 1843 4499 Asiam,

238 4496 484 4589 aliasque
509 4501 673 4559 urbes
699 4515 758 4560 et
785 4503 1062 4566 Ecclesiae
1097 4509 1409 4570 invaserunt
1433 4515 1597 4586 mala,
1625 4533 1745 4589 qua:
1773 4496 1845 4576 si;

235 4588 488 4659 gillatim,
521 4607 589 4649 ne
617 4594 876 4654 molestus
900 4613 1024 4656 esse
1047 4601 1256 4670 videar,
1296 4619 1617 4665 enumerare
1643 4588 1849 4682 supcr-

237 4679 409 4736 sedeo
425 4697 452 4745 ε,
471 4691 633 4755 atque
657 4701 822 4743 unum
851 4688 982 4747 illud
1008 4691 1154 4764 dico,
1179 4696 1346 4752 multa
1375 4713 1520 4756 nunc
1543 4710 1599 4757 et
1627 4679 1846 4762 assidua

236 4786 376 4842 opus
401 4787 524 4833 esse
549 4781 878 4847 precatione.

236 4901 520 4962 ccxx".
560 4906 734 4979 cm,
769 4911 994 5007 Valerio,
1024 4917 1340 4993 Diophanio,
1364 4925 1599 4999 Cyriaco,
1632 4933 1842 5007 presby-

479 5001 599 5056 teris
635 5003 979 5065 Antiocheuia.
1016 5008 1264 5085 (Cucuso
1289 5030 1434 5076 anno
1461 5018 1635 5094 404.)

307 5132 378 5188 Et
404 5135 549 5206 quod
576 5137 643 5195 ad
673 5153 770 5197 nos
811 5144 1159 5218 scripseritis,
1186 5159 1242 5207 et
1268 5153 1410 5224 quod
1441 5155 1610 5213 literis
1633 5174 1734 5216 nos
1756 5160 1838 5217 la-

233 5239 452 5283 cessere
477 5228 775 5300 volueritis,
802 5249 869 5292 ac
900 5237 1084 5296 literas
1109 5258 1141 5298 a
1165 5244 1322 5301 nobis
1352 5257 1556 5317 petere,
1584 5253 1836 5310 modum-

1729 426 2108 492 EPISTOLE.

3464 436 3568 497 731

1971 545 2151 618 Atque
2188 544 2296 604 hoc
2332 545 2524 616 efﬁcit,
2553 555 2614 606 ut
2655 563 2721 608 ea
2762 549 3017 618 solitudo,
3056 568 3218 627 quam
3265 554 3572 628 incolimus,

1971 636 2206 695 solitudo
2232 638 2457 697 minime
2493 637 2782 698 videatur:
2814 641 2920 700 hoc
2946 643 3190 703 diversas
3215 657 3270 704 et
3292 652 3577 710 continuas

1965 728 2297 788 calamitates
2322 731 2552 804 mitigat.
2577 732 2714 804 Quid
2743 735 2891 792 enim
2916 752 3039 794 cum
3069 740 3294 798 caritate
3337 743 3577 803 conferri

1965 823 2186 894 potest?
2210 821 2358 882 Nihil
2383 825 2561 896 plane.
2601 826 2731 884 Hac
2754 837 2811 886 et
2838 829 3015 900 radix,
3052 841 3110 889 et
3148 843 3340 902 mater,
3370 846 3428 894 ct
3453 836 3579 897 fons

1966 924 2053 974 est
2079 918 2368 989 bonorum,
2396 921 2570 979 virtus
2612 924 2841 983 minime
2882 927 3174 997 laboriosa,
3201 931 3374 988 virtus
3420 931 3580 988 volu-

1965 1016 2115 1080 ptate
2156 1009 2378 1083 referta,
2408 1029 2634 1088 qumque
2671 1019 2894 1075 multam
2934 1021 3022 1089 iis,
3061 1022 3155 1094 qui
3198 1023 3370 1094 ipsam
3413 1039 3580 1081 excr-

1962 1109 2109 1168 cent,
2137 1103 2466 1176 voluptatem
2494 1107 2655 1178 parit.
2683 1108 2830 1180 Quas
2859 1111 2930 1172 ob
2953 1128 3043 1168 res
3072 1115 3274 1187 gratias
3300 1116 3454 1172 vobis
3484 1117 3573 1172 in-

1963 1202 2155 1264 gentes
2182 1196 2411 1268 agimus,
2441 1199 2585 1271 quod
2611 1201 2748 1258 adeo
2782 1203 3050 1260 sinceram
3093 1221 3220 1279 erga
3261 1223 3364 1265 nos
3412 1208 3582 1267 bene-

1965 1286 2260 1344 volentiam
2322 1294 2775 1353 conservaveritis
2819 1312 2836 1350 :
2889 1311 2989 1353 nos
3052 1312 3187 1355 vero
3250 1299 3582 1374 ubicumque
3662 1317 3667 1322 '

1963 1381 2205 1450 gentium
2238 1381 2520 1454 fuerimus,
2549 1385 2675 1443 licet
2696 1388 2764 1444 ad
2793 1388 2941 1461 ipsos
2968 1391 3118 1449 orbis
3149 1402 3412 1452 terrarum
3442 1396 3582 1454 fines

1964 1469 2293 1542 deferamur,
2325 1475 2454 1531 licet
2481 1475 2549 1533 ad
2597 1477 2777 1535 locum
2826 1480 2934 1538 hoc
2980 1483 3152 1540 multo
3196 1483 3580 1554 desertiorem,

1965 1576 2064 1618 vos
2105 1573 2289 1621 mente
2334 1566 2777 1628 circumferentes
2814 1574 3104 1641 abibimus,
3145 1576 3445 1650 insculptos
3483 1595 3584 1638 vos

1969 1651 2151 1710 animo
2178 1665 2235 1712 et
2263 1656 2465 1715 incisos
2493 1670 2712 1731 pectore
2752 1675 2938 1720 nostro
2957 1677 3253 1739 gestantes,
3285 1687 3463 1745 neque
3489 1665 3582 1732 itf-

1966 1745 2112 1802 neris
2138 1745 2522 1819 longinquitas,
2542 1767 2719 1823 neque
2747 1758 3011 1827 temporis
3040 1759 3388 1832 diuturnitas,
3406 1781 3584 1838 neque

1967 1839 2123 1896 turba
2146 1840 2516 1900 calamitatum
2541 1849 2958 1920 negligentiores
2983 1867 3110 1926 erga
3137 1857 3459 1916 suavitatem
3489 1875 3585 1918 ve-

1965 1941 2134 1987 stram
2177 1947 2278 1989 nos
2302 1933 2558 2003 reddidit.
2589 1939 2685 1995 sed
2714 1942 2868 2012 quasi
2908 1958 3016 2000 non
3046 1946 3119 2001 ita
3162 1947 3372 2018 pridem
3401 1951 3582 2009 vobis-

1965 2037 2089 2080 cum
2118 2027 2317 2082 versati
2342 2026 2627 2098 fuerimus,
2652 2033 2764 2089 imo
2791 2048 2923 2091 vero
2955 2037 3110 2108 quasi
3147 2038 3429 2097 vobiscum
3459 2057 3584 2113 per-

1964 2129 2130 2191 petuo
2153 2137 2453 2194 versemur,
2483 2134 2542 2180 ut
2569 2141 2630 2182 re
2652 2142 2779 2184 vera
2815 2143 3117 2200 versamur,
3154 2133 3226 2188 ita
3266 2149 3365 2191 vos
3400 2138 3586 2194 cemi-

1965 2226 2122 2283 mus,
2181 2224 2239 2271 et
2284 2216 2524 2274 caritatis
2573 2219 2746 2275 oculis
2793 2223 3247 2294 contemplemur.
3299 2227 3585 2298 Ejusmodi

1965 2306 2114 2362 enim
2135 2315 2220 2364 est
2245 2309 2480 2366 amicitia
2493 2319 2519 2366 ':
2537 2327 2652 2368 non
2682 2312 2936 2371 itinerum
2965 2317 3254 2376 intervallo
3280 2319 3576 2391 dirimitur,

1969 2411 2079 2454 non
2105 2397 2268 2470 longo
2291 2399 2504 2458 dierum
2531 2391 2706 2474 spatio
2730 2405 3062 2477 debilitatur,
3089 2424 3197 2466 non
3222 2411 3578 2472 afflictionum

1965 2493 2122 2550 turba
2150 2505 2454 2565 superatur,
2493 2497 2591 2556 sed
2638 2499 2693 2556 in
2731 2501 2899 2558 altum
2952 2515 3214 2575 perpetuo
3257 2507 3482 2576 tollitur,
3513 2520 3575 2567 et

1963 2583 2196 2642 flamma:
2216 2601 2433 2644 cursum
2464 2588 2723 2647 imitatur.
2750 2592 2930 2664 Atque
2959 2595 3064 2653 hoc
3102 2611 3200 2654 vos
3224 2613 3336 2669 prae
3360 2603 3579 2659 casteria

1963 2677 2215 2734 omnibus
2259 2679 2452 2748 nostis,
2506 2681 2630 2752 quia
2681 2695 2795 2754 pra:
2844 2687 3058 2743 caeteris
3104 2690 3358 2746 omnibus
3411 2694 3579 2751 etiam

1963 2781 2149 2825 amare
2175 2768 2364 2827 scitis:
2390 2773 2642 2843 quocirca
2687 2789 2787 2832 vos
2827 2791 3044 2850 quoque
3090 2782 3279 2838 beatos
3322 2783 3576 2844 dicimus.

1961 2855 2113 2913 Licet
2137 2859 2285 2915 enim
2330 2860 2668 2921 miserabiles
2694 2865 2867 2924 simus
2904 2883 2970 2925 ac
2997 2869 3260 2942 despecti,
3288 2883 3346 2930 at
3389 2885 3582 2946 potens

1962 2954 2047 3004 est
2062 2946 2226 3014 Deus,
2248 2958 2304 3006 et
2327 2951 2526 3009 suiﬁcit
2549 2955 2618 3011 ad
2637 2959 3069 3018 constituendam
3093 2965 3247 3021 vobis
3269 2969 3581 3027 mercedem

1963 3037 2066 3096 hac
2089 3041 2317 3100 caritate
2341 3044 2629 3117 majorem,
2657 3064 2724 3106 ac
2746 3050 2918 3108 multo
2946 3054 3252 3113 uberiorem
3282 3076 3298 3114 :
3329 3075 3453 3116 nam
3483 3077 3581 3118 eo-

1961 3145 2082 3188 rum
2105 3133 2359 3190 meritum
2379 3137 2469 3208 qui
2496 3138 2699 3210 aliquid
2726 3140 2852 3198 boni
2880 3145 3091 3215 egerint
3112 3146 3439 3217 dixerintve,
3456 3154 3578 3210 suis

1963 3225 2201 3293 praemiis
2230 3225 2392 3298 longe
2431 3241 2693 3300 superare
2736 3233 2897 3290 solet.
2928 3236 2998 3293 Et
3035 3247 3282 3310 optarem
3325 3243 3587 3316 equidem

1959 3312 2094 3385 ipsis
2120 3317 2294 3373 oculis
2318 3333 2416 3376 vos
2457 3334 2754 3392 praesentes
2792 3341 3042 3396 cernere,
3068 3339 3125 3388 et
3161 3312 3457 3405 congressu
3486 3354 3580 3394 ve-

1959 3415 2075 3462 stro
2099 3421 2503 3484 conspectuque
2535 3413 2662 3484 frui,
2705 3425 2869 3490 atque
2904 3420 3010 3478 hoc
3035 3431 3194 3494 pacto
3225 3436 3406 3483 vestra
3434 3432 3598 3486 cari-

1961 3503 2073 3553 tate
2109 3499 2372 3556 obiectari
2402 3519 2417 3558 :
2451 3504 2669 3575 quando
2713 3517 2895 3566 autem
2937 3510 2993 3568 id
3031 3527 3141 3569 non
3180 3514 3324 3583 licet,
3363 3533 3471 3576 non
3506 3522 3580 3577 ob

1959 3587 2227 3659 pigritiam
2252 3591 2484 3666 aliquam
2523 3604 2581 3652 et
2621 3599 3027 3673 negligentiam,
3068 3605 3166 3661 sed
3207 3608 3355 3680 quod
3397 3614 3582 3669 exsilii.

1960 3680 2287 3738 necessitate
2330 3681 2768 3756 prmpediamur:
2817 3692 2984 3750 nolite
3023 3695 3214 3752 saltem
3257 3713 3358 3756 nos
3404 3701 3589 3759 altera

1958 3770 2302 3842 navigatione
2334 3774 2569 3844 privare,
2612 3779 2709 3835 sed
2741 3782 3015 3854 ingentem
3059 3787 3270 3858 copiam
3313 3792 3578 3862 epistola-

1957 3877 2077 3918 rum
2100 3863 2169 3919 ad
2200 3880 2300 3923 nos
2324 3868 2540 3938 mittite,
2571 3887 2694 3943 qua:
2741 3874 2811 3932 de
2836 3887 3015 3934 vestra
3069 3896 3170 3938 nos
3199 3882 3395 3941 faciant
3425 3888 3573 3944 vale-

1958 3955 2142 4014 tudine
2161 3961 2446 4018 certiores.
2474 3962 2610 4020 Nam
2645 3966 2693 4022 si
2732 3967 2998 4039 ejusmodi
3038 3972 3221 4030 literas
3257 3975 3573 4048 frequenter

1954 4048 2351 4120 acceperimus,
2402 4056 2627 4112 multam
2691 4060 3119 4120 consolationem
3171 4069 3577 4142 percipiemus,

1954 4143 2299 4212 quantumvis
2325 4145 2615 4220 longinqua
2645 4159 2703 4208 et
2729 4163 2915 4210 extera
2944 4157 2999 4211 in
3036 4159 3257 4230 regione
3281 4161 3565 4234 degamus.

1954 4231 2088 4288 Cum
2115 4233 2276 4306 igitur
2298 4237 2454 4294 vobis
2492 4240 2832 4320 exploratum
2874 4246 2965 4312 sit,
2989 4258 3191 4320 quanto
3233 4266 3335 4308 nos
3358 4231 3567 4311 idevinﬂ-

1952 4324 2092 4380 cturi
2116 4326 2236 4383 sitis
2274 4325 2556 4396 beneﬁcio,
2588 4343 2898 4406 quantaque
2927 4336 3110 4394 lautitia
3142 4341 3431 4412 perfusuri,
3461 4361 3567 4403 nov

1952 4415 2045 4472 lite
2073 4417 2215 4476 hanc
2253 4422 2410 4480 nobis
2437 4425 2765 4498 voluptatem
2806 4431 3069 4490 invidere.
3115 4435 3253 4492 Dum
3296 4438 3440 4494 enim
3469 4456 3570 4495 vo-

1952 4507 2159 4567 biscum
2191 4528 2288 4584 per
2306 4514 2492 4573 literas
2516 4519 2913 4592 colloquemur,
2942 4539 3039 4581 vos
3068 4526 3216 4599 ipsos
3244 4527 3332 4586 hic
3368 4530 3563 4590 adesse

1949 4600 2353 4674 arbitrabimur,
2384 4616 2441 4664 et
2469 4609 2770 4669 evidentius
2802 4623 3072 4687 tamquam
3099 4619 3170 4676 ob
3196 4622 3383 4680 oculos
3413 4625 3561 4695 posi-

1951 4698 2041 4748 tos
2069 4696 2369 4765 poterimus
2394 4701 2578 4758 animo
2604 4707 2984 4778 contemplari.

2123 4828 2438 4889 conm.
2469 4833 2748 4908 Hesychia.
2780 4837 3013 4911 (Cucuso
3049 4856 3194 4900 anno
3227 4844 3384 4913 tot.)

2017 4965 2309 5037 Cupiebam
2334 4970 2621 5043 equidem,
2652 4983 2940 5048 antequam
2969 4977 3037 5034 ad
3057 4981 3376 5038 suavitatem
3410 4993 3562 5041 tuam

1945 5061 2307 5131 scripsissem,
2353 5062 2538 5120 literas
2565 5065 2636 5123 ab
2667 5082 2729 5124 ea
2761 5069 2910 5138 prior
2948 5070 3194 5142 accipere
3223 5091 3236 5129 :
3265 5074 3368 5131 hoc
3407 5077 3563 5134 enim-

1943 5153 2403 5214 vehementissimi
2448 5159 2651 5216 amoris
2699 5168 2785 5217 est
2832 5162 3107 5234 proprium
3143 5178 3558 5228 :verumtameu

1943 5246 2127 5305 literas
2157 5257 2274 5305 tuas
2300 5266 2406 5307 non
2430 5255 2881 5324 exspectavimus,
2905 5256 3001 5312 sed
3027 5259 3234 5329 priores
3258 5261 3324 5316 ad
3348 5274 3400 5318 te
3420 5266 3557 5320 scri-

1943 5338 2169 5408 psimus,
2197 5351 2256 5397 ut
2294 5341 2350 5397 in
2391 5342 2493 5400 hoc
2515 5343 2705 5400 saltem
2747 5345 2990 5404 ardentis
3018 5351 3220 5408 amoris
3247 5368 3372 5424 erga
3406 5363 3550 5411 luam

1813 5478 1830 5494 .
1941 5433 2258 5491 suavitatem
2285 5438 2455 5493 nostri
2481 5440 2756 5509 specimen
2775 5439 3080 5499 ederemus.
3109 5444 3215 5501 Sed
3236 5447 3338 5503 hoc
3368 5456 3548 5505 tamen

1941 5529 2162 5586 nomine
2190 5529 2284 5586 tibi
2329 5534 2559 5603 gratiam
2591 5533 2875 5605 habemus,
2907 5546 2966 5592 ut
3002 5539 3094 5610 qui
3121 5541 3289 5611 probe
3317 5543 3554 5601 sciamus

1807 5623 1833 5698 ί
1939 5633 2047 5674 non
2074 5636 2142 5676 ex
2171 5630 2503 5694 contemptu,
2536 5625 2631 5682 sed
2661 5643 2772 5698 prae
2808 5629 2973 5685 nimia
3000 5629 3298 5689 humilitate
3327 5634 3423 5690 tibi
3448 5635 3551 5693 hoc

1810 5757 1826 5781 ,
1937 5713 2248 5785 contigisse.
2279 5716 2554 5773 Audacter
2578 5718 2740 5790 igitur
2763 5719 2906 5777 hunc
2937 5724 3158 5779 tuum’in
3186 5740 3285 5782 nos
3308 5742 3548 5785 amorem

1810 5807 1831 5884 ξ
1936 5805 2182 5874 ostende,
2211 5821 2276 5864 ac
2301 5808 2504 5879 literas,
2533 5812 2814 5883 quibusde
2845 5825 2931 5871 tua
2962 5818 3268 5877 valetudine
3283 5823 3549 5881 certiores

1922 5897 2151 5971 ﬁamus,
2180 5899 2249 5964 ad
2293 5917 2394 5962 nos
2420 5905 2774 5966 creberrimas
2801 5913 2971 5969 mitte.
3007 5910 3066 5970 Si
3095 5913 3240 5970 enim
3283 5913 3554 5988 ejusmodi
