4152 6488
673 556 866 615 literas
900 547 1286 620 acceperimus,
1333 545 1457 602 licet
1496 543 1566 604 ad
1611 542 1758 612 ipsos
1796 537 1944 596 Orbis
1990 547 2250 620 terrarum

671 604 1112 701 agimen
1138 604 1334 704 simus,
1358 634 1481 694 licet
1521 632 1594 689 ad
1627 604 1802 687 locum
1845 629 1950 685 isto
1990 604 2252 682 σωζο-

665 750 805 801 rem,
845 732 1016 788 multo
1057 727 1248 785 solatio
1286 726 1498 781 taedium
1537 732 1780 779 nostrum
1806 726 1996 775 vestra
2020 712 2255 801 caritatis

663 800 904 882 omnum
928 818 1204 892 mitigabit.
1234 816 1376 872 Nihil
1400 814 1542 870 enim
1572 813 1644 869 ita
1691 819 1865 882 potest
1888 807 2124 864 animum
2148 800 2253 859 erl-

662 931 824 988 gere,
871 913 1142 984 multaque
1192 909 1465 979 voluptate
1511 903 1864 978 perfundere,
1912 913 1977 955 ac
2021 897 2067 952 si
2110 902 2254 988 amet

660 985 976 1076 ameturque
1015 1002 1243 1058 sincere.
1275 1000 1450 1068 Atque
1495 998 1596 1052 boc
1644 1002 1700 1050 tu
1740 991 1978 1053 omnium
2023 985 2253 1045 maxime

660 1097 823 1162 nosti,
879 1092 1308 1167 quandoquidem
1363 1100 1420 1146 tu
1475 1100 1686 1162 quoque
1733 1082 1974 1140 omnium
2021 1077 2251 1136 maxime

664 1205 848 1247 amare
874 1187 1036 1244 nosti.

658 1300 877 1359 CCXXI
894 1299 956 1354 V.
987 1299 1253 1354 Nereium
1272 1307 1319 1352 et
1343 1294 1660 1350 Marcellino.
1693 1291 1922 1364 (Cucuso
1939 1303 2081 1344 anno

729 1410 993 1479 Quidnam
1011 1423 1186 1463 causa:
1201 1415 1303 1471 est,
1329 1402 1698 1475 quamobrem,
1716 1401 1834 1456 cum
1857 1410 2128 1468 tantopere
2149 1411 2248 1453 nos

661 1502 854 1558 ametis
879 1499 1075 1572 (natus
1099 1499 1243 1555 enim
1276 1506 1422 1551 tanto
1451 1495 1574 1550 licet
1599 1508 1630 1548 a
1657 1492 1808 1547 vobis
1834 1489 2107 1546 intervallo
2134 1488 2245 1544 dis-

653 1593 870 1664 iunctos
890 1589 1018 1648 latet
1047 1604 1146 1646 nos
1173 1602 1326 1643 amor
1366 1594 1560 1650 vester,
1597 1582 1736 1654 quod
1778 1592 1833 1638 et
1861 1581 2150 1637 vehemens
2176 1579 2247 1636 sit

657 1692 716 1741 et
756 1681 1157 1752 inflammatus),
1189 1669 1348 1735 silere
1396 1678 1673 1749 potuistis,
1704 1689 1768 1731 ac
1806 1689 1873 1730 ne
1914 1673 2080 1729 semel
2128 1673 2248 1743 qui-

655 1775 778 1831 dem
789 1775 974 1830 literas
990 1773 1054 1828 ad
1076 1787 1173 1828 nos
1183 1769 1523 1837 dedistis,sed
1542 1782 1652 1822 rem
1673 1766 1826 1821 istam
1839 1765 2065 1820 similem
2084 1763 2246 1834 amig-

660 1865 792 1921 mati
825 1862 1175 1921 reddidistis?
1199 1861 1384 1930 Neque
1417 1860 1557 1916 enim
1596 1859 1828 1928 legitima
1853 1856 1949 1911 fuit
1967 1856 2055 1910 illa
2083 1870 2245 1912 excu-

656 1957 820 2023 satio,
845 1971 1001 2025 quam
1044 1953 1097 2008 in
1121 1953 1344 2024 epistola
1373 1949 1438 2006 ad
1483 1949 1934 2021 religiosissimum
1965 1946 2243 2018 presbyte-

658 2060 780 2101 rum
821 2044 1190 2100 Constantium
1243 2042 1406 2097 missa
1455 2039 1816 2110 expressistis.
1858 2036 2241 2092 Verumtamen

655 2132 955 2192 nolimbtec
981 2144 1166 2191 exacte
1198 2133 1512 2204 disquirere.
1544 2129 1625 2187 Sit
1650 2131 1721 2186 ita
1748 2144 1898 2197 sane,
1924 2138 2083 2200 atque
2103 2132 2242 2185 banc

654 2223 823 2282 fuisse
849 2239 1061 2280 causam
1089 2222 1284 2280 silentii
1311 2221 1500 2277 demus
1531 2237 1546 2276 :
1579 2233 1704 2275 ecce
1729 2227 1785 2274 et
1824 2219 1937 2274 haec
1965 2220 2076 2288 ipsa
2103 2232 2244 2275 nunc

659 2317 821 2372 vobis
863 2315 1104 2386 eripitur,
1134 2325 1188 2370 et
1214 2313 1383 2368 literis
1424 2311 1624 2366 nostris
1663 2323 1761 2365 vos
1805 2309 2153 2376 lacessimus,
2180 2324 2244 2366 ae

651 2407 821 2463 simul
849 2407 1049 2478 gratias
1087 2405 1294 2475 agimus
1335 2401 1406 2456 ob
1450 2402 1722 2456 sinceram
1757 2400 1894 2454 banc
1919 2399 2195 2453 caritatem
2223 2440 2238 2466 ,

650 2512 819 2569 quam
856 2510 981 2566 erga
1007 2507 1107 2550 nas
1134 2495 1205 2549 ita
1231 2491 1508 2546 florentem
1535 2489 1880 2554 conservatis,
1904 2502 1967 2543 ac
1991 2489 2238 2558 petimus,

656 2599 718 2645 ut
741 2590 1178 2662 quotiescumque
1203 2584 1403 2648 licebit,
1426 2583 1642 2638 crebras
1660 2581 1725 2636 ad
1753 2595 1851 2636 nos
1875 2579 2055 2635 literas
2077 2580 2235 2635 detis.

654 2678 774 2736 Non
818 2679 960 2735 enim
999 2676 1183 2732 dubito
1209 2671 1335 2746 qtiin
1367 2672 1473 2728 huc
1510 2672 1731 2741 impigro
1772 2669 2022 2726 advolare
2073 2669 2240 2739 parati

661 2768 919 2834 fuissetis,
961 2766 1060 2822 nisi
1087 2781 1149 2820 ea
1197 2779 1315 2836 qua:
1360 2760 1820 2818 commemorastis
1863 2759 2240 2831 impedimenta

655 2856 1131 2921 intercessissent;
1159 2854 1266 2910 imo
1313 2867 1438 2909 vero
1479 2851 1656 2906 animo
1699 2850 1809 2921 jam
1859 2863 1923 2904 ac
1972 2849 2243 2904 voluntate

659 2948 971 3006 advolastis.
999 2945 1106 3002 Sed
1131 2944 1380 3017 quoniam
1425 2941 1479 2998 id
1507 2941 1679 3011 reipsa
1708 2940 1822 2994 fieri
1853 2940 2108 3008 tantisper
2137 2953 2242 2995 non

657 3048 855 3110 potest,
888 3038 1158 3093 literarum
1202 3033 1392 3090 saltem
1440 3033 1629 3089 solatio
1672 3040 1912 3088 nostrum
1956 3043 2241 3085 mmrorem

659 3131 844 3196 lenite,
876 3144 940 3184 ac
975 3128 1042 3183 de
1069 3135 1247 3184 vestra
1277 3125 1544 3195 totiusque
1580 3133 1773 3178 vestra
1809 3121 2000 3176 domus
2040 3120 2244 3175 valetu-

657 3225 784 3280 dine
811 3236 909 3278 nos
939 3219 1096 3277 facite
1122 3218 1401 3275 certiores.
1433 3216 1489 3272 Si
1518 3217 1660 3272 enim
1689 3214 1949 3285 ejusmodi
1982 3214 2147 3266 literte
2174 3211 2240 3267 ad

654 3331 756 3372 nos
779 3330 810 3369 a
837 3314 988 3370 vobis
1029 3313 1205 3368 missa
1251 3310 1464 3376 fuerint,
1493 3308 1734 3379 quamvis
1762 3307 1815 3361 in
1859 3305 2114 3375 aspcriori
2144 3304 2238 3360 tle-

652 3422 842 3480 gamus
884 3404 1185 3469 solitudine,
1228 3418 1387 3472 quam
1434 3401 1504 3456 sit
1548 3401 1668 3466 ista,
1713 3400 1932 3454 multam
1979 3413 2046 3453 ex
2073 3397 2240 3452 literis

651 3499 850 3555 vestris
872 3495 1288 3552 consolationem
1325 3491 1614 3562 capiemus.

689 3608 878 3668 CCXX
895 3607 952 3662 V.
981 3605 1274 3663 Constantio
1302 3603 1605 3675 presbytero.
1631 3599 1859 3672 (Cucuso
1888 3615 2027 3655 anno
2052 3598 2203 3667 ιυι.)

726 3723 948 3782 Miratus
975 3735 1092 3775 sum
1117 3733 1214 3773 cur
1240 3726 1295 3772 tu
1325 3717 1413 3787 qui
1445 3725 1550 3771 tam
1580 3715 1926 3772 vehementer
1951 3727 2048 3766 nos
2071 3727 2237 3776 amas,

653 3815 852 3893 quique
878 3811 1007 3867 nibil
1052 3825 1158 3865 non
1186 3823 1364 3879 agere,
1395 3807 1594 3872 dicere,
1622 3820 1685 3858 ac
1713 3803 1818 3873 pati
1862 3812 2039 3857 nostra
2083 3816 2240 3860 canszt

657 3916 875 3980 paratus
899 3919 957 3958 es
979 3905 1175 3976 (neque
1198 3900 1340 3956 enim
1386 3913 1482 3954 nos
1509 3896 1662 3967 fugit,
1693 3910 1866 3965 neque
1893 3895 2005 3948 fieri
2045 3902 2238 3963 potest,

659 4007 718 4051 ιιι
741 3996 952 4051 sincere
994 3999 1260 4047 amantem
1302 3989 1356 4043 id
1386 3989 1594 4058 fugiat),
1623 4001 1692 4041 ne
1731 3984 1898 4042 semel
1937 3984 2147 4052 Quidem
2175 3983 2239 4037 ad

660 4103 764 4144 nos
813 4086 1096 4148 scriberes,
1148 4082 1307 4152 idque
1347 4095 1467 4135 cum
1516 4093 1613 4133 nos
1658 4077 1795 4131 baud
1839 4077 1992 4146 longe
2019 4090 2048 4129 a
2092 4073 2242 4128 vobis

660 4179 1083 4241 advenissemus,
1111 4183 1166 4229 et
1188 4173 1317 4228 mibi
1343 4172 1625 4242 plurimum
1655 4168 1907 4224 colendus
1935 4179 1988 4222 et
2013 4166 2241 4222 clarissi-

658 4283 781 4330 inus
808 4267 970 4322 frater
1006 4264 1258 4321 Libanius
1295 4261 1361 4317 ad
1400 4276 1498 4317 nos
1524 4267 1786 4334 pergeret.
1818 4257 1941 4311 Haac
1966 4273 1993 4309 a
2021 4271 2103 4311 me
2133 4271 2239 4310 nun

657 4376 725 4419 co
753 4360 976 4418 consilio
1023 4357 1289 4423 dicuntur,
1321 4364 1377 4409 ut
1403 4369 1496 4408 vos
1541 4366 1784 4406 accusem
1805 4392 1819 4414 ,
1849 4350 1939 4404 sed
1972 4357 2030 4402 ιιι
2067 4347 2239 4401 dolori

659 4466 784 4509 meo
811 4448 1149 4515 satisfaciam.
1180 4445 1310 4501 Nam
1352 4443 1600 4516 quoniam
1631 4456 1824 4512 magno
1850 4439 2041 4495 affectu
2069 4438 2238 4508 pieta-

662 4551 772 4595 tem
817 4547 1049 4594 vestram
1099 4548 1409 4606 prosequor,
1438 4548 1542 4587 non
1585 4531 1743 4587 aliam
1787 4529 1855 4584 ob
1882 4543 2116 4586 causam.
2145 4526 2241 4581 sed

661 4630 913 4700 quoniam
940 4630 1082 4682 omni
1112 4626 1288 4680 studio
1315 4624 1382 4678 de
1410 4624 1600 4679 animte
1640 4633 1744 4676 tuae
1787 4621 1955 4680 salute
1984 4618 2240 4675 sollicitus

665 4736 729 4776 es
751 4761 766 4786 ,
798 4728 855 4773 et
875 4719 938 4772 iis
965 4717 1051 4786 qui
1084 4713 1482 4771 necessitatibus
1503 4720 1811 4782 premuntur
1835 4723 2171 4764 communem
2194 4718 2245 4762 te

662 4819 880 4880 portum
922 4807 1119 4873 offers,
1165 4805 1291 4859 dum
1343 4803 1522 4874 egenis
1565 4801 1848 4866 succurris,
1897 4799 2021 4856 dum
2071 4799 2245 4854 viduis

664 4900 950 4961 subvenis,
995 4897 1120 4952 dum
1163 4903 1427 4952 sustentas
1465 4892 1770 4962 orphanos,
1811 4901 1865 4947 et
1906 4905 2243 4947 communem

663 4991 911 5049 omnibus
936 5000 990 5046 te
1031 4999 1304 5060 parentem
1349 4985 1574 5057 praabes,
1605 4985 1706 5040 hac
1734 4985 1801 5040 de
1826 4999 1982 5039 causa
2012 4999 2131 5038 cum
2164 4984 2246 5038 in-

667 5084 814 5156 genti
838 5097 1019 5136 amore
1060 5081 1133 5134 tui
1178 5078 1396 5144 alliciar,
1429 5078 1613 5134 literas
1640 5077 1800 5131 etiam
1843 5076 2078 5146 recipere
2103 5090 2131 5128 a
2155 5086 2242 5130 tua

665 5175 864 5245 pietate
892 5172 1153 5226 desidem.
1179 5169 1512 5240 Hanc-igitur
1553 5168 1705 5223 nobis
1731 5166 1966 5223 concede
2001 5167 2242 5237 gratiam,

665 5285 730 5324 ac
772 5266 1090 5322 desiderium
1137 5265 1376 5318 nostrum
1422 5261 1594 5331 exple.
1640 5260 1757 5315 Non
1805 5260 1948 5314 enim
1991 5259 2246 5317 mediocri

672 5360 864 5415 solatio
908 5357 1238 5420 levabimur,
1285 5354 1406 5407 licet
1453 5353 1505 5407 in
1548 5351 1831 5407 solitudine
1866 5349 2157 5415 constituti,
2203 5349 2247 5404 si

672 5448 1019 5505 amantissimi
1047 5444 1208 5501 animi
1237 5444 1309 5498 tui
1337 5457 1630 5511 manusque
1659 5441 1839 5496 literas
1863 5441 2246 5509 acceperimus,

667 5557 788 5615 quae
817 5556 915 5596 nos
954 5540 1022 5594 de
1050 5549 1136 5593 tua
1165 5536 1430 5611 totiusque
1464 5534 1652 5591 domus
1691 5543 1793 5588 tum.
1840 5531 2138 5588 valetudine
2174 5531 2239 5585 fa-

668 5634 810 5689 ciant
837 5631 1110 5686 certiores.

671 5740 855 5811 CCXX
871 5741 961 5796 Y1.
994 5740 1255 5795 Marciano
1281 5749 1325 5794 et
1347 5739 1660 5798 Marcellino.
1683 5735 1912 5808 (Cucuso
1937 5752 2076 5792 anno
2096 5736 2247 5807 ιοι.)

739 5854 906 5922 Nobis
931 5854 1152 5925 aenigma
1197 5853 1449 5912 solvistis.
1480 5850 1595 5910 Non
1623 5851 1762 5910 enim
1794 5849 1858 5906 ad
1889 5849 2253 5908 delensionetu

1412 432 1472 492 S.
1509 427 1792 491 JOANNIS
1825 418 2309 488 ςιιιιιεοδτωιι
2345 417 2669 487 ARCBIBP.
2703 416 3245 478 CONS‘I'AN‘I’INOP.

2358 534 2631 592 cum
2669 533 2817 590 illam
2856 509 3420 604 auinam,qu°a
3463 535 3580 584 ιιι-
3624 532 3962 603 ,κειται

2358 633 2466 691 tur,
2499 638 2599 681 vos
2625 619 2767 681 nunc
2795 624 3086 690 indicatis,
3102 638 3228 705 cu
3249 623 3485 680 nondum
3511 625 3758 694 acceptis
3779 622 3961 703 literis

2358 717 2557 773 nostris
2580 731 2680 773 nos
2723 717 3067 778 lacessendos
3382 715 3460 772 Ea
3485 700 3960 788 quippeearltalh

2355 817 2440 864 est
2478 817 2689 875 natura,
2718 819 2778 864 ut
2810 809 2972 864 silere
3009 808 3228 864 minime
3269 807 3456 878 possit,
3489 821 3676 863 verum
3701 805 3960 877 quamvis

2356 901 2661 972 periculqu
2697 900 2769 956 sit
2814 917 2883 956 ne
2923 909 3203 957 accusetu
3250 899 3524 964 audacia,
3572 912 3803 954 munere
3847 911 3959 952 sua

2356 991 2614 1064 fungitur.
2642 991 2750 1062 Nos
2775 1007 2902 1048 vero
2931 1000 3134 1047 tantum
3160 989 3332 1055 abest,
3361 999 3420 1045 ut
3442 989 3585 1045 diem
3613 988 3770 1044 vobis
3797 987 3955 1046 diel-

2353 1099 2494 1149 nus.
2519 1084 2662 1156 quod
2683 1083 2768 1148 ad
2796 1099 2896 1140 nos
2941 1085 3144 1155 priores
3186 1083 3526 1152 κτῆμα-ἰὼ,
3557 1092 3616 1136 ut
3656 1082 3822 1137 etiam
3851 1095 3954 1138 vn

2354 1178 2455 1241 hac
2481 1178 2550 1234 de
2589 1193 2749 1236 causa
2794 1194 2993 1235 corona
3036 1178 3329 1243 donemus,
3375 1192 3439 1232 ac
3481 1175 3862 1247 pradicet-us.
3892 1183 3955 1231 es

2351 1275 2544 1331 sinceri
2571 1273 2770 1332 amoris
2795 1275 2961 1331 vestri
2999 1271 3293 1344 perieulum
3321 1285 3462 1327 nunc
3489 1269 3722 1325 maxime
3751 1267 3950 1325 faeci-

2353 1382 2492 1429 mtts.
2523 1382 2629 1422 non
2659 1368 2831 1422 solum
2879 1365 3021 1436 quod
3070 1361 3408 1434 scripseritis,
3453 1361 3549 1420 sed
3589 1362 3754 1417 etiam
3796 1360 3948 1431 quod

2352 1458 2556 1528 priores
2600 1457 2942 1526 seripseritis.
3008 1456 3155 1515 Deus
3199 1465 3379 1510 autem
3429 1467 3527 1509 vos
3569 1454 3718 1509 omni
3762 1460 3948 1524 petat

2349 1547 2663 1619 egritudine
2704 1547 2953 1614 liberare,
2982 1559 3182 1618 vosque
3223 1545 3460 1616 pristina
3485 1544 3772 1599 restituere
3795 1543 3946 1600 sani-

2353 1641 2468 1706 tati,
2497 1654 2560 1694 ac
2587 1638 2894 1695 facuuatem
2937 1638 3119 1709 largiri
3160 1635 3457 1693 communis
3499 1635 3768 1691 internus
3807 1649 3945 1690 eon-

2348 1744 2581 1800 gressus,
2608 1739 2664 1785 et
2690 1729 2744 1785 in
2772 1739 3120 1801 conspectum
3153 1736 3394 1783 mutuum
3436 1723 3687 1783 veniendi
3719 1741 3738 1778 ι
3767 1724 3948 1796 siqni-

2347 1821 2468 1878 dem
2500 1839 2606 1878 non
2647 1823 2850 1894 vulgari
2875 1821 3068 1877 solatio
3114 1819 3490 1885 recreabimur,
3520 1817 3566 1874 si
3609 1816 3681 1871 ab
3717 1815 3942 1874 homine

2347 1913 2482 1970 adeo
2505 1927 2767 1984 generoso
2809 1913 2991 1968 literas
3018 1911 3384 1980 acceperimus
3401 1954 3418 1976 ,
3450 1909 3545 1966 sed
3571 1917 3628 1965 et
3656 1907 3802 1964 illius
3824 1907 3940 1965 cel-

2347 2002 2509 2073 loquii
2540 2003 2808 2060 desiderio
2834 2013 3096 2068 tenemur,
3125 2017 3232 2072 quo
3255 2001 3454 2057 utinam
3479 2016 3580 2056 nos
3604 2015 3767 2072 quam
3785 2000 3940 2056 citis—

2346 2095 2482 2151 sime
2506 2094 2609 2150 frui
2628 2095 2921 2166 contingat,
2937 2105 2996 2151 ut
3020 2093 3178 2151 nobis
3191 2095 3368 2150 instar
3383 2093 3632 2150 maxime
3657 2092 3939 2164 enim

2346 2183 2646 2242 festivitatis
2665 2200 2786 2242 esse
2809 2186 3000 2257 possit.

2521 2316 2850 2374 CCXXVII.
2879 2317 3139 2375 Carteric.
3168 2317 3402 2388 (Cucuso
3428 2331 3572 2390 anno
3591 2305 3752 2391 804.)

2415 2450 2552 2520 Quid
2579 2451 2659 2506 ais
2678 2451 2704 2505 ἳ
2739 2451 2989 2508 Continui
3016 2451 3109 2507 tibi
3140 2449 3310 2506 morbi
3336 2465 3444 2506 non
3469 2451 3854 2522 permiserunt,
3872 2460 3936 2508 I

2344 2543 2412 2598 ad
2442 2557 2541 2598 nos
2564 2543 2820 2598 venires?
2846 2542 3006 2613 Atqui
3035 2542 3248 2610 venisti,
3277 2551 3332 2596 et
3359 2541 3634 2598 nobiseum
3678 2557 3761 2615 es,
3791 2548 3844 2596 et
3868 2542 3940 2598 ab

2345 2634 2510 2689 animi
2540 2635 2612 2688 tui
2636 2632 2827 2688 aﬂ’ectu
2855 2647 2918 2688 ac
2944 2632 3216 2688 voluntate
3238 2641 3404 2687 totum
3433 2632 3561 2687 illud
3585 2632 3939 2698 obtinuimus,

2341 2737 2445 2780 uec
2475 2724 2580 2778 ulla
2609 2723 2702 2778 tibi
2749 2723 2851 2779 bac
2894 2723 2946 2778 in
2975 2739 3037 2780 re
3061 2723 3402 2780 excitatione
3427 2730 3513 2778 est
3538 2737 3696 2792 opus.
3727 2722 3942 2802 Etenim

2343 2816 2538 2873 ardens
2575 2831 2639 2872 ac
2683 2817 2888 2873 sincera
2919 2817 3134 2882 caritas,
3163 2830 3284 2886 qua)
3323 2814 3402 2870 sic
3450 2824 3709 2884 perpetuo
3754 2803 3900 2885 viges
3921 2856 3940 2882 ,

2345 2909 2499 2964 nobis
2524 2907 2722 2966 sufficit
2747 2908 2815 2964 ad
2853 2908 3238 2980 suggerendam
3280 2907 3510 2977 ingentis
3552 2907 3751 2963 latitia:
3778 2923 3942 2963 occa.

2345 3002 2571 3057 sionem.
2615 2999 2722 3058 Sed
2750 3002 3001 3072 quoniam
3030 3015 3135 3055 non
3178 3000 3500 3054 mediocrem
3547 3000 3705 3055 nobis
3735 2999 3940 3055 sollid~

2348 3091 2584 3147 tudinem
2614 3090 2864 3161 iniecisti,
2892 3105 3014 3146 cum
3041 3089 3108 3146 de
3153 3098 3242 3144 tua
3272 3089 3588 3160 aegritudine
3616 3088 3778 3145 verba
3805 3088 3944 3145 fed-

2345 3181 2434 3246 sti,
2463 3182 2509 3236 si
2540 3181 2676 3236 forte
2700 3181 2769 3236 ab
2814 3181 2900 3236 illa
2941 3181 3104 3236 fueris
3129 3181 3350 3236 liberata
3383 3181 3582 3251 (potest
3625 3182 3768 3236 enim
3796 3181 3944 3238 Dens

2344 3253 2434 3326 iila
2466 3281 2517 3327 te
2559 3272 2821 3336 liberare,
2869 3285 2933 3327 ac
2975 3273 3210 3341 pristina
3253 3272 3538 3327 restituere
3580 3271 3840 3344 sanitati),
3870 3272 3976 3330 de

2344 3363 2529 3417 eadem
2577 3379 2635 3418 re
2676 3363 2935 3418 certiores
2982 3377 3082 3417 nos
3121 3361 3301 3428 facito,
3335 3370 3394 3417 ut
3438 3361 3541 3417 bac
3582 3362 3944 3420 sollicitudine

2348 3455 2656 3509 liberemur.
2687 3453 2840 3521 Quod
2862 3454 3005 3509 enim
3031 3468 3245 3525 semper
3275 3454 3441 3510 literis
3466 3454 3602 3510 meis
3621 3455 3941 3525 significavi,

2346 3559 2487 3599 nunc
2523 3559 2734 3614 quoque
2779 3543 3041 3615 signiﬁco,
3084 3545 3402 3616 ubicumque
3441 3560 3650 3611 verser,
3703 3546 3827 3602 licet
3867 3548 3940 3603 ad

2347 3636 2522 3692 locum
2575 3636 2676 3688 isto
2721 3633 3071 3691 desertiorem
3123 3635 3467 3704 ablegemur,
3518 3635 3588 3690 de
3634 3646 3690 3691 te
3735 3638 3945 3707 tuisque

2345 3727 2505 3782 rebus
2532 3725 2746 3781 solliciti
2774 3739 2894 3780 esse
2941 3741 3046 3780 non
3075 3725 3429 3781 cessabimus.
3482 3725 3761 3796 Ejusmodi
3787 3729 3946 3785 nobis

2345 3827 2448 3872 tua:
2474 3816 2729 3872 ferventis
2773 3825 2828 3870 et
2851 3815 3075 3871 sincera
3117 3812 3354 3871 caritatis
3384 3817 3605 3887 pignora
3635 3817 3940 3887 reliquisti,

2345 3927 2463 3980 quae
2511 3923 2796 3978 numquam
2846 3907 3112 3978 exstingui
3166 3916 3430 3976 possunt,
3476 3923 3651 3977 neque
3699 3918 3946 3978 tempore

2345 4004 2608 4060 debilitari
2638 4021 2650 4057 :
2680 4002 2774 4061 sed
2805 4004 2919 4057 sive
2966 4011 3070 4056 tus
3099 4001 3360 4056 nobilitati
3407 4001 3564 4055 vicini
3607 4002 3796 4068 simus,
3825 4003 3947 4060 sive

2345 4097 2413 4150 ab
2435 4096 2521 4150 illa
2542 4096 2750 4159 remoti,
2769 4094 3043 4150 caritatem
3063 4093 3306 4149 eamdem
3327 4107 3726 4156 conservemus,
3759 4103 3948 4162 utpote

2347 4188 2540 4258 quibus
2568 4187 2906 4257 exploratum
2939 4185 3030 4252 sit,
3059 4200 3214 4255 quam
3243 4185 3450 4240 sincera
3496 4185 3567 4238 sit
3594 4187 3810 4249 caritas,
3837 4201 3947 4254 qua

2347 4279 2493 4334 nullo
2541 4293 2647 4333 non
2701 4287 2946 4347 tempore
2991 4278 3237 4332 affectam
3284 4291 3409 4346 erga
3447 4289 3547 4331 nos
3591 4290 3713 4332 esse
3765 4279 3948 4332 sensi-

2344 4389 2485 4430 mus.

2348 4464 2533 4521 CCXX
2547 4463 2708 4519 γιιι.
2737 4463 3000 4518 Theodoro
3027 4462 3238 4517 medico.
3264 4462 3493 4534 (Cucuso
3520 4475 3686 4529 anno,
3704 4470 3766 4517 ut
3791 4472 3951 4532 puta-

2990 4566 3092 4619 tur,
3123 4555 3270 4624 606.)

2421 4649 2498 4704 Tu
2545 4649 2758 4719 quidem
2786 4649 2854 4703 ad
2899 4650 3235 4720 negotiorum
3276 4648 3653 4717 occupationes
3680 4647 3947 4719 confugis,

2351 4752 2510 4812 atque
2537 4741 2660 4798 inde
2689 4742 2850 4812 petita
2881 4743 3224 4796 excusatione
3259 4741 3446 4806 uteris,
3476 4741 3616 4811 quod
3646 4757 3752 4796 non
3777 4756 3952 4800 vene-

2351 4835 2426 4889 ris
2454 4852 2468 4888 :
2501 4849 2599 4904 ego
2627 4849 2756 4888 vero
2799 4833 2929 4888 nihil
2962 4834 3062 4888 hac
3089 4833 3330 4887 oratione
3361 4833 3451 4885 tibi
3496 4847 3631 4901 cpus
3659 4847 3776 4888 esse
3798 4834 3952 4890 arbi-

2352 4935 2482 4981 tror.
2514 4927 2645 4981 Nam
2677 4937 2731 4982 et
2749 4927 2960 4991 venisti,
2989 4936 3043 4980 et
3069 4933 3322 4994 quantum
3348 4925 3414 4977 ad
3436 4923 3708 4978 caritatem
3730 4924 3948 4992 attinet,

2352 5019 2520 5074 nihilo
2553 5017 2802 5073 inferiore
2847 5015 2987 5087 apud
3031 5029 3128 5070 nos
3168 5015 3284 5069 loco
3309 5028 3387 5077 es,
3429 5028 3587 5082 quam
3617 5014 3707 5084 qui
3750 5013 3813 5069 ad
3845 5031 3955 5072 nos

2353 5118 2661 5163 venerunt:
2693 5107 2953 5177 siquidem
3002 5106 3288 5160 voluntatis
3344 5105 3562 5160 nomine
3625 5120 3730 5159 non
3787 5119 3953 5165 seu.

2354 5212 2513 5272 atque
2565 5200 2685 5254 illos
2737 5208 2789 5254 te
2836 5198 3206 5268 praedicamus,
3251 5206 3413 5266 atque
3463 5197 3619 5250 inter
3650 5196 3953 5265 praecipuos

2355 5296 2556 5349 amicos
2580 5307 2942 5357 numeramus,
2967 5283 3165 5360 tibique
3193 5290 3388 5360 gratias
3408 5290 3634 5359 agimus,
3664 5289 3800 5359 quod
3817 5304 3952 5348 cum

2355 5385 2565 5445 modico
2596 5383 2851 5452 temporis
2894 5382 3068 5452 spatio
3095 5382 3370 5436 nobiscum
3405 5387 3646 5435 versatus
3674 5379 3856 5446 fueris,
3887 5397 3953 5440 ac

2357 5477 2581 5532 fortasse
2611 5489 2677 5529 ne
2706 5474 2915 5529 modico
2941 5473 3177 5544 quidem,
3209 5472 3375 5529 nihilo
3410 5473 3671 5526 minorem
3697 5485 3816 5544 erga
3847 5489 3954 5531 nos

2354 5583 2593 5629 amorem
2623 5583 2731 5638 prae
2762 5579 2812 5622 te
2853 5567 3058 5634 tuleris,
3102 5579 3261 5635 quam
3302 5565 3391 5635 qui
3418 5563 3670 5619 diuturno
3705 5571 3954 5633 tempore

2356 5663 2635 5724 nobiscum
2668 5661 2863 5717 fuerint
2889 5659 3117 5715 educati.
3151 5659 3321 5726 Quam
3347 5657 3418 5712 ob
3443 5672 3660 5713 causam
3705 5657 3952 5726 ingentes

2357 5755 2450 5809 tibi
2477 5753 2675 5824 gratias
2698 5753 2922 5823 agimus,
2955 5761 3112 5823 teque
3137 5751 3499 5813 obsecramus,
3531 5756 3589 5802 ut
3612 5748 3679 5802 ad
3706 5762 3806 5804 nos
3835 5747 3951 5807 fre-

2355 5855 2580 5921 quenter
2628 5845 2850 5903 scribas.
2899 5844 3225 5902 Prmsentetn
3277 5843 3419 5899 cnim
3463 5839 3693 5918 teipsum
3744 5834 3950 5892 intueri
