4152 6490
174 479 284 540 τῇ

169 595 465 667 cupimus;
509 589 606 647 sed
651 602 721 645 ne
767 577 968 643 multos
1011 581 1300 648 ladamus,
1326 579 1417 650 qui
1444 573 1775 667 et

159 664 279 742 tuis
313 683 576 753 indigent,
603 689 661 736 et
686 679 864 749 lingua
886 687 997 742 tua,
1019 673 1259 743 tantique
1286 678 1472 742 portus
1497 681 1562 724 ac
1584 664 1775 736 refugii

169 776 382 832 aditum
425 773 534 830 illis
581 767 1020 834 intercludamus,
1054 765 1160 820 huc
1207 771 1261 819 te
1309 760 1620 833 pertrahere
1665 770 1775 812 non

167 869 456 926 audemus.
487 865 597 922 Sed
635 862 1076 936 quotiescumque
1118 855 1341 913 facultas
1364 855 1600 916 dabitur,
1626 860 1684 905 ut
1707 848 1776 905 ad

168 976 278 1018 nos
305 974 452 1030 sape
477 959 661 1015 literas
703 954 802 1011 des
828 953 1200 1018 obsecramus,
1232 947 1409 1019 deque
1453 955 1540 1003 tua
1568 945 1778 1000 valetu-

167 1043 303 1109 dine
323 1051 587 1108 certiores
612 1063 713 1106 nos
747 1044 935 1103 facias.
964 1045 1058 1101 Sic
1097 1043 1242 1100 enim
1266 1054 1587 1112 quamquam
1616 1037 1777 1109 longo

167 1141 458 1199 intervallo
507 1137 680 1196 dissiti
702 1178 720 1205 ,
749 1135 986 1206 acceptis
1009 1149 1040 1189 a
1067 1143 1157 1190 tua
1202 1131 1465 1188 suavitate
1511 1127 1775 1201 ejusmodi

167 1233 368 1300 literis,
395 1231 619 1288 multam
647 1227 1070 1286 consolationem
1099 1223 1472 1296 percipiemus.

385 1338 686 1399 061111.
728 1339 955 1398 Sera-te.
983 1337 1218 1411 (Cucuso
1242 1349 1386 1392 anno
1409 1333 1564 1405 ιω.)

241 1475 511 1550 Equidem
556 1483 702 1530 tuam
741 1472 1077 1530 nobilitatem
1102 1468 1378 1548 corporeis
1417 1467 1588 1523 oculis
1614 1481 1775 1522 num-

165 1585 335 1642 quam
363 1566 495 1635 vidi,
537 1564 781 1623 caritatis
821 1573 1002 1620 autem
1045 1561 1216 1618 oculis
1263 1559 1502 1615 omnium
1543 1558 1776 1614 maxime

165 1660 436 1732 conspexi
467 1675 484 1714 :
514 1655 946 1730 quandoquidem
995 1654 1145 1712 nullo
1195 1650 1536 1723 quantumvis
1581 1663 1777 1720 magno

164 1753 452 1825 regionum
489 1748 778 1807 intervallo
807 1754 984 1818 potest
1029 1742 1294 1816 ejusmodi
1317 1749 1639 1812 conspectus
1669 1739 1776 1795 im-

163 1843 366 1916 pediri.
413 1842 550 1898 Cum
580 1841 725 1898 enim
753 1839 927 1896 selum
957 1853 1021 1894 ac
1047 1836 1282 1893 studium
1307 1835 1462 1891 nobis
1490 1843 1597 1890 tum
1622 1832 1777 1889 nobi-

163 1936 338 1990 litatis
391 1948 492 2005 pro
536 1943 684 1990 recta
734 1931 842 1989 fide
883 1931 1134 1987 dominus
1179 1943 1333 1985 meus
1375 1926 1776 1984 amantissimus

162 2027 427 2083 Libanius
461 2025 643 2082 verbis
671 2023 1061 2096 expressisset,
1093 2034 1418 2092 magnopere
1442 2032 1544 2074 nos
1578 2017 1771 2074 erexit.

158 2121 289 2186 Quo
331 2117 530 2175 factum
559 2127 664 2186 est,
697 2125 756 2172 ut
785 2115 999 2172 tametsi
1037 2128 1330 2184 numquam
1360 2121 1416 2168 te
1439 2109 1769 2178 viderimus,

159 2210 380 2284 priores
405 2209 476 2265 ad
505 2209 760 2280 pietatem
789 2215 935 2262 tuam
973 2205 1368 2275 scripserimus,
1399 2203 1571 2275 ipsam
1614 2216 1775 2258 oran-

161 2310 276 2368 tes,
324 2309 384 2356 ut
409 2298 627 2371 quando
665 2296 892 2354 facultas
930 2295 1164 2362 dabitur,
1211 2293 1280 2350 ad
1325 2309 1427 2350 nos
1453 2291 1678 2350 scribas.
1713 2290 1773 2349 Si

157 2392 313 2450 enim
339 2407 372 2449 a
413 2401 504 2448 tua
552 2393 817 2449 suavitate
867 2389 1182 2447 transmissa
1226 2387 1530 2460 perferatur
1574 2386 1643 2443 ad
1672 2382 1773 2443 nes

162 2485 401 2556 epistola
421 2526 440 2551 ,
469 2500 592 2557 qua
619 2483 688 2540 de
717 2494 807 2540 tua
833 2482 1136 2540 valetudine
1163 2483 1422 2539 certiores
1448 2496 1548 2538 nos
1573 2480 1770 2549 faciat,

160 2575 428 2642 maximo,
455 2574 583 2631 dum
611 2575 664 2630 in
689 2573 792 2630 hac
821 2582 1004 2630 extera
1031 2573 1253 2645 regione
1280 2573 1546 2644 degimus,
1575 2573 1773 2629 solatio

159 2678 457 2723 marorem
501 2674 745 2722 nostrum
785 2664 1070 2734 mitigabit.
1116 2663 1260 2721 Nihil
1303 2664 1448 2721 enim
1475 2672 1559 2721 est
1582 2703 1598 2730 ,
1627 2661 1771 2736 quod

161 2771 294 2815 cum
322 2756 544 2813 caritate
569 2755 801 2812 conferri
831 2757 1022 2828 possit.

234 2883 504 2944 06111.
547 2885 758 2958 Elpidio
789 2887 1049 2959 episcopo.
1091 2884 1327 2959 (Cucuso
1358 2898 1503 2944 anno
1543 2885 1699 2960 ωι.)

233 3021 480 3092 Magnam
504 3020 724 3077 domino
755 3034 879 3077 meo
901 3021 1274 3077 amantissimo
1295 3021 1520 3078 Lihauio
1544 3022 1772 3094 gratiam

161 3113 373 3178 habeo.
401 3112 544 3183 quod
566 3122 623 3170 et
652 3112 817 3168 domo
841 3127 938 3168 sua
965 3114 1234 3181 excessit,
1254 3123 1306 3171 et
1339 3113 1447 3170 huc
1473 3116 1657 3184 venit,
1705 3131 1772 3172 ac

161 3217 354 3262 rursus
378 3204 446 3260 ad
465 3205 821 3261 fovet-entiam
849 3214 995 3262 tuam
1023 3204 1292 3276 profectus
1317 3215 1402 3263 est
1425 3226 1440 3262 :
1468 3219 1632 3280 atque
1654 3208 1774 3279 ejus

161 3295 246 3355 rei
278 3309 439 3352 causa
467 3295 700 3353 maxime
743 3297 970 3370 gratiam
999 3297 1078 3354 illi
1111 3298 1306 3355 habeo.
1346 3298 1406 3356 ld
1446 3300 1591 3367 enim
1624 3301 1772 3358 omni

161 3387 332 3444 animi
375 3388 717 3445 contentione
743 3388 958 3458 studeo,
990 3398 1051 3445 ut
1091 3388 1188 3446 tibi
1208 3388 1278 3446 ab
1295 3391 1550 3448 omnibus
1597 3391 1774 3449 honor

162 3479 591 3552 obsequiumque
614 3479 891 3537 delentur
916 3494 945 3537 ι
959 3496 1070 3538 non
1097 3481 1243 3554 quod
1266 3491 1325 3539 tu
1349 3483 1468 3541 istis
1491 3483 1731 3557 indigeas
1750 3525 1772 3554 ,

164 3571 266 3629 sed
287 3571 540 3642 quoniam
567 3572 671 3630 hoc
695 3573 950 3630 Ecclesiis
979 3583 1065 3630 est
1089 3575 1242 3644 utile,
1267 3590 1391 3632 cum
1417 3577 1485 3633 iis
1501 3592 1624 3649 qua:
1650 3592 1776 3648 per-

163 3665 542 3736 sequutiouem
593 3666 887 3738 patiuntur,
917 3675 1031 3724 tum
1071 3665 1176 3723 illis
1213 3683 1336 3739 qua
1385 3670 1773 3741 tranquillitate

165 3758 436 3812 fruuntur.
477 3757 695 3815 Gratam
740 3758 900 3831 igitur
934 3767 991 3815 et
1038 3769 1312 3832 acceptam
1356 3759 1563 3818 habens
1609 3763 1777 3833 ipsius

164 3852 626 3922 benevolentiam,
650 3853 870 3911 domine
897 3855 971 3909 mi
1001 3855 1452 3912 reverendissime
1475 3871 1541 3912 ac
1560 3858 1776 3929 religio-

165 3943 416 4010 sissime,
443 3959 565 4000 cum
593 3943 665 4000 ab
703 3958 772 4000 eo
800 3943 1087 4016 diligenter
1111 3956 1306 4002 cuncta
1343 3946 1626 4014 didiceris,
1654 3965 1776 4020 qua

165 4033 764 4107 Antiochiae,qu
798 4035 939 4116 apud
967 4051 1068 4093 nos
1106 4047 1366 4107 geruntur
1389 4037 1555 4109 (nam
1594 4048 1650 4096 et
1674 4040 1777 4096 ista

166 4126 438 4195 narrabit,
485 4127 577 4199 qui
607 4127 823 4185 tametsi
860 4128 1156 4201 perexiguo
1198 4138 1440 4201 tempore
1493 4129 1774 4188 nobiscum

167 4229 417 4277 versatus
439 4229 553 4288 est,
575 4219 702 4291 quid
729 4230 908 4276 tamen
935 4236 1117 4282 rerum
1142 4235 1393 4293 geramus
1419 4221 1648 4292 didicit),
1675 4223 1776 4279 lte-

169 4321 285 4367 tnm
321 4311 469 4367 illum
496 4310 834 4382 hilaremque
861 4311 1094 4370 dimitte.
1134 4313 1330 4385 Magno
1351 4313 1498 4370 enim
1523 4303 1778 4377 amicitia

169 4413 278 4459 tum
329 4399 600 4460 desiderio
647 4411 879 4472 tenetur,
924 4417 990 4459 ac
1031 4404 1338 4461 vehementi
1385 4405 1556 4462 nostri
1591 4421 1778 4463 amore

170 4493 380 4567 flagrat.
421 4492 863 4550 Amantissimum
889 4509 952 4550 ac
970 4495 1478 4552 reverendissimum
1499 4496 1776 4553 dominum

171 4601 355 4645 meum
408 4587 771 4660 Asyncritium
822 4581 1196 4660 presbyterum
1233 4589 1369 4645 meis
1404 4591 1587 4646 verbis
1613 4590 1776 4646 velim

171 4677 395 4745 salutes,
411 4693 518 4733 una
542 4693 666 4734 cum
691 4678 1074 4735 amantissimis
1087 4680 1208 4751 ejus
1225 4679 1430 4746 liberis,
1454 4695 1779 4754 omnemque

172 4778 322 4824 tuum
363 4768 568 4824 clerum
588 4810 604 4833 ,
633 4783 794 4838 quem
827 4769 976 4825 brevi
1018 4771 1277 4840 temporis
1318 4770 1493 4842 spatio
1535 4780 1684 4828 tuum
1723 4773 1778 4828 in

173 4875 273 4918 nos
297 4874 540 4915 amorem
561 4859 759 4916 imitari
778 4859 1028 4917 docuisti.
1066 4861 1256 4932 Neque
1279 4863 1424 4918 enim
1470 4862 1524 4919 id
1560 4881 1660 4921 nos
1699 4865 1781 4920 fu-

171 4953 267 5024 git,
295 4951 638 5021 quantamein
665 4965 765 5008 nos
787 4952 1064 5008 caritatem
1090 4968 1203 5022 prae
1228 4968 1290 5010 se
1316 4953 1572 5023 tulerunt,
1594 4967 1649 5012 et
1672 4972 1778 5028 quo

174 5053 334 5114 pacto
357 5042 533 5116 parati
561 5043 669 5099 sint
709 5058 775 5099 eo
815 5045 1030 5100 nomine
1063 5054 1256 5101 cuncta
1283 5045 1523 5115 perferre
1559 5063 1624 5104 ac
1652 5063 1778 5119 per-

174 5150 356 5204 agere.
396 5133 532 5191 lllud
561 5149 694 5192 vero
735 5135 1050 5206 praeclarum
1101 5135 1312 5194 facinus
1349 5149 1516 5196 totum
1558 5151 1643 5198 est
1672 5152 1778 5199 tum

175 5227 361 5300 pietati
385 5237 664 5298 acceptum
690 5226 990 5284 ferendum.
1437 5225 1441 5230 ’

380 5338 679 5397 CCXXXI.
720 5341 938 5397 Malia.
985 5339 1218 5413 (Cucuso
1249 5357 1392 5400 anno
1419 5343 1576 5414 ιω.)

251 5453 588 5525 Frequenter
619 5451 838 5526 quidem
865 5452 931 5510 ad
959 5454 1212 5526 pietatem
1242 5463 1388 5511 tuam
1419 5455 1601 5513 literas
1624 5457 1776 5516 dedi-

179 5558 323 5609 mus,
352 5544 447 5600 sed
477 5544 593 5602 hac
617 5543 917 5617 frequentia
947 5546 1103 5602 nobis
1124 5561 1230 5602 non
1252 5546 1484 5616 sufficit,
1510 5563 1697 5606 verum
1727 5551 1781 5609 id

179 5652 340 5710 agere
359 5637 584 5708 singulis
611 5637 802 5695 diebus
820 5653 1154 5708 superemus.
1176 5639 1294 5698 Scis
1309 5642 1454 5698 enim
1471 5659 1576 5714 quo
1601 5645 1783 5704 animo

179 5743 306 5800 erga
334 5737 479 5785 tuam
503 5729 820 5786 suavitatem
851 5731 1040 5787 simus.
1080 5731 1308 5800 Quando
1350 5743 1532 5790 autem
1573 5735 1627 5792 id
1673 5752 1783 5794 non

183 5820 332 5888 licet,
360 5820 571 5892 quoties
595 5821 820 5878 facultas
843 5822 1020 5890 datur,
1048 5822 1285 5879 maximo
1314 5838 1414 5880 nos
1444 5825 1590 5896 ipsos
1615 5827 1784 5886 aflici-

179 5929 302 5979 mus
325 5913 626 5988 beneﬁcio,
647 5916 774 5975 dum
795 5915 1133 5974 salutationis
1159 5916 1398 5976 debitum
1428 5936 1627 5980 munus
1651 5939 1778 5997 per-

1634 453 2016 517 EPISTOLJZ.

3378 442 3484 510 ⁷88

1882 570 2164 638 solvimus,
2193 583 2260 630 ac
2279 569 2352 628 de
2369 577 2550 628 vestra
2575 568 2885 630 valetudine
2909 581 3071 646 atque
3090 570 3492 636 hilaritatcslns

1884 661 2283 720 intermissione
2308 676 2374 718 ac
2405 670 2670 734 perpetuo
2693 662 2969 735 quidpiam
3008 663 3199 723 audire
3236 667 3492 738 percupi-

1883 768 2025 810 mus.
2066 754 2200 812 Cum
2240 753 2402 825 igitur
2426 753 2693 826 intelligas
2717 762 2972 826 quantam
2999 771 3033 813 a
3064 756 3236 817 nobis
3262 758 3492 832 gratiam

1882 847 2086 904 initura
2127 847 2237 916 sis,
2264 846 2478 918 quoties
2504 861 2569 903 ea
2605 845 2674 903 de
2695 863 2754 904 re
2774 847 2848 903 ad
2873 849 3203 906 nos‘scribes
3221 892 3240 919 ,
3270 865 3370 908 oro
3397 859 3488 922 te,

1883 953 2104 996 omnem
2131 953 2353 1011 operam
2399 939 2621 1008 adhibe,
2651 948 2714 996 ut
2731 954 2880 1012 sape
2896 941 2967 998 ad
2994 957 3096 1021 nos
3117 941 3188 1000 de
3210 959 3282 1001 eo
3305 944 3493 1004 literas

1882 1032 2067 1089 mittas
2097 1047 2113 1086 :
2143 1032 2410 1105 siquidem
2450 1047 2560 1088 non
2606 1031 2935 1090 mediocrem
2971 1034 3115 1091 istud
3155 1036 3316 1094 nobis
3336 1024 3493 1094 dolo-

1881 1141 1998 1183 rem
2024 1127 2248 1195 inussit,
2276 1125 2423 1198 quod
2445 1126 2682 1183 cum’vir
2705 1125 2961 1184 omnibus
2985 1143 3154 1200 prope
3193 1139 3354 1187 notus
3390 1145 3494 1189 no-

1882 1218 2070 1290 bisque
2094 1232 2349 1289 percarus
2369 1217 2476 1274 huc
2493 1217 2830 1290 profecturus
2845 1226 2991 1276 esset
3004 1221 3492 1280 reverendissimus

1879 1308 2132 1365 dominus
2157 1324 2315 1366 meus
2341 1309 2619 1377 Lihanius,
2645 1309 2717 1366 ad
2741 1325 2842 1367 nos
2870 1309 3294 1369 iiterarumnihil
3319 1311 3490 1372 dede-

1880 1402 1982 1470 ris,
2008 1402 2238 1460 fortasse
2276 1403 2422 1475 quod
2465 1403 2955 1476 ignorares:atqui
3003 1404 3107 1461 hoc
3156 1406 3331 1478 ipsum
3380 1415 3489 1477 est,

1879 1496 2022 1568 quod
2041 1512 2142 1554 nos
2168 1496 2313 1554 male
2339 1497 2522 1562 habet,
2543 1497 2690 1569 quod
2717 1499 2810 1569 qui
2835 1498 3055 1555 veniant
3077 1499 3236 1556 istinc
3261 1499 3331 1557 ad
3351 1515 3488 1572 nos,

1880 1591 2115 1661 ignores.
2153 1587 2270 1646 Nos
2295 1590 2440 1647 enim
2461 1589 2724 1646 sciscitari
2744 1604 2810 1646 ac
2836 1591 3052 1648 curiose
3077 1590 3350 1664 inquirere
3374 1607 3485 1650 non

1877 1697 2176 1750 cessamus,
2206 1681 2428 1752 quinam
2483 1680 2610 1739 hinc
2655 1681 2724 1738 ad
2775 1697 2874 1740 vos
2928 1692 3184 1756 pergant,
3214 1691 3492 1742 uteorum

1877 1787 2041 1844 opera
2079 1772 2410 1830 desiderium
2453 1781 2700 1829 nostrum
2743 1773 3060 1845 expleamus
3088 1789 3104 1828 :
3137 1773 3190 1830 id
3231 1774 3490 1833 nimirum

1879 1864 1988 1922 tale
2015 1873 2120 1930 est,
2148 1876 2209 1921 ut
2239 1864 2312 1921 ad
2364 1873 2512 1922 tuam
2545 1863 2883 1922 smvitatem-
2912 1865 3033 1924 sine
3087 1864 3492 1925 intermissione

1877 1956 2200 2014 scribamus.

2056 2091 2392 2151 6011111.
2432 2092 2697 2152 Certa-ia.
2721 2093 2959 2169 (Cucuso
2983 2110 3128 2154 anno
3153 2095 3312 2172 404.)

1948 2226 2010 2288 Si
2037 2225 2215 2300 probe.
2233 2243 2458 2298 nosses,
2488 2237 2749 2302 quautam
2789 2244 2821 2285 a
2858 2229 3016 2287 nobis
3041 2230 3270 2303 gratiam
3305 2232 3492 2302 ineas,

1877 2318 2008 2377 dum
2034 2317 2105 2376 ad
2133 2335 2236 2376 nos
2260 2319 2476 2389 scribis,
2504 2328 2563 2376 et
2579 2319 3018 2391 frequentissime
3043 2321 3239 2379 scribis
3256 2363 3275 2393 ,
3294 2337 3362 2380 ac
3384 2333 3493 2382 tum

1875 2410 2116 2466 caritatis
2142 2410 2305 2468 melle
2332 2410 2515 2467 literas
2538 2410 2740 2467 obliuia
2759 2452 2778 2477 ,
2807 2425 3025 2468 omnem
3067 2427 3289 2484 operam
3331 2413 3493 2471 adhi-

1877 2500 2056 2568 beres,
2089 2511 2147 2556 ut
2183 2501 2411 2573 singulis
2450 2500 2649 2558 diebus
2670 2501 2742 2559 ad
2783 2517 2886 2558 nos
2926 2502 3185 2574 epistolas
3223 2504 3492 2564 mitteres.

1876 2591 1994 2649 Non
2019 2593 2164 2650 enim
2186 2593 2298 2664 jam
2332 2593 2604 2650 Cucusum
2643 2608 2746 2650 nos
2768 2592 3014 2651 habitare
3049 2610 3365 2666 censorum,
3395 2612 3495 2654 ne-

1876 2699 1982 2756 que
2007 2685 2062 2740 in
2085 2683 2375 2741 solitudine
2393 2684 2593 2756 degere
2611 2726 2625 2750 ,
2653 2693 2857 2740 tantam
2886 2700 2954 2741 ex
2979 2686 3152 2744 literis
3179 2690 3286 2749 tuis
3309 2702 3374 2745 ac
3399 2697 3492 2746 tua

1876 2777 2092 2833 sincera
2119 2776 2346 2834 caritate
2385 2778 2714 2849 voluptatem
2745 2776 3045 2834 haurimus.
3100 2779 3257 2849 Quod
3304 2788 3493 2839 autem

1877 2883 1986 2924 non
2035 2867 2220 2923 literas
2258 2875 2466 2923 tantum
2514 2867 2749 2936 miseris,
2777 2867 2874 2924 sed
2902 2869 3065 2926 etiam
3091 2869 3315 2927 domino
3366 2887 3494 2930 meo

1875 2958 2230 3016 dilectissimo
2281 2957 2432 3014 fratri
2485 2968 2676 3016 nostro
2722 2959 2949 3017 Libanio
2998 2962 3334 3032 persuaseris
3358 3003 3377 3034 ,
3432 2974 3496 3022 ut

1875 3050 2036 3108 istinc
2060 3050 2328 3115 solveret,
2352 3059 2407 3106 et
2431 3051 2919 3122 peregrinationem
2963 3052 3122 3110 istam
3165 3055 3491 3126 susciperet,

1878 3151 2093 3212 quantm
2122 3140 2262 3197 istud
2288 3151 2374 3198 est
2390 3141 2780 3198 benevolentia:
2793 3142 2820 3197 τ
2835 3152 3052 3212 quanta:
3070 3144 3452 3202 sollicitudinis
3462 3146 3492 3201 ἵ

1880 3233 1995 3292 Hac
2017 3234 2089 3291 de
2116 3248 2278 3290 causa
2308 3233 2623 3289 laetamuret
2645 3233 2997 3290 exsultamus.
3037 3235 3185 3292 Nihil
3212 3238 3358 3295 enim
3381 3247 3492 3306 est,

1869 3328 2022 3400 quod
2072 3342 2197 3384 cum
2243 3325 2470 3383 caritate
2504 3325 2741 3384 conferri
2793 3327 2987 3398 possit.
3025 3327 3206 3400 Atque
3249 3345 3283 3386 a
3333 3329 3496 3389 nobis

1877 3419 2095 3492 quidem
2123 3419 2239 3490 ipsa
2260 3417 2500 3490 postulas
2516 3460 2534 3487 ,
2556 3427 2615 3474 ut
2637 3417 2884 3475 eamdem
2903 3434 3292 3477 conservemus
3319 3421 3492 3480 heste-

1881 3511 2171 3567 volentiam
2191 3551 2210 3578 ,
2233 3525 2395 3581 quam
2425 3524 2459 3566 a
2495 3510 2760 3581 principio
2781 3524 2910 3581 erga
2937 3518 2994 3566 te
3022 3526 3136 3581 pra
3167 3511 3328 3570 nobis
3359 3513 3493 3569 tuli-

1879 3600 2470 3659 mus:atnoseadem
2523 3599 2616 3656 illa
2659 3615 2914 3658 mensura
2947 3602 3188 3658 contenti
3227 3616 3517 3662 menon.

1882 3709 2200 3768 possumus,
2239 3693 2336 3750 sed
2389 3692 2630 3765 quotidie
2661 3708 2924 3750 conamur
2960 3694 3214 3752 an‘ectnm
3250 3695 3406 3755 illum
3437 3705 3496 3756 et

1879 3785 2169 3841 amicitiam
2189 3798 2316 3855 erga
2343 3792 2396 3838 te
2419 3798 2555 3839 nova
2576 3784 2827 3856 quapiam
2852 3785 3165 3842 accessione
3191 3786 3491 3858 cumulare,

1880 3877 2024 3950 quod
2050 3876 2179 3933 dum
2207 3879 2416 3949 agimus
2435 3917 2451 3942 ,
2473 3875 2741 3933 beneficio
2765 3892 2866 3933 nos
2895 3878 3043 3949 ipsos
3078 3876 3346 3935 aﬂcimus
3377 3895 3495 3938 ma-

1881 3971 2048 4026 ximo.
2079 3968 2196 4025 Non
2243 3968 2391 4025 enim
2441 3967 2739 4024 desinimus
2778 3979 2960 4025 mente
2995 3984 3214 4027 versare
3249 3986 3379 4042 quas
3421 3972 3496 4031 sit

1882 4063 2135 4120 nobilitas
2163 4062 2362 4118 animm
2390 4070 2516 4131 tuae,
2547 4077 2668 4134 quas
2697 4060 3002 4127 sinceritas,
3030 4063 3334 4134 ingenuitas
3358 4065 3497 4122 ami—

1882 4155 2045 4222 citiai,
2074 4163 2130 4212 et
2147 4155 2352 4210 candor
2372 4153 2442 4208 ab
2456 4153 2604 4210 omni
2624 4153 3053 4212 dissimulatione
3069 4154 3306 4223 alienus,
3319 4165 3376 4214 et
3395 4171 3497 4215 ce-

1883 4247 2198 4319 gitatiouum
2225 4245 2450 4301 istarum
2477 4247 2740 4302 memoria
2764 4247 2998 4303 maxima
3024 4247 3210 4305 laetitia
3235 4260 3342 4308 sos
3362 4262 3496 4322 per-

1883 4339 2077 4394 fundit.
2116 4337 2378 4406 Quocirea
2410 4345 2464 4392 te
2489 4337 2862 4405 obsecramus,
2885 4346 2944 4394 ut
2970 4337 3042 4395 de
3061 4346 3246 4395 nostra
3269 4339 3497 4400 caritate

1884 4444 2094 4496 secura,
2119 4427 2339 4484 minime
2361 4427 2547 4484 doleas
2566 4428 2583 4460 ι
2605 4437 2830 4500 propter
2849 4443 2914 4486 ea
2939 4444 3061 4500 quat
3080 4444 3114 4484 a
3139 4438 3229 4488 tua
3257 4446 3495 4492 venera-

1888 4521 2032 4576 tione
2062 4520 2376 4575 transmissa
2405 4528 2550 4584 sunt,
2577 4510 2722 4591 quod
2740 4534 2806 4576 ea
2831 4519 3083 4576 nimirum
3100 4521 3495 4582 remiserimus.

1884 4611 2158 4682 Siquidem
2186 4610 2378 4667 affectu
2404 4610 2520 4681 ipso
2552 4619 2608 4666 et
2629 4612 2936 4682 awepimus
2953 4653 2970 4680 ,
2997 4621 3052 4669 et
3081 4613 3185 4672 illis
3223 4613 3377 4685 potiti
3403 4629 3499 4673 suo

1888 4720 2042 4770 mus;
2072 4703 2168 4760 sed
2201 4704 2454 4774 quoniam
2484 4704 2628 4759 nulla
2657 4712 2898 4775 egestate
2927 4705 3256 4776 premimur,
3286 4705 3500 4780 signina

1886 4796 2146 4862 cavimus,
2169 4805 2230 4850 ut
2253 4795 2504 4852 nobilitas
2530 4804 2617 4850 tua
2645 4795 2734 4851 illa
2761 4806 3088 4853 conservet:
3124 4797 3268 4869 quod
3283 4799 3330 4855 si
3357 4799 3496 4859 forte

1886 4901 2195 4958 premamur
2209 4895 2469 4958 egestate,
2485 4885 2694 4942 videbis
2713 4895 2914 4956 quanta
2929 4885 3177 4944 libertate
3192 4887 3497 4963 fiduciaque

1887 4979 2226 5045 scribemus,
2255 4987 2315 5034 ut
2359 4978 2426 5034 ad
2469 4991 2570 5033 nos
2611 4977 2925 5046 mittantur,
2971 4987 3028 5035 et
3055 4979 3111 5035 in
3149 4978 3255 5038 hoc
3281 4995 3503 5054 quoque

1889 5074 1994 5128 tuis
2021 5072 2182 5128 dictis
2215 5071 2543 5142 parebimus.
2583 5070 2672 5127 Sic
2708 5071 2858 5129 enim
2887 5071 2990 5128 sub
3039 5072 3204 5130 finem
3251 5074 3496 5145 epistola:

1888 5163 2090 5232 dixisti,
2112 5163 2348 5220 Ostende
2388 5173 2533 5220 tuam
2581 5163 2837 5236 pietatem
2886 5163 3044 5220 nobis
3081 5164 3377 5236 conﬁdere,
3430 5181 3498 5224 ae

1893 5256 2058 5312 rebus
2090 5257 2289 5312 nostris
2311 5266 2580 5326 tamquam
2615 5253 2846 5326 propriis
2865 5256 2962 5313 uti.
2987 5256 3215 5325 Quando
3239 5257 3403 5330 igitur
3417 5259 3499 5316 sic

1891 5348 2075 5403 animo
2113 5362 2212 5404 nos
2239 5346 2460 5404 affectos
2493 5362 2616 5404 esse
2643 5347 2760 5414 vis,
2798 5355 2856 5402 ut
2890 5347 3077 5419 procul
3113 5348 3280 5405 dubio
3303 5349 3418 5417 vis,
3440 5359 3499 5407 et

1889 5440 1998 5495 tuis
2029 5441 2192 5496 rebus
2221 5448 2491 5511 tamquam
2514 5439 2747 5510 propriis
2765 5438 2864 5506 uti,
2882 5453 3006 5494 cum
3031 5437 3100 5494 ad
3125 5448 3178 5496 te
3201 5439 3494 5513 scripsero,

1960 5543 1985 5607 ﬁ
2004 5543 2164 5607 Savij.
2180 5550 2233 5592 et
2255 5556 2383 5594 unus
2398 5541 2531 5607 cod,
2551 5540 2783 5607 quocirca
2811 5542 3140 5607 eoseum,
3161 5549 3342 5607 vestrm
3356 5543 3492 5596 cai-

1895 5601 1986 5676 {gti
2005 5605 2318 5676 conﬁdentes,
2339 5603 2542 5676 minimi:
2560 5601 2747 5676 dolere.
2778 5620 2796 5654 ι
2830 5606 3050 5676 Utraque
3075 5601 3246 5676 lectio,
3278 5622 3310 5676 ιΔ
3329 5605 3492 5676 inquit

1894 5665 2133 5730 Ducarus‘,
2173 5683 2192 5714 ι
2232 5665 2349 5730 ferri
2375 5672 2540 5729 potest
2561 5673 2766 5730 {tamen
2795 5665 3017 5730 ampleii
3052 5665 3265 5719 alteram
3286 5665 3489 5728 fuimus,

1893 5727 2028 5804 quod
2050 5727 2255 5804 minus“
2277 5727 2514 5804 usitatum
2540 5727 2626 5804 psit
2651 5727 3019 5804 Chrysost'omo,
3047 5743 3199 5804 unum
3223 5727 3492 5804 pluraliter

1896 5920 2000 5978 pet.
2028 5928 2049 5964 ι
