  <div class='ocr_page' id='page_1' title='image "/cluster/home/n/w/nwhite01/storage/ocr_20150623/52/uva.x030486926/359.png"; bbox 0 0 4152 6498; ppageno 0'>
   <div class='ocr_carea' id='block_1_1' title="bbox 718 565 2293 658">
    <p class='ocr_par' dir='ltr' id='par_1_1' title="bbox 718 565 2293 658">
     <span class='ocr_line' id='line_1_1' title="bbox 718 565 2293 658; baseline -0.029 0"><span class='ocrx_word' id='word_1_1' title='bbox 718 612 832 658; x_wconf 78' lang='lat' dir='ltr'><strong>tum</strong></span> <span class='ocrx_word' id='word_1_2' title='bbox 859 593 1175 657; x_wconf 59' lang='lat' dir='ltr'><strong>uenenum.</strong></span> <span class='ocrx_word' id='word_1_3' title='bbox 1215 585 1328 644; x_wconf 76' lang='lat' dir='ltr'><strong>Hoc</strong></span> <span class='ocrx_word' id='word_1_4' title='bbox 1351 583 1496 641; x_wconf 86' lang='lat' dir='ltr'><strong>enim</strong></span> <span class='ocrx_word' id='word_1_5' title='bbox 1516 577 1802 635; x_wconf 77' lang='lat' dir='ltr'><strong>maximum</strong></span> <span class='ocrx_word' id='word_1_6' title='bbox 1819 578 1902 627; x_wconf 84' lang='lat' dir='ltr'><strong>est</strong></span> <span class='ocrx_word' id='word_1_7' title='bbox 1928 565 2180 658; x_wconf 77' lang='lat' dir='ltr'><strong>indicium</strong></span> <span class='ocrx_word' id='word_1_8' title='bbox 2204 574 2293 616; x_wconf 85' lang='lat' dir='ltr'><strong>me</strong></span> 
     </span>
    </p>
   </div>
   <div class='ocr_carea' id='block_1_2' title="bbox 721 655 2293 760">
    <p class='ocr_par' dir='ltr' id='par_1_2' title="bbox 721 655 2293 760">
     <span class='ocr_line' id='line_1_2' title="bbox 721 655 2293 760; baseline -0.03 -8"><span class='ocrx_word' id='word_1_9' title='bbox 721 655 811 752; x_wconf 66' lang='lat' dir='ltr'><strong>illa</strong></span> <span class='ocrx_word' id='word_1_10' title='bbox 1075 693 1315 741; x_wconf 79' lang='lat' dir='ltr'><strong>censere,</strong></span> <span class='ocrx_word' id='word_1_11' title='bbox 1341 675 1384 730; x_wconf 89' lang='lat' dir='ltr'><strong>si</strong></span> <span class='ocrx_word' id='word_1_12' title='bbox 1409 687 1529 730; x_wconf 83' lang='lat' dir='ltr'><strong>cum</strong></span> <span class='ocrx_word' id='word_1_13' title='bbox 1556 668 1770 724; x_wconf 87' lang='lat' dir='ltr'><strong>voluero</strong></span> <span class='ocrx_word' id='word_1_14' title='bbox 1791 706 1806 729; x_wconf 89' lang='lat'><strong>,</strong></span> <span class='ocrx_word' id='word_1_15' title='bbox 1834 672 1946 718; x_wconf 90' lang='lat' dir='ltr'><strong>tum</strong></span> <span class='ocrx_word' id='word_1_16' title='bbox 1971 657 2057 714; x_wconf 90' lang='lat' dir='ltr'><strong>illa</strong></span> <span class='ocrx_word' id='word_1_17' title='bbox 2078 655 2293 710; x_wconf 84' lang='lat' dir='ltr'><strong>mittan-</strong></span> 
     </span>
    </p>
   </div>
   <div class='ocr_carea' id='block_1_3' title="bbox 722 757 2294 846">
    <p class='ocr_par' dir='ltr' id='par_1_3' title="bbox 722 757 2294 846">
     <span class='ocr_line' id='line_1_3' title="bbox 722 757 2294 846; baseline -0.025 -7"><span class='ocrx_word' id='word_1_18' title='bbox 722 757 958 846; x_wconf 35' lang='lat' dir='ltr'><strong>tnr,-non</strong></span> <span class='ocrx_word' id='word_1_19' title='bbox 985 790 1106 830; x_wconf 91' lang='lat' dir='ltr'><strong>cum</strong></span> <span class='ocrx_word' id='word_1_20' title='bbox 1133 772 1237 827; x_wconf 80' lang='lat' dir='ltr'><strong>illis</strong></span> <span class='ocrx_word' id='word_1_21' title='bbox 1280 782 1383 823; x_wconf 91' lang='lat' dir='ltr'><strong>non</strong></span> <span class='ocrx_word' id='word_1_22' title='bbox 1423 763 1650 832; x_wconf 91' lang='lat' dir='ltr'><strong>indigeo.</strong></span> <span class='ocrx_word' id='word_1_23' title='bbox 1692 757 1748 812; x_wconf 92' lang='lat' dir='ltr'><strong>ln</strong></span> <span class='ocrx_word' id='word_1_24' title='bbox 1777 758 1880 812; x_wconf 89' lang='lat' dir='ltr'><strong>boc</strong></span> <span class='ocrx_word' id='word_1_25' title='bbox 1918 765 2046 822; x_wconf 89' lang='lat' dir='ltr'><strong>ergo</strong></span> <span class='ocrx_word' id='word_1_26' title='bbox 2085 760 2294 846; x_wconf 69' lang='lat' dir='ltr'><strong>quoque</strong></span> 
     </span>
    </p>
   </div>
   <div class='ocr_carea' id='block_1_4' title="bbox 727 836 2294 929">
    <p class='ocr_par' dir='ltr' id='par_1_4' title="bbox 727 836 2294 929">
     <span class='ocr_line' id='line_1_4' title="bbox 727 836 2294 929; baseline -0.026 1"><span class='ocrx_word' id='word_1_27' title='bbox 727 836 991 929; x_wconf 56' lang='lat' dir='ltr'><strong>abiectam</strong></span> <span class='ocrx_word' id='word_1_28' title='bbox 1014 877 1156 920; x_wconf 88' lang='lat' dir='ltr'><strong>tuam</strong></span> <span class='ocrx_word' id='word_1_29' title='bbox 1198 858 1420 917; x_wconf 84' lang='lat' dir='ltr'><strong>ostende</strong></span> <span class='ocrx_word' id='word_1_30' title='bbox 1457 854 1758 915; x_wconf 90' lang='lat' dir='ltr'><strong>caritatem,</strong></span> <span class='ocrx_word' id='word_1_31' title='bbox 1784 858 1839 903; x_wconf 91' lang='lat' dir='ltr'><strong>et</strong></span> <span class='ocrx_word' id='word_1_32' title='bbox 1869 858 1971 916; x_wconf 91' lang='lat' dir='ltr'><strong>qua</strong></span> <span class='ocrx_word' id='word_1_33' title='bbox 1998 836 2294 897; x_wconf 84' lang='lat' dir='ltr'><strong>reverentia</strong></span> 
     </span>
    </p>
   </div>
   <div class='ocr_carea' id='block_1_5' title="bbox 709 1297 2290 1385">
    <p class='ocr_par' dir='ltr' id='par_1_5' title="bbox 709 1297 2290 1385">
     <span class='ocr_line' id='line_1_5' title="bbox 709 1297 2290 1385; baseline -0.024 0"><span class='ocrx_word' id='word_1_34' title='bbox 709 1325 939 1385; x_wconf 59' lang='lat' dir='ltr'><strong>«solliciti</strong></span> <span class='ocrx_word' id='word_1_35' title='bbox 963 1336 1080 1379; x_wconf 89' lang='lat' dir='ltr'><strong>esse</strong></span> <span class='ocrx_word' id='word_1_36' title='bbox 1101 1319 1403 1375; x_wconf 71' lang='lat' dir='ltr'><strong>desinemus</strong></span> <span class='ocrx_word' id='word_1_37' title='bbox 1441 1325 1566 1365; x_wconf 90' lang='lat' dir='ltr'><strong>num</strong></span> <span class='ocrx_word' id='word_1_38' title='bbox 1592 1309 1724 1362; x_wconf 90' lang='lat' dir='ltr'><strong>forte</strong></span> <span class='ocrx_word' id='word_1_39' title='bbox 1753 1301 1962 1360; x_wconf 90' lang='lat' dir='ltr'><strong>molesti</strong></span> <span class='ocrx_word' id='word_1_40' title='bbox 1997 1297 2290 1354; x_wconf 88' lang='lat' dir='ltr'><strong>fuerimus:</strong></span> 
     </span>
    </p>
   </div>
   <div class='ocr_carea' id='block_1_6' title="bbox 724 1397 2292 1488">
    <p class='ocr_par' dir='ltr' id='par_1_6' title="bbox 724 1397 2292 1488">
     <span class='ocr_line' id='line_1_6' title="bbox 724 1397 2292 1488; baseline -0.023 -14"><span class='ocrx_word' id='word_1_41' title='bbox 724 1415 986 1488; x_wconf 69' lang='lat' dir='ltr'><strong>dquidem</strong></span> <span class='ocrx_word' id='word_1_42' title='bbox 1014 1411 1180 1467; x_wconf 90' lang='lat' dir='ltr'><strong>multo</strong></span> <span class='ocrx_word' id='word_1_43' title='bbox 1204 1404 1378 1462; x_wconf 86' lang='lat' dir='ltr'><strong>studio</strong></span> <span class='ocrx_word' id='word_1_44' title='bbox 1398 1401 1632 1458; x_wconf 89' lang='lat' dir='ltr'><strong>caritatis</strong></span> <span class='ocrx_word' id='word_1_45' title='bbox 1653 1407 1755 1453; x_wconf 65' lang='lat' dir='ltr'><strong>tua:</strong></span> <span class='ocrx_word' id='word_1_46' title='bbox 1780 1403 2043 1453; x_wconf 88' lang='lat' dir='ltr'><strong>tenemur,</strong></span> <span class='ocrx_word' id='word_1_47' title='bbox 2070 1397 2125 1444; x_wconf 89' lang='lat' dir='ltr'><strong>et</strong></span> <span class='ocrx_word' id='word_1_48' title='bbox 2151 1397 2292 1441; x_wconf 93' lang='lat' dir='ltr'><strong>tuam</strong></span> 
     </span>
    </p>
   </div>
   <div class='ocr_carea' id='block_1_7' title="bbox 714 1479 2296 1564">
    <p class='ocr_par' dir='ltr' id='par_1_7' title="bbox 714 1479 2296 1564">
     <span class='ocr_line' id='line_1_7' title="bbox 714 1479 2296 1564; baseline -0.021 1"><span class='ocrx_word' id='word_1_49' title='bbox 714 1479 1053 1564; x_wconf 69' lang='lat' dir='ltr'><strong>nobilitatem</strong></span> <span class='ocrx_word' id='word_1_50' title='bbox 1100 1497 1395 1557; x_wconf 75' lang='lat' dir='ltr'><strong>recreandi.</strong></span> <span class='ocrx_word' id='word_1_51' title='bbox 1436 1493 1720 1561; x_wconf 85' lang='lat' dir='ltr'><strong>Postquam</strong></span> <span class='ocrx_word' id='word_1_52' title='bbox 1761 1486 1920 1558; x_wconf 87' lang='lat' dir='ltr'><strong>igitur</strong></span> <span class='ocrx_word' id='word_1_53' title='bbox 1951 1479 2296 1537; x_wconf 70' lang='lat' dir='ltr'><strong>excusatione</strong></span> 
     </span>
    </p>
   </div>
   <div class='ocr_carea' id='block_1_8' title="bbox 722 1570 2291 1666">
    <p class='ocr_par' dir='ltr' id='par_1_8' title="bbox 722 1570 2291 1666">
     <span class='ocr_line' id='line_1_8' title="bbox 722 1570 2291 1666; baseline -0.022 -8"><span class='ocrx_word' id='word_1_54' title='bbox 722 1601 805 1657; x_wconf 88' lang='lat' dir='ltr'><strong>usi</strong></span> <span class='ocrx_word' id='word_1_55' title='bbox 839 1611 1043 1662; x_wconf 91' lang='lat' dir='ltr'><strong>sumus,</strong></span> <span class='ocrx_word' id='word_1_56' title='bbox 1072 1608 1178 1666; x_wconf 88' lang='lat' dir='ltr'><strong>quo</strong></span> <span class='ocrx_word' id='word_1_57' title='bbox 1205 1599 1356 1662; x_wconf 91' lang='lat' dir='ltr'><strong>pacto</strong></span> <span class='ocrx_word' id='word_1_58' title='bbox 1379 1588 1522 1642; x_wconf 89' lang='lat' dir='ltr'><strong>illam</strong></span> <span class='ocrx_word' id='word_1_59' title='bbox 1545 1575 1998 1652; x_wconf 78' lang='lat' dir='ltr'><strong>acceperis-nobis</strong></span> <span class='ocrx_word' id='word_1_60' title='bbox 2031 1570 2291 1666; x_wconf 71' lang='lat' dir='ltr'><strong>significa.</strong></span> 
     </span>
    </p>
   </div>
   <div class='ocr_carea' id='block_1_9' title="bbox 727 1664 2295 1768">
    <p class='ocr_par' dir='ltr' id='par_1_9' title="bbox 727 1664 2295 1768">
     <span class='ocr_line' id='line_1_9' title="bbox 727 1664 2295 1768; baseline -0.02 -20"><span class='ocrx_word' id='word_1_61' title='bbox 727 1692 859 1768; x_wconf 70' lang='lat' dir='ltr'><strong>Nam</strong></span> <span class='ocrx_word' id='word_1_62' title='bbox 897 1699 957 1744; x_wconf 91' lang='lat' dir='ltr'><strong>ut</strong></span> <span class='ocrx_word' id='word_1_63' title='bbox 983 1664 1276 1756; x_wconf 85' lang='lat' dir='ltr'><strong>intelligere</strong></span> <span class='ocrx_word' id='word_1_64' title='bbox 1321 1688 1495 1752; x_wconf 81' lang='lat' dir='ltr'><strong>potest</strong></span> <span class='ocrx_word' id='word_1_65' title='bbox 1540 1675 1777 1732; x_wconf 74' lang='lat' dir='ltr'><strong>suaVitas</strong></span> <span class='ocrx_word' id='word_1_66' title='bbox 1797 1681 1920 1768; x_wconf 68' lang='lat' dir='ltr'><strong>tua,</strong></span> <span class='ocrx_word' id='word_1_67' title='bbox 1964 1666 2118 1768; x_wconf 73' lang='lat' dir='ltr'><strong>nobis</strong></span> <span class='ocrx_word' id='word_1_68' title='bbox 2154 1664 2295 1768; x_wconf 81' lang='lat' dir='ltr'><strong>apud</strong></span> 
     </span>
    </p>
   </div>
   <div class='ocr_carea' id='block_1_10' title="bbox 725 1757 2294 1852">
    <p class='ocr_par' dir='ltr' id='par_1_10' title="bbox 725 1757 2294 1852">
     <span class='ocr_line' id='line_1_10' title="bbox 725 1757 2294 1852; baseline -0.018 -13"><span class='ocrx_word' id='word_1_69' title='bbox 725 1758 861 1838; x_wconf 82' lang='lat' dir='ltr'><strong>alios</strong></span> <span class='ocrx_word' id='word_1_70' title='bbox 904 1781 996 1852; x_wconf 94' lang='lat' dir='ltr'><strong>qui</strong></span> <span class='ocrx_word' id='word_1_71' title='bbox 1044 1777 1270 1847; x_wconf 89' lang='lat' dir='ltr'><strong>idipsum</strong></span> <span class='ocrx_word' id='word_1_72' title='bbox 1306 1770 1696 1844; x_wconf 66' lang='lat' dir='ltr'><strong>preatiterant,</strong></span> <span class='ocrx_word' id='word_1_73' title='bbox 1725 1762 1984 1831; x_wconf 87' lang='lat' dir='ltr'><strong>nobisque</strong></span> 
     </span>
    </p>
   </div>
   <div class='ocr_carea' id='block_1_11' title="bbox 724 1845 2295 1937">
    <p class='ocr_par' dir='ltr' id='par_1_11' title="bbox 724 1845 2295 1937">
     <span class='ocr_line' id='line_1_11' title="bbox 724 1845 2295 1937; baseline -0.017 -9"><span class='ocrx_word' id='word_1_74' title='bbox 724 1872 836 1928; x_wconf 88' lang='lat' dir='ltr'><strong>cari</strong></span> <span class='ocrx_word' id='word_1_75' title='bbox 863 1845 1035 1937; x_wconf 74' lang='lat' dir='ltr'><strong>erant,</strong></span> <span class='ocrx_word' id='word_1_76' title='bbox 1067 1845 1206 1923; x_wconf 81' lang='lat' dir='ltr'><strong>nulla</strong></span> <span class='ocrx_word' id='word_1_77' title='bbox 1234 1862 1387 1919; x_wconf 88' lang='lat' dir='ltr'><strong>nobis</strong></span> <span class='ocrx_word' id='word_1_78' title='bbox 1405 1857 1661 1917; x_wconf 88' lang='lat' dir='ltr'><strong>utendum</strong></span> <span class='ocrx_word' id='word_1_79' title='bbox 1685 1853 2027 1912; x_wconf 78' lang='lat' dir='ltr'><strong>excusatione</strong></span> <span class='ocrx_word' id='word_1_80' title='bbox 2045 1849 2143 1904; x_wconf 90' lang='lat' dir='ltr'><strong>fuit</strong></span> <span class='ocrx_word' id='word_1_81' title='bbox 2159 1888 2176 1915; x_wconf 94' lang='lat'><strong>,</strong></span> <span class='ocrx_word' id='word_1_82' title='bbox 2199 1845 2295 1904; x_wconf 88' lang='lat' dir='ltr'><strong>sed</strong></span> 
     </span>
    </p>
   </div>
   <div class='ocr_carea' id='block_1_12' title="bbox 727 1939 2294 2028">
    <p class='ocr_par' dir='ltr' id='par_1_12' title="bbox 727 1939 2294 2028">
     <span class='ocr_line' id='line_1_12' title="bbox 727 1939 2294 2028; baseline -0.018 -8"><span class='ocrx_word' id='word_1_83' title='bbox 727 1963 859 2019; x_wconf 88' lang='lat' dir='ltr'><strong>satis</strong></span> <span class='ocrx_word' id='word_1_84' title='bbox 897 1960 994 2015; x_wconf 87' lang='lat' dir='ltr'><strong>fuit</strong></span> <span class='ocrx_word' id='word_1_85' title='bbox 1025 1955 1306 2028; x_wconf 87' lang='lat' dir='ltr'><strong>repudiare</strong></span> <span class='ocrx_word' id='word_1_86' title='bbox 1342 1949 1650 2008; x_wconf 86' lang='lat' dir='ltr'><strong>transmissa</strong></span> <span class='ocrx_word' id='word_1_87' title='bbox 1681 1958 1903 2001; x_wconf 86' lang='lat' dir='ltr'><strong>:vernm</strong></span> <span class='ocrx_word' id='word_1_88' title='bbox 1953 1939 2094 2012; x_wconf 87' lang='lat' dir='ltr'><strong>apud</strong></span> <span class='ocrx_word' id='word_1_89' title='bbox 2150 1948 2294 1994; x_wconf 90' lang='lat' dir='ltr'><strong>tuam</strong></span> 
     </span>
    </p>
   </div>
   <div class='ocr_carea' id='block_1_13' title="bbox 727 2031 2298 2112">
    <p class='ocr_par' dir='ltr' id='par_1_13' title="bbox 727 2031 2298 2112">
     <span class='ocr_line' id='line_1_13' title="bbox 727 2031 2298 2112; baseline -0.017 -2"><span class='ocrx_word' id='word_1_90' title='bbox 727 2053 1122 2112; x_wconf 75' lang='lat' dir='ltr'><strong>venerationem</strong></span> <span class='ocrx_word' id='word_1_91' title='bbox 1146 2057 1202 2105; x_wconf 89' lang='lat' dir='ltr'><strong>et</strong></span> <span class='ocrx_word' id='word_1_92' title='bbox 1224 2043 1575 2104; x_wconf 71' lang='lat' dir='ltr'><strong>excusatione</strong></span> <span class='ocrx_word' id='word_1_93' title='bbox 1601 2039 1819 2103; x_wconf 89' lang='lat' dir='ltr'><strong>utimur,</strong></span> <span class='ocrx_word' id='word_1_94' title='bbox 1849 2044 1986 2092; x_wconf 87' lang='lat' dir='ltr'><strong>etne</strong></span> <span class='ocrx_word' id='word_1_95' title='bbox 2004 2031 2298 2104; x_wconf 74' lang='lat' dir='ltr'><strong>agreferas</strong></span> 
     </span>
    </p>
   </div>
   <div class='ocr_carea' id='block_1_14' title="bbox 725 2122 2300 2210">
    <p class='ocr_par' dir='ltr' id='par_1_14' title="bbox 725 2122 2300 2210">
     <span class='ocr_line' id='line_1_14' title="bbox 725 2122 2300 2210; baseline -0.018 -7"><span class='ocrx_word' id='word_1_96' title='bbox 725 2147 1087 2207; x_wconf 87' lang='lat' dir='ltr'><strong>obsecramus,</strong></span> <span class='ocrx_word' id='word_1_97' title='bbox 1118 2152 1293 2210; x_wconf 88' lang='lat' dir='ltr'><strong>neque</strong></span> <span class='ocrx_word' id='word_1_98' title='bbox 1313 2137 1458 2208; x_wconf 88' lang='lat' dir='ltr'><strong>prius</strong></span> <span class='ocrx_word' id='word_1_99' title='bbox 1485 2132 1599 2188; x_wconf 68' lang='lat' dir='ltr'><strong>bac</strong></span> <span class='ocrx_word' id='word_1_100' title='bbox 1627 2127 1914 2186; x_wconf 83' lang='lat' dir='ltr'><strong>identidem</strong></span> <span class='ocrx_word' id='word_1_101' title='bbox 1932 2125 2112 2181; x_wconf 84' lang='lat' dir='ltr'><strong>dicere</strong></span> <span class='ocrx_word' id='word_1_102' title='bbox 2136 2122 2300 2177; x_wconf 82' lang='lat' dir='ltr'><strong>inter-</strong></span> 
     </span>
    </p>
   </div>
   <div class='ocr_carea' id='block_1_15' title="bbox 727 2209 2296 2300">
    <p class='ocr_par' dir='ltr' id='par_1_15' title="bbox 727 2209 2296 2300">
     <span class='ocr_line' id='line_1_15' title="bbox 727 2209 2296 2300; baseline -0.017 -8"><span class='ocrx_word' id='word_1_103' title='bbox 727 2235 1000 2292; x_wconf 82' lang='lat' dir='ltr'><strong>mittemas</strong></span> <span class='ocrx_word' id='word_1_104' title='bbox 1017 2273 1034 2300; x_wconf 91' lang='lat'><strong>,</strong></span> <span class='ocrx_word' id='word_1_105' title='bbox 1059 2209 1231 2286; x_wconf 80' lang='lat' dir='ltr'><strong>donec</strong></span> <span class='ocrx_word' id='word_1_106' title='bbox 1259 2237 1313 2284; x_wconf 87' lang='lat' dir='ltr'><strong>te</strong></span> <span class='ocrx_word' id='word_1_107' title='bbox 1332 2224 1486 2282; x_wconf 84' lang='lat' dir='ltr'><strong>nobis</strong></span> <span class='ocrx_word' id='word_1_108' title='bbox 1514 2220 1731 2282; x_wconf 85' lang='lat' dir='ltr'><strong>minime</strong></span> <span class='ocrx_word' id='word_1_109' title='bbox 1744 2215 2114 2275; x_wconf 83' lang='lat' dir='ltr'><strong>succensuisse</strong></span> <span class='ocrx_word' id='word_1_110' title='bbox 2131 2209 2296 2283; x_wconf 82' lang='lat' dir='ltr'><strong>signi-</strong></span> 
     </span>
    </p>
   </div>
   <div class='ocr_carea' id='block_1_16' title="bbox 903 2808 2122 2887">
    <p class='ocr_par' dir='ltr' id='par_1_16' title="bbox 903 2808 2122 2887">
     <span class='ocr_line' id='line_1_16' title="bbox 903 2808 2122 2887; baseline -0.015 -9"><span class='ocrx_word' id='word_1_111' title='bbox 903 2816 1265 2879; x_wconf 81' lang='lat' dir='ltr'><strong>ccxxxm.</strong></span> <span class='ocrx_word' id='word_1_112' title='bbox 1293 2816 1374 2873; x_wconf 75' lang='lat' dir='ltr'><strong>Ad</strong></span> <span class='ocrx_word' id='word_1_113' title='bbox 1398 2813 1709 2887; x_wconf 58' lang='lat' dir='ltr'><strong>Empta</strong></span> <span class='ocrx_word' id='word_1_114' title='bbox 1736 2808 2122 2867; x_wconf 67' lang='grc' dir='ltr'><strong>Ακιίοιιαηι.</strong></span> 
     </span>
    </p>
   </div>
   <div class='ocr_carea' id='block_1_17' title="bbox 765 2942 2301 3031">
    <p class='ocr_par' dir='ltr' id='par_1_17' title="bbox 765 2942 2301 3031">
     <span class='ocr_line' id='line_1_17' title="bbox 765 2942 2301 3031; baseline -0.015 -14"><span class='ocrx_word' id='word_1_115' title='bbox 765 2957 1057 3031; x_wconf 74' lang='lat' dir='ltr'><strong>Oportebat</strong></span> <span class='ocrx_word' id='word_1_116' title='bbox 1065 2954 1278 3027; x_wconf 79' lang='lat' dir='ltr'><strong>quidem</strong></span> <span class='ocrx_word' id='word_1_117' title='bbox 1295 2952 1544 3024; x_wconf 81' lang='lat' dir='ltr'><strong>pietatem</strong></span> <span class='ocrx_word' id='word_1_118' title='bbox 1565 2957 1794 3004; x_wconf 90' lang='lat' dir='ltr'><strong>vestram</strong></span> <span class='ocrx_word' id='word_1_119' title='bbox 1810 2958 1915 3000; x_wconf 91' lang='lat' dir='ltr'><strong>non</strong></span> <span class='ocrx_word' id='word_1_120' title='bbox 1927 2942 2103 2998; x_wconf 90' lang='lat' dir='ltr'><strong>verbis</strong></span> <span class='ocrx_word' id='word_1_121' title='bbox 2117 2953 2301 2996; x_wconf 84' lang='lat' dir='ltr'><strong>eorum</strong></span> 
     </span>
    </p>
   </div>
   <div class='ocr_carea' id='block_1_18' title="bbox 726 3031 2305 3124">
    <p class='ocr_par' dir='ltr' id='par_1_18' title="bbox 726 3031 2305 3124">
     <span class='ocr_line' id='line_1_18' title="bbox 726 3031 2305 3124; baseline -0.015 -16"><span class='ocrx_word' id='word_1_122' title='bbox 726 3055 820 3124; x_wconf 73' lang='lat' dir='ltr'><strong>qui</strong></span> <span class='ocrx_word' id='word_1_123' title='bbox 837 3049 1040 3122; x_wconf 85' lang='lat' dir='ltr'><strong>loquuti</strong></span> <span class='ocrx_word' id='word_1_124' title='bbox 1064 3053 1207 3112; x_wconf 84' lang='lat' dir='ltr'><strong>sunt,</strong></span> <span class='ocrx_word' id='word_1_125' title='bbox 1233 3052 1408 3100; x_wconf 86' lang='lat' dir='ltr'><strong>mente</strong></span> <span class='ocrx_word' id='word_1_126' title='bbox 1430 3039 1684 3108; x_wconf 77' lang='lat' dir='ltr'><strong>subverti,</strong></span> <span class='ocrx_word' id='word_1_127' title='bbox 1711 3037 1806 3094; x_wconf 89' lang='lat' dir='ltr'><strong>sed</strong></span> <span class='ocrx_word' id='word_1_128' title='bbox 1832 3037 1886 3092; x_wconf 93' lang='lat' dir='ltr'><strong>in</strong></span> <span class='ocrx_word' id='word_1_129' title='bbox 1911 3043 2055 3090; x_wconf 90' lang='lat' dir='ltr'><strong>tanta</strong></span> <span class='ocrx_word' id='word_1_130' title='bbox 2082 3031 2305 3124; x_wconf 79' lang='lat' dir='ltr'><strong>menda-</strong></span> 
     </span>
    </p>
   </div>
   <div class='ocr_carea' id='block_1_19' title="bbox 733 3123 2303 3210">
    <p class='ocr_par' dir='ltr' id='par_1_19' title="bbox 733 3123 2303 3210">
     <span class='ocr_line' id='line_1_19' title="bbox 733 3123 2303 3210; baseline -0.014 -10"><span class='ocrx_word' id='word_1_131' title='bbox 733 3123 938 3200; x_wconf 81' lang='lat' dir='ltr'><strong>ciorum</strong></span> <span class='ocrx_word' id='word_1_132' title='bbox 963 3140 1115 3210; x_wconf 89' lang='lat' dir='ltr'><strong>copia</strong></span> <span class='ocrx_word' id='word_1_133' title='bbox 1136 3138 1297 3192; x_wconf 90' lang='lat' dir='ltr'><strong>multa</strong></span> <span class='ocrx_word' id='word_1_134' title='bbox 1316 3149 1438 3193; x_wconf 80' lang='lat' dir='ltr'><strong>cum</strong></span> <span class='ocrx_word' id='word_1_135' title='bbox 1461 3130 1754 3187; x_wconf 74' lang='lat' dir='ltr'><strong>attentione</strong></span> <span class='ocrx_word' id='word_1_136' title='bbox 1779 3127 2052 3182; x_wconf 77' lang='lat' dir='ltr'><strong>veritatem</strong></span> <span class='ocrx_word' id='word_1_137' title='bbox 2087 3123 2303 3180; x_wconf 83' lang='lat' dir='ltr'><strong>investi-</strong></span> 
     </span>
    </p>
   </div>
   <div class='ocr_carea' id='block_1_20' title="bbox 729 3219 2304 3303">
    <p class='ocr_par' dir='ltr' id='par_1_20' title="bbox 729 3219 2304 3303">
     <span class='ocr_line' id='line_1_20' title="bbox 729 3219 2304 3303; baseline -0.012 -16"><span class='ocrx_word' id='word_1_138' title='bbox 729 3247 875 3303; x_wconf 76' lang='lat' dir='ltr'><strong>gare.</strong></span> <span class='ocrx_word' id='word_1_139' title='bbox 915 3230 971 3290; x_wconf 80' lang='lat' dir='ltr'><strong>Si</strong></span> <span class='ocrx_word' id='word_1_140' title='bbox 993 3229 1133 3286; x_wconf 88' lang='lat' dir='ltr'><strong>enim</strong></span> <span class='ocrx_word' id='word_1_141' title='bbox 1169 3225 1346 3282; x_wconf 88' lang='lat' dir='ltr'><strong>omnia</strong></span> <span class='ocrx_word' id='word_1_142' title='bbox 1375 3237 1496 3295; x_wconf 66' lang='lat' dir='ltr'><strong>quae</strong></span> <span class='ocrx_word' id='word_1_143' title='bbox 1522 3221 1680 3292; x_wconf 89' lang='lat' dir='ltr'><strong>vulgo</strong></span> <span class='ocrx_word' id='word_1_144' title='bbox 1704 3219 1972 3290; x_wconf 67' lang='lat' dir='ltr'><strong>laetantur</strong></span> <span class='ocrx_word' id='word_1_145' title='bbox 2008 3230 2134 3272; x_wconf 92' lang='lat' dir='ltr'><strong>vera</strong></span> <span class='ocrx_word' id='word_1_146' title='bbox 2177 3225 2304 3303; x_wconf 88' lang='lat' dir='ltr'><strong>cen-</strong></span> 
     </span>
    </p>
   </div>
   <div class='ocr_carea' id='block_1_21' title="bbox 726 3302 2300 3389">
    <p class='ocr_par' dir='ltr' id='par_1_21' title="bbox 726 3302 2300 3389">
     <span class='ocr_line' id='line_1_21' title="bbox 726 3302 2300 3389; baseline -0.013 -12"><span class='ocrx_word' id='word_1_147' title='bbox 726 3302 872 3388; x_wconf 82' lang='lat' dir='ltr'><strong>seas,</strong></span> <span class='ocrx_word' id='word_1_148' title='bbox 895 3321 946 3375; x_wconf 90' lang='lat' dir='ltr'><strong>in</strong></span> <span class='ocrx_word' id='word_1_149' title='bbox 976 3315 1262 3389; x_wconf 84' lang='lat' dir='ltr'><strong>periculum</strong></span> <span class='ocrx_word' id='word_1_150' title='bbox 1298 3314 1512 3369; x_wconf 81' lang='lat' dir='ltr'><strong>venient</strong></span> <span class='ocrx_word' id='word_1_151' title='bbox 1539 3323 1724 3366; x_wconf 75' lang='lat' dir='ltr'><strong>omnes</strong></span> <span class='ocrx_word' id='word_1_152' title='bbox 1745 3310 1762 3342; x_wconf 78' lang='grc'>¹</span> <span class='ocrx_word' id='word_1_153' title='bbox 1793 3325 1808 3362; x_wconf 91' lang='lat'><strong>:</strong></span> <span class='ocrx_word' id='word_1_154' title='bbox 1838 3307 1920 3362; x_wconf 91' lang='lat' dir='ltr'><strong>sin</strong></span> <span class='ocrx_word' id='word_1_155' title='bbox 1949 3315 2124 3361; x_wconf 89' lang='lat' dir='ltr'><strong>autem</strong></span> <span class='ocrx_word' id='word_1_156' title='bbox 2154 3302 2300 3374; x_wconf 92' lang='lat' dir='ltr'><strong>judi-</strong></span> 
     </span>
    </p>
   </div>
   <div class='ocr_carea' id='block_1_22' title="bbox 732 3395 2298 3481">
    <p class='ocr_par' dir='ltr' id='par_1_22' title="bbox 732 3395 2298 3481">
     <span class='ocr_line' id='line_1_22' title="bbox 732 3395 2298 3481; baseline -0.015 -11"><span class='ocrx_word' id='word_1_157' title='bbox 732 3415 820 3469; x_wconf 84' lang='lat' dir='ltr'><strong>cio</strong></span> <span class='ocrx_word' id='word_1_158' title='bbox 839 3420 895 3467; x_wconf 87' lang='lat' dir='ltr'><strong>et</strong></span> <span class='ocrx_word' id='word_1_159' title='bbox 921 3410 1120 3481; x_wconf 89' lang='lat' dir='ltr'><strong>legibus</strong></span> <span class='ocrx_word' id='word_1_160' title='bbox 1146 3423 1207 3464; x_wconf 90' lang='lat' dir='ltr'><strong>ea</strong></span> <span class='ocrx_word' id='word_1_161' title='bbox 1235 3419 1352 3477; x_wconf 71' lang='lat' dir='ltr'><strong>qua</strong></span> <span class='ocrx_word' id='word_1_162' title='bbox 1378 3404 1542 3458; x_wconf 90' lang='lat' dir='ltr'><strong>latent</strong></span> <span class='ocrx_word' id='word_1_163' title='bbox 1569 3399 2012 3472; x_wconf 87' lang='lat' dir='ltr'><strong>pervestigentur,</strong></span> <span class='ocrx_word' id='word_1_164' title='bbox 2043 3395 2298 3464; x_wconf 81' lang='lat' dir='ltr'><strong>judicium</strong></span> 
     </span>
    </p>
   </div>
   <div class='ocr_carea' id='block_1_23' title="bbox 731 3485 2303 3570">
    <p class='ocr_par' dir='ltr' id='par_1_23' title="bbox 731 3485 2303 3570">
     <span class='ocr_line' id='line_1_23' title="bbox 731 3485 2303 3570; baseline -0.013 -11"><span class='ocrx_word' id='word_1_165' title='bbox 731 3519 763 3558; x_wconf 91' lang='lat' dir='ltr'><strong>a</strong></span> <span class='ocrx_word' id='word_1_166' title='bbox 785 3501 934 3558; x_wconf 85' lang='lat' dir='ltr'><strong>vobis</strong></span> <span class='ocrx_word' id='word_1_167' title='bbox 959 3514 1060 3570; x_wconf 81' lang='lat' dir='ltr'><strong>ego</strong></span> <span class='ocrx_word' id='word_1_168' title='bbox 1077 3497 1246 3552; x_wconf 88' lang='lat' dir='ltr'><strong>libens</strong></span> <span class='ocrx_word' id='word_1_169' title='bbox 1274 3495 1474 3565; x_wconf 84' lang='lat' dir='ltr'><strong>pustula</strong></span> <span class='ocrx_word' id='word_1_170' title='bbox 1488 3504 1615 3558; x_wconf 72' lang='lat' dir='ltr'><strong>rem,</strong></span> <span class='ocrx_word' id='word_1_171' title='bbox 1652 3490 1752 3545; x_wconf 89' lang='lat' dir='ltr'><strong>nisi</strong></span> <span class='ocrx_word' id='word_1_172' title='bbox 1772 3487 1890 3560; x_wconf 90' lang='lat' dir='ltr'><strong>quis</strong></span> <span class='ocrx_word' id='word_1_173' title='bbox 1913 3487 2015 3542; x_wconf 87' lang='lat' dir='ltr'><strong>alia</strong></span> <span class='ocrx_word' id='word_1_174' title='bbox 2040 3499 2224 3542; x_wconf 88' lang='lat' dir='ltr'><strong>rursus</strong></span> <span class='ocrx_word' id='word_1_175' title='bbox 2249 3485 2303 3539; x_wconf 91' lang='lat' dir='ltr'><strong>in</strong></span> 
     </span>
    </p>
   </div>
   <div class='ocr_carea' id='block_1_24' title="bbox 733 3576 2304 3656">
    <p class='ocr_par' dir='ltr' id='par_1_24' title="bbox 733 3576 2304 3656">
     <span class='ocr_line' id='line_1_24' title="bbox 733 3576 2304 3656; baseline -0.012 -8"><span class='ocrx_word' id='word_1_176' title='bbox 733 3606 822 3648; x_wconf 87' lang='lat' dir='ltr'><strong>me</strong></span> <span class='ocrx_word' id='word_1_177' title='bbox 844 3589 1118 3646; x_wconf 65' lang='lat' dir='ltr'><strong>calumnia</strong></span> <span class='ocrx_word' id='word_1_178' title='bbox 1144 3587 1248 3642; x_wconf 86' lang='lat' dir='ltr'><strong>tela</strong></span> <span class='ocrx_word' id='word_1_179' title='bbox 1273 3585 1555 3656; x_wconf 85' lang='lat' dir='ltr'><strong>jaculetnr.</strong></span> <span class='ocrx_word' id='word_1_180' title='bbox 1599 3580 1784 3637; x_wconf 83' lang='lat' dir='ltr'><strong>Timeo</strong></span> <span class='ocrx_word' id='word_1_181' title='bbox 1835 3591 2084 3648; x_wconf 87' lang='lat' dir='ltr'><strong>namque,</strong></span> <span class='ocrx_word' id='word_1_182' title='bbox 2133 3576 2304 3631; x_wconf 88' lang='lat' dir='ltr'><strong>timeo</strong></span> 
     </span>
    </p>
   </div>
   <div class='ocr_carea' id='block_1_25' title="bbox 733 3665 2302 3754">
    <p class='ocr_par' dir='ltr' id='par_1_25' title="bbox 733 3665 2302 3754">
     <span class='ocr_line' id='line_1_25' title="bbox 733 3665 2302 3754; baseline -0.012 -16"><span class='ocrx_word' id='word_1_183' title='bbox 733 3682 842 3754; x_wconf 85' lang='lat' dir='ltr'><strong>jam</strong></span> <span class='ocrx_word' id='word_1_184' title='bbox 870 3680 1085 3736; x_wconf 88' lang='lat' dir='ltr'><strong>umbras</strong></span> <span class='ocrx_word' id='word_1_185' title='bbox 1102 3687 1157 3733; x_wconf 92' lang='lat' dir='ltr'><strong>et</strong></span> <span class='ocrx_word' id='word_1_186' title='bbox 1177 3676 1478 3741; x_wconf 89' lang='lat' dir='ltr'><strong>simulacra,</strong></span> <span class='ocrx_word' id='word_1_187' title='bbox 1496 3679 1774 3744; x_wconf 83' lang='lat' dir='ltr'><strong>postquam</strong></span> <span class='ocrx_word' id='word_1_188' title='bbox 1795 3683 1891 3725; x_wconf 90' lang='lat' dir='ltr'><strong>vos</strong></span> <span class='ocrx_word' id='word_1_189' title='bbox 1913 3669 1983 3724; x_wconf 89' lang='lat' dir='ltr'><strong>ita</strong></span> <span class='ocrx_word' id='word_1_190' title='bbox 2003 3665 2302 3738; x_wconf 80' lang='lat' dir='ltr'><strong>judicastis.</strong></span> 
     </span>
    </p>
   </div>
   <div class='ocr_carea' id='block_1_26' title="bbox 734 3759 2301 3832">
    <p class='ocr_par' dir='ltr' id='par_1_26' title="bbox 734 3759 2301 3832">
     <span class='ocr_line' id='line_1_26' title="bbox 734 3759 2301 3832; baseline -0.013 -1"><span class='ocrx_word' id='word_1_191' title='bbox 734 3775 904 3831; x_wconf 78' lang='lat' dir='ltr'><strong>Amici</strong></span> <span class='ocrx_word' id='word_1_192' title='bbox 931 3770 1174 3827; x_wconf 63' lang='lat' dir='ltr'><strong>amicitia</strong></span> <span class='ocrx_word' id='word_1_193' title='bbox 1203 3768 1442 3824; x_wconf 91' lang='lat' dir='ltr'><strong>nuntium</strong></span> <span class='ocrx_word' id='word_1_194' title='bbox 1469 3765 1806 3829; x_wconf 89' lang='lat' dir='ltr'><strong>remiserunt,</strong></span> <span class='ocrx_word' id='word_1_195' title='bbox 1830 3759 1922 3832; x_wconf 90' lang='lat' dir='ltr'><strong>qui</strong></span> <span class='ocrx_word' id='word_1_196' title='bbox 1938 3759 2088 3830; x_wconf 77' lang='lat' dir='ltr'><strong>juxta</strong></span> <span class='ocrx_word' id='word_1_197' title='bbox 2115 3767 2266 3814; x_wconf 82' lang='lat' dir='ltr'><strong>erant</strong></span> <span class='ocrx_word' id='word_1_198' title='bbox 2283 3797 2301 3824; x_wconf 91' lang='lat'><strong>,</strong></span> 
     </span>
    </p>
   </div>
   <div class='ocr_carea' id='block_1_27' title="bbox 733 3849 2304 3934">
    <p class='ocr_par' dir='ltr' id='par_1_27' title="bbox 733 3849 2304 3934">
     <span class='ocr_line' id='line_1_27' title="bbox 733 3849 2304 3934; baseline -0.013 -12"><span class='ocrx_word' id='word_1_199' title='bbox 733 3883 765 3922; x_wconf 92' lang='lat' dir='ltr'><strong>a</strong></span> <span class='ocrx_word' id='word_1_200' title='bbox 812 3867 967 3934; x_wconf 90' lang='lat' dir='ltr'><strong>longe</strong></span> <span class='ocrx_word' id='word_1_201' title='bbox 991 3869 1271 3926; x_wconf 86' lang='lat' dir='ltr'><strong>steterunt,</strong></span> <span class='ocrx_word' id='word_1_202' title='bbox 1298 3866 1353 3914; x_wconf 82' lang='lat' dir='ltr'><strong>et</strong></span> <span class='ocrx_word' id='word_1_203' title='bbox 1401 3857 1490 3926; x_wconf 86' lang='lat' dir='ltr'><strong>qui</strong></span> <span class='ocrx_word' id='word_1_204' title='bbox 1530 3856 1686 3924; x_wconf 90' lang='lat' dir='ltr'><strong>longe</strong></span> <span class='ocrx_word' id='word_1_205' title='bbox 1725 3860 1876 3908; x_wconf 89' lang='lat' dir='ltr'><strong>erant</strong></span> <span class='ocrx_word' id='word_1_206' title='bbox 1920 3849 2304 3904; x_wconf 76' lang='lat' dir='ltr'><strong>calumniarum</strong></span> 
     </span>
    </p>
   </div>
   <div class='ocr_carea' id='block_1_28' title="bbox 733 3941 2304 4029">
    <p class='ocr_par' dir='ltr' id='par_1_28' title="bbox 733 3941 2304 4029">
     <span class='ocr_line' id='line_1_28' title="bbox 733 3941 2304 4029; baseline -0.01 -17"><span class='ocrx_word' id='word_1_207' title='bbox 733 3956 906 4029; x_wconf 71' lang='lat' dir='ltr'><strong>jacula</strong></span> <span class='ocrx_word' id='word_1_208' title='bbox 932 3959 1304 4009; x_wconf 88' lang='lat' dir='ltr'><strong>contorserunt</strong></span> <span class='ocrx_word' id='word_1_209' title='bbox 1355 3949 1526 4018; x_wconf 72' lang='lat' dir='ltr'><strong>(Ptol.</strong></span> <span class='ocrx_word' id='word_1_210' title='bbox 1567 3948 1656 4004; x_wconf 76' lang='lat'><strong>57.</strong></span> <span class='ocrx_word' id='word_1_211' title='bbox 1708 3944 1818 4015; x_wconf 73' lang='lat' dir='ltr'><strong>l2).</strong></span> <span class='ocrx_word' id='word_1_212' title='bbox 1874 3942 2138 3998; x_wconf 81' lang='lat' dir='ltr'><strong>Ell&#39;ecistis</strong></span> <span class='ocrx_word' id='word_1_213' title='bbox 2163 3948 2224 3996; x_wconf 89' lang='lat' dir='ltr'><strong>ut</strong></span> <span class='ocrx_word' id='word_1_214' title='bbox 2250 3941 2304 3997; x_wconf 90' lang='lat' dir='ltr'><strong>in</strong></span> 
     </span>
    </p>
   </div>
   <div class='ocr_carea' id='block_1_29' title="bbox 737 4032 2308 4115">
    <p class='ocr_par' dir='ltr' id='par_1_29' title="bbox 737 4032 2308 4115">
     <span class='ocr_line' id='line_1_29' title="bbox 737 4032 2308 4115; baseline -0.011 -11"><span class='ocrx_word' id='word_1_215' title='bbox 737 4047 914 4104; x_wconf 84' lang='lat' dir='ltr'><strong>medio</strong></span> <span class='ocrx_word' id='word_1_216' title='bbox 936 4053 1090 4115; x_wconf 85' lang='lat' dir='ltr'><strong>portu</strong></span> <span class='ocrx_word' id='word_1_217' title='bbox 1115 4041 1444 4110; x_wconf 89' lang='lat' dir='ltr'><strong>naufragium</strong></span> <span class='ocrx_word' id='word_1_218' title='bbox 1466 4047 1696 4108; x_wconf 89' lang='lat' dir='ltr'><strong>paterer.</strong></span> <span class='ocrx_word' id='word_1_219' title='bbox 1735 4034 1841 4091; x_wconf 87' lang='lat' dir='ltr'><strong>Sed</strong></span> <span class='ocrx_word' id='word_1_220' title='bbox 1859 4033 2101 4109; x_wconf 81' lang='lat' dir='ltr'><strong>quamvis</strong></span> <span class='ocrx_word' id='word_1_221' title='bbox 2122 4032 2308 4103; x_wconf 71' lang='lat' dir='ltr'><strong>ejiciar</strong></span> 
     </span>
    </p>
   </div>
   <div class='ocr_carea' id='block_1_30' title="bbox 736 4122 2308 4202">
    <p class='ocr_par' dir='ltr' id='par_1_30' title="bbox 736 4122 2308 4202">
     <span class='ocr_line' id='line_1_30' title="bbox 736 4122 2308 4202; baseline -0.01 -10"><span class='ocrx_word' id='word_1_222' title='bbox 736 4153 805 4192; x_wconf 76' lang='lat' dir='ltr'><strong>es</strong></span> <span class='ocrx_word' id='word_1_223' title='bbox 827 4136 974 4199; x_wconf 89' lang='lat' dir='ltr'><strong>urbe,</strong></span> <span class='ocrx_word' id='word_1_224' title='bbox 997 4143 1154 4202; x_wconf 88' lang='lat' dir='ltr'><strong>atque</strong></span> <span class='ocrx_word' id='word_1_225' title='bbox 1177 4132 1245 4186; x_wconf 92' lang='lat' dir='ltr'><strong>ab</strong></span> <span class='ocrx_word' id='word_1_226' title='bbox 1273 4128 1507 4184; x_wconf 75' lang='lat' dir='ltr'><strong>Ecclesia</strong></span> <span class='ocrx_word' id='word_1_227' title='bbox 1532 4126 1779 4195; x_wconf 86' lang='lat' dir='ltr'><strong>sejungar</strong></span> <span class='ocrx_word' id='word_1_228' title='bbox 1801 4165 1817 4190; x_wconf 93' lang='lat'><strong>,</strong></span> <span class='ocrx_word' id='word_1_229' title='bbox 1841 4123 1907 4178; x_wconf 91' lang='lat' dir='ltr'><strong>ad</strong></span> <span class='ocrx_word' id='word_1_230' title='bbox 1936 4122 2157 4192; x_wconf 86' lang='lat' dir='ltr'><strong>quodvis</strong></span> <span class='ocrx_word' id='word_1_231' title='bbox 2181 4137 2308 4191; x_wconf 91' lang='lat' dir='ltr'><strong>sup-</strong></span> 
     </span>
    </p>
   </div>
   <div class='ocr_carea' id='block_1_31' title="bbox 738 4215 2306 4299">
    <p class='ocr_par' dir='ltr' id='par_1_31' title="bbox 738 4215 2306 4299">
     <span class='ocr_line' id='line_1_31' title="bbox 738 4215 2306 4299; baseline -0.008 -17"><span class='ocrx_word' id='word_1_232' title='bbox 738 4228 950 4299; x_wconf 90' lang='lat' dir='ltr'><strong>plicium</strong></span> <span class='ocrx_word' id='word_1_233' title='bbox 976 4222 1251 4279; x_wconf 90' lang='lat' dir='ltr'><strong>ferendum</strong></span> <span class='ocrx_word' id='word_1_234' title='bbox 1271 4236 1358 4276; x_wconf 90' lang='lat' dir='ltr'><strong>me</strong></span> <span class='ocrx_word' id='word_1_235' title='bbox 1384 4219 1541 4274; x_wconf 88' lang='lat' dir='ltr'><strong>statui</strong></span> <span class='ocrx_word' id='word_1_236' title='bbox 1569 4231 1898 4286; x_wconf 87' lang='lat' dir='ltr'><strong>comparare.</strong></span> <span class='ocrx_word' id='word_1_237' title='bbox 1939 4215 2306 4286; x_wconf 77' lang='lat' dir='ltr'><strong>Pliilosopbari</strong></span> 
     </span>
    </p>
   </div>
   <div class='ocr_carea' id='block_1_32' title="bbox 737 4306 2308 4386">
    <p class='ocr_par' dir='ltr' id='par_1_32' title="bbox 737 4306 2308 4386">
     <span class='ocr_line' id='line_1_32' title="bbox 737 4306 2308 4386; baseline -0.009 -11"><span class='ocrx_word' id='word_1_238' title='bbox 737 4318 867 4375; x_wconf 84' lang='lat' dir='ltr'><strong>mihi</strong></span> <span class='ocrx_word' id='word_1_239' title='bbox 895 4332 958 4373; x_wconf 93' lang='lat' dir='ltr'><strong>ac</strong></span> <span class='ocrx_word' id='word_1_240' title='bbox 998 4317 1258 4386; x_wconf 88' lang='lat' dir='ltr'><strong>patienter</strong></span> <span class='ocrx_word' id='word_1_241' title='bbox 1293 4311 1516 4366; x_wconf 85' lang='lat' dir='ltr'><strong>adversa</strong></span> <span class='ocrx_word' id='word_1_242' title='bbox 1551 4309 1693 4364; x_wconf 90' lang='lat' dir='ltr'><strong>ferre</strong></span> <span class='ocrx_word' id='word_1_243' title='bbox 1739 4307 2009 4362; x_wconf 87' lang='lat' dir='ltr'><strong>decretum</strong></span> <span class='ocrx_word' id='word_1_244' title='bbox 2036 4314 2120 4362; x_wconf 88' lang='lat' dir='ltr'><strong>est</strong></span> <span class='ocrx_word' id='word_1_245' title='bbox 2151 4323 2163 4358; x_wconf 93' lang='lat'><strong>:</strong></span> <span class='ocrx_word' id='word_1_246' title='bbox 2194 4306 2308 4361; x_wconf 85' lang='lat' dir='ltr'><strong>scio</strong></span> 
     </span>
    </p>
   </div>
   <div class='ocr_carea' id='block_1_33' title="bbox 737 4396 2308 4477">
    <p class='ocr_par' dir='ltr' id='par_1_33' title="bbox 737 4396 2308 4477">
     <span class='ocr_line' id='line_1_33' title="bbox 737 4396 2308 4477; baseline -0.008 -12"><span class='ocrx_word' id='word_1_247' title='bbox 737 4411 903 4477; x_wconf 84' lang='lat' dir='ltr'><strong>enim,</strong></span> <span class='ocrx_word' id='word_1_248' title='bbox 932 4407 1044 4462; x_wconf 89' lang='lat' dir='ltr'><strong>scio</strong></span> <span class='ocrx_word' id='word_1_249' title='bbox 1071 4405 1388 4467; x_wconf 86' lang='lat' dir='ltr'><strong>certissime,</strong></span> <span class='ocrx_word' id='word_1_250' title='bbox 1419 4401 1633 4456; x_wconf 88' lang='lat' dir='ltr'><strong>civitate</strong></span> <span class='ocrx_word' id='word_1_251' title='bbox 1660 4398 1945 4453; x_wconf 87' lang='lat' dir='ltr'><strong>firmiorem</strong></span> <span class='ocrx_word' id='word_1_252' title='bbox 1974 4411 2095 4452; x_wconf 87' lang='lat' dir='ltr'><strong>esse</strong></span> <span class='ocrx_word' id='word_1_253' title='bbox 2121 4396 2308 4452; x_wconf 89' lang='lat' dir='ltr'><strong>solitu-</strong></span> 
     </span>
    </p>
   </div>
   <div class='ocr_carea' id='block_1_34' title="bbox 737 4486 2195 4566">
    <p class='ocr_par' dir='ltr' id='par_1_34' title="bbox 737 4486 2195 4566">
     <span class='ocr_line' id='line_1_34' title="bbox 737 4486 2195 4566; baseline -0.01 -11"><span class='ocrx_word' id='word_1_254' title='bbox 737 4500 940 4566; x_wconf 85' lang='lat' dir='ltr'><strong>dinem,</strong></span> <span class='ocrx_word' id='word_1_255' title='bbox 968 4505 1025 4553; x_wconf 85' lang='lat' dir='ltr'><strong>et</strong></span> <span class='ocrx_word' id='word_1_256' title='bbox 1041 4496 1237 4552; x_wconf 89' lang='lat' dir='ltr'><strong>bestias</strong></span> <span class='ocrx_word' id='word_1_257' title='bbox 1259 4494 1372 4564; x_wconf 89' lang='lat' dir='ltr'><strong>agri</strong></span> <span class='ocrx_word' id='word_1_258' title='bbox 1396 4489 1784 4550; x_wconf 85' lang='lat' dir='ltr'><strong>mansuetiores</strong></span> <span class='ocrx_word' id='word_1_259' title='bbox 1807 4487 2016 4543; x_wconf 87' lang='lat' dir='ltr'><strong>amicis.</strong></span> <span class='ocrx_word' id='word_1_260' title='bbox 2049 4486 2195 4543; x_wconf 81' lang='lat' dir='ltr'><strong>Vale.</strong></span> 
     </span>
    </p>
   </div>
   <div class='ocr_carea' id='block_1_35' title="bbox 741 4619 2310 4694">
    <p class='ocr_par' dir='ltr' id='par_1_35' title="bbox 741 4619 2310 4694">
     <span class='ocr_line' id='line_1_35' title="bbox 741 4619 2310 4694; baseline -0.006 -10"><span class='ocrx_word' id='word_1_261' title='bbox 741 4625 1008 4684; x_wconf 69' lang='lat' dir='ltr'><strong>CCXXXI</strong></span> <span class='ocrx_word' id='word_1_262' title='bbox 1025 4625 1086 4680; x_wconf 84' lang='lat' dir='ltr'><strong>V.</strong></span> <span class='ocrx_word' id='word_1_263' title='bbox 1124 4623 1325 4680; x_wconf 79' lang='lat' dir='ltr'><strong>Brisoni</strong></span> <span class='ocrx_word' id='word_1_264' title='bbox 1351 4620 1446 4694; x_wconf 78' lang='grc' dir='ltr'><strong>(α).</strong></span> <span class='ocrx_word' id='word_1_265' title='bbox 1487 4621 1796 4692; x_wconf 84' lang='lat' dir='ltr'><strong>(Postquam</strong></span> <span class='ocrx_word' id='word_1_266' title='bbox 1833 4619 2094 4675; x_wconf 86' lang='lat' dir='ltr'><strong>Cucusum</strong></span> <span class='ocrx_word' id='word_1_267' title='bbox 2123 4633 2310 4690; x_wconf 83' lang='lat' dir='ltr'><strong>perve-</strong></span> 
     </span>
    </p>
   </div>
   <div class='ocr_carea' id='block_1_36' title="bbox 1266 4711 1741 4778">
    <p class='ocr_par' dir='ltr' id='par_1_36' title="bbox 1266 4711 1741 4778">
     <span class='ocr_line' id='line_1_36' title="bbox 1266 4711 1741 4778; baseline -0.006 -10"><span class='ocrx_word' id='word_1_268' title='bbox 1266 4723 1417 4768; x_wconf 89' lang='lat' dir='ltr'><strong>nerat</strong></span> <span class='ocrx_word' id='word_1_269' title='bbox 1433 4727 1573 4767; x_wconf 90' lang='lat' dir='ltr'><strong>anno</strong></span> <span class='ocrx_word' id='word_1_270' title='bbox 1590 4711 1741 4778; x_wconf 72' lang='grc' dir='ltr'><strong>ιω.)</strong></span> 
     </span>
    </p>
   </div>
   <div class='ocr_carea' id='block_1_37' title="bbox 809 4844 2308 4924">
    <p class='ocr_par' dir='ltr' id='par_1_37' title="bbox 809 4844 2308 4924">
     <span class='ocr_line' id='line_1_37' title="bbox 809 4844 2308 4924; baseline -0.003 -18"><span class='ocrx_word' id='word_1_271' title='bbox 809 4850 1148 4924; x_wconf 77' lang='lat' dir='ltr'><strong>septuaginta</strong></span> <span class='ocrx_word' id='word_1_272' title='bbox 1174 4848 1344 4904; x_wconf 89' lang='lat' dir='ltr'><strong>ferme</strong></span> <span class='ocrx_word' id='word_1_273' title='bbox 1377 4845 1704 4917; x_wconf 88' lang='lat' dir='ltr'><strong>consumptis</strong></span> <span class='ocrx_word' id='word_1_274' title='bbox 1748 4844 1803 4900; x_wconf 89' lang='lat' dir='ltr'><strong>in</strong></span> <span class='ocrx_word' id='word_1_275' title='bbox 1858 4845 2048 4903; x_wconf 88' lang='lat' dir='ltr'><strong>itinere</strong></span> <span class='ocrx_word' id='word_1_276' title='bbox 2101 4846 2308 4912; x_wconf 89' lang='lat' dir='ltr'><strong>diebus,</strong></span> 
     </span>
    </p>
   </div>
   <div class='ocr_carea' id='block_1_38' title="bbox 743 4940 2310 5016">
    <p class='ocr_par' dir='ltr' id='par_1_38' title="bbox 743 4940 2310 5016">
     <span class='ocr_line' id='line_1_38' title="bbox 743 4940 2310 5016; baseline -0.005 -14"><span class='ocrx_word' id='word_1_277' title='bbox 743 4945 884 5004; x_wconf 78' lang='lat' dir='ltr'><strong>unde</strong></span> <span class='ocrx_word' id='word_1_278' title='bbox 909 4952 1086 5016; x_wconf 86' lang='lat' dir='ltr'><strong>potest</strong></span> <span class='ocrx_word' id='word_1_279' title='bbox 1122 4940 1412 5012; x_wconf 87' lang='lat' dir='ltr'><strong>amplitudo</strong></span> <span class='ocrx_word' id='word_1_280' title='bbox 1451 4949 1540 4995; x_wconf 88' lang='lat' dir='ltr'><strong>tua</strong></span> <span class='ocrx_word' id='word_1_281' title='bbox 1565 4940 1812 5010; x_wconf 72' lang='lat' dir='ltr'><strong>colligere</strong></span> <span class='ocrx_word' id='word_1_282' title='bbox 1835 4981 1850 5004; x_wconf 91' lang='lat'><strong>,</strong></span> <span class='ocrx_word' id='word_1_283' title='bbox 1881 4948 2010 5010; x_wconf 88' lang='lat' dir='ltr'><strong>quot</strong></span> <span class='ocrx_word' id='word_1_284' title='bbox 2035 4947 2092 4995; x_wconf 83' lang='lat' dir='ltr'><strong>et</strong></span> <span class='ocrx_word' id='word_1_285' title='bbox 2112 4949 2310 5010; x_wconf 89' lang='lat' dir='ltr'><strong>quanta</strong></span> 
     </span>
    </p>
   </div>
   <div class='ocr_carea' id='block_1_39' title="bbox 743 5031 2310 5107">
    <p class='ocr_par' dir='ltr' id='par_1_39' title="bbox 743 5031 2310 5107">
     <span class='ocr_line' id='line_1_39' title="bbox 743 5031 2310 5107; baseline -0.004 -14"><span class='ocrx_word' id='word_1_286' title='bbox 743 5038 879 5093; x_wconf 89' lang='lat' dir='ltr'><strong>mala</strong></span> <span class='ocrx_word' id='word_1_287' title='bbox 903 5035 1046 5107; x_wconf 85' lang='lat' dir='ltr'><strong>passi</strong></span> <span class='ocrx_word' id='word_1_288' title='bbox 1085 5034 1338 5091; x_wconf 82' lang='lat' dir='ltr'><strong>fuerimus</strong></span> <span class='ocrx_word' id='word_1_289' title='bbox 1361 5073 1376 5099; x_wconf 94' lang='lat'><strong>,</strong></span> <span class='ocrx_word' id='word_1_290' title='bbox 1407 5047 1528 5087; x_wconf 89' lang='lat' dir='ltr'><strong>cum</strong></span> <span class='ocrx_word' id='word_1_291' title='bbox 1559 5040 1612 5087; x_wconf 89' lang='lat' dir='ltr'><strong>et</strong></span> <span class='ocrx_word' id='word_1_292' title='bbox 1656 5031 1954 5086; x_wconf 82' lang='lat' dir='ltr'><strong>Isaurorum</strong></span> <span class='ocrx_word' id='word_1_293' title='bbox 1998 5041 2172 5087; x_wconf 90' lang='lat' dir='ltr'><strong>metus</strong></span> <span class='ocrx_word' id='word_1_294' title='bbox 2212 5047 2310 5087; x_wconf 91' lang='lat' dir='ltr'><strong>nos</strong></span> 
     </span>
    </p>
   </div>
   <div class='ocr_carea' id='block_1_40' title="bbox 744 5122 2310 5198">
    <p class='ocr_par' dir='ltr' id='par_1_40' title="bbox 744 5122 2310 5198">
     <span class='ocr_line' id='line_1_40' title="bbox 744 5122 2310 5198; baseline -0.004 -14"><span class='ocrx_word' id='word_1_295' title='bbox 744 5128 976 5198; x_wconf 87' lang='lat' dir='ltr'><strong>undique</strong></span> <span class='ocrx_word' id='word_1_296' title='bbox 998 5134 1302 5198; x_wconf 88' lang='lat' dir='ltr'><strong>premeret,</strong></span> <span class='ocrx_word' id='word_1_297' title='bbox 1332 5131 1388 5179; x_wconf 89' lang='lat' dir='ltr'><strong>et</strong></span> <span class='ocrx_word' id='word_1_298' title='bbox 1413 5139 1532 5177; x_wconf 91' lang='lat' dir='ltr'><strong>cum</strong></span> <span class='ocrx_word' id='word_1_299' title='bbox 1563 5122 1907 5178; x_wconf 79' lang='lat' dir='ltr'><strong>intolerandis</strong></span> <span class='ocrx_word' id='word_1_300' title='bbox 1933 5123 2166 5179; x_wconf 87' lang='lat' dir='ltr'><strong>febribus</strong></span> <span class='ocrx_word' id='word_1_301' title='bbox 2194 5131 2310 5180; x_wconf 90' lang='lat' dir='ltr'><strong>col-</strong></span> 
     </span>
    </p>
   </div>
   <div class='ocr_carea' id='block_1_41' title="bbox 744 5216 2310 5286">
    <p class='ocr_par' dir='ltr' id='par_1_41' title="bbox 744 5216 2310 5286">
     <span class='ocr_line' id='line_1_41' title="bbox 744 5216 2310 5286; baseline -0.003 -11"><span class='ocrx_word' id='word_1_302' title='bbox 744 5221 1084 5286; x_wconf 89' lang='lat' dir='ltr'><strong>luctaremur,</strong></span> <span class='ocrx_word' id='word_1_303' title='bbox 1111 5219 1374 5274; x_wconf 86' lang='lat' dir='ltr'><strong>Cucusum</strong></span> <span class='ocrx_word' id='word_1_304' title='bbox 1407 5217 1569 5271; x_wconf 87' lang='lat' dir='ltr'><strong>totius</strong></span> <span class='ocrx_word' id='word_1_305' title='bbox 1596 5216 1738 5270; x_wconf 87' lang='lat' dir='ltr'><strong>orbis</strong></span> <span class='ocrx_word' id='word_1_306' title='bbox 1765 5225 2024 5272; x_wconf 87' lang='lat' dir='ltr'><strong>terrarum</strong></span> <span class='ocrx_word' id='word_1_307' title='bbox 2054 5217 2310 5273; x_wconf 79' lang='lat' dir='ltr'><strong>desertis-</strong></span> 
     </span>
    </p>
   </div>
   <div class='ocr_carea' id='block_1_42' title="bbox 744 5308 2313 5379">
    <p class='ocr_par' dir='ltr' id='par_1_42' title="bbox 744 5308 2313 5379">
     <span class='ocr_line' id='line_1_42' title="bbox 744 5308 2313 5379; baseline 0 -12"><span class='ocrx_word' id='word_1_308' title='bbox 744 5311 938 5367; x_wconf 87' lang='lat' dir='ltr'><strong>simum</strong></span> <span class='ocrx_word' id='word_1_309' title='bbox 961 5311 1132 5366; x_wconf 91' lang='lat' dir='ltr'><strong>locum</strong></span> <span class='ocrx_word' id='word_1_310' title='bbox 1161 5309 1370 5364; x_wconf 81' lang='lat' dir='ltr'><strong>tandem</strong></span> <span class='ocrx_word' id='word_1_311' title='bbox 1401 5308 1683 5379; x_wconf 84' lang='lat' dir='ltr'><strong>aliquando</strong></span> <span class='ocrx_word' id='word_1_312' title='bbox 1711 5309 2066 5378; x_wconf 85' lang='lat' dir='ltr'><strong>pervenimus.</strong></span> <span class='ocrx_word' id='word_1_313' title='bbox 2109 5311 2174 5366; x_wconf 82' lang='lat' dir='ltr'><strong>Et</strong></span> <span class='ocrx_word' id='word_1_314' title='bbox 2198 5311 2313 5368; x_wconf 66' lang='lat' dir='ltr'><strong>hac</strong></span> 
     </span>
    </p>
   </div>
   <div class='ocr_carea' id='block_1_43' title="bbox 812 5505 2312 5578">
    <p class='ocr_par' dir='ltr' id='par_1_43' title="bbox 812 5505 2312 5578">
     <span class='ocr_line' id='line_1_43' title="bbox 812 5505 2312 5578; baseline 0 0"><span class='ocrx_word' id='word_1_315' title='bbox 812 5511 829 5543; x_wconf 85' lang='grc'><strong>¹</strong></span> <span class='ocrx_word' id='word_1_316' title='bbox 862 5516 1000 5578; x_wconf 59' lang='grc' dir='ltr'><strong>’ωε-ν</strong></span> <span class='ocrx_word' id='word_1_317' title='bbox 1235 5521 1337 5570; x_wconf 70' lang='grc' dir='ltr'><strong>υτον</strong></span> <span class='ocrx_word' id='word_1_318' title='bbox 1376 5519 1551 5578; x_wconf 68' lang='grc' dir='ltr'><strong>οπως</strong></span> <span class='ocrx_word' id='word_1_319' title='bbox 1583 5505 1728 5578; x_wconf 26' lang='grc' dir='ltr'><strong>ίιιιίηι</strong></span> <span class='ocrx_word' id='word_1_320' title='bbox 2207 5521 2312 5578; x_wconf 59' lang='lat' dir='ltr'><strong>Pro»</strong></span> 
     </span>
    </p>
   </div>
   <div class='ocr_carea' id='block_1_44' title="bbox 747 5521 2313 5634">
    <p class='ocr_par' dir='ltr' id='par_1_44' title="bbox 747 5521 2313 5634">
     <span class='ocr_line' id='line_1_44' title="bbox 812 5521 2312 5619; baseline -0.002 -61"><span class='ocrx_word' id='word_1_321' title='bbox 812 5521 829 5543; x_wconf 81' lang='grc' dir='ltr'><strong>ι</strong></span> <span class='ocrx_word' id='word_1_322' title='bbox 862 5521 892 5558; x_wconf 85' lang='lat' dir='ltr'><strong>Il</strong></span> <span class='ocrx_word' id='word_1_323' title='bbox 966 5543 1000 5569; x_wconf 94' lang='lat'><strong>.,</strong></span> <span class='ocrx_word' id='word_1_324' title='bbox 1023 5521 1337 5619; x_wconf 49' lang='lat' dir='ltr'><strong>matiam,</strong></span> <span class='ocrx_word' id='word_1_325' title='bbox 1376 5521 1551 5578; x_wconf 57' lang='lat' dir='ltr'><strong>mes.</strong></span> <span class='ocrx_word' id='word_1_326' title='bbox 1591 5521 1728 5563; x_wconf 80' lang='lat' dir='ltr'><strong>Intra.</strong></span> <span class='ocrx_word' id='word_1_327' title='bbox 1770 5521 2171 5577; x_wconf 68' lang='lat' dir='ltr'><strong>permagnum,</strong></span> <span class='ocrx_word' id='word_1_328' title='bbox 2207 5521 2312 5580; x_wconf 75' lang='lat' dir='ltr'><strong>pro,</strong></span> 
     </span>
     <span class='ocr_line' id='line_1_45' title="bbox 747 5521 2313 5634; baseline 0.001 -18"><span class='ocrx_word' id='word_1_329' title='bbox 747 5521 1119 5634; x_wconf 42' lang='lat' dir='ltr'><strong>peruagantur</strong></span> <span class='ocrx_word' id='word_1_330' title='bbox 1045 5631 1054 5634; x_wconf 26' lang='grc' dir='ltr'><strong>Α</strong></span> <span class='ocrx_word' id='word_1_331' title='bbox 1126 5604 1137 5616; x_wconf 94' lang='grc'><strong>.</strong></span> <span class='ocrx_word' id='word_1_332' title='bbox 1304 5582 1450 5634; x_wconf 85' lang='lat' dir='ltr'><strong>porro</strong></span> <span class='ocrx_word' id='word_1_333' title='bbox 1473 5568 1767 5634; x_wconf 71' lang='lat' dir='ltr'><strong>epistolaad</strong></span> <span class='ocrx_word' id='word_1_334' title='bbox 1808 5567 2113 5634; x_wconf 64' lang='lat' dir='ltr'><strong>Porpbynam</strong></span> <span class='ocrx_word' id='word_1_335' title='bbox 2153 5578 2313 5634; x_wconf 76' lang='lat' dir='ltr'><strong>Antio-</strong></span> 
     </span>
    </p>
   </div>
   <div class='ocr_carea' id='block_1_45' title="bbox 746 5626 2314 5692">
    <p class='ocr_par' dir='ltr' id='par_1_45' title="bbox 746 5626 2314 5692">
     <span class='ocr_line' id='line_1_46' title="bbox 746 5626 2314 5692; baseline -0.001 -11"><span class='ocrx_word' id='word_1_336' title='bbox 746 5626 1254 5692; x_wconf 61' lang='lat' dir='ltr'><strong>chenum&#39;episeopum</strong></span> <span class='ocrx_word' id='word_1_337' title='bbox 1288 5626 1419 5692; x_wconf 70' lang='lat' dir='ltr'><strong>data</strong></span> <span class='ocrx_word' id='word_1_338' title='bbox 1437 5626 1531 5688; x_wconf 71' lang='lat' dir='ltr'><strong>est,</strong></span> <span class='ocrx_word' id='word_1_339' title='bbox 1555 5631 1636 5692; x_wconf 88' lang='lat' dir='ltr'><strong>qui</strong></span> <span class='ocrx_word' id='word_1_340' title='bbox 1659 5626 2125 5692; x_wconf 26' lang='lat' dir='ltr'><strong>defuncto‘lflaviano</strong></span> <span class='ocrx_word' id='word_1_341' title='bbox 2143 5630 2314 5692; x_wconf 77' lang='lat' dir='ltr'><strong>sedem</strong></span> 
     </span>
    </p>
   </div>
   <div class='ocr_carea' id='block_1_46' title="bbox 748 5689 2313 5802">
    <p class='ocr_par' dir='ltr' id='par_1_46' title="bbox 748 5690 2313 5802">
     <span class='ocr_line' id='line_1_47' title="bbox 748 5690 2313 5802; baseline 0.002 -62"><span class='ocrx_word' id='word_1_342' title='bbox 748 5691 1088 5802; x_wconf 47' lang='grc' dir='ltr'><strong>ἑιὲιικίὼωιω</strong></span> <span class='ocrx_word' id='word_1_343' title='bbox 1111 5700 1368 5800; x_wconf 67' lang='lat' dir='ltr'><strong>invaserat,</strong></span> <span class='ocrx_word' id='word_1_344' title='bbox 1388 5697 1441 5743; x_wconf 88' lang='lat' dir='ltr'><strong>et</strong></span> <span class='ocrx_word' id='word_1_345' title='bbox 1460 5692 1590 5742; x_wconf 82' lang='lat' dir='ltr'><strong>inter</strong></span> <span class='ocrx_word' id='word_1_346' title='bbox 1611 5703 1871 5742; x_wconf 73' lang='lat' dir='ltr'><strong>acerrimos</strong></span> <span class='ocrx_word' id='word_1_347' title='bbox 1887 5690 2202 5754; x_wconf 78' lang='lat' dir='ltr'><strong>Chrysostomi</strong></span> <span class='ocrx_word' id='word_1_348' title='bbox 2224 5691 2313 5743; x_wconf 83' lang='lat' dir='ltr'><strong>bo-</strong></span> 
     </span>
    </p>
   </div>
   <div class='ocr_carea' id='block_1_47' title="bbox 750 5812 2317 5936">
    <p class='ocr_par' dir='ltr' id='par_1_47' title="bbox 750 5812 2317 5936">
     <span class='ocr_line' id='line_1_48' title="bbox 750 5812 2317 5936; baseline -0.001 -67"><span class='ocrx_word' id='word_1_349' title='bbox 750 5868 789 5925; x_wconf 61' lang='lat' dir='ltr'><strong>L</strong></span> <span class='ocrx_word' id='word_1_350' title='bbox 804 5812 1068 5936; x_wconf 42' lang='lat' dir='ltr'><strong>sui”?</strong></span> <span class='ocrx_word' id='word_1_351' title='bbox 1091 5814 1310 5880; x_wconf 77' lang='lat' dir='ltr'><strong>cpistola:</strong></span> <span class='ocrx_word' id='word_1_352' title='bbox 1354 5823 1540 5880; x_wconf 86' lang='lat' dir='ltr'><strong>partum</strong></span> <span class='ocrx_word' id='word_1_353' title='bbox 1582 5814 1736 5866; x_wconf 82' lang='lat' dir='ltr'><strong>refert</strong></span> <span class='ocrx_word' id='word_1_354' title='bbox 1776 5812 2065 5877; x_wconf 67' lang='lat' dir='ltr'><strong>Nicephorus</strong></span> <span class='ocrx_word' id='word_1_355' title='bbox 2100 5813 2317 5867; x_wconf 85' lang='lat' dir='ltr'><strong>Callistus</strong></span> 
     </span>
    </p>
   </div>
   <div class='ocr_carea' id='block_1_48' title="bbox 1433 432 3262 528">
    <p class='ocr_par' dir='ltr' id='par_1_48' title="bbox 1433 432 3262 528">
     <span class='ocr_line' id='line_1_49' title="bbox 1433 432 3262 528; baseline -0.02 -1"><span class='ocrx_word' id='word_1_356' title='bbox 1433 469 1492 528; x_wconf 72' lang='grc' dir='ltr'><strong>Β.</strong></span> <span class='ocrx_word' id='word_1_357' title='bbox 1531 458 1814 524; x_wconf 70' lang='grc' dir='ltr'><strong>ιοΑΝιιιε</strong></span> <span class='ocrx_word' id='word_1_358' title='bbox 1847 443 2325 514; x_wconf 69' lang='grc' dir='ltr'><strong>(ςιιιιῖδοετοιι</strong></span> <span class='ocrx_word' id='word_1_359' title='bbox 2365 437 2683 498; x_wconf 72' lang='grc' dir='ltr'><strong>ΔΒΩΗΙΕΡ.</strong></span> <span class='ocrx_word' id='word_1_360' title='bbox 2721 432 3262 497; x_wconf 65' lang='lat' dir='ltr'><strong>CONSTANTINOP.</strong></span> 
     </span>
    </p>
   </div>
   <div class='ocr_carea' id='block_1_49' title="bbox 3874 429 3978 488">
    <p class='ocr_par' dir='ltr' id='par_1_49' title="bbox 3874 429 3978 488">
     <span class='ocr_line' id='line_1_50' title="bbox 3874 429 3978 488; baseline -0.029 0"><span class='ocrx_word' id='word_1_361' title='bbox 3874 429 3978 488; x_wconf 66' lang='lat' dir='ltr'><strong>1N</strong></span> 
     </span>
    </p>
   </div>
   <div class='ocr_carea' id='block_1_50' title="bbox 2401 539 3991 625">
    <p class='ocr_par' dir='ltr' id='par_1_50' title="bbox 2401 539 3991 625">
     <span class='ocr_line' id='line_1_51' title="bbox 2401 539 3991 625; baseline -0.011 -15"><span class='ocrx_word' id='word_1_362' title='bbox 2401 554 2959 625; x_wconf 86' lang='lat' dir='ltr'><strong>dicononrogansut</strong></span> <span class='ocrx_word' id='word_1_363' title='bbox 2997 547 3204 605; x_wconf 86' lang='lat' dir='ltr'><strong>molesti</strong></span> <span class='ocrx_word' id='word_1_364' title='bbox 3235 543 3508 611; x_wconf 82' lang='lat' dir='ltr'><strong>ullisitis,</strong></span> <span class='ocrx_word' id='word_1_365' title='bbox 3545 557 3612 600; x_wconf 87' lang='lat' dir='ltr'><strong>ae</strong></span> <span class='ocrx_word' id='word_1_366' title='bbox 3656 539 3879 615; x_wconf 82' lang='lat' dir='ltr'><strong>petatis.</strong></span> <span class='ocrx_word' id='word_1_367' title='bbox 3934 550 3991 594; x_wconf 89' lang='lat' dir='ltr'><strong>t</strong></span> 
     </span>
    </p>
   </div>
   <div class='ocr_carea' id='block_1_51' title="bbox 2401 633 3976 711">
    <p class='ocr_par' dir='ltr' id='par_1_51' title="bbox 2401 633 3976 711">
     <span class='ocr_line' id='line_1_52' title="bbox 2401 633 3976 711; baseline -0.01 -11"><span class='ocrx_word' id='word_1_368' title='bbox 2401 646 2525 702; x_wconf 84' lang='lat' dir='ltr'><strong>hinc</strong></span> <span class='ocrx_word' id='word_1_369' title='bbox 2547 641 2931 700; x_wconf 75' lang='lat' dir='ltr'><strong>transferantur</strong></span> <span class='ocrx_word' id='word_1_370' title='bbox 2961 658 2976 694; x_wconf 88' lang='lat'><strong>:</strong></span> <span class='ocrx_word' id='word_1_371' title='bbox 2998 638 3140 711; x_wconf 83' lang='lat' dir='ltr'><strong>quod</strong></span> <span class='ocrx_word' id='word_1_372' title='bbox 3165 639 3308 695; x_wconf 90' lang='lat' dir='ltr'><strong>enim</strong></span> <span class='ocrx_word' id='word_1_373' title='bbox 3337 645 3455 694; x_wconf 86' lang='lat' dir='ltr'><strong>erat</strong></span> <span class='ocrx_word' id='word_1_374' title='bbox 3478 635 3852 707; x_wconf 83' lang='lat' dir='ltr'><strong>gravissimum</strong></span> <span class='ocrx_word' id='word_1_375' title='bbox 3867 633 3976 702; x_wconf 77' lang='lat' dir='ltr'><strong>jam</strong></span> 
     </span>
    </p>
   </div>
   <div class='ocr_carea' id='block_1_52' title="bbox 2401 724 3978 806">
    <p class='ocr_par' dir='ltr' id='par_1_52' title="bbox 2401 724 3978 806">
     <span class='ocr_line' id='line_1_53' title="bbox 2401 724 3978 806; baseline -0.008 -14"><span class='ocrx_word' id='word_1_376' title='bbox 2401 733 2734 806; x_wconf 88' lang='lat' dir='ltr'><strong>pertulimus,</strong></span> <span class='ocrx_word' id='word_1_377' title='bbox 2762 749 2956 804; x_wconf 87' lang='lat' dir='ltr'><strong>nempe</strong></span> <span class='ocrx_word' id='word_1_378' title='bbox 2985 733 3082 787; x_wconf 69' lang='lat' dir='ltr'><strong>via</strong></span> <span class='ocrx_word' id='word_1_379' title='bbox 3101 730 3400 786; x_wconf 88' lang='lat' dir='ltr'><strong>molestiam</strong></span> <span class='ocrx_word' id='word_1_380' title='bbox 3433 746 3448 784; x_wconf 91' lang='lat'><strong>:</strong></span> <span class='ocrx_word' id='word_1_381' title='bbox 3478 726 3574 784; x_wconf 85' lang='lat' dir='ltr'><strong>sed</strong></span> <span class='ocrx_word' id='word_1_382' title='bbox 3605 725 3746 782; x_wconf 83' lang='lat' dir='ltr'><strong>banc</strong></span> <span class='ocrx_word' id='word_1_383' title='bbox 3772 740 3804 778; x_wconf 93' lang='lat' dir='ltr'><strong>a</strong></span> <span class='ocrx_word' id='word_1_384' title='bbox 3829 724 3978 780; x_wconf 59' lang='grc' dir='ltr'><strong>νοω</strong></span> 
     </span>
    </p>
   </div>
   <div class='ocr_carea' id='block_1_53' title="bbox 2401 817 3978 897">
    <p class='ocr_par' dir='ltr' id='par_1_53' title="bbox 2401 817 3978 897">
     <span class='ocr_line' id='line_1_54' title="bbox 2401 817 3978 897; baseline -0.008 -15"><span class='ocrx_word' id='word_1_385' title='bbox 2401 837 2524 897; x_wconf 89' lang='lat' dir='ltr'><strong>peto</strong></span> <span class='ocrx_word' id='word_1_386' title='bbox 2565 825 2787 896; x_wconf 91' lang='lat' dir='ltr'><strong>gratiam</strong></span> <span class='ocrx_word' id='word_1_387' title='bbox 2812 865 2828 889; x_wconf 90' lang='lat'><strong>,</strong></span> <span class='ocrx_word' id='word_1_388' title='bbox 2862 833 2918 878; x_wconf 92' lang='lat' dir='ltr'><strong>ut</strong></span> <span class='ocrx_word' id='word_1_389' title='bbox 2965 821 3032 877; x_wconf 91' lang='lat' dir='ltr'><strong>ad</strong></span> <span class='ocrx_word' id='word_1_390' title='bbox 3078 836 3178 876; x_wconf 90' lang='lat' dir='ltr'><strong>nos</strong></span> <span class='ocrx_word' id='word_1_391' title='bbox 3224 819 3438 875; x_wconf 87' lang='lat' dir='ltr'><strong>assidue</strong></span> <span class='ocrx_word' id='word_1_392' title='bbox 3483 817 3755 881; x_wconf 86' lang='lat' dir='ltr'><strong>scribatis,</strong></span> <span class='ocrx_word' id='word_1_393' title='bbox 3809 829 3978 885; x_wconf 76' lang='lat' dir='ltr'><strong>neque</strong></span> 
     </span>
    </p>
   </div>
   <div class='ocr_carea' id='block_1_54' title="bbox 2401 907 3976 988">
    <p class='ocr_par' dir='ltr' id='par_1_54' title="bbox 2401 907 3976 988">
     <span class='ocr_line' id='line_1_55' title="bbox 2401 907 3976 988; baseline -0.008 -14"><span class='ocrx_word' id='word_1_394' title='bbox 2401 928 2680 988; x_wconf 88' lang='lat' dir='ltr'><strong>propterea</strong></span> <span class='ocrx_word' id='word_1_395' title='bbox 2705 915 2844 986; x_wconf 91' lang='lat' dir='ltr'><strong>quod</strong></span> <span class='ocrx_word' id='word_1_396' title='bbox 2860 914 3067 985; x_wconf 87' lang='lat' dir='ltr'><strong>longius</strong></span> <span class='ocrx_word' id='word_1_397' title='bbox 3093 928 3124 966; x_wconf 94' lang='lat' dir='ltr'><strong>a</strong></span> <span class='ocrx_word' id='word_1_398' title='bbox 3151 912 3299 967; x_wconf 87' lang='lat' dir='ltr'><strong>vobis</strong></span> <span class='ocrx_word' id='word_1_399' title='bbox 3319 910 3533 982; x_wconf 81' lang='lat' dir='ltr'><strong>relegati</strong></span> <span class='ocrx_word' id='word_1_400' title='bbox 3553 923 3762 974; x_wconf 86' lang='lat' dir='ltr'><strong>sumus,</strong></span> <span class='ocrx_word' id='word_1_401' title='bbox 3782 907 3976 963; x_wconf 80' lang='lat' dir='ltr'><strong>idcirco</strong></span> 
     </span>
    </p>
   </div>
   <div class='ocr_carea' id='block_1_55' title="bbox 2400 1001 3974 1076">
    <p class='ocr_par' dir='ltr' id='par_1_55' title="bbox 2400 1001 3974 1076">
     <span class='ocr_line' id='line_1_56' title="bbox 2400 1001 3974 1076; baseline -0.008 -9"><span class='ocrx_word' id='word_1_402' title='bbox 2400 1028 2497 1068; x_wconf 92' lang='lat' dir='ltr'><strong>nos</strong></span> <span class='ocrx_word' id='word_1_403' title='bbox 2523 1011 2624 1066; x_wconf 89' lang='lat' dir='ltr'><strong>ista</strong></span> <span class='ocrx_word' id='word_1_404' title='bbox 2640 1007 3006 1064; x_wconf 87' lang='lat' dir='ltr'><strong>consolatione</strong></span> <span class='ocrx_word' id='word_1_405' title='bbox 3032 1004 3268 1076; x_wconf 90' lang='lat' dir='ltr'><strong>privetis.</strong></span> <span class='ocrx_word' id='word_1_406' title='bbox 3300 1001 3460 1059; x_wconf 84' lang='lat' dir='ltr'><strong>Scitis</strong></span> <span class='ocrx_word' id='word_1_407' title='bbox 3485 1001 3630 1056; x_wconf 89' lang='lat' dir='ltr'><strong>enim</strong></span> <span class='ocrx_word' id='word_1_408' title='bbox 3660 1009 3862 1070; x_wconf 85' lang='lat' dir='ltr'><strong>quanto</strong></span> <span class='ocrx_word' id='word_1_409' title='bbox 3881 1012 3974 1054; x_wconf 87' lang='lat' dir='ltr'><strong>nos</strong></span> 
     </span>
    </p>
   </div>
   <div class='ocr_carea' id='block_1_56' title="bbox 2400 1091 3974 1168">
    <p class='ocr_par' dir='ltr' id='par_1_56' title="bbox 2400 1091 3974 1168">
     <span class='ocr_line' id='line_1_57' title="bbox 2400 1091 3974 1168; baseline -0.01 -9"><span class='ocrx_word' id='word_1_410' title='bbox 2400 1102 2540 1159; x_wconf 78' lang='lat' dir='ltr'><strong>istud</strong></span> <span class='ocrx_word' id='word_1_411' title='bbox 2559 1102 2748 1157; x_wconf 82' lang='lat' dir='ltr'><strong>solatio</strong></span> <span class='ocrx_word' id='word_1_412' title='bbox 2794 1100 2950 1165; x_wconf 88' lang='lat' dir='ltr'><strong>levet,</strong></span> <span class='ocrx_word' id='word_1_413' title='bbox 2981 1095 3319 1168; x_wconf 88' lang='lat' dir='ltr'><strong>quantumvis</strong></span> <span class='ocrx_word' id='word_1_414' title='bbox 3361 1091 3545 1148; x_wconf 71' lang='lat' dir='ltr'><strong>alﬂicti</strong></span> <span class='ocrx_word' id='word_1_415' title='bbox 3569 1091 3740 1146; x_wconf 89' lang='lat' dir='ltr'><strong>simus</strong></span> <span class='ocrx_word' id='word_1_416' title='bbox 3758 1101 3815 1145; x_wconf 85' lang='lat' dir='ltr'><strong>et</strong></span> <span class='ocrx_word' id='word_1_417' title='bbox 3836 1105 3974 1144; x_wconf 68' lang='lat' dir='ltr'><strong>crn-</strong></span> 
     </span>
    </p>
   </div>
   <div class='ocr_carea' id='block_1_57' title="bbox 2399 1183 3974 1258">
    <p class='ocr_par' dir='ltr' id='par_1_57' title="bbox 2399 1183 3974 1258">
     <span class='ocr_line' id='line_1_58' title="bbox 2399 1183 3974 1258; baseline -0.011 -7"><span class='ocrx_word' id='word_1_418' title='bbox 2399 1196 2539 1250; x_wconf 90' lang='lat' dir='ltr'><strong>mnis</strong></span> <span class='ocrx_word' id='word_1_419' title='bbox 2559 1191 2785 1258; x_wconf 81' lang='lat' dir='ltr'><strong>obsessi,</strong></span> <span class='ocrx_word' id='word_1_420' title='bbox 2806 1206 2928 1246; x_wconf 91' lang='lat' dir='ltr'><strong>cum</strong></span> <span class='ocrx_word' id='word_1_421' title='bbox 2957 1189 3026 1245; x_wconf 89' lang='lat' dir='ltr'><strong>de</strong></span> <span class='ocrx_word' id='word_1_422' title='bbox 3043 1185 3344 1243; x_wconf 88' lang='lat' dir='ltr'><strong>valetudine</strong></span> <span class='ocrx_word' id='word_1_423' title='bbox 3366 1191 3540 1239; x_wconf 86' lang='lat' dir='ltr'><strong>vestra</strong></span> <span class='ocrx_word' id='word_1_424' title='bbox 3566 1183 3974 1238; x_wconf 72' lang='lat' dir='ltr'><strong>amicorum-o-</strong></span> 
     </span>
    </p>
   </div>
   <div class='ocr_carea' id='block_1_58' title="bbox 2397 1273 3973 1359">
    <p class='ocr_par' dir='ltr' id='par_1_58' title="bbox 2397 1273 3973 1359">
     <span class='ocr_line' id='line_1_59' title="bbox 2397 1273 3973 1359; baseline -0.01 -18"><span class='ocrx_word' id='word_1_425' title='bbox 2397 1295 2628 1349; x_wconf 86' lang='lat' dir='ltr'><strong>strorum</strong></span> <span class='ocrx_word' id='word_1_426' title='bbox 2657 1284 2915 1340; x_wconf 88' lang='lat' dir='ltr'><strong>certiores</strong></span> <span class='ocrx_word' id='word_1_427' title='bbox 2937 1281 3059 1359; x_wconf 69' lang='lat' dir='ltr'><strong>neri</strong></span> <span class='ocrx_word' id='word_1_428' title='bbox 3100 1290 3386 1350; x_wconf 82' lang='lat' dir='ltr'><strong>possumus</strong></span> <span class='ocrx_word' id='word_1_429' title='bbox 3408 1317 3425 1343; x_wconf 97' lang='lat'><strong>,</strong></span> <span class='ocrx_word' id='word_1_430' title='bbox 3465 1290 3530 1330; x_wconf 94' lang='lat' dir='ltr'><strong>ac</strong></span> <span class='ocrx_word' id='word_1_431' title='bbox 3565 1289 3664 1330; x_wconf 84' lang='lat' dir='ltr'><strong>vos</strong></span> <span class='ocrx_word' id='word_1_432' title='bbox 3691 1273 3892 1328; x_wconf 82' lang='lat' dir='ltr'><strong>hilares</strong></span> <span class='ocrx_word' id='word_1_433' title='bbox 3924 1280 3973 1327; x_wconf 88' lang='lat' dir='ltr'><strong>et</strong></span> 
     </span>
    </p>
   </div>
   <div class='ocr_carea' id='block_1_59' title="bbox 2399 1366 3972 1444">
    <p class='ocr_par' dir='ltr' id='par_1_59' title="bbox 2399 1366 3972 1444">
     <span class='ocr_line' id='line_1_60' title="bbox 2399 1366 3972 1444; baseline -0.01 -10"><span class='ocrx_word' id='word_1_434' title='bbox 2399 1378 2694 1434; x_wconf 88' lang='lat' dir='ltr'><strong>incolumes</strong></span> <span class='ocrx_word' id='word_1_435' title='bbox 2721 1390 2863 1442; x_wconf 86' lang='lat' dir='ltr'><strong>esse,</strong></span> <span class='ocrx_word' id='word_1_436' title='bbox 2892 1387 2956 1430; x_wconf 91' lang='lat' dir='ltr'><strong>ac</strong></span> <span class='ocrx_word' id='word_1_437' title='bbox 2974 1372 3130 1444; x_wconf 86' lang='lat' dir='ltr'><strong>plane</strong></span> <span class='ocrx_word' id='word_1_438' title='bbox 3156 1383 3396 1426; x_wconf 86' lang='lat' dir='ltr'><strong>securos.</strong></span> <span class='ocrx_word' id='word_1_439' title='bbox 3419 1367 3490 1425; x_wconf 85' lang='lat' dir='ltr'><strong>Ut</strong></span> <span class='ocrx_word' id='word_1_440' title='bbox 3521 1367 3684 1438; x_wconf 88' lang='lat' dir='ltr'><strong>igitur</strong></span> <span class='ocrx_word' id='word_1_441' title='bbox 3709 1366 3834 1421; x_wconf 83' lang='lat' dir='ltr'><strong>hinc</strong></span> <span class='ocrx_word' id='word_1_442' title='bbox 3871 1380 3972 1419; x_wconf 82' lang='lat' dir='ltr'><strong>non</strong></span> 
     </span>
    </p>
   </div>
   <div class='ocr_carea' id='block_1_60' title="bbox 2398 1457 3974 1538">
    <p class='ocr_par' dir='ltr' id='par_1_60' title="bbox 2398 1457 3974 1538">
     <span class='ocr_line' id='line_1_61' title="bbox 2398 1457 3974 1538; baseline -0.008 -12"><span class='ocrx_word' id='word_1_443' title='bbox 2398 1469 2718 1526; x_wconf 89' lang='lat' dir='ltr'><strong>mediocrem</strong></span> <span class='ocrx_word' id='word_1_444' title='bbox 2736 1468 2999 1538; x_wconf 86' lang='lat' dir='ltr'><strong>possimus</strong></span> <span class='ocrx_word' id='word_1_445' title='bbox 3014 1478 3236 1534; x_wconf 85' lang='lat' dir='ltr'><strong>carpere</strong></span> <span class='ocrx_word' id='word_1_446' title='bbox 3255 1462 3596 1532; x_wconf 83' lang='lat' dir='ltr'><strong>voluptatem,</strong></span> <span class='ocrx_word' id='word_1_447' title='bbox 3614 1458 3685 1515; x_wconf 84' lang='lat' dir='ltr'><strong>de</strong></span> <span class='ocrx_word' id='word_1_448' title='bbox 3701 1458 3785 1514; x_wconf 90' lang='lat' dir='ltr'><strong>bis</strong></span> <span class='ocrx_word' id='word_1_449' title='bbox 3798 1457 3866 1513; x_wconf 89' lang='lat' dir='ltr'><strong>ad</strong></span> <span class='ocrx_word' id='word_1_450' title='bbox 3882 1471 3974 1514; x_wconf 87' lang='lat' dir='ltr'><strong>nos</strong></span> 
     </span>
    </p>
   </div>
   <div class='ocr_carea' id='block_1_61' title="bbox 2396 1547 3973 1618">
    <p class='ocr_par' dir='ltr' id='par_1_61' title="bbox 2396 1547 3973 1618">
     <span class='ocr_line' id='line_1_62' title="bbox 2396 1547 3973 1618; baseline -0.01 0"><span class='ocrx_word' id='word_1_451' title='bbox 2396 1561 2608 1618; x_wconf 89' lang='lat' dir='ltr'><strong>assidue</strong></span> <span class='ocrx_word' id='word_1_452' title='bbox 2626 1559 2818 1616; x_wconf 85' lang='lat' dir='ltr'><strong>scribe.</strong></span> <span class='ocrx_word' id='word_1_453' title='bbox 2843 1557 2960 1614; x_wconf 77' lang='lat' dir='ltr'><strong>Non</strong></span> <span class='ocrx_word' id='word_1_454' title='bbox 2979 1556 3122 1612; x_wconf 89' lang='lat' dir='ltr'><strong>enim</strong></span> <span class='ocrx_word' id='word_1_455' title='bbox 3150 1554 3336 1611; x_wconf 83' lang='lat' dir='ltr'><strong>leviter</strong></span> <span class='ocrx_word' id='word_1_456' title='bbox 3361 1567 3460 1608; x_wconf 92' lang='lat' dir='ltr'><strong>nos</strong></span> <span class='ocrx_word' id='word_1_457' title='bbox 3486 1550 3777 1614; x_wconf 73' lang='lat' dir='ltr'><strong>recreabis,</strong></span> <span class='ocrx_word' id='word_1_458' title='bbox 3805 1547 3900 1604; x_wconf 84' lang='lat' dir='ltr'><strong>sed</strong></span> <span class='ocrx_word' id='word_1_459' title='bbox 3922 1557 3973 1603; x_wconf 91' lang='lat' dir='ltr'><strong>et</strong></span> 
     </span>
    </p>
   </div>
   <div class='ocr_carea' id='block_1_62' title="bbox 2385 1640 3973 1726">
    <p class='ocr_par' dir='ltr' id='par_1_62' title="bbox 2385 1640 3973 1726">
     <span class='ocr_line' id='line_1_63' title="bbox 2385 1640 3973 1726; baseline -0.009 -17"><span class='ocrx_word' id='word_1_460' title='bbox 2385 1651 2597 1726; x_wconf 82' lang='lat' dir='ltr'><strong>ingenti</strong></span> <span class='ocrx_word' id='word_1_461' title='bbox 2617 1649 2811 1710; x_wconf 86' lang='lat' dir='ltr'><strong>solatio</strong></span> <span class='ocrx_word' id='word_1_462' title='bbox 2836 1649 3051 1704; x_wconf 70' lang='lat' dir='ltr'><strong>tcdium</strong></span> <span class='ocrx_word' id='word_1_463' title='bbox 3076 1655 3318 1709; x_wconf 84' lang='lat' dir='ltr'><strong>nostrum</strong></span> <span class='ocrx_word' id='word_1_464' title='bbox 3338 1644 3528 1711; x_wconf 87' lang='lat' dir='ltr'><strong>lenies,</strong></span> <span class='ocrx_word' id='word_1_465' title='bbox 3559 1657 3683 1698; x_wconf 83' lang='lat' dir='ltr'><strong>cum</strong></span> <span class='ocrx_word' id='word_1_466' title='bbox 3709 1655 3818 1697; x_wconf 89' lang='lat' dir='ltr'><strong>non</strong></span> <span class='ocrx_word' id='word_1_467' title='bbox 3838 1640 3973 1712; x_wconf 83' lang='lat' dir='ltr'><strong>igno-</strong></span> 
     </span>
    </p>
   </div>
   <div class='ocr_carea' id='block_1_63' title="bbox 2386 1736 3794 1815">
    <p class='ocr_par' dir='ltr' id='par_1_63' title="bbox 2386 1736 3794 1815">
     <span class='ocr_line' id='line_1_64' title="bbox 2386 1736 3794 1815; baseline -0.007 -14"><span class='ocrx_word' id='word_1_468' title='bbox 2386 1746 2503 1813; x_wconf 80' lang='lat' dir='ltr'><strong>&#39;res,</strong></span> <span class='ocrx_word' id='word_1_469' title='bbox 2531 1753 2784 1815; x_wconf 89' lang='lat' dir='ltr'><strong>quantum</strong></span> <span class='ocrx_word' id='word_1_470' title='bbox 2809 1742 2913 1798; x_wconf 90' lang='lat' dir='ltr'><strong>tuis</strong></span> <span class='ocrx_word' id='word_1_471' title='bbox 2939 1738 3234 1797; x_wconf 83' lang='lat' dir='ltr'><strong>commodis</strong></span> <span class='ocrx_word' id='word_1_472' title='bbox 3251 1737 3483 1810; x_wconf 85' lang='lat' dir='ltr'><strong>gaudere</strong></span> <span class='ocrx_word' id='word_1_473' title='bbox 3501 1736 3794 1793; x_wconf 87' lang='lat' dir='ltr'><strong>soleamus.</strong></span> 
     </span>
    </p>
   </div>
   <div class='ocr_carea' id='block_1_64' title="bbox 2398 1843 3972 2012">
    <p class='ocr_par' dir='ltr' id='par_1_64' title="bbox 2398 1843 3972 2012">
     <span class='ocr_line' id='line_1_65' title="bbox 2398 1843 3972 2012; baseline -0.008 -96"><span class='ocrx_word' id='word_1_474' title='bbox 2398 1855 2710 1916; x_wconf 72' lang='lat' dir='ltr'><strong>CCXXXV.</strong></span> <span class='ocrx_word' id='word_1_475' title='bbox 2752 1853 3042 1928; x_wconf 67' lang='lat' dir='ltr'><strong>Porphyric</strong></span> <span class='ocrx_word' id='word_1_476' title='bbox 3631 1843 3972 1921; x_wconf 57' lang='lat' dir='ltr'><strong>(sum</strong></span> 
     </span>
     <span class='ocr_line' id='line_1_66' title="bbox 3025 1958 3351 2006; baseline -0.009 -8"><span class='ocrx_word' id='word_1_477' title='bbox 3025 1958 3168 2006; x_wconf 79' lang='lat' dir='ltr'><strong>anno</strong></span> <span class='ocrx_word' id='word_1_478' title='bbox 3300 1983 3312 1995; x_wconf 94' lang='lat'><strong>.</strong></span> <span class='ocrx_word' id='word_1_479' title='bbox 3346 1999 3351 2005; x_wconf 58' lang='grc'>,</span> 
     </span>
    </p>
   </div>
   <div class='ocr_carea' id='block_1_65' title="bbox 3025 1958 3351 2006">
    <p class='ocr_par' dir='ltr' id='par_1_65' title="bbox 3025 1958 3351 2006">
     <span class='ocr_line' id='line_1_67' title="bbox 3025 1958 3351 2006; baseline -0.009 -8"><span class='ocrx_word' id='word_1_480' title='bbox 3025 1958 3168 2006; x_wconf 62' lang='grc'><strong>811110</strong></span> <span class='ocrx_word' id='word_1_481' title='bbox 3185 1958 3351 2006; x_wconf 57' lang='lat'><strong>‘00.)</strong></span> 
     </span>
    </p>
   </div>
   <div class='ocr_carea' id='block_1_66' title="bbox 2402 2196 3974 2316">
    <p class='ocr_par' dir='ltr' id='par_1_66' title="bbox 2402 2196 3974 2316">
     <span class='ocr_line' id='line_1_68' title="bbox 2402 2196 3974 2316; baseline -0.006 -13"><span class='ocrx_word' id='word_1_482' title='bbox 2563 2196 3435 2316; x_wconf 57' lang='grc' dir='ltr'><strong>ἶνξιωῖιῖιέιῖοῐέοἷῦῖέιζιῖιῖ</strong></span> <span class='ocrx_word' id='word_1_483' title='bbox 3446 2196 3778 2309; x_wconf 44' lang='lat' dir='ltr'><strong>suam</strong></span> <span class='ocrx_word' id='word_1_484' title='bbox 3801 2196 3974 2294; x_wconf 60' lang='grc' dir='ltr'><strong>σει..-</strong></span> 
     </span>
    </p>
   </div>
   <div class='ocr_carea' id='block_1_67' title="bbox 2279 2297 3974 2404">
    <p class='ocr_par' dir='ltr' id='par_1_67' title="bbox 2279 2297 3974 2404">
     <span class='ocr_line' id='line_1_69' title="bbox 2279 2297 3974 2404; baseline -0.006 -10"><span class='ocrx_word' id='word_1_485' title='bbox 2279 2343 2296 2369; x_wconf 87' lang='lat'><strong><em>&#39;</em></strong></span> <span class='ocrx_word' id='word_1_486' title='bbox 2566 2297 3083 2404; x_wconf 71' lang='lat' dir='ltr'><strong>causam</strong></span> <span class='ocrx_word' id='word_1_487' title='bbox 3111 2345 3210 2386; x_wconf 89' lang='lat' dir='ltr'><strong>nos</strong></span> <span class='ocrx_word' id='word_1_488' title='bbox 3236 2345 3467 2402; x_wconf 90' lang='lat' dir='ltr'><strong>quoque,</strong></span> <span class='ocrx_word' id='word_1_489' title='bbox 3494 2328 3623 2384; x_wconf 90' lang='lat' dir='ltr'><strong>licet</strong></span> <span class='ocrx_word' id='word_1_490' title='bbox 3643 2297 3831 2383; x_wconf 75' lang='lat' dir='ltr'><strong>morbo</strong></span> <span class='ocrx_word' id='word_1_491' title='bbox 3852 2343 3974 2384; x_wconf 85' lang='lat' dir='ltr'><strong>cor-</strong></span> 
     </span>
    </p>
   </div>
   <div class='ocr_carea' id='block_1_68' title="bbox 2402 2419 3977 2500">
    <p class='ocr_par' dir='ltr' id='par_1_68' title="bbox 2402 2419 3977 2500">
     <span class='ocr_line' id='line_1_70' title="bbox 2402 2419 3977 2500; baseline -0.006 -16"><span class='ocrx_word' id='word_1_492' title='bbox 2402 2428 2559 2500; x_wconf 86' lang='lat' dir='ltr'><strong>repti,</strong></span> <span class='ocrx_word' id='word_1_493' title='bbox 2589 2436 2751 2497; x_wconf 89' lang='lat' dir='ltr'><strong>atque</strong></span> <span class='ocrx_word' id='word_1_494' title='bbox 2776 2427 2828 2481; x_wconf 84' lang='lat' dir='ltr'><strong>in</strong></span> <span class='ocrx_word' id='word_1_495' title='bbox 2853 2426 3026 2482; x_wconf 90' lang='lat' dir='ltr'><strong>locum</strong></span> <span class='ocrx_word' id='word_1_496' title='bbox 3048 2423 3210 2486; x_wconf 82' lang='lat' dir='ltr'><strong>totius</strong></span> <span class='ocrx_word' id='word_1_497' title='bbox 3236 2422 3398 2492; x_wconf 79' lang='lat' dir='ltr'><strong>hujus</strong></span> <span class='ocrx_word' id='word_1_498' title='bbox 3422 2422 3590 2478; x_wconf 88' lang='lat' dir='ltr'><strong>nostri</strong></span> <span class='ocrx_word' id='word_1_499' title='bbox 3614 2419 3763 2476; x_wconf 75' lang='lat' dir='ltr'><strong>orbis</strong></span> <span class='ocrx_word' id='word_1_500' title='bbox 3797 2421 3977 2475; x_wconf 85' lang='lat' dir='ltr'><strong>deser-</strong></span> 
     </span>
    </p>
   </div>
   <div class='ocr_carea' id='block_1_69' title="bbox 2404 2511 3978 2579">
    <p class='ocr_par' dir='ltr' id='par_1_69' title="bbox 2404 2511 3978 2579">
     <span class='ocr_line' id='line_1_71' title="bbox 2404 2511 3978 2579; baseline -0.004 -6"><span class='ocrx_word' id='word_1_501' title='bbox 2404 2519 2664 2576; x_wconf 85' lang='lat' dir='ltr'><strong>tissimnm</strong></span> <span class='ocrx_word' id='word_1_502' title='bbox 2692 2515 2853 2578; x_wconf 82' lang='lat' dir='ltr'><strong>delati</strong></span> <span class='ocrx_word' id='word_1_503' title='bbox 2881 2514 3165 2579; x_wconf 87' lang='lat' dir='ltr'><strong>Cucusnm,</strong></span> <span class='ocrx_word' id='word_1_504' title='bbox 3192 2523 3253 2570; x_wconf 86' lang='lat' dir='ltr'><strong>et</strong></span> <span class='ocrx_word' id='word_1_505' title='bbox 3267 2513 3579 2570; x_wconf 78' lang='lat' dir='ltr'><strong>Isaurorum.</strong></span> <span class='ocrx_word' id='word_1_506' title='bbox 3592 2511 3978 2568; x_wconf 73' lang='lat' dir='ltr'><strong>incursionibus</strong></span> 
     </span>
    </p>
   </div>
   <div class='ocr_carea' id='block_1_70' title="bbox 2399 2603 3977 2674">
    <p class='ocr_par' dir='ltr' id='par_1_70' title="bbox 2399 2603 3977 2674">
     <span class='ocr_line' id='line_1_72' title="bbox 2399 2603 3977 2674; baseline -0.007 -6"><span class='ocrx_word' id='word_1_507' title='bbox 2399 2608 2774 2674; x_wconf 69' lang='lat' dir='ltr'><strong>circumsessi,</strong></span> <span class='ocrx_word' id='word_1_508' title='bbox 2795 2621 2858 2663; x_wconf 89' lang='lat' dir='ltr'><strong>ac</strong></span> <span class='ocrx_word' id='word_1_509' title='bbox 2881 2607 3064 2662; x_wconf 86' lang='lat' dir='ltr'><strong>multis</strong></span> <span class='ocrx_word' id='word_1_510' title='bbox 3081 2605 3344 2661; x_wconf 62' lang='lat' dir='ltr'><strong>arumnis</strong></span> <span class='ocrx_word' id='word_1_511' title='bbox 3367 2603 3576 2670; x_wconf 78' lang='lat' dir='ltr'><strong>vexati,</strong></span> <span class='ocrx_word' id='word_1_512' title='bbox 3596 2613 3654 2661; x_wconf 83' lang='lat' dir='ltr'><strong>at</strong></span> <span class='ocrx_word' id='word_1_513' title='bbox 3678 2603 3977 2671; x_wconf 83' lang='lat' dir='ltr'><strong>scribimus,</strong></span> 
     </span>
    </p>
   </div>
   <div class='ocr_carea' id='block_1_71' title="bbox 2403 2695 3980 2768">
    <p class='ocr_par' dir='ltr' id='par_1_71' title="bbox 2403 2695 3980 2768">
     <span class='ocr_line' id='line_1_73' title="bbox 2403 2695 3980 2768; baseline -0.006 -9"><span class='ocrx_word' id='word_1_514' title='bbox 2403 2713 2459 2760; x_wconf 93' lang='lat' dir='ltr'><strong>et</strong></span> <span class='ocrx_word' id='word_1_515' title='bbox 2481 2703 2716 2758; x_wconf 86' lang='lat' dir='ltr'><strong>debitam</strong></span> <span class='ocrx_word' id='word_1_516' title='bbox 2745 2700 3114 2756; x_wconf 84' lang='lat' dir='ltr'><strong>salutationem</strong></span> <span class='ocrx_word' id='word_1_517' title='bbox 3142 2708 3240 2759; x_wconf 70' lang='lat' dir='ltr'><strong>tute</strong></span> <span class='ocrx_word' id='word_1_518' title='bbox 3261 2695 3444 2766; x_wconf 69' lang='lat' dir='ltr'><strong>pietati</strong></span> <span class='ocrx_word' id='word_1_519' title='bbox 3469 2695 3844 2768; x_wconf 74' lang='lat' dir='ltr'><strong>persolvimus,</strong></span> <span class='ocrx_word' id='word_1_520' title='bbox 3864 2709 3980 2750; x_wconf 79' lang='lat' dir='ltr'><strong>eue-</strong></span> 
     </span>
    </p>
   </div>
   <div class='ocr_carea' id='block_1_72' title="bbox 2403 2788 3981 2868">
    <p class='ocr_par' dir='ltr' id='par_1_72' title="bbox 2403 2788 3981 2868">
     <span class='ocr_line' id='line_1_74' title="bbox 2403 2788 3981 2868; baseline -0.011 -13"><span class='ocrx_word' id='word_1_521' title='bbox 2403 2812 2533 2868; x_wconf 85' lang='lat' dir='ltr'><strong>porc</strong></span> <span class='ocrx_word' id='word_1_522' title='bbox 2550 2795 2764 2868; x_wconf 84' lang='lat' dir='ltr'><strong>quidem</strong></span> <span class='ocrx_word' id='word_1_523' title='bbox 2783 2789 3142 2864; x_wconf 24' lang='lat' dir='ltr'><strong>sejuncti,,sed</strong></span> <span class='ocrx_word' id='word_1_524' title='bbox 3166 2790 3344 2845; x_wconf 88' lang='lat' dir='ltr'><strong>animo</strong></span> <span class='ocrx_word' id='word_1_525' title='bbox 3359 2788 3609 2858; x_wconf 83' lang='lat' dir='ltr'><strong>copulati,</strong></span> <span class='ocrx_word' id='word_1_526' title='bbox 3635 2801 3981 2859; x_wconf 74' lang='lat' dir='ltr'><strong>magnamque</strong></span> 
     </span>
    </p>
   </div>
   <div class='ocr_carea' id='block_1_73' title="bbox 2406 2879 3978 2956">
    <p class='ocr_par' dir='ltr' id='par_1_73' title="bbox 2406 2879 3978 2956">
     <span class='ocr_line' id='line_1_75' title="bbox 2406 2879 3978 2956; baseline -0.008 -9"><span class='ocrx_word' id='word_1_527' title='bbox 2406 2891 2529 2947; x_wconf 87' lang='lat' dir='ltr'><strong>inde</strong></span> <span class='ocrx_word' id='word_1_528' title='bbox 2550 2888 2965 2946; x_wconf 87' lang='lat' dir='ltr'><strong>consolationem</strong></span> <span class='ocrx_word' id='word_1_529' title='bbox 2992 2883 3334 2956; x_wconf 90' lang='lat' dir='ltr'><strong>percipimus.</strong></span> <span class='ocrx_word' id='word_1_530' title='bbox 3374 2881 3522 2937; x_wconf 84' lang='lat' dir='ltr'><strong>Licet</strong></span> <span class='ocrx_word' id='word_1_531' title='bbox 3544 2881 3689 2956; x_wconf 86' lang='lat' dir='ltr'><strong>enim</strong></span> <span class='ocrx_word' id='word_1_532' title='bbox 3717 2895 3822 2935; x_wconf 92' lang='lat' dir='ltr'><strong>non</strong></span> <span class='ocrx_word' id='word_1_533' title='bbox 3849 2879 3978 2936; x_wconf 86' lang='lat' dir='ltr'><strong>levi-</strong></span> 
     </span>
    </p>
   </div>
   <div class='ocr_carea' id='block_1_74' title="bbox 2406 2973 3980 3040">
    <p class='ocr_par' dir='ltr' id='par_1_74' title="bbox 2406 2973 3980 3040">
     <span class='ocr_line' id='line_1_76' title="bbox 2406 2973 3980 3040; baseline -0.008 1"><span class='ocrx_word' id='word_1_534' title='bbox 2406 2984 2507 3040; x_wconf 88' lang='lat' dir='ltr'><strong>bus</strong></span> <span class='ocrx_word' id='word_1_535' title='bbox 2536 2983 2656 3039; x_wconf 67' lang='lat' dir='ltr'><strong>bzc</strong></span> <span class='ocrx_word' id='word_1_536' title='bbox 2675 2979 3020 3038; x_wconf 87' lang='lat' dir='ltr'><strong>commutatio</strong></span> <span class='ocrx_word' id='word_1_537' title='bbox 3043 2975 3531 3033; x_wconf 11' lang='lat' dir='ltr'><strong>diffleultatibusysit</strong></span> <span class='ocrx_word' id='word_1_538' title='bbox 3557 2974 3799 3038; x_wconf 83' lang='lat' dir='ltr'><strong>obsessa,</strong></span> <span class='ocrx_word' id='word_1_539' title='bbox 3816 2973 3980 3028; x_wconf 74' lang='lat' dir='ltr'><strong>maxi-</strong></span> 
     </span>
    </p>
   </div>
   <div class='ocr_carea' id='block_1_75' title="bbox 2406 3064 3983 3136">
    <p class='ocr_par' dir='ltr' id='par_1_75' title="bbox 2406 3064 3983 3136">
     <span class='ocr_line' id='line_1_77' title="bbox 2406 3064 3983 3136; baseline -0.008 -6"><span class='ocrx_word' id='word_1_540' title='bbox 2406 3090 2550 3130; x_wconf 88' lang='lat' dir='ltr'><strong>mum</strong></span> <span class='ocrx_word' id='word_1_541' title='bbox 2572 3083 2750 3129; x_wconf 90' lang='lat' dir='ltr'><strong>taen</strong></span> <span class='ocrx_word' id='word_1_542' title='bbox 2784 3070 2910 3127; x_wconf 87' lang='lat' dir='ltr'><strong>inde</strong></span> <span class='ocrx_word' id='word_1_543' title='bbox 2933 3069 3177 3125; x_wconf 86' lang='lat' dir='ltr'><strong>solatium</strong></span> <span class='ocrx_word' id='word_1_544' title='bbox 3204 3067 3496 3133; x_wconf 81' lang='lat' dir='ltr'><strong>haurimus,</strong></span> <span class='ocrx_word' id='word_1_545' title='bbox 3524 3065 3668 3135; x_wconf 88' lang='lat' dir='ltr'><strong>quod</strong></span> <span class='ocrx_word' id='word_1_546' title='bbox 3696 3079 3800 3120; x_wconf 88' lang='lat' dir='ltr'><strong>non</strong></span> <span class='ocrx_word' id='word_1_547' title='bbox 3825 3064 3983 3136; x_wconf 80' lang='lat' dir='ltr'><strong>longe</strong></span> 
     </span>
    </p>
   </div>
   <div class='ocr_carea' id='block_1_76' title="bbox 2406 3155 3984 3232">
    <p class='ocr_par' dir='ltr' id='par_1_76' title="bbox 2406 3155 3984 3232">
     <span class='ocr_line' id='line_1_78' title="bbox 2406 3155 3984 3232; baseline -0.006 -11"><span class='ocrx_word' id='word_1_548' title='bbox 2406 3183 2436 3221; x_wconf 90' lang='lat' dir='ltr'><strong>a</strong></span> <span class='ocrx_word' id='word_1_549' title='bbox 2453 3165 2603 3220; x_wconf 88' lang='lat' dir='ltr'><strong>vobis</strong></span> <span class='ocrx_word' id='word_1_550' title='bbox 2622 3165 2896 3230; x_wconf 87' lang='lat' dir='ltr'><strong>absumus,</strong></span> <span class='ocrx_word' id='word_1_551' title='bbox 2918 3176 2981 3217; x_wconf 91' lang='lat' dir='ltr'><strong>ac</strong></span> <span class='ocrx_word' id='word_1_552' title='bbox 3005 3162 3306 3232; x_wconf 86' lang='lat' dir='ltr'><strong>frequenter</strong></span> <span class='ocrx_word' id='word_1_553' title='bbox 3335 3173 3636 3227; x_wconf 83' lang='lat' dir='ltr'><strong>possumus,</strong></span> <span class='ocrx_word' id='word_1_554' title='bbox 3664 3155 3875 3212; x_wconf 83' lang='lat' dir='ltr'><strong>modico</strong></span> <span class='ocrx_word' id='word_1_555' title='bbox 3901 3156 3984 3212; x_wconf 76' lang='lat' dir='ltr'><strong>in-</strong></span> 
     </span>
    </p>
   </div>
   <div class='ocr_carea' id='block_1_77' title="bbox 2407 3246 3986 3327">
    <p class='ocr_par' dir='ltr' id='par_1_77' title="bbox 2407 3246 3986 3327">
     <span class='ocr_line' id='line_1_79' title="bbox 2407 3246 3986 3327; baseline -0.006 -15"><span class='ocrx_word' id='word_1_556' title='bbox 2407 3257 2628 3327; x_wconf 87' lang='lat' dir='ltr'><strong>terjecto</strong></span> <span class='ocrx_word' id='word_1_557' title='bbox 2665 3254 2876 3310; x_wconf 71' lang='lat' dir='ltr'><strong>itineris</strong></span> <span class='ocrx_word' id='word_1_558' title='bbox 2923 3252 3082 3322; x_wconf 82' lang='lat' dir='ltr'><strong>hujus</strong></span> <span class='ocrx_word' id='word_1_559' title='bbox 3129 3249 3425 3316; x_wconf 80' lang='lat' dir='ltr'><strong>intervallo,</strong></span> <span class='ocrx_word' id='word_1_560' title='bbox 3473 3255 3528 3302; x_wconf 86' lang='lat' dir='ltr'><strong>ct</strong></span> <span class='ocrx_word' id='word_1_561' title='bbox 3571 3247 3637 3302; x_wconf 85' lang='lat' dir='ltr'><strong>ad</strong></span> <span class='ocrx_word' id='word_1_562' title='bbox 3666 3261 3763 3302; x_wconf 85' lang='lat' dir='ltr'><strong>vos</strong></span> <span class='ocrx_word' id='word_1_563' title='bbox 3804 3246 3986 3303; x_wconf 86' lang='lat' dir='ltr'><strong>literas</strong></span> 
     </span>
    </p>
   </div>
   <div class='ocr_carea' id='block_1_78' title="bbox 2405 3338 3988 3414">
    <p class='ocr_par' dir='ltr' id='par_1_78' title="bbox 2405 3338 3988 3414">
     <span class='ocr_line' id='line_1_80' title="bbox 2405 3338 3988 3414; baseline -0.009 -9"><span class='ocrx_word' id='word_1_564' title='bbox 2405 3349 2534 3405; x_wconf 90' lang='lat' dir='ltr'><strong>dare</strong></span> <span class='ocrx_word' id='word_1_565' title='bbox 2557 3358 2612 3402; x_wconf 93' lang='lat' dir='ltr'><strong>et</strong></span> <span class='ocrx_word' id='word_1_566' title='bbox 2634 3361 2665 3400; x_wconf 91' lang='lat' dir='ltr'><strong>a</strong></span> <span class='ocrx_word' id='word_1_567' title='bbox 2697 3345 2858 3402; x_wconf 83' lang='lat' dir='ltr'><strong>vobis.</strong></span> <span class='ocrx_word' id='word_1_568' title='bbox 2877 3344 3140 3414; x_wconf 71' lang='lat' dir='ltr'><strong>accipere.</strong></span> <span class='ocrx_word' id='word_1_569' title='bbox 3180 3341 3312 3396; x_wconf 78' lang='lat' dir='ltr'><strong>Nam</strong></span> <span class='ocrx_word' id='word_1_570' title='bbox 3356 3340 3401 3395; x_wconf 89' lang='lat' dir='ltr'><strong>si</strong></span> <span class='ocrx_word' id='word_1_571' title='bbox 3429 3339 3530 3394; x_wconf 88' lang='lat' dir='ltr'><strong>bac</strong></span> <span class='ocrx_word' id='word_1_572' title='bbox 3559 3338 3837 3393; x_wconf 84' lang='lat' dir='ltr'><strong>festivitate</strong></span> <span class='ocrx_word' id='word_1_573' title='bbox 3864 3353 3988 3408; x_wconf 86' lang='lat' dir='ltr'><strong>per-</strong></span> 
     </span>
    </p>
   </div>
   <div class='ocr_carea' id='block_1_79' title="bbox 2406 3434 3988 3511">
    <p class='ocr_par' dir='ltr' id='par_1_79' title="bbox 2406 3434 3988 3511">
     <span class='ocr_line' id='line_1_81' title="bbox 2406 3434 3988 3511; baseline -0.007 -14"><span class='ocrx_word' id='word_1_574' title='bbox 2406 3443 2644 3498; x_wconf 86' lang='lat' dir='ltr'><strong>fruamur</strong></span> <span class='ocrx_word' id='word_1_575' title='bbox 2675 3439 3031 3511; x_wconf 84' lang='lat' dir='ltr'><strong>(festivitatem</strong></span> <span class='ocrx_word' id='word_1_576' title='bbox 3081 3435 3225 3492; x_wconf 89' lang='lat' dir='ltr'><strong>enim</strong></span> <span class='ocrx_word' id='word_1_577' title='bbox 3272 3434 3372 3488; x_wconf 85' lang='lat' dir='ltr'><strong>hoc</strong></span> <span class='ocrx_word' id='word_1_578' title='bbox 3401 3448 3500 3504; x_wconf 87' lang='lat' dir='ltr'><strong>ego</strong></span> <span class='ocrx_word' id='word_1_579' title='bbox 3539 3446 3766 3497; x_wconf 81' lang='lat' dir='ltr'><strong>certsoo,</strong></span> <span class='ocrx_word' id='word_1_580' title='bbox 3796 3446 3862 3488; x_wconf 90' lang='lat' dir='ltr'><strong>ac</strong></span> <span class='ocrx_word' id='word_1_581' title='bbox 3903 3446 3988 3486; x_wconf 85' lang='lat' dir='ltr'><strong>so-</strong></span> 
     </span>
    </p>
   </div>
   <div class='ocr_carea' id='block_1_80' title="bbox 2407 3522 3991 3598">
    <p class='ocr_par' dir='ltr' id='par_1_80' title="bbox 2407 3522 3991 3598">
     <span class='ocr_line' id='line_1_82' title="bbox 2407 3522 3991 3598; baseline -0.006 -10"><span class='ocrx_word' id='word_1_582' title='bbox 2407 3533 2733 3589; x_wconf 87' lang='lat' dir='ltr'><strong>lemnitatem</strong></span> <span class='ocrx_word' id='word_1_583' title='bbox 2755 3573 2770 3597; x_wconf 89' lang='lat'><strong>,</strong></span> <span class='ocrx_word' id='word_1_584' title='bbox 2803 3540 2856 3587; x_wconf 90' lang='lat' dir='ltr'><strong>et</strong></span> <span class='ocrx_word' id='word_1_585' title='bbox 2898 3530 3130 3598; x_wconf 83' lang='lat' dir='ltr'><strong>ingentis</strong></span> <span class='ocrx_word' id='word_1_586' title='bbox 3166 3526 3455 3596; x_wconf 78' lang='lat' dir='ltr'><strong>voluptatis</strong></span> <span class='ocrx_word' id='word_1_587' title='bbox 3506 3522 3891 3593; x_wconf 81' lang='lat' dir='ltr'><strong>occasionem).</strong></span> <span class='ocrx_word' id='word_1_588' title='bbox 3923 3538 3991 3579; x_wconf 84' lang='lat' dir='ltr'><strong>ns</strong></span> 
     </span>
    </p>
   </div>
   <div class='ocr_carea' id='block_1_81' title="bbox 2408 3616 3995 3694">
    <p class='ocr_par' dir='ltr' id='par_1_81' title="bbox 2408 3616 3995 3694">
     <span class='ocr_line' id='line_1_83' title="bbox 2408 3616 3995 3694; baseline -0.008 -13"><span class='ocrx_word' id='word_1_589' title='bbox 2408 3626 2686 3681; x_wconf 84' lang='lat' dir='ltr'><strong>minimum</strong></span> <span class='ocrx_word' id='word_1_590' title='bbox 2710 3622 2922 3694; x_wconf 88' lang='lat' dir='ltr'><strong>quidem</strong></span> <span class='ocrx_word' id='word_1_591' title='bbox 2946 3634 3162 3676; x_wconf 84' lang='lat' dir='ltr'><strong>sensum</strong></span> <span class='ocrx_word' id='word_1_592' title='bbox 3187 3617 3345 3688; x_wconf 85' lang='lat' dir='ltr'><strong>hujus</strong></span> <span class='ocrx_word' id='word_1_593' title='bbox 3367 3616 3686 3681; x_wconf 81' lang='lat' dir='ltr'><strong>solitudinis,</strong></span> <span class='ocrx_word' id='word_1_594' title='bbox 3718 3624 3918 3682; x_wconf 86' lang='lat' dir='ltr'><strong>metus,</strong></span> <span class='ocrx_word' id='word_1_595' title='bbox 3936 3623 3995 3670; x_wconf 89' lang='lat' dir='ltr'><strong>et</strong></span> 
     </span>
    </p>
   </div>
   <div class='ocr_carea' id='block_1_82' title="bbox 2406 3714 2998 3785">
    <p class='ocr_par' dir='ltr' id='par_1_82' title="bbox 2406 3714 2998 3785">
     <span class='ocr_line' id='line_1_84' title="bbox 2406 3714 2998 3785; baseline -0.014 -10"><span class='ocrx_word' id='word_1_596' title='bbox 2406 3718 2688 3774; x_wconf 80' lang='lat' dir='ltr'><strong>anxietatis</strong></span> <span class='ocrx_word' id='word_1_597' title='bbox 2707 3714 2998 3785; x_wconf 86' lang='lat' dir='ltr'><strong>capiemus.</strong></span> 
     </span>
    </p>
   </div>
   <div class='ocr_carea' id='block_1_83' title="bbox 2479 3817 3918 3895">
    <p class='ocr_par' dir='ltr' id='par_1_83' title="bbox 2479 3817 3918 3895">
     <span class='ocr_line' id='line_1_85' title="bbox 2479 3817 3918 3895; baseline -0.013 -6"><span class='ocrx_word' id='word_1_598' title='bbox 2479 3829 2718 3889; x_wconf 75' lang='lat' dir='ltr'><strong><em>CCXXX</em></strong></span> <span class='ocrx_word' id='word_1_599' title='bbox 2733 3827 2828 3884; x_wconf 82' lang='lat' dir='ltr'><strong>VI.</strong></span> <span class='ocrx_word' id='word_1_600' title='bbox 2854 3826 3080 3884; x_wconf 67' lang='lat' dir='ltr'><strong>Camerio</strong></span> <span class='ocrx_word' id='word_1_601' title='bbox 3105 3821 3328 3895; x_wconf 71' lang='lat' dir='ltr'><strong>prcsidi.</strong></span> <span class='ocrx_word' id='word_1_602' title='bbox 3351 3820 3582 3893; x_wconf 84' lang='lat' dir='ltr'><strong>(Cucnso</strong></span> <span class='ocrx_word' id='word_1_603' title='bbox 3603 3833 3743 3872; x_wconf 91' lang='lat' dir='ltr'><strong>anno</strong></span> <span class='ocrx_word' id='word_1_604' title='bbox 3764 3817 3918 3888; x_wconf 72' lang='grc' dir='ltr'><strong>ιω.)</strong></span> 
     </span>
    </p>
   </div>
   <div class='ocr_carea' id='block_1_84' title="bbox 2482 3929 3998 4010">
    <p class='ocr_par' dir='ltr' id='par_1_84' title="bbox 2482 3929 3998 4010">
     <span class='ocr_line' id='line_1_86' title="bbox 2482 3929 3998 4010; baseline -0.013 -7"><span class='ocrx_word' id='word_1_605' title='bbox 2482 3943 2889 4002; x_wconf 86' lang='lat' dir='ltr'><strong>Dcscrtissimus</strong></span> <span class='ocrx_word' id='word_1_606' title='bbox 2925 3937 3139 4010; x_wconf 89' lang='lat' dir='ltr'><strong>quidem</strong></span> <span class='ocrx_word' id='word_1_607' title='bbox 3184 3935 3375 3989; x_wconf 91' lang='lat' dir='ltr'><strong>mirum</strong></span> <span class='ocrx_word' id='word_1_608' title='bbox 3404 3934 3456 3986; x_wconf 91' lang='lat' dir='ltr'><strong>in</strong></span> <span class='ocrx_word' id='word_1_609' title='bbox 3487 3931 3702 3985; x_wconf 90' lang='lat' dir='ltr'><strong>modum</strong></span> <span class='ocrx_word' id='word_1_610' title='bbox 3730 3929 3886 3987; x_wconf 70' lang='lat' dir='ltr'><strong>locu</strong></span> <span class='ocrx_word' id='word_1_611' title='bbox 3912 3938 3998 3984; x_wconf 81' lang='lat' dir='ltr'><strong>est</strong></span> 
     </span>
    </p>
   </div>
   <div class='ocr_carea' id='block_1_85' title="bbox 2408 4021 3995 4097">
    <p class='ocr_par' dir='ltr' id='par_1_85' title="bbox 2408 4021 3995 4097">
     <span class='ocr_line' id='line_1_87' title="bbox 2408 4021 3995 4097; baseline -0.014 0"><span class='ocrx_word' id='word_1_612' title='bbox 2408 4041 2649 4097; x_wconf 88' lang='lat' dir='ltr'><strong>Cucusus</strong></span> <span class='ocrx_word' id='word_1_613' title='bbox 2691 4055 2705 4090; x_wconf 77' lang='grc' dir='ltr'>ε</span> <span class='ocrx_word' id='word_1_614' title='bbox 2748 4043 3114 4092; x_wconf 85' lang='lat' dir='ltr'><strong>verumtamen</strong></span> <span class='ocrx_word' id='word_1_615' title='bbox 3161 4027 3300 4081; x_wconf 86' lang='lat' dir='ltr'><strong>haud</strong></span> <span class='ocrx_word' id='word_1_616' title='bbox 3345 4026 3417 4080; x_wconf 92' lang='lat' dir='ltr'><strong>ita</strong></span> <span class='ocrx_word' id='word_1_617' title='bbox 3447 4039 3546 4080; x_wconf 88' lang='lat' dir='ltr'><strong>nos</strong></span> <span class='ocrx_word' id='word_1_618' title='bbox 3579 4021 3864 4083; x_wconf 79' lang='lat' dir='ltr'><strong>solitudine</strong></span> <span class='ocrx_word' id='word_1_619' title='bbox 3899 4037 3995 4076; x_wconf 89' lang='lat' dir='ltr'><strong>sua</strong></span> 
     </span>
    </p>
   </div>
   <div class='ocr_carea' id='block_1_86' title="bbox 2409 4112 3995 4196">
    <p class='ocr_par' dir='ltr' id='par_1_86' title="bbox 2409 4112 3995 4196">
     <span class='ocr_line' id='line_1_88' title="bbox 2409 4112 3995 4196; baseline -0.016 -6"><span class='ocrx_word' id='word_1_620' title='bbox 2409 4132 2718 4193; x_wconf 83' lang='lat' dir='ltr'><strong>contristat,</strong></span> <span class='ocrx_word' id='word_1_621' title='bbox 2767 4142 2830 4182; x_wconf 92' lang='lat' dir='ltr'><strong>ac</strong></span> <span class='ocrx_word' id='word_1_622' title='bbox 2872 4124 3054 4196; x_wconf 87' lang='lat' dir='ltr'><strong>quiete</strong></span> <span class='ocrx_word' id='word_1_623' title='bbox 3096 4119 3397 4184; x_wconf 77' lang='lat' dir='ltr'><strong>esbilarat,</strong></span> <span class='ocrx_word' id='word_1_624' title='bbox 3438 4115 3687 4186; x_wconf 86' lang='lat' dir='ltr'><strong>quodque</strong></span> <span class='ocrx_word' id='word_1_625' title='bbox 3729 4112 3874 4167; x_wconf 86' lang='lat' dir='ltr'><strong>nulla</strong></span> <span class='ocrx_word' id='word_1_626' title='bbox 3924 4128 3995 4167; x_wconf 81' lang='lat' dir='ltr'><strong>ex</strong></span> 
     </span>
    </p>
   </div>
   <div class='ocr_carea' id='block_1_87' title="bbox 2413 4207 3995 4297">
    <p class='ocr_par' dir='ltr' id='par_1_87' title="bbox 2413 4207 3995 4297">
     <span class='ocr_line' id='line_1_89' title="bbox 2413 4207 3995 4297; baseline -0.009 -21"><span class='ocrx_word' id='word_1_627' title='bbox 2413 4233 2561 4297; x_wconf 84' lang='lat' dir='ltr'><strong>parte</strong></span> <span class='ocrx_word' id='word_1_628' title='bbox 2611 4220 2762 4276; x_wconf 85' lang='lat' dir='ltr'><strong>nobis</strong></span> <span class='ocrx_word' id='word_1_629' title='bbox 2801 4215 3073 4287; x_wconf 88' lang='lat' dir='ltr'><strong>negotium</strong></span> <span class='ocrx_word' id='word_1_630' title='bbox 3126 4209 3358 4265; x_wconf 86' lang='lat' dir='ltr'><strong>facessit.</strong></span> <span class='ocrx_word' id='word_1_631' title='bbox 3411 4207 3670 4276; x_wconf 82' lang='lat' dir='ltr'><strong>Quocirca</strong></span> <span class='ocrx_word' id='word_1_632' title='bbox 3719 4212 3995 4274; x_wconf 76' lang='lat' dir='ltr'><strong>tamquam</strong></span> 
     </span>
    </p>
   </div>
   <div class='ocr_carea' id='block_1_88' title="bbox 2411 4295 3998 4384">
    <p class='ocr_par' dir='ltr' id='par_1_88' title="bbox 2411 4295 3998 4384">
     <span class='ocr_line' id='line_1_90' title="bbox 2411 4295 3998 4384; baseline -0.012 -16"><span class='ocrx_word' id='word_1_633' title='bbox 2411 4295 2479 4370; x_wconf 79' lang='lat' dir='ltr'><strong>ad</strong></span> <span class='ocrx_word' id='word_1_634' title='bbox 2524 4323 2734 4384; x_wconf 87' lang='lat' dir='ltr'><strong>portum</strong></span> <span class='ocrx_word' id='word_1_635' title='bbox 2777 4305 3060 4380; x_wconf 84' lang='lat' dir='ltr'><strong>quemdam</strong></span> <span class='ocrx_word' id='word_1_636' title='bbox 3089 4301 3155 4357; x_wconf 91' lang='lat' dir='ltr'><strong>ad</strong></span> <span class='ocrx_word' id='word_1_637' title='bbox 3181 4300 3522 4356; x_wconf 82' lang='lat' dir='ltr'><strong>solitudinem</strong></span> <span class='ocrx_word' id='word_1_638' title='bbox 3549 4297 3688 4353; x_wconf 86' lang='lat' dir='ltr'><strong>banc</strong></span> <span class='ocrx_word' id='word_1_639' title='bbox 3709 4295 3876 4356; x_wconf 84' lang='lat' dir='ltr'><strong>delati</strong></span> <span class='ocrx_word' id='word_1_640' title='bbox 3909 4311 3998 4353; x_wconf 79' lang='lat' dir='ltr'><strong>se-</strong></span> 
     </span>
    </p>
   </div>
   <div class='ocr_carea' id='block_1_89' title="bbox 2413 4388 4000 4469">
    <p class='ocr_par' dir='ltr' id='par_1_89' title="bbox 2413 4388 4000 4469">
     <span class='ocr_line' id='line_1_91' title="bbox 2413 4388 4000 4469; baseline -0.012 -10"><span class='ocrx_word' id='word_1_641' title='bbox 2413 4405 2622 4469; x_wconf 85' lang='lat' dir='ltr'><strong>demus,</strong></span> <span class='ocrx_word' id='word_1_642' title='bbox 2657 4411 2712 4456; x_wconf 89' lang='lat' dir='ltr'><strong>et</strong></span> <span class='ocrx_word' id='word_1_643' title='bbox 2730 4416 2760 4454; x_wconf 88' lang='lat' dir='ltr'><strong>a</strong></span> <span class='ocrx_word' id='word_1_644' title='bbox 2790 4397 2944 4454; x_wconf 87' lang='lat' dir='ltr'><strong>malis</strong></span> <span class='ocrx_word' id='word_1_645' title='bbox 2961 4410 3081 4466; x_wconf 67' lang='lat' dir='ltr'><strong>quae</strong></span> <span class='ocrx_word' id='word_1_646' title='bbox 3105 4394 3158 4448; x_wconf 90' lang='lat' dir='ltr'><strong>in</strong></span> <span class='ocrx_word' id='word_1_647' title='bbox 3187 4392 3271 4446; x_wconf 85' lang='lat' dir='ltr'><strong>via</strong></span> <span class='ocrx_word' id='word_1_648' title='bbox 3300 4390 3615 4462; x_wconf 89' lang='lat' dir='ltr'><strong>pertulimus</strong></span> <span class='ocrx_word' id='word_1_649' title='bbox 3642 4388 4000 4458; x_wconf 77' lang='lat' dir='ltr'><strong>respiramus,</strong></span> 
     </span>
    </p>
   </div>
   <div class='ocr_carea' id='block_1_90' title="bbox 2413 4481 4002 4563">
    <p class='ocr_par' dir='ltr' id='par_1_90' title="bbox 2413 4481 4002 4563">
     <span class='ocr_line' id='line_1_92' title="bbox 2413 4481 4002 4563; baseline -0.012 -10"><span class='ocrx_word' id='word_1_650' title='bbox 2413 4507 2469 4552; x_wconf 89' lang='lat' dir='ltr'><strong>et</strong></span> <span class='ocrx_word' id='word_1_651' title='bbox 2497 4495 2666 4552; x_wconf 86' lang='lat' dir='ltr'><strong>morbi</strong></span> <span class='ocrx_word' id='word_1_652' title='bbox 2696 4503 2853 4563; x_wconf 88' lang='lat' dir='ltr'><strong>atque</strong></span> <span class='ocrx_word' id='word_1_653' title='bbox 2881 4491 3142 4547; x_wconf 90' lang='lat' dir='ltr'><strong>malorum</strong></span> <span class='ocrx_word' id='word_1_654' title='bbox 3181 4502 3302 4557; x_wconf 71' lang='lat' dir='ltr'><strong>qum</strong></span> <span class='ocrx_word' id='word_1_655' title='bbox 3349 4485 3698 4541; x_wconf 84' lang='lat' dir='ltr'><strong>sustinuimus</strong></span> <span class='ocrx_word' id='word_1_656' title='bbox 3739 4481 4002 4554; x_wconf 72' lang='lat' dir='ltr'><strong>reliquias</strong></span> 
     </span>
    </p>
   </div>
   <div class='ocr_carea' id='block_1_91' title="bbox 2416 4575 4001 4658">
    <p class='ocr_par' dir='ltr' id='par_1_91' title="bbox 2416 4575 4001 4658">
     <span class='ocr_line' id='line_1_93' title="bbox 2416 4575 4001 4658; baseline -0.007 -14"><span class='ocrx_word' id='word_1_657' title='bbox 2416 4589 2516 4644; x_wconf 83' lang='lat' dir='ltr'><strong>bac</strong></span> <span class='ocrx_word' id='word_1_658' title='bbox 2538 4589 2714 4658; x_wconf 84' lang='lat' dir='ltr'><strong>quiete</strong></span> <span class='ocrx_word' id='word_1_659' title='bbox 2741 4585 3074 4655; x_wconf 89' lang='lat' dir='ltr'><strong>depellimus.</strong></span> <span class='ocrx_word' id='word_1_660' title='bbox 3119 4581 3228 4635; x_wconf 90' lang='lat' dir='ltr'><strong>lloc</strong></span> <span class='ocrx_word' id='word_1_661' title='bbox 3251 4577 3389 4648; x_wconf 89' lang='lat' dir='ltr'><strong>apud</strong></span> <span class='ocrx_word' id='word_1_662' title='bbox 3419 4575 3815 4647; x_wconf 87' lang='lat' dir='ltr'><strong>amplitudinem</strong></span> <span class='ocrx_word' id='word_1_663' title='bbox 3847 4586 4001 4633; x_wconf 78' lang='lat' dir='ltr'><strong>tuam</strong></span> 
     </span>
    </p>
   </div>
   <div class='ocr_carea' id='block_1_92' title="bbox 2415 4667 4000 4744">
    <p class='ocr_par' dir='ltr' id='par_1_92' title="bbox 2415 4667 4000 4744">
     <span class='ocr_line' id='line_1_94' title="bbox 2415 4667 4000 4744; baseline -0.009 -7"><span class='ocrx_word' id='word_1_664' title='bbox 2415 4694 2664 4738; x_wconf 83' lang='lat' dir='ltr'><strong>sermone</strong></span> <span class='ocrx_word' id='word_1_665' title='bbox 2688 4678 2883 4733; x_wconf 89' lang='lat' dir='ltr'><strong>idcirco</strong></span> <span class='ocrx_word' id='word_1_666' title='bbox 2908 4684 3050 4739; x_wconf 91' lang='lat' dir='ltr'><strong>utor,</strong></span> <span class='ocrx_word' id='word_1_667' title='bbox 3076 4671 3218 4744; x_wconf 91' lang='lat' dir='ltr'><strong>quod</strong></span> <span class='ocrx_word' id='word_1_668' title='bbox 3244 4669 3533 4740; x_wconf 83' lang='lat' dir='ltr'><strong>intelligam</strong></span> <span class='ocrx_word' id='word_1_669' title='bbox 3561 4667 3781 4723; x_wconf 80' lang='lat' dir='ltr'><strong>mirifice</strong></span> <span class='ocrx_word' id='word_1_670' title='bbox 3805 4675 3869 4722; x_wconf 76' lang='lat' dir='ltr'><strong>te</strong></span> <span class='ocrx_word' id='word_1_671' title='bbox 3901 4681 4000 4722; x_wconf 85' lang='lat' dir='ltr'><strong>no-</strong></span> 
     </span>
    </p>
   </div>
   <div class='ocr_carea' id='block_1_93' title="bbox 2417 4747 4006 4844">
    <p class='ocr_par' dir='ltr' id='par_1_93' title="bbox 2417 4747 4006 4844">
     <span class='ocr_line' id='line_1_95' title="bbox 2417 4747 4006 4844; baseline -0.012 -13"><span class='ocrx_word' id='word_1_672' title='bbox 2417 4785 2525 4832; x_wconf 84' lang='lat' dir='ltr'><strong>stra</strong></span> <span class='ocrx_word' id='word_1_673' title='bbox 2551 4773 2729 4844; x_wconf 90' lang='lat' dir='ltr'><strong>quiete</strong></span> <span class='ocrx_word' id='word_1_674' title='bbox 2753 4769 2938 4830; x_wconf 66' lang='lat' dir='ltr'><strong>laetari.</strong></span> <span class='ocrx_word' id='word_1_675' title='bbox 2981 4747 3405 4838; x_wconf 87' lang='lat' dir='ltr'><strong>quandoquidem</strong></span> <span class='ocrx_word' id='word_1_676' title='bbox 3457 4761 3600 4816; x_wconf 85' lang='lat' dir='ltr'><strong>nulla</strong></span> <span class='ocrx_word' id='word_1_677' title='bbox 3653 4774 3750 4814; x_wconf 86' lang='lat' dir='ltr'><strong>nos</strong></span> <span class='ocrx_word' id='word_1_678' title='bbox 3798 4773 4006 4829; x_wconf 69' lang='lat' dir='ltr'><strong>capere</strong></span> 
     </span>
    </p>
   </div>
   <div class='ocr_carea' id='block_1_94' title="bbox 2419 4849 4003 4940">
    <p class='ocr_par' dir='ltr' id='par_1_94' title="bbox 2419 4849 4003 4940">
     <span class='ocr_line' id='line_1_96' title="bbox 2419 4849 4003 4940; baseline -0.014 -16"><span class='ocrx_word' id='word_1_679' title='bbox 2419 4874 2598 4940; x_wconf 87' lang='lat' dir='ltr'><strong>potest</strong></span> <span class='ocrx_word' id='word_1_680' title='bbox 2646 4877 2830 4920; x_wconf 90' lang='lat' dir='ltr'><strong>eorum</strong></span> <span class='ocrx_word' id='word_1_681' title='bbox 2877 4859 3106 4922; x_wconf 87' lang='lat' dir='ltr'><strong>oblivio,</strong></span> <span class='ocrx_word' id='word_1_682' title='bbox 3157 4870 3277 4926; x_wconf 71' lang='lat' dir='ltr'><strong>quae</strong></span> <span class='ocrx_word' id='word_1_683' title='bbox 3329 4854 3449 4908; x_wconf 88' lang='lat' dir='ltr'><strong>istic</strong></span> <span class='ocrx_word' id='word_1_684' title='bbox 3491 4868 3521 4906; x_wconf 93' lang='lat' dir='ltr'><strong>a</strong></span> <span class='ocrx_word' id='word_1_685' title='bbox 3573 4859 3625 4906; x_wconf 86' lang='lat' dir='ltr'><strong>te</strong></span> <span class='ocrx_word' id='word_1_686' title='bbox 3664 4860 3783 4904; x_wconf 87' lang='lat' dir='ltr'><strong>sunt</strong></span> <span class='ocrx_word' id='word_1_687' title='bbox 3804 4849 4003 4920; x_wconf 76' lang='lat' dir='ltr'><strong>gesta,</strong></span> 
     </span>
    </p>
   </div>
   <div class='ocr_carea' id='block_1_95' title="bbox 2418 4940 4005 5025">
    <p class='ocr_par' dir='ltr' id='par_1_95' title="bbox 2418 4940 4005 5025">
     <span class='ocr_line' id='line_1_97' title="bbox 2418 4940 4005 5025; baseline -0.013 -12"><span class='ocrx_word' id='word_1_688' title='bbox 2418 4959 2544 5013; x_wconf 92' lang='lat' dir='ltr'><strong>dum</strong></span> <span class='ocrx_word' id='word_1_689' title='bbox 2589 4960 2942 5025; x_wconf 78' lang='lat' dir='ltr'><strong>pra-posteros</strong></span> <span class='ocrx_word' id='word_1_690' title='bbox 2971 4949 3088 5005; x_wconf 87' lang='lat' dir='ltr'><strong>illos</strong></span> <span class='ocrx_word' id='word_1_691' title='bbox 3115 4956 3170 5001; x_wconf 90' lang='lat' dir='ltr'><strong>et</strong></span> <span class='ocrx_word' id='word_1_692' title='bbox 3194 4947 3522 5014; x_wconf 85' lang='lat' dir='ltr'><strong>importunos</strong></span> <span class='ocrx_word' id='word_1_693' title='bbox 3558 4940 3808 4996; x_wconf 88' lang='lat' dir='ltr'><strong>tumultus</strong></span> <span class='ocrx_word' id='word_1_694' title='bbox 3844 4941 4005 4995; x_wconf 83' lang='lat' dir='ltr'><strong>seda-</strong></span> 
     </span>
    </p>
   </div>
   <div class='ocr_carea' id='block_1_96' title="bbox 2418 5034 4007 5116">
    <p class='ocr_par' dir='ltr' id='par_1_96' title="bbox 2418 5034 4007 5116">
     <span class='ocr_line' id='line_1_98' title="bbox 2418 5034 4007 5116; baseline -0.012 -9"><span class='ocrx_word' id='word_1_695' title='bbox 2418 5067 2526 5116; x_wconf 89' lang='lat' dir='ltr'><strong>res,</strong></span> <span class='ocrx_word' id='word_1_696' title='bbox 2580 5058 2636 5102; x_wconf 90' lang='lat' dir='ltr'><strong>et</strong></span> <span class='ocrx_word' id='word_1_697' title='bbox 2673 5058 2886 5099; x_wconf 87' lang='lat' dir='ltr'><strong>omnem</strong></span> <span class='ocrx_word' id='word_1_698' title='bbox 2935 5041 3158 5112; x_wconf 88' lang='lat' dir='ltr'><strong>lapidem</strong></span> <span class='ocrx_word' id='word_1_699' title='bbox 3203 5052 3466 5100; x_wconf 82' lang='lat' dir='ltr'><strong>moveres,</strong></span> <span class='ocrx_word' id='word_1_700' title='bbox 3522 5045 3578 5089; x_wconf 91' lang='lat' dir='ltr'><strong>ut</strong></span> <span class='ocrx_word' id='word_1_701' title='bbox 3617 5034 3669 5088; x_wconf 90' lang='lat' dir='ltr'><strong>in</strong></span> <span class='ocrx_word' id='word_1_702' title='bbox 3715 5034 4007 5088; x_wconf 80' lang='lat' dir='ltr'><strong>securitate</strong></span> 
     </span>
    </p>
   </div>
   <div class='ocr_carea' id='block_1_97' title="bbox 2418 5127 4006 5204">
    <p class='ocr_par' dir='ltr' id='par_1_97' title="bbox 2418 5127 4006 5204">
     <span class='ocr_line' id='line_1_99' title="bbox 2418 5127 4006 5204; baseline -0.011 -7"><span class='ocrx_word' id='word_1_703' title='bbox 2418 5151 2777 5199; x_wconf 81' lang='lat' dir='ltr'><strong>versaremur,</strong></span> <span class='ocrx_word' id='word_1_704' title='bbox 2810 5144 2864 5190; x_wconf 90' lang='lat' dir='ltr'><strong>et</strong></span> <span class='ocrx_word' id='word_1_705' title='bbox 2889 5149 3007 5204; x_wconf 65' lang='lat' dir='ltr'><strong>qute</strong></span> <span class='ocrx_word' id='word_1_706' title='bbox 3037 5142 3240 5186; x_wconf 85' lang='lat' dir='ltr'><strong>tuarum</strong></span> <span class='ocrx_word' id='word_1_707' title='bbox 3281 5139 3435 5184; x_wconf 88' lang='lat' dir='ltr'><strong>erant</strong></span> <span class='ocrx_word' id='word_1_708' title='bbox 3465 5129 3691 5198; x_wconf 87' lang='lat' dir='ltr'><strong>partium</strong></span> <span class='ocrx_word' id='word_1_709' title='bbox 3714 5166 3728 5189; x_wconf 88' lang='lat'><strong>,</strong></span> <span class='ocrx_word' id='word_1_710' title='bbox 3776 5127 4006 5182; x_wconf 86' lang='lat' dir='ltr'><strong>omnino</strong></span> 
     </span>
    </p>
   </div>
   <div class='ocr_carea' id='block_1_98' title="bbox 2422 5221 4003 5302">
    <p class='ocr_par' dir='ltr' id='par_1_98' title="bbox 2422 5221 4003 5302">
     <span class='ocr_line' id='line_1_100' title="bbox 2422 5221 4003 5302; baseline -0.011 -16"><span class='ocrx_word' id='word_1_711' title='bbox 2422 5241 2724 5302; x_wconf 67' lang='lat' dir='ltr'><strong>prmstares.</strong></span> <span class='ocrx_word' id='word_1_712' title='bbox 2769 5226 2893 5281; x_wconf 67' lang='lat' dir='ltr'><strong>Haec</strong></span> <span class='ocrx_word' id='word_1_713' title='bbox 2932 5239 3029 5279; x_wconf 89' lang='lat' dir='ltr'><strong>nos</strong></span> <span class='ocrx_word' id='word_1_714' title='bbox 3075 5221 3212 5290; x_wconf 89' lang='lat' dir='ltr'><strong>apud</strong></span> <span class='ocrx_word' id='word_1_715' title='bbox 3255 5235 3462 5283; x_wconf 86' lang='lat' dir='ltr'><strong>omnes,</strong></span> <span class='ocrx_word' id='word_1_716' title='bbox 3493 5232 3833 5288; x_wconf 83' lang='lat' dir='ltr'><strong>quocumque</strong></span> <span class='ocrx_word' id='word_1_717' title='bbox 3873 5233 4003 5290; x_wconf 73' lang='lat' dir='ltr'><strong>gen-</strong></span> 
     </span>
    </p>
   </div>
   <div class='ocr_carea' id='block_1_99' title="bbox 2420 5308 4004 5386">
    <p class='ocr_par' dir='ltr' id='par_1_99' title="bbox 2420 5308 4004 5386">
     <span class='ocr_line' id='line_1_101' title="bbox 2420 5308 4004 5386; baseline -0.011 -8"><span class='ocrx_word' id='word_1_718' title='bbox 2420 5327 2552 5378; x_wconf 88' lang='lat' dir='ltr'><strong>tium</strong></span> <span class='ocrx_word' id='word_1_719' title='bbox 2595 5320 2917 5377; x_wconf 85' lang='lat' dir='ltr'><strong>deferamur.</strong></span> <span class='ocrx_word' id='word_1_720' title='bbox 2965 5313 3332 5386; x_wconf 71' lang='lat' dir='ltr'><strong>prmdicamus,</strong></span> <span class='ocrx_word' id='word_1_721' title='bbox 3379 5311 3579 5380; x_wconf 83' lang='lat' dir='ltr'><strong>tibique</strong></span> <span class='ocrx_word' id='word_1_722' title='bbox 3617 5308 3846 5378; x_wconf 84' lang='lat' dir='ltr'><strong>gratiam</strong></span> <span class='ocrx_word' id='word_1_723' title='bbox 3905 5322 4004 5362; x_wconf 86' lang='lat' dir='ltr'><strong>non</strong></span> 
     </span>
    </p>
   </div>
   <div class='ocr_carea' id='block_1_100' title="bbox 2424 5403 4000 5475">
    <p class='ocr_par' dir='ltr' id='par_1_100' title="bbox 2424 5403 4000 5475">
     <span class='ocr_line' id='line_1_102' title="bbox 2424 5403 4000 5475; baseline -0.01 -5"><span class='ocrx_word' id='word_1_724' title='bbox 2424 5415 2746 5470; x_wconf 84' lang='lat' dir='ltr'><strong>mediocrem</strong></span> <span class='ocrx_word' id='word_1_725' title='bbox 2794 5411 3068 5475; x_wconf 79' lang='lat' dir='ltr'><strong>habemus,</strong></span> <span class='ocrx_word' id='word_1_726' title='bbox 3119 5407 3329 5461; x_wconf 84' lang='lat' dir='ltr'><strong>domine</strong></span> <span class='ocrx_word' id='word_1_727' title='bbox 3375 5405 3444 5458; x_wconf 88' lang='lat' dir='ltr'><strong>mi</strong></span> <span class='ocrx_word' id='word_1_728' title='bbox 3496 5403 3779 5473; x_wconf 72' lang='lat' dir='ltr'><strong>plurimum</strong></span> <span class='ocrx_word' id='word_1_729' title='bbox 3830 5403 4000 5472; x_wconf 74' lang='lat' dir='ltr'><strong>suspi-</strong></span> 
     </span>
    </p>
   </div>
   <div class='ocr_carea' id='block_1_101' title="bbox 2421 5499 4005 5574">
    <p class='ocr_par' dir='ltr' id='par_1_101' title="bbox 2421 5499 4005 5574">
     <span class='ocr_line' id='line_1_103' title="bbox 2421 5499 4005 5574; baseline -0.011 -8"><span class='ocrx_word' id='word_1_730' title='bbox 2421 5509 2631 5574; x_wconf 86' lang='lat' dir='ltr'><strong>ciende,</strong></span> <span class='ocrx_word' id='word_1_731' title='bbox 2661 5506 2731 5561; x_wconf 89' lang='lat' dir='ltr'><strong>ob</strong></span> <span class='ocrx_word' id='word_1_732' title='bbox 2754 5514 2947 5559; x_wconf 82' lang='lat' dir='ltr'><strong>tantam</strong></span> <span class='ocrx_word' id='word_1_733' title='bbox 2973 5503 3109 5556; x_wconf 84' lang='lat' dir='ltr'><strong>hanc</strong></span> <span class='ocrx_word' id='word_1_734' title='bbox 3134 5499 3542 5555; x_wconf 80' lang='lat' dir='ltr'><strong>sollicitudinem</strong></span> <span class='ocrx_word' id='word_1_735' title='bbox 3575 5515 3587 5551; x_wconf 95' lang='lat'><strong>:</strong></span> <span class='ocrx_word' id='word_1_736' title='bbox 3615 5511 3799 5551; x_wconf 87' lang='lat' dir='ltr'><strong>verum</strong></span> <span class='ocrx_word' id='word_1_737' title='bbox 3821 5505 3889 5551; x_wconf 89' lang='lat' dir='ltr'><strong>ut</strong></span> <span class='ocrx_word' id='word_1_738' title='bbox 3907 5509 4005 5550; x_wconf 86' lang='lat' dir='ltr'><strong>non</strong></span> 
     </span>
    </p>
   </div>
   <div class='ocr_carea' id='block_1_102' title="bbox 2459 5670 4006 5762">
    <p class='ocr_par' dir='ltr' id='par_1_102' title="bbox 2459 5670 4006 5762">
     <span class='ocr_line' id='line_1_104' title="bbox 2459 5670 4006 5762; baseline 0 0"><span class='ocrx_word' id='word_1_739' title='bbox 2459 5692 2558 5762; x_wconf 77' lang='grc' dir='ltr'><strong>.-(α)</strong></span> <span class='ocrx_word' id='word_1_740' title='bbox 2575 5696 2627 5762; x_wconf 63' lang='grc' dir='ltr'><strong>ξιξ</strong></span> <span class='ocrx_word' id='word_1_741' title='bbox 2653 5683 2768 5762; x_wconf 56' lang='lat'><strong>“413?:</strong></span> <span class='ocrx_word' id='word_1_742' title='bbox 2775 5679 2946 5762; x_wconf 58' lang='lat'><strong>.5‘31&#39;2</strong></span> <span class='ocrx_word' id='word_1_743' title='bbox 2973 5670 4006 5762; x_wconf 45' lang='grc' dir='ltr'><strong>ῨῩῙἏἮΕΜῨἨΞἚἏῬΞ</strong></span> 
     </span>
    </p>
   </div>
   <div class='ocr_carea' id='block_1_103' title="bbox 2421 5729 4011 5816">
    <p class='ocr_par' dir='ltr' id='par_1_103' title="bbox 2421 5729 4011 5816">
     <span class='ocr_line' id='line_1_105' title="bbox 2421 5729 4011 5816; baseline -0.004 5"><span class='ocrx_word' id='word_1_744' title='bbox 2421 5729 2946 5816; x_wconf 37' lang='lat' dir='ltr'><strong>meaemeae</strong></span> <span class='ocrx_word' id='word_1_745' title='bbox 3181 5729 4011 5816; x_wconf 54' lang='lat' dir='ltr'><strong>.IestiegsrLo-gsvsw.m:e</strong></span> 
     </span>
    </p>
   </div>
   <div class='ocr_carea' id='block_1_104' title="bbox 2422 5791 4008 5923">
    <p class='ocr_par' dir='ltr' id='par_1_104' title="bbox 2422 5791 4008 5923">
     <span class='ocr_line' id='line_1_106' title="bbox 2422 5791 4008 5923; baseline -0.013 -61"><span class='ocrx_word' id='word_1_746' title='bbox 2422 5791 2925 5923; x_wconf 34' lang='lat' dir='ltr'><strong>Eiet-urtiawde&#39;rc</strong></span> <span class='ocrx_word' id='word_1_747' title='bbox 2947 5805 3058 5856; x_wconf 80' lang='lat' dir='ltr'><strong>vide</strong></span> <span class='ocrx_word' id='word_1_748' title='bbox 3091 5814 3201 5866; x_wconf 69' lang='lat' dir='ltr'><strong>qua</strong></span> <span class='ocrx_word' id='word_1_749' title='bbox 3221 5801 3434 5850; x_wconf 72' lang='lat' dir='ltr'><strong>diximus</strong></span> <span class='ocrx_word' id='word_1_750' title='bbox 3471 5809 3617 5861; x_wconf 58' lang='lat' dir='ltr'><strong>sutra</strong></span> <span class='ocrx_word' id='word_1_751' title='bbox 3646 5791 3708 5845; x_wconf 66' lang='lat' dir='ltr'><strong>ad</strong></span> <span class='ocrx_word' id='word_1_752' title='bbox 3755 5791 4008 5858; x_wconf 65' lang='lat' dir='ltr'><strong>epiaolall</strong></span> 
     </span>
    </p>
   </div>
  </div>
