4218 6484
223 565 456 634 σημεῖον
479 562 572 625 τε.
590 561 756 635 ἡνίκα
779 560 849 617 ἃν
870 560 983 632 ἐγὼ
1012 558 1282 633 βουληθῶ,
1309 558 1432 613 τότε
1461 553 1801 629 πέμπεσθαι,

215 657 363 715 ἀλλά
392 657 468 728 μὴ
485 655 630 721 τότε,
657 655 748 708 ὅτε
769 653 1066 724 οὺδέομαι.
1096 650 1280 718 Δεῖξον
1299 647 1480 704 τοίνυν
1507 648 1611 703 κάν
1632 646 1808 716 τούτῳ

217 749 323 820 τὴν
350 746 580 821 γνησίαν
605 762 700 798 σου
725 744 930 814 φιλίαν,
951 742 1049 796 καὶ
1067 741 1168 813 τὴν
1186 739 1322 794 αἰδῶ
1339 738 1440 810 τὴν
1470 737 1603 816 περί
1634 737 1805 806 ἡμᾶς,

217 840 304 911 τῷ
334 839 431 893 καὶ
472 840 532 892 ἐν
561 836 738 906 τούτῳ
763 834 921 906 ὴμῶν
951 831 1308 904 ἀνασχέσθαι·
1344 831 1440 884 καὶ
1470 828 1683 900 πέμψον
1707 845 1808 880 τα-

217 931 366 1006 χέως
379 925 668 998 ἐπιστολὴν
683 923 1147 994 ,ἀπαγγέλλουσαν
1163 924 1298 993 ἡμῖν
1320 920 1397 984 ὡς
1419 920 1518 973 οὐκ
1540 918 1804 992 ἤλγησας.

223 1023 330 1077 “Av
353 1019 462 1092 γάρ
485 1018 562 1090 μὴ
585 1015 744 1071 τοῦτο
770 1016 1024 1087 ποιήσῃς,
1055 1016 1115 1068 ἐν
1138 1012 1379 1084 διηνεκεῖ
1405 1010 1644 1083 φροντίδι
1675 1008 1803 1062 καθ-

218 1113 382 1184 ιστᾷν
413 1110 562 1181 ἡμᾶς
603 1106 852 1178 μέλλειςο
888 1105 949 1158 οὑ
999 1104 1108 1177 γάρ
1139 1102 1461 1174 παυσόμεθα
1497 1100 1806 1172 μεριμνῶν-

214 1221 337 1268 τες,
365 1203 441 1274 μή
472 1216 604 1255 ποτε
624 1199 1023 1270 ἐλυπήσαμενοί
1040 1195 1174 1250 πολὺ
1199 1196 1310 1268 γάρ
1339 1212 1433 1249 σου
1461 1195 1562 1266 τῆς
1585 1194 1809 1265 ἀγάπης

214 1293 583 1365 ἀντεχόμεθα,
628 1291 725 1345 καὶ
752 1288 847 1344 τοῦ
878 1286 1179 1348 ἀναπαύειν
1222 1303 1318 1341 σου
1357 1285 1455 1358 τὴν
1500 1284 1804 1353 εὐγένειαν.

229 1385 393 1440 Ἐπεὶ
415 1379 510 1438 οὖν
542 1380 747 1444 ίκανῶς
771 1379 1259 1452 ἀπελογησάμεθα,
1305 1377 1544 1449 δήλωσον
1569 1377 1701 1446 ἡμῖν
1731 1375 1808 1438 ὡς

215 1477 390 1545 me.»
415 1473 515 1547 τὴν
541 1457 839 1542 ἀπολογίαν
865 1471 1046 1544 ἡμῶν.
1086 1470 1198 1526 Καὶ
1229 1470 1338 1541 γάρ
1365 1467 1541 1534 nam:
1571 1484 1664 1520 σου
1701 1483 1808 1536 μα-

213 1570 337 1625 θεῖν
367 1566 468 1636 τὴν
502 1563 802 1636 ἐμμέλειαν
837 1573 885 1631 ⁸,
913 1564 997 1619 δτι
1029 1563 1166 1631 πρὸς
1211 1561 1311 1632 μέν
1348 1560 1541 1624 ἀλλους
1571 1558 1634 1612 τὸ
1672 1558 1806 1612 αὑτὸ

213 1660 284 1731 δὴ
327 1655 489 1712 τοῦτο
532 1653 927 1726 πεποιηκότας,
969 1653 1066 1709 καὶ
1112 1652 1320 1723 σφόδρα
1355 1650 1610 1722 γνησίους
1647 1651 1800 1721 ἡμῖν,

215 1751 322 1808 οὐκ
349 1748 572 1819 ἐδέησεν
595 1748 731 1819 ἡμῖν
749 1744 1072 1815 ἀπολογίας,
1103 1744 1218 1798 ἀλλ’
1249 1744 1454 1814 ἢρκεσε
1475 1742 1537 1794 τὺ
1554 1739 1808 1813 διακρού-

216 1841 420 1897 σασθαι
447 1840 521 1895 τά
545 1836 901 1910 πεμφθένταο
935 1835 1030 1890 ἐπὶ
1056 1835 1115 1890 δὲ
1128 1835 1228 1907 τῆς
1260 1835 1358 1906 σῆς
1383 1833 1693 1904 τιμιότητος
1713 1829 1809 1885 καὶ

216 1930 662 2004 ἀπολογούμεθα,
709 1930 812 1984 καὶ
853 1926 1284 1999 παρακαλοῦμεν
1341 1925 1509 1998 μηδὲν
1546 1924 1806 1994 ἀλγῆσαι,

214 2028 313 2082 καί⁵
343 2027 405 2079 οὐ
436 2024 699 2096 πρότερον
715 2018 1141 2093 ἀποστησόμεθα
1159 2017 1398 2088 συνεχῶς
1420 2015 1595 2071 ταῦτα
1623 2014 1810 2085 λέγον-

213 2137 334 2183 τες,
367 2119 474 2181 ἕως
506 2117 574 2171 ἀν
600 2116 733 2186 ἡμῖν
758 2112 1153 2185 δηλοποιήσῃς,
1179 2111 1263 2169 ὅτι
1287 2108 1389 2163 οὐκ
1415 2107 1678 2179 ήλγησας.
1708 2108 1808 2160 Ἂν

213 2214 332 2286 γὰρ
377 2208 635 2265 τοιούτων
673 2203 1024 2277 ἐπιτύχωμεν
1061 2200 1439 2274 γραμμάτων,
1468 2197 1806 2264 διπλασίονα,

215 2306 316 2362 καὶ
353 2298 732 2375 τριπλασίονα,
763 2297 861 2351 καὶ
890 2293 1330 2349 πολλαπλασίονα
1369 2292 1400 2334 ι»
1427 2292 1536 2345 τῶν
1563 2292 1807 2346 ἀποστα-

213 2396 424 2450 λέντων
441 2389 723 2464 ἡγούμεθα
741 2385 1010 2458 δεδέχθαι.
1040 2384 1247 2439 Ἱκανὸν
1261 2382 1372 2455 γὰρ
1395 2381 1630 2453 μάλιστα
1650 2379 1810 2434 τοῦτο

211 2483 396 2547 δεῖξαι
429 2483 525 2537 καὶ
549 2481 649 2552 τὴν
691 2478 852 2546 αἰδῶ,
892 2478 990 2532 καὶ
1018 2475 1120 2549 τὴν
1147 2473 1334 2547 τιμὴν,
1377 2474 1446 2546 ἠν
1492 2472 1638 2545 ἐχεις
1669 2471 1809 2543 πρὸς

211 2580 371 2652 ἡμᾶς
537 2687 722 2746 ΣΛΓ.
763 2686 922 2757 Πρὸς
952 2685 1060 2740 τὸν
1109 2681 1487 2753 Ἀντιοχείας.

294 2819 446 2876 ’Ἔδει
483 2817 580 2889 μὲν
610 2817 710 2888 τὴν
737 2815 1013 2888 ὑμετέραν
1037 2812 1326 2868 εὐλάϐειαν
1358 2808 1434 2882 μὴ
1459 2810 1573 2872 τοῖς
1603 2807 1810 2878 ῥήμασι

211 2909 328 2965 τῶν
357 2907 664 2979 εἰρηκότων
691 2904 1143 2977 παρατρέπεσθαι
1179 2903 1280 2973 τὴν
1308 2902 1566 2964 διάνοιαν,
1601 2898 1718 2953 ἀλλ’
1752 2897 1811 2950 ἐν

212 2998 296 3070 τῷ
327 2998 524 3068 πλήθει
551 2995 646 3051 τοῦ
671 2995 902 3065 ψεύδους
927 2995 1066 3066 μετά
1092 2992 1296 3062 πολλῆς
1318 2993 1416 3062 τῆς
1448 2991 1695 3060 σκέψεως
1723 2990 1812 3042 ἀν·

217 3071 530 3165 ιχνεύεσοαι
553 3089 652 3158 τὴν
677 3087 956 3157 ἀλήθειαν.
981 3087 1045 3140 Εἰ
1078 3086 1184 3158 γὰρ
1214 3085 1431 3138 ἅπαντα
1451 3083 1519 3137 τὰ
1548 3080 1810 3153 θρυλλού-

217 3197 364 3253 μενα
384 3179 643 3249 ἀλήθειαν
672 3176 986 3242 ὑπολάϐοις,
1023 3174 1428 3230 κινδυνεύσειαν
1451 3173 1518 3226 ἀν
1550 3171 1806 3235 ἃπαντες·

210 3276 268 3330 εί
304 3273 360 3326 δέ
392 3272 572 3344 κρίσει
604 3271 701 3324 καὶ
729 3268 916 3341 νόμοις
941 3266 1280 3338 ἀνιχνεύεται
1309 3266 1376 3320 τὰ
1402 3277 1426 3305 ε
1447 3263 1807 3331 λανθάνοντα,

212 3365 503 3438 κριτήριον
527 3362 594 3419 ἂν
635 3362 815 3432 ἔγωγε
847 3361 976 3433 παρ’
1004 3360 1159 3432 ὑμῶν
1184 3359 1518 3430 ἐπεζήτησα,
1545 3360 1592 3411 εἰ
1617 3358 1693 3429 μή
1724 3375 1811 3421 τις

213 3455 384 3527 ῑτερα
424 3449 582 3517 αὖθις
620 3452 761 3505 ὅπλα
801 3449 1173 3518 συκοφαντίας
1216 3465 1306 3520 μοι
1336 3446 1674 3501 ἐπιπνεύσει.
1707 3448 1806 3500 Δέ-

213 3545 376 3600 δοικα
409 3543 542 3614 γὰρ,
573 3541 789 3595 δέδοικα
813 3540 1000 3594 λοιπὸν
1025 3539 1123 3601 τάς
1158 3537 1336 3600 σκιὰς,
1364 3537 1460 3590 καὶ
1491 3536 1560 3589 τά
1598 3534 1806 3605 φαντάο

219 3652 433 3705 σματα,
483 3632 862 3704 ἐπειδὴαύτοί
909 3629 1268 3684 ἐδικαιώσατε
1317 3627 1512 3691 οὕτως.
1551 3629 1614 3680 Οἱ
1662 3627 1807 3697 φίλοι

211 3728 315 3798 τὴν
343 3724 528 3795 φιλίαν
566 3726 898 3795 ἠρνήσαντο,
944 3725 992 3775 οί
1043 3721 1272 3791 πλησίον
1321 3720 1474 3783 ὄντες
1523 3719 1806 3790 πόρρωθεν

216 3817 373 3890 [Ἱ29]
409 3815 665 3885 ἔστησαν,
701 3817 800 3868 καὶ
837 3811 1121 3886 πόρρωθεν
1151 3812 1304 3874 δντες
1336 3810 1402 3864 τὰ
1429 3810 1555 3880 βέλη
1583 3811 1686 3878 τῆς
1721 3827 1808 3862 συ·

213 3908 517 3978 κοφαντίας
562 3903 1004 3970 ἀποτοξεύουσιν.
1056 3902 1145 3956 Ἐν
1181 3902 1330 3973 μέσῳ
1358 3901 1414 3954 δὲ
1453 3901 1544 3952 τοῦ
1589 3901 1805 3970 λιμένος

208 3998 346 4052 ’ὄντα
396 4015 462 4068 με
491 4001 746 4066 ναυάγιον
785 3997 1075 4066 ὑπομεῖναι
1102 3995 1414 4063 ἐποιήσατε.
1459 3993 1597 4046 Ἀλλ’
1640 3994 1805 4046 εἰκαὶ

211 4093 315 4162 τῆς
334 4092 544 4154 πόλεως
565 4089 920 4159 ἐκϐάλλομαι.
950 4087 1046 4141 καὶ
1075 4087 1169 4156 τῆς
1213 4087 1522 4155 Εκκλησίας
1546 4087 1806 4156 ἀπείργο-

217 4201 338 4254 μαι,
398 4183 658 4252 πείθομαι
687 4182 825 4255 πρὸς
878 4182 1058 4234 πᾶσαν
1106 4179 1474 4232 ἀποδύσασθαι
1509 4180 1799 4249 τιμωρίαν.

211 4275 487 4346 Κέκριται
509 4273 618 4343 γάρ
647 4290 736 4344 μοι
762 4271 1094 4341 φιλοσοφεῖν,
1121 4270 1214 4322 καὶ
1243 4270 1426 4341 φέρειν
1448 4272 1711 4336 γενναίως
1734 4269 1804 4324 τὰ

209 4366 475 4437 δυσχερῆ.
511 4360 642 4419 Οἶδα
669 4363 798 4434 γὰρ,
827 4359 944 4416 οῖδα
983 4362 1168 4430 σαφῶς
1197 4362 1293 4432 τὴν
1321 4362 1553 4433 ἐρημίαν
1583 4363 1806 4413 εὐτονω-

214 4456 382 4526 τέραν
411 4450 551 4507 εἶναι
578 4454 677 4523 τῆς
702 4454 933 4514 πόλεως,
966 4453 1060 4504 καὶ
1081 4451 1150 4504 τά
1179 4451 1347 4524 θηρία
1377 4452 1472 4505 τοῦ
1496 4452 1665 4522 ἀγροῦ
1692 4452 1802 4505 τῶν

211 4546 386 4616 φίλων
420 4544 766 4617 ἡμερώτερα.
803 4544 1076 4614 Ἐρῤωσο.

759 4670 804 4721 Σ
807 4668 931 4720 ΛΔ’.
987 4665 1264 4732 Βρίσωνι.

293 4789 704 4859 Ἐϐδομὴκοντα
750 4785 937 4857 σχεδὸν
989 4784 1204 4857 ἡμέρας
1252 4783 1629 4850 ἀναλώσαντες
1661 4784 1803 4838 κατά

211 4884 314 4954 τὴν
344 4881 489 4942 ὁδὸν,
538 4879 659 4933 ὅθεν
717 4876 1033 4946 λογίζεσθαι
1076 4877 1251 4940 ἔξεστι
1282 4879 1349 4947 τῇ
1405 4876 1801 4947 θαυμασιότητί

213 4991 333 5036 σου,
390 4975 490 5024 ὅσα
517 4989 576 5024 τε
623 4972 715 5023 καὶ
763 4970 930 5039 ἡλίκα
975 4969 1324 5039 πεπόνθαμεν
1358 4969 1522 5032 κακὰ,
1560 4969 1709 5040 φόϐῳ
1741 4986 1798 5022 τε

222 5061 517 5134 Ἰσαυρικῷ
568 5059 1021 5131 πολιορκούμενοι
1068 5059 1358 5130 πολλαχοῦ,
1406 5061 1500 5113 καὶ
1548 5063 1798 5131 πυρετοῖς

209 5155 512 5225 ἀφορήτοις
556 5153 902 5214 παλαίοντες,
951 5151 1050 5218 ὀψέ
1100 5169 1230 5203 ποτε
1282 5153 1674 5222 ἀπηντήσαμεν
1720 5153 1800 5216 είς

210 5247 312 5316 τὴν
338 5243 671 5304 Κουκουσδν,
696 5245 756 5297 τὸ
787 5244 969 5310 πάσης
991 5242 1089 5312 τῆς
1114 5243 1438 5314 οἰκουμένης
1460 5245 1796 5312 ἐρημότατον

211 5336 435 5410 χωρίον.
475 5336 586 5388 Καὶ
620 5334 793 5387 ταῦτα
826 5334 970 5400 λέγω
1003 5332 1101 5384 οὑκ
1131 5333 1298 5398 ἀξιῶν
1328 5335 1614 5403 ὲνοχλῆσαί
1651 5352 1794 5401 τινα,

201 5428 351 5483 ’ὥστε
381 5429 528 5498 ἡμᾶς
563 5429 899 5497 μεταστῆσαι
939 5425 1187 5480 ἐντεῦθεν
1228 5427 1308 5496 (τὸ
1341 5431 1448 5497 γὰρ
1482 5427 1797 5496 χαλεπώτα-

206 5537 300 5574 τον
347 5517 701 5589 διηνύσαμεν,
749 5521 848 5584 τῆς
893 5517 1013 5571 ὁδοῦ
1070 5519 1168 5584 τὴν
1211 5521 1631 5593 ταλαιπωρίαν),
1677 5521 1796 5576 ἀλλ’

268 5733 298 5763 ⁸
324 5733 431 5782 Duo
456 5743 559 5778 mss
592 5737 649 5793 τῇ
671 5732 914 5795 ἐμμελείᾳ.

266 5795 294 5834 δ
318 5795 518 5842 Coislin.
543 5795 913 5843 πολυπλασίονα.

267 5858 292 5888 ⁸
323 5855 448 5906 ητα.
484 5854 817 5906 κινδυνεύσειεν
847 5860 1096 5902 ἅπαντα...
1121 5854 1284 5916 νόμοις
1305 5855 1599 5919 ἀνιχνεύσαις
1618 5860 1694 5902 τά.

1665 440 2054 503 ΕΡΙΒΤΟΙΑΕ.

3381 430 3493 492 πο

1909 550 2054 622 ὑμᾶς
2109 547 2272 621 χάριν
2319 547 2458 604 αἰτῶ
2481 587 2499 614 ,
2543 548 2607 603 τὸ
2668 549 2908 620 συνεχῶς
2951 549 3088 621 ἡμῖν
3131 549 3490 620 ἐπιστέλλειν,

1910 642 2067 714 μηδὲ,
2106 641 2296 713 ἐπειδὴ
2341 640 2678 713 πορρωτέρω
2713 641 3354 715 μειαρκίσθημενλὺμῶν,
3393 644 3493 699 καὶ

1906 734 2111 805 ταύτης
2161 735 2313 805 ἡμᾶς
2354 734 2730 804 ἀποστερῆσαι
2763 732 2866 804 τῆς
2917 734 3294 806 παραμυθίας.
3343 737 3492 791 Ἴστε

1907 825 2017 895 γάρ
2048 826 2150 895 ὅση
2177 825 2525 896 παράκλησις
2555 825 2687 896 ἡμῖν
2707 823 2936 892 γίνεται,
2962 825 3012 879 εί
3038 825 3133 880 καὶ
3159 826 3228 879 τά
3247 826 3494 899 ἡμέτερα

1907 914 1966 967 ἐν
2001 901 2185 984 θλίψει
2207 917 2300 969 καὶ
2325 915 2663 987 περιστάσει,
2692 915 2821 967 ὅταν
2841 914 3129 987 ἀκούωμεν
3145 915 3218 970 τά
3241 917 3370 988 περὶ
3393 917 3494 990 τῆς

1909 1003 2100 1072 ὑγείας
2135 1004 2290 1074 ὑμῶν
2317 1005 2425 1057 τῶν
2455 1001 2796 1072 ἀγαπώντων
2834 1003 3122 1074 ήμᾶς,.δτι
3157 1005 3215 1057 ἐν
3259 1004 3498 1080 εὐθυμία

1910 1099 2004 1152 καὶ
2043 1098 2204 1170 ὑγείᾳ
2241 1098 2387 1162 ἐστὲ,
2432 1098 2528 1151 καὶ
2562 1097 2725 1171 ’ἀδείᾳ
2752 1097 2942 1170 πολλῇ.
2973 1098 3071 1153 ’ἶν’
3109 1094 3203 1154 οὖν
3244 1101 3496 1156 ἐντεῦθεν

1909 1188 2111 1259 πολλῆς
2152 1187 2518 1259 ἀπολαύωμεν
2549 1189 2650 1260 τῆς
2691 1187 3055 1260 εὐφροσύνης,
3103 1191 3284 1264 γράφε
3321 1190 3499 1248 ταῦτα

1909 1281 2148 1352 συνεχῶς
2195 1283 2353 1352 ἡμῖν.
2389 1281 2469 1337 Οὐ
2509 1281 2621 1353 γὰρ
2647 1281 2725 1347 ὡς
2761 1281 2951 1355 ἔτυχεν
2992 1284 3140 1355 ἡμᾶς
3172 1283 3494 1358 ἀνακτήσῃ,

1907 1371 2044 1426 ἀλλά
2071 1372 2273 1445 πολλῆς
2295 1375 2443 1445 ἡμᾶς
2462 1376 2907 1444 παρασκευάσεις
2932 1376 3238 1431 ἀπολαῦσαι
3257 1379 3358 1449 τῆς
3383 1393 3485 1434 παρ

1909 1464 2212 1544 ραμυθίας·
2243 1466 2340 1520 καὶ
2370 1465 2482 1537 γὰρ
2513 1467 2614 1521 οὑκ
2638 1467 2874 1537 ἀγνοεῖς,
2904 1470 3056 1534 ὅπως
3085 1471 3352 1544 χαίρομεν
3381 1472 3498 1538 τοῖς

1909 1556 2023 1619 σοῖς
2043 1553 2288 1625 ἀγαθοῖς.

2066 1735 2249 1786 ZAE'.
2287 1735 2606 1804 Hapswpkp
2636 1735 2950 1805 ἐπισκόπφ
2986 1736 3209 1792 Ῥωσοῦ
3228 1736 3278 1792 δ.

1980 1839 2113 1897 Οἶδά
2135 1861 2228 1899 σου
2256 1847 2357 1916 τῆς
2380 1847 2601 1918 ἀγάπης
2618 1847 2679 1902 τὺ
2703 1850 2954 1924 στερρὸν,
2989 1850 3050 1904 τὸ
3073 1849 3501 1923 ἀπερίτρεπτον,

1911 1935 1972 1988 τὸ
1998 1936 2238 2002 ἀκλινές,
2266 1938 2361 1991 καὶ
2389 1938 2465 2003 ὡς
2481 1939 2710 2011 οὐδεμία
2734 1943 3079 2013 πραγμάτων
3105 1943 3363 1999 δυσκολία
3383 1944 3502 1999 αὑ-

1905 2028 2008 2099 τὴν
2039 2030 2453 2100 παραπλεῦσαι
2489 2030 2697 2105 δύναιτ’
2725 2034 2792 2087 ἀν
2812 2049 2829 2065 ·
2871 2033 3031 2088 τοῦτο
3056 2035 3146 2090 διὰ
3175 2037 3285 2090 τῶν
3316 2035 3497 2108 ῐργων

1908 2119 2139 2186 ἔδειξας.
2171 2122 2272 2176 Διά
2315 2121 2473 2175 τοῦτο
2510 2123 2606 2176 καὶ
2648 2126 2836 2194 ἡμεῖς,
2883 2125 3060 2181 καίτοι
3106 2127 3166 2179 ἐν
3212 2125 3500 2204 ἀρρωστίᾳ

1909 2212 2274 2279 καθεστῶτες,
2295 2215 2389 2270 καὶ
2415 2215 2498 2279 εἰς
2521 2214 2583 2267 τὸ
2602 2215 2784 2288 πάσης
2806 2215 2908 2287 τῆς
2923 2215 3048 2271 καθ’
3072 2217 3222 2288 ἡμᾶς
3238 2218 3496 2292 οἰκουμέ-

1909 2317 2010 2380 νης
2058 2304 2400 2375 ἐρημότατον
2429 2304 2631 2378 χωρίον
2677 2305 3088 2377 ἀπενεχθέντες.
3121 2309 3220 2379 τὴν
3254 2310 3498 2366 Καυκω-

1913 2392 2027 2458 σὺν,
2062 2394 2159 2447 καὶ⁵
2190 2395 2294 2447 ὑπὸ
2321 2395 2424 2466 τῆς
2453 2396 2562 2449 τῶν
2600 2395 2864 2467 Ἰσαύρων
2887 2398 3080 2467 ἐφόδου
3102 2398 3502 2474 πολιορκούμε-

1911 2500 2015 2548 νοι,
2046 2483 2139 2537 καὶ
2163 2485 2223 2538 ἐν
2249 2486 2474 2549 πολλαῖς
2500 2486 2654 2550 ὄντες
2671 2487 3051 2557 περιστάσεσι,
3076 2490 3172 2544 καὶ
3189 2492 3497 2563 γράφομεν,

1910 2577 2004 2629 καὶ
2033 2576 2134 2648 τὴν
2158 2576 2516 2650 ὀφειλομένην
2549 2577 2876 2650 ἀποδίδομεν
2915 2580 3219 2653 πρόσρησιν
3241 2586 3308 2655 τῇ
3341 2584 3503 2639 εὐλα-

1911 2666 2034 2739 ϐείᾳ
2070 2671 2135 2740 τῇ
2186 2671 2286 2741 σῇ,
2325 2669 2406 2740 τῷ
2449 2668 2662 2740 σώματι
2715 2671 2813 2742 μὲν
2846 2673 3214 2745 διεστηκότες,
3251 2679 3319 2747 τῇ
3349 2677 3499 2751 ψυχῇ

1909 2757 1967 2810 δέ
1998 2757 2395 2829 συνδεδεμένοι,
2430 2759 2527 2813 καὶ
2553 2759 2818 2832 μεγίστην
2849 2761 3100 2818 ἐντεῦθεν
3137 2766 3503 2837 καρπούμεθα

1909 2852 2010 2922 τὴν
2033 2851 2398 2923 παράκλησιν.
2432 2853 2497 2905 Εἰ
2523 2853 2634 2925 γὰρ
2664 2854 2759 2907 καὶ
2785 2854 2954 2926 πολλὴ
2978 2856 3078 2927 τῆς
3108 2857 3356 2912 ἐντεῦθεν
3382 2859 3501 2914 δια-

1909 2941 2104 3009 τριϐῆς
2131 2945 2164 3014 ἡ
2199 2941 2478 3006 δυσκολία,
2528 2943 2647 2997 ἀλλ’
2680 2943 2739 2998 ἐν
2774 2945 2934 3002 τοῦτο
2963 2947 3220 3017 μέγιστον
3251 2941 3502 3006 ἐντεῦθεν

1910 3035 2296 3108 καρπούμεθα,
2327 3035 2389 3091 τὸ
2418 3039 2483 3091 ἐκ
2508 3038 2766 3107 γειτόνων
2792 3041 2922 3110 ὑμῖν
2945 3036 3108 3107 εῐναι,
3141 3043 3234 3097 καὶ
3260 3043 3502 3115 συνεχῶς

1909 3127 2195 3196 δύνασθαι,
2235 3129 2419 3198 ὀλίγου
2451 3129 2547 3185 τοῦ
2589 3131 2759 3202 μέσου
2787 3133 2889 3204 τῆς
2920 3133 3044 3188 ὀδοῦ
3089 3135 3295 3208 ταύτης
3325 3137 3501 3204 ὄντος,

1911 3221 2008 3275 καί⁵
2058 3221 2398 3276 ἐπιστέλλειν
2447 3223 2583 3295 πρὸς
2619 3223 2717 3295 τὴν
2749 3225 3023 3296 ὑμετέραν
3062 3227 3371 3295 εὐλάϐειαν,
3406 3231 3504 3288 καὶ

1909 3308 2162 3380 δέχεσθαι
2186 3312 2319 3382 παρ’
2345 3311 2503 3381 ὑμῶν
2531 3312 2860 3384 γράμματα.
2888 3317 2999 3370 Καὶ⁵
3017 3317 3126 3390 γάρ
3147 3319 3352 3391 ταύτης
3375 3323 3506 3377 ἀποο

1909 3400 2166 3466 λαύοντες
2186 3402 2288 3473 τῆς
2308 3403 2505 3474 ἐορτῆς
2542 3404 2757 3476 (ἑορτὴν
2779 3406 2886 3479 γάρ
2921 3407 3034 3477 ἐγὼ
3060 3408 3221 3464 τοῦτο
3258 3410 3502 3484 τίθεμαι,

1911 3494 2005 3547 καὶ
2049 3495 2380 3566 πανήγυριν,
2434 3497 2529 3551 καί
2567 3497 2772 3570 πολλῆς
2804 3501 3000 3573 ἡδονῆς
3044 3505 3345 3576 ὑπόθεσιν),
3381 3507 3504 3565 οὐδδ

1912 3588 2118 3658 μικρὰν
2142 3587 2395 3659 αἴσθησιν
2423 3590 2520 3660 τῆς
2545 3591 2805 3662 ἐρημίας,
2827 3593 2924 3648 καὶ
2948 3594 3042 3649 τοῦ
3070 3594 3257 3665 φόϐου,
3284 3597 3504 3670 καὶτῆς

1909 3679 2144 3746 ἀγωνίας
2177 3679 2480 3752 ληψόμεθα.

2193 3839 2341 3914 [πο]
2377 3844 2568 3910 ΣΑςκ
2603 3845 2900 3914 Καρτερίῳ
2945 3847 3209 3918 ἡγεμόνι.

1992 3955 2362 4026 Ἐρημότατον
2416 3959 2516 4028 μὲν
2563 3960 2762 4031 χωρίον
2795 3962 2917 4031 μεθ’
2950 3963 3259 4038 ὑπερϐολῆς
3296 3966 3328 4037 ἠ
3358 3967 3502 4021 Κου-

1908 4047 2101 4110 κουσός
2127 4059 2149 4087 θ
2172 4066 2185 4078 ·
2224 4049 2364 4120 πλὴν
2407 4050 2521 4103 ἀλλ’
2550 4053 2648 4122 οὑχ
2679 4052 2855 4117 οὑτως
2886 4056 3034 4126 ἡμᾶς
3057 4058 3125 4129 τῇ
3161 4057 3368 4131 ἐρημίᾳ
3404 4058 3501 4112 λυ-

1908 4143 2019 4203 πεῖ,
2035 4141 2112 4203 ὼς
2132 4141 2411 4212 εὐφραίνει
2432 4147 2498 4215 τῇ
2527 4145 2750 4217 ἡσυχίᾳ,
2783 4148 2876 4200 καὶ
2900 4147 2980 4218 τῷ
3008 4150 3321 4220 μηδαμόθεν
3365 4153 3500 4222 ἡμῖν

1907 4231 2210 4303 πράγματα
2265 4235 2546 4305 παρέχειν.
2582 4236 2674 4290 Διὸ
2721 4237 2972 4310 καθάπερ
3017 4242 3099 4304 είς
3139 4240 3335 4313 λιμένα
3375 4243 3502 4298 τινὰ

1907 4323 2004 4394 τὴν
2043 4325 2281 4395 ἐρημίαν
2326 4327 2532 4399 ταύτην
2577 4329 2977 4401 ἀπηντηκότες,
3024 4331 3170 4387 οὕτω
3203 4333 3500 4405 καθήμεθα

1905 4415 2014 4468 ἀπὸ
2042 4415 2151 4469 τῶν
2185 4416 2327 4471 κατά
2356 4417 2456 4489 τὴν
2499 4419 2618 4472 ὁδὸν
2645 4422 2831 4474 κακῶν
2869 4423 3252 4491 ἀναπνέοντες,
3286 4427 3377 4480 καὶ
3430 4429 3498 4500 τῇ

1905 4508 2108 4579 ἡσυχία
2137 4508 2314 4583 ταύτῃ
2343 4513 2444 4580 τῆς
2473 4512 2790 4585 ἀρρωστίας
2824 4515 2918 4568 καὶ
2948 4515 3059 4569 τῶν
3081 4515 3257 4571 ἀλλων
3285 4516 3497 4585 κακῶν,

1905 4591 1979 4650 ὧν
2017 4600 2412 4671 ὑπεμείναμεν,
2444 4604 2513 4657 τά
2546 4603 2770 4676 λείψανα
2795 4605 3152 4678 διορθοῦντες.
3187 4608 3296 4663 Καὶ
3323 4608 3501 4664 ταῦτα

1904 4693 2207 4764 εἰρήκαμεν
2242 4694 2380 4767 πρὸς
2406 4696 2505 4767 τὴν
2536 4697 2634 4765 σὴν
2671 4698 3052 4770 λαμπρότητα,
3079 4699 3270 4775 ἐπειδὴ
3292 4701 3500 4775 σφόδρα

1908 4783 2068 4854 ίσμεν
2098 4787 2356 4857 χαίροντά
2389 4805 2449 4841 σε
2475 4792 2540 4860 τῇ
2573 4790 2754 4845 ἀνέσει
2789 4793 2855 4863 τῇ
2887 4791 3155 4864 ἡμετέρᾳ,
3186 4794 3307 4849 ἐπεὶ
3337 4795 3430 4852 καὶ
3458 4794 3497 4860 δ

1904 4878 2095 4932 αὑτόοι
2142 4881 2450 4953 πεποίηκας
2495 4883 2753 4937 οὐδέποτε
2792 4884 3142 4940 ἐπιλαθέσθαι
3195 4887 3493 4960 δυνάμεθα,

1904 4971 2030 5033 τοὺς
2067 4975 2358 5042 προπετεῖς
2401 4973 2643 5038 ἐκείνους
2681 4976 2776 5030 καὶ
2802 4977 3120 5046 ἀλογίστους
3146 4980 3494 5035 ἀναστέλλων

1905 5061 2188 5132 θορύϐους,
2243 5063 2336 5118 καὶ
2383 5066 2560 5118 πάντα
2605 5068 2796 5135 ποιῶν,
2849 5068 2991 5123 ῶστε
3050 5073 3200 5142 ἡμᾶς
3242 5073 3299 5124 ἐν
3335 5071 3494 5146 ἀδείᾳ

1904 5159 2276 5227 καταστῆσαι,
2312 5156 2404 5210 καὶ
2427 5157 2495 5211 τὰ
2520 5159 2719 5213 σαυτοῦ
2744 5161 2987 5233 πληρῶν.
3019 5163 3130 5217 Καὶ
3154 5162 3327 5222 ταῦτα
3353 5163 3492 5235 πρὸς

1903 5248 2148 5314 ἅπαντας
2202 5252 2446 5324 ὅπουπερ
2511 5252 2577 5306 ἂν
2636 5255 2963 5325 ἀφικώμεθα
3017 5257 3486 5329 ἀνακηρύττομεν,

1904 5341 2107 5404 πολλάς
2146 5359 2228 5396 σοι
2261 5345 2490 5413 χάριτας
2517 5346 2737 5409 εἰδότες,
2769 5347 3004 5402 δέσποτά
3039 5365 3142 5420 μου
3172 5347 3490 5419 θαυμασιώ-

1899 5452 2049 5496 τατε,
2073 5439 2173 5505 τῆς
2212 5436 2478 5508 τοσαύτης
2513 5439 2859 5511 κηδεμονίας.
2889 5441 3005 5496 Ἵνα
3036 5441 3093 5495 δὲ
3133 5441 3393 5514 μὴμόνον
3423 5443 3490 5497 ἐκ

1898 5524 1992 5578 τοῦ
2024 5525 2294 5595 φιλεῖσθαι
2317 5529 2468 5604 παρά
2498 5530 2614 5594 σοῦ,
2634 5531 2772 5585 ἀλλά
2800 5533 2892 5587 καὶ
2918 5535 2982 5588 ἐκ
3008 5533 3116 5590 τῶν
3141 5534 3488 5610 γραμμάτων

1959 5800 1983 5840 δ
2015 5792 2164 5860 ἓ³νί¹ο
2192 5793 2457 5860 ῙΞορφυρίῳΑ
2474 5795 2741 5857 ἐπισκόπει».
2771 5808 2870 5847 non
2888 5799 2947 5850 ad
2969 5798 3057 5848 lito
3083 5794 3291 5848 Ῥωσοῦ.

1964 5876 1987 5905 ε
2015 5853 2168 5906 Vatic.
2203 5853 2486 5914 Κοκκαυῶς
2504 5869 2593 5920 pm
2614 5853 2770 5908 mo're.
