4152 6482
127 433 234 493 7M

1579 413 1960 478 ειηδτοωε.

3315 402 3425 464 ne
3519 367 3522 370 ’

119 548 308 602 solum
335 560 401 601 ex
423 558 512 612 eo,
535 546 678 615 quod
698 560 942 603 amemur
961 561 990 602 a
1019 555 1093 613 te,
1119 545 1213 602 sed
1239 545 1402 602 etiam
1428 543 1574 614 quod
1603 544 1724 600 lite-
1829 545 1981 600 tiam.
2011 542 2130 601 Non
2157 543 2303 601 enim
2333 539 2542 612 vulgari
2568 535 2764 594 solatio
2784 529 3129 606 quantumvis
3157 528 3212 584 in
3243 536 3449 588 extera.

116 640 206 696 ria
234 637 344 693 tuis
378 637 650 703 fruamur,
678 653 800 708 qua:
830 639 985 694 nobis
1011 638 1334 695 valetudinis
1375 645 1480 692 tuae
1521 645 1721 696 statum
1827 637 2048 707 regione
2093 635 2356 708 degentes
2405 627 2814 730 reﬂeiemur,‘si
2860 625 2929 680 ab
2971 621 3297 680 excellentia
3339 628 3430 678 tua

115 739 426 800 exponant,
451 729 631 786 laetitia
655 728 976 802 afllciamur,
1000 731 1140 788 hanc
1162 729 1320 787 nobis
1339 731 1577 789 concede
1597 746 1723 798 gra-
1827 726 2022 784 missas
2049 725 2314 798 ejusmodi
2345 725 2554 781 litteras
2571 725 2961 790 acceperimus.

153 1044 3409 1099 Μ

1599 1374 1978 1438 MONITUM.

146 1604 320 1682 longe
357 1607 623 1673 deflectit,
655 1618 720 1666 ut
754 1611 1006 1684 quisquis
1024 1611 1404 1683 Cbrysostomi
1432 1609 1706 1683 Epistolas
1729 1614 1943 1685 legerit,
1965 1613 2149 1671 statim
2179 1609 2596 1673 anim3dvcrtet.
2620 1606 2721 1661 Hic.
2757 1605 3113 1663 Constantius
3146 1600 3425 1674 presbyter

151 1720 538 1779 Antiochcnus
574 1737 638 1778 ex
667 1725 954 1795 pracipuis
991 1734 1112 1781 erat
1153 1724 1381 1783 Joannis
1408 1726 1786 1799 Chrysostomi
1823 1731 2040 1794 amicis,
2083 1736 2137 1784 et
2179 1743 2210 1784 a
2257 1729 2494 1784 scelesto
2543 1725 2638 1780 illo
2681 1722 3005 1796 Porphyrio,
3049 1722 3144 1793 qui
3183 1719 3429 1793 indignis

149 1835 342 1892 modis
371 1836 766 1894 Antiochenam
800 1839 983 1895 sedem
1025 1839 1324 1906 invaserat,
1353 1841 1543 1898 multis
1566 1841 1794 1898 affectus
1833 1842 2118 1906 aerumnis,
2158 1840 2618 1913 Chrysostomum
2663 1847 2797 1893 tunc
2830 1836 3032 1893 Cucusi
3082 1834 3428 1891 exsulantem

153 1953 392 2020 adierat,
427 1954 655 2025 ejusque
681 1953 835 2010 lateri
866 1954 1126 2021 haerebat,
1161 1965 1221 2010 ut
1252 1957 1399 2012 circa
1433 1955 1595 2012 tinem
1633 1956 1916 2027 sequentis
1949 1955 2195 2025 epistolae
2220 1955 2426 2010 indicat
2454 1971 2467 2006 :
2502 1951 2617 2007 Nos
2648 1953 2789 2007 enim
2827 1950 2913 2005 hic
2939 1948 3111 2005 multa
3149 1947 3420 2017 voluptats

152 2071 555 2140 perfundimur,
592 2071 716 2126 dum
745 2074 1068 2128 acutissimi
1096 2076 1324 2145 episcopi
1352 2076 1750 2142 consuetudine,
1789 2092 1854 2131 ac
1889 2075 1996 2130 loci
2041 2075 2200 2145 hujus
2244 2075 2418 2146 quiete
2458 2073 2668 2144 otioque
2701 2087 2910 2126 summa
2935 2069 3282 2125 oblectamur.
3310 2063 3431 2121 Non

156 2188 232 2242 ab
255 2200 318 2241 re
339 2183 597 2255 opinatur
631 2184 1009 2243 Tillemontius
1042 2188 1327 2259 epistolam
1359 2189 1429 2245 ad
1464 2190 1786 2261 episcopum
1822 2191 2228 2246 Antiochenum
2270 2189 2503 2261 (scilicet
2536 2184 2952 2258 Porphyrium),
2992 2198 3118 2255 quae
3150 2191 3235 2239 est
3264 2194 3434 2251 supra

155 2315 322 2357 num.
343 2301 471 2364 9.53.
497 2316 618 2357 esse
649 2317 756 2358 non
784 2300 1013 2361 Joannis
1041 2302 1445 2376 Chrysostomi,
1469 2304 1630 2376 cujus
1656 2313 1840 2360 tamen
1865 2319 2066 2361 nomen
2097 2317 2211 2376 pra:
2248 2316 2310 2358 se
2349 2301 2477 2367 fert,
2544 2297 2924 2382 sedejusdem
2964 2291 3275 2352 Constantii
3313 2307 3441 2363 pre-

157 2416 415 2489 sbyteri:
445 2433 572 2474 nam
596 2428 652 2475 et
671 2418 890 2475 dicendi
912 2421 1072 2488 ratio,
1094 2422 1309 2478 etiamsi
1342 2438 1451 2479 non
1473 2422 1774 2493 inelegans,
1797 2429 1854 2480 et
1881 2437 1972 2479 res
1998 2421 2129 2502 ipsa
2164 2435 2290 2494 qua
2325 2421 2607 2486 dicuntur,
2636 2415 3025 2475 Constantium
3047 2412 3438 2485 presbyterum

155 2537 346 2611 magis
373 2537 636 2606 referunt,
674 2555 839 2612 quam
865 2540 1344 2614 Chrysostomum.

291 3271 925 3359 CCXXXVII.
1009 3271 1708 3359 CONSTANTII
1784 3271 2513 3359 PRESBYTEBI
2593 3275 2747 3358 AD
2826 3271 3372 3361 MATREM.

1689 3462 1957 3516 «00628!

241 3609 358 3665 Hoc
392 3607 604 3664 demum
643 3617 726 3665 est
765 3623 948 3666 veram
990 3624 1111 3666 esse
1137 3619 1364 3665 matrem
1388 3650 1405 3673 ,
1455 3623 1519 3664 ae
1563 3609 1760 3665 liberos

161 3702 442 3764 adamare,
491 3715 682 3770 nempe
707 3716 829 3756 eum
857 3700 1089 3757 defuerit
1115 3699 1387 3773 quidpiam
1425 3715 1612 3756 eorum
1642 3715 1764 3771 quae

165 3793 474 3847 necessaria
506 3802 652 3858 sunt,
701 3793 866 3848 filium
897 3808 1150 3859 monere,
1198 3793 1467 3864 domoque
1509 3793 1761 3864 exigere,

166 3892 334 3953 atque
377 3884 492 3951 ejus
538 3883 832 3940 discessum
879 3900 1035 3956 aequo
1080 3886 1263 3941 animo
1305 3885 1485 3951 ferre,
1539 3901 1604 3942 ac
1649 3901 1766 3942 ma-

166 3991 334 4047 gnam
364 3978 436 4031 illi
463 3978 532 4033 ob
560 3986 861 4049 susceptam
889 3979 1372 4051 peregrinationem
1412 3979 1639 4052 gratiam
1671 3981 1767 4036 ha-

172 4073 328 4128 bere.
369 4071 634 4142 Suhegisti
677 4072 783 4127 vim
821 4072 1178 4145 affectumque
1219 4082 1448 4139 naturai,
1497 4073 1766 4145 dumjus-

171 4160 330 4228 sisti,
361 4171 417 4217 ut
441 4163 707 4218 civitatem
735 4162 1042 4229 solitudine,
1085 4165 1426 4221 securitatem
1457 4173 1601 4221 metu
1625 4164 1770 4220 Isau-

171 4244 331 4322 rico,
382 4264 438 4312 et
490 4259 817 4312 consortium
860 4265 1101 4337 vestrum
1145 4259 1485 4330 separatione
1529 4265 1769 4315 mutare-

170 4367 320 4420 mus,
371 4368 442 4410 ne
488 4354 614 4425 quid
639 4354 772 4410 forte
800 4369 955 4411 secus
975 4397 989 4417 .
1020 4370 1084 4410 ac
1120 4356 1394 4423 convenit,
1424 4370 1584 4428 agere
1612 4370 1771 4425 coge-

171 4463 382 4505 remur.
429 4447 572 4516 Qnas
612 4446 684 4502 ob
713 4461 802 4504 res
825 4461 1069 4518 magnam
1099 4447 1195 4502 tibi
1223 4448 1451 4518 gratiam
1475 4446 1770 4512 habemus,

171 4553 285 4593 non
316 4537 457 4610 quod
489 4538 790 4609 pepereris,
835 4536 932 4594 sed
974 4539 1116 4610 quod
1144 4538 1214 4594 ita
1239 4537 1572 4606 educaveris,
1622 4547 1679 4594 et
1719 4537 1774 4594 in

175 4628 287 4685 hoc
315 4645 529 4701 quoque
550 4630 735 4697 talem,
778 4630 990 4701 qualem
1015 4638 1247 4701 oportet,
1297 4640 1522 4686 matrem
1555 4637 1610 4687 te
1636 4645 1776 4701 prte-

176 4720 382 4777 bucris.
429 4719 702 4792 Siquidem
743 4721 847 4777 illae
893 4737 1014 4794 quas
1066 4721 1259 4778 affectu
1308 4721 1656 4794 franguntur,
1722 4730 1780 4778 et

175 4819 465 4882 antequam
515 4812 785 4883 expediat,
845 4812 1076 4869 filiorum
1109 4813 1452 4885 praesentiam
1495 4822 1774 4884 expetunt,

179 4916 290 4958 non
325 4901 437 4975 jam
466 4914 702 4970 matres,
751 4902 848 4960 sed
888 4903 1119 4960 (Iliorum
1166 4904 1446 4976 parricida:
1501 4913 1629 4960 sunt
1679 4919 1779 4975 ap-

179 4994 467 5065 pellandae.
499 4994 606 5052 Sed
634 4996 1085 5066 quemadmodum
1116 4997 1270 5054 fortis
1298 4998 1352 5053 in
1380 4997 1483 5053 hoc
1507 4997 1676 5064 fuisti,
1716 5013 1782 5054 ac

183 5087 330 5141 ferro
355 5085 583 5152 ﬁrmior,
629 5086 831 5158 tibique
875 5088 1180 5145 mercedem
1225 5103 1255 5143 a
1296 5089 1530 5159 benigno
1557 5089 1669 5144 Deo
1687 5104 1783 5144 co-

183 5174 390 5244 piosam
435 5175 796 5244 promeruisti,
823 5178 904 5234 sic
946 5187 998 5234 te
1036 5193 1254 5234 oramus
1296 5189 1352 5234 et
1397 5179 1780 5248 obsecramus,

185 5280 247 5325 ut
285 5270 341 5325 in
386 5271 597 5328 exeteris
623 5273 872 5329 omnibus
896 5273 1140 5331 eamdem
1168 5272 1558 5344 philosOphiam
1580 5281 1634 5329 et
1661 5288 1786 5331 cono

185 5361 446 5417 stantiam
468 5377 581 5433 prae
606 5373 660 5420 te
689 5363 850 5433 feras,
875 5375 929 5422 et
950 5366 1213 5438 intelligas
1237 5381 1397 5422 unam
1423 5366 1782 5422 calamitatem

186 5469 330 5521 esse,
363 5463 641 5524 peccatum
681 5458 878 5525 solum,
903 5460 1108 5531 reliqua
1136 5475 1267 5515 vero
1288 5467 1483 5515 cuneta
1515 5457 1746 5514 fabulam
1764 5498 1782 5522 ,

189 5545 841 5619 principatus,praeconia,
860 5549 1094 5608 honores
1122 5553 1190 5608 ab
1216 5551 1521 5608 hominibus
1540 5551 1779 5608 delatos:

190 5634 330 5691 banc
374 5646 555 5692 autem
587 5652 681 5709 per
703 5641 912 5699 medias
936 5642 1309 5701 tribulationes
1349 5657 1471 5700 esse
1495 5642 1637 5699 viam
1665 5659 1787 5715 qua:

189 5723 338 5781 ducit
359 5725 428 5782 ad
459 5727 670 5785 caelum.
720 5729 825 5788 Per
847 5734 1033 5789 multas
1051 5735 1193 5790 enim
1223 5735 1569 5791 tribulationes
1593 5743 1790 5807 oportet

193 5831 286 5873 nos
307 5817 509 5875 intrare
532 5819 588 5875 in
611 5837 821 5894 regnum
862 5823 1124 5898 DeitAct.
1151 5827 1238 5884 14.
1270 5826 1387 5898 ει).
1418 5826 1485 5885 Et
1515 5841 1644 5885 vero
1663 5840 1788 5884 san-

1870 3557 1943 3613 cti
1983 3569 2198 3620 omnes,
2246 3562 2303 3610 et
2345 3553 2435 3625 qui
2478 3553 2531 3608 in
2583 3551 2785 3616 Veteri,
2836 3558 2892 3605 et
2916 3549 3005 3621 qui
3031 3548 3086 3604 in
3110 3546 3263 3601 Novo
3288 3545 3475 3602 Testa-

1875 3658 2061 3705 mento
2116 3655 2522 3710 memorantur,
2576 3642 2715 3698 hanc
2768 3648 3057 3696 tenuerunt
3111 3640 3292 3704 viam,
3351 3637 3476 3694 dum

1874 3742 2096 3798 insidias
2126 3739 2271 3811 passi
2312 3746 2459 3810 sunt,
2503 3747 2765 3808 perpetuo
2809 3733 3008 3795 vexati,
3063 3732 3116 3786 in
3145 3730 3321 3801 fugam
3351 3730 3478 3798 acti,

1876 3835 1930 3890 in
1961 3834 2207 3890 exsilium
2251 3829 2410 3902 pulsi,
2447 3828 2579 3883 urbe
2621 3827 2889 3894 doquue
2926 3823 3123 3886 exacti,
3157 3831 3479 3892 pra-mature

1873 3935 2050 3982 morte
2077 3924 2295 3989 sublati,
2318 3931 2478 3991 atque
2508 3921 2577 3976 ab
2599 3919 2704 3974 illis
2728 3934 2756 3973 a
2778 3918 2972 3989 quibus
2992 3916 3212 3972 minime
3239 3915 3479 3975 omnium

1874 4019 2178 4091 oportebat.
2209 4014 2348 4085 Quid
2382 4015 2554 4077 enim,
2600 4025 2805 4082 quaso,
2835 4009 3152 4074 luctuosius,
3201 4017 3295 4062 aut
3354 4007 3480 4078 quid

1876 4113 2122 4186 acerbius
2170 4124 2330 4180 quam
2383 4123 2412 4161 a
2460 4106 2682 4162 dextera
2713 4103 2946 4159 fraterna
2976 4101 3221 4165 mactari,
3273 4111 3325 4156 et
3362 4110 3483 4170 post

1878 4187 2108 4259 coronas
2168 4209 2482 4268 tantamque
2551 4193 3074 4251 commendationem
3129 4205 3194 4247 ac
3265 4189 3480 4248 laudem

1880 4306 2206 4368 praematura
2254 4308 2318 4348 ae
2371 4291 2605 4347 violenta
2652 4295 2828 4344 morte
2868 4287 3033 4367 vitam
3080 4285 3277 4341 finire?
3353 4284 3484 4356 quid

1878 4405 2012 4445 vero
2058 4388 2325 4451 acerbius,
2375 4398 2584 4454 quaeso,
2640 4397 2801 4453 quam
2840 4380 3056 4435 unicum
3106 4378 3275 4434 filium
3326 4385 3384 4433 et
3428 4375 3485 4436 in

1880 4491 2124 4538 extrema
2172 4487 2448 4535 senectute
2493 4475 2676 4530 datum
2741 4487 2772 4526 a
2825 4481 3047 4543 paterna
3091 4485 3254 4525 manu
3293 4469 3486 4540 jubere

1857 4572 2146 4636 ,mactari,
2202 4580 2257 4625 et
2328 4576 2534 4639 patrem
2604 4566 2778 4636 ipsum
2831 4561 3095 4633 ejusmodi
3147 4561 3311 4616 caedis
3368 4559 3488 4619 fieri

1884 4662 2308 4722 administrum'!
2340 4660 2456 4716 Noli
2511 4658 2653 4714 enim
2700 4656 2805 4712 hoc
2859 4653 2990 4710 mihi
3041 4652 3246 4721 dicere,
3277 4651 3486 4708 salvum

1885 4761 2035 4817 illum
2085 4767 2138 4813 et
2197 4756 2522 4812 incolumem
2565 4759 2754 4823 postea
2803 4757 3076 4817 receptum
3117 4745 3303 4803 fuisse.
3355 4744 3489 4801 Nam

1886 4869 2009 4910 cum
2057 4850 2192 4906 nihil
2232 4829 2425 4905 horum
2477 4845 2642 4901 sciret
2680 4843 2858 4912 justus
2912 4841 3037 4906 ille,
3106 4838 3202 4894 sed
3266 4838 3491 4895 omnino

1887 4960 1948 5000 se
2001 4943 2146 4998 illum
2187 4939 2572 5012 jugulaturum,
2619 4935 2698 4990 sic
2727 4933 2874 4989 illum
2903 4932 2958 4987 in
2987 4941 3224 4986 montem
3247 4929 3492 4998 deduxit,

1887 5036 2060 5092 altare
2110 5031 2427 5097 construxit,
2458 5030 2599 5099 ligna
2630 5026 2909 5096 imposuit,
2942 5023 3178 5096 gladium
3223 5023 3495 5094 arripuit,

1890 5139 1947 5185 et
1991 5127 2233 5198 jugulum
2285 5138 2416 5180 ense
2465 5119 2772 5188 transegit;
2831 5132 2955 5172 nam
2996 5123 3053 5171 et
3094 5116 3352 5183 transegit
3450 5116 3494 5172 si

1888 5221 2126 5277 animum
2167 5219 2285 5285 eius
2313 5230 2375 5271 ac
2405 5216 2737 5271 voluntatem
2779 5218 2992 5281 spectes
3019 5225 3037 5263 :
3079 5223 3238 5279 quam
3265 5207 3338 5264 ob
3362 5222 3493 5265 can-

1889 5331 2003 5370 sam
2035 5323 2090 5369 et
2117 5312 2290 5368 ubivis
2331 5310 2568 5382 gentium
2627 5307 2681 5361 in
2718 5312 2832 5360 toto
2861 5311 3128 5359 terrarum
3174 5301 3310 5358 orbe
3351 5300 3492 5357 cele-

1890 5409 2097 5466 bratur.
2147 5404 2304 5473 Quod
2342 5403 2389 5458 si
2428 5401 2582 5457 istius
2645 5405 2896 5468 nepotem
2944 5407 3389 5458 commemorem,
3441 5401 3492 5452 et

1889 5504 2063 5574 ipsum
2110 5497 2316 5554 videbis
2358 5495 2594 5551 fraterna
2647 5498 2899 5545 vexatum
2951 5485 3150 5541 invidia
3196 5499 3386 5539 rursus
3437 5483 3493 5542 in

1891 5594 2136 5652 exsilium
2186 5590 2504 5660 relegatum,
2533 5594 2828 5648 extorrem,
2875 5593 2939 5636 ac
2981 5577 3198 5634 civitate
3231 5577 3446 5648 pulsum
3470 5616 3491 5644 ,

1893 5699 2131 5749 servum,
2172 5683 2229 5739 in
2279 5689 2467 5736 extera
2513 5676 2736 5750 regione
2778 5669 3032 5730 mercede
3077 5685 3295 5740 operam
3339 5683 3492 5724 suam

1894 5778 2186 5842 leuantem,
2235 5788 2300 5830 ac
2342 5771 2534 5843 capitis
2588 5768 2673 5826 sui
2727 5765 3024 5838 periculum
3053 5761 3492 5819 reformidantem

1895 5869 2068 5941 (Gen.
2111 5869 2203 5928 29.
2255 5864 2380 5938 lt).
2429 5862 2583 5935 Quod
2645 5861 2691 5918 si
2729 5857 3062 5929 Josephum,
3111 5869 3204 5927 qut
3249 5851 3493 5911 venditus
