4152 6492
752 410 856 471 ἠδ

750 524 866 591 luit;
903 530 1063 581 ettot
1104 521 1260 576 annis
1317 537 1505 580 servus
1558 533 1720 596 atque
1767 523 1822 577 in
1875 520 2104 576 vinculis
2156 520 2308 584 fuit;

750 617 892 686 quod
929 616 976 670 si
1016 613 1249 677 locem,
1276 611 1366 681 qm'
1397 617 1524 664 tota
1549 607 1745 664 Judais
1769 620 1954 676 passus
2003 612 2087 659 est
2137 603 2307 665 mala';

750 722 874 762 nam
937 704 1298 775 apostolorum
1364 700 1675 756 afﬂictiones
1736 696 1975 752 oratione
2032 693 2311 762 complecti

751 810 908 852 nemo
952 801 1130 859 potest
1170 809 1188 847 :
1234 791 1350 847 hac
1401 804 1528 859 ergo
1577 787 1872 857 colligens,
1950 793 2004 840 et
2061 783 2197 853 apud
2260 792 2311 834 te

750 883 1081 957 perpendens
1139 891 1332 951 quanta
1393 880 1464 933 sit
1528 892 1733 933 merces
1792 876 2082 946 patientiae.
2150 874 2313 928 sacri-

754 975 928 1032 ficium
955 973 1088 1028 oll'er
1124 973 1253 1036 Deo,
1281 985 1538 1041 generose
1584 968 1800 1024 ferendo
1842 981 2182 1036 quacumque
2224 978 2313 1019 ac-

751 1067 954 1130 cidunt;
1006 1075 1061 1120 et
1102 1065 1155 1118 in
1194 1062 1438 1117 omnibus
1484 1060 1630 1114 illum
1677 1059 1928 1130 glorifica.
1972 1057 2174 1111 Etenim
2211 1054 2312 1108 Job

754 1168 973 1229 propter
995 1154 1252 1226 ejusmodi
1279 1152 1433 1207 verba
1459 1165 1708 1205 coronam
1736 1148 1982 1202 obtinuit.
2024 1146 2157 1200 Tum
2183 1159 2310 1198 vero

755 1257 1004 1318 exspecta
1033 1244 1373 1300 mutationem
1405 1243 1457 1297 in
1486 1242 1692 1307 melius,
1725 1253 1895 1308 neque
1917 1239 2119 1308 precari
2147 1237 2310 1290 Deum

753 1338 911 1408 hujus
938 1338 1014 1391 rei
1040 1335 1205 1404 gratia
1230 1333 1432 1396 desine,
1476 1343 1634 1400 atque
1662 1329 1728 1384 ad
1754 1343 1852 1384 nos
1876 1327 2108 1382 scribere
2133 1324 2308 1390 stude,

755 1443 854 1484 uos
903 1425 1101 1496 aliquid
1143 1424 1313 1478 literis
1357 1422 1550 1476 nostris
1591 1418 1900 1490 profecisse,
1941 1425 1998 1471 ut
2035 1415 2195 1470 animi
2237 1415 2313 1470 tui

756 1516 1184 1587 tranquillitatem
1210 1513 1529 1576 foveremus,
1546 1510 1646 1566 nisi
1662 1509 1800 1564 forte
1825 1507 2059 1562 latitiam
2076 1515 2310 1559 nostram

757 1607 972 1663 turbare
1009 1605 1182 1659 malis.
1220 1602 1327 1658 Nos
1363 1603 1504 1656 enim
1537 1600 1622 1656 hic
1661 1599 1821 1653 multa
1874 1598 2143 1665 voluptate
2189 1609 2311 1663 per-

756 1699 1042 1760 fundimur.
1073 1697 1197 1752 dum
1223 1694 1538 1750 sanctissimi
1567 1689 1797 1760 episcOpi
1822 1687 2220 1752 consuetudine,
2250 1701 2312 1740 ac

754 1787 858 1844 loci
887 1786 1040 1856 hujus
1075 1785 1274 1855 quiete,
1317 1783 1531 1852 otioque
1557 1793 1765 1834 summo
1806 1778 2150 1833 oblectamur.
2181 1776 2312 1830 Nam

751 1875 1119 1933 etlsaurorum
1157 1883 1327 1929 metus
1363 1873 1679 1942 conquievit,
1719 1869 1844 1924 dum
1870 1877 2089 1938 cogente
2118 1867 2309 1933 hieme,

754 1983 851 2025 sua
893 1969 1108 2039 regione
1151 1981 1211 2022 se
1259 1967 1550 2022 continent.
1577 1965 1654 2019 Ne
1693 1965 1851 2032 igitur
1890 1971 2124 2017 nostram
2177 1961 2313 2016 hanc

751 2058 986 2114 lctitiam
1025 2057 1326 2112 conturbes.
1368 2056 1515 2123 Quod
1559 2057 1603 2110 si
1631 2055 1697 2109 ad
1727 2071 1823 2109 nos
1853 2055 2018 2109 litera
2050 2052 2313 2122 perferan-

752 2158 857 2215 tur,
890 2165 1006 2219 quae
1031 2149 1184 2203 nobis
1211 2149 1524 2219 signiﬁcent,
1570 2157 1622 2202 te
1651 2155 1805 2217 prout
1847 2155 1900 2201 te
1944 2146 2118 2209 decet,
2146 2145 2307 2200 subli-

749 2241 926 2310 mique
947 2249 1048 2294 tum
1079 2241 1240 2295 menti
1266 2241 1531 2302 convenit,
1558 2253 1619 2292 ea
1647 2253 1762 2306 quae
1787 2236 2124 2306 contigerint,
2147 2235 2308 2304 ferre,

749 2329 848 2386 hac
874 2329 1152 2384 occasione
1180 2328 1356 2382 laetitia
1387 2335 1564 2382 nostra
1593 2341 1697 2381 non
1731 2327 1982 2381 mediocri
2007 2327 2311 2381 accessione

750 2422 1118 2476 cumulabitur.
1165 2419 1449 2474 Enimvero
1492 2418 1713 2472 mirifice
1759 2433 1855 2471 nos
1903 2418 2162 2472 recreavit
2202 2417 2311 2470 fru-

747 2522 930 2568 ctuosa
969 2527 1088 2566 cum
1114 2511 1447 2566 sanctissimo
1471 2510 1719 2579 episcopo
1745 2507 2090 2572 consuetudo,
2135 2509 2210 2562 sic
2253 2517 2310 2563 ut

747 2617 844 2657 nos
869 2600 1244 2672 propemodum
1285 2600 1336 2653 in
1375 2599 1507 2654 alios
1535 2600 1677 2652 viros
1709 2598 2010 2662 mutaverit,
2055 2612 2154 2652 nec
2200 2598 2306 2652 ullo

744 2689 1042 2760 permiserit
1091 2689 1379 2759 peregrina
1421 2689 1651 2758 regionis
1696 2702 1856 2743 sensu
1911 2687 2051 2742 afﬁci
2101 2704 2113 2740 :
2163 2697 2306 2742 tanta

746 2781 1002 2836 honorum
1043 2779 1371 2848 iucunditate
1417 2779 1791 2842 rcdundamus,
1836 2787 1914 2834 tot
1949 2779 2307 2848 spiritualibus

742 2871 930 2940 opibus
954 2869 1386 2934 circumduimus,
1428 2879 1483 2922 et
1509 2883 1625 2922 eam
1654 2868 1725 2923 ob
1747 2883 1958 2923 causam
1986 2869 2149 2923 Deum
2174 2883 2305 2923 cou-

743 2963 890 3016 tlnue
911 2960 1205 3032 glorificare
1228 2975 1332 3014 non
1361 2975 1648 3016 cessamus.

915 3073 1325 3130 CCXXXVIII.
1359 3074 1598 3146 Eiusdem
1627 3075 1696 3128 ad
1720 3090 1938 3129 sororem
1962 3091 2126 3130 suam.

808 3185 917 3242 Nos
953 3186 1163 3258 quidem
1201 3186 1420 3242 caritate
1461 3185 1731 3255 conjungit
1781 3200 1903 3239 cum
1947 3196 2150 3240 natura
2197 3184 2301 3253 lex,

742 3291 852 3335 tum
879 3279 1019 3350 quod
1045 3280 1234 3336 eodem
1263 3288 1411 3349 partu
1435 3280 1561 3333 editi
1592 3277 1845 3333 fuerimus
1894 3294 1909 3331 :
1960 3286 2015 3331 at
2055 3292 2155 3332 nos
2195 3293 2299 3331 non

738 3385 857 3428 eam
887 3381 1086 3427 tantum
1111 3371 1180 3427 ob
1203 3385 1435 3435 causam,
1465 3369 1557 3424 sed
1585 3371 1654 3424 ob
1679 3371 1855 3434 aliam,
1903 3378 1960 3425 et
1987 3369 2297 3440 quasimaxi-

737 3478 826 3519 ,ο
869 3463 1038 3518 locum
1084 3461 1278 3517 habere
1304 3460 1482 3526 debet,
1538 3469 1590 3515 te
1624 3475 1933 3515 reveremur
1955 3469 2010 3515 et
2035 3475 2297 3525 amamus,

741 3550 882 3622 quod
925 3551 1169 3605 nimirum
1218 3564 1303 3605 res
1347 3549 1505 3618 hujus
1543 3549 1722 3604 seculi
1755 3564 1848 3619 pro
1876 3549 2041 3602 nibilo
2081 3549 2297 3615 habeas,

733 3640 876 3712 quod
907 3639 1104 3695 fumum
1146 3641 1406 3710 abegeris,
1460 3639 1726 3710 pulverem
1750 3641 2098 3709 oppresseris,
2130 3639 2298 3694 lutum

734 3733 1078 3798 conculcaris,
1119 3730 1367 3802 levesque
1404 3731 1496 3786 tibi
1524 3731 1635 3784 alas
1660 3729 1725 3784 ad
1754 3731 2105 3786 emetiendam
2132 3732 2296 3797 viam,

735 3839 851 3894 qua
877 3823 1044 3879 tendit
1069 3821 1135 3877 ad
1157 3823 1362 3887 celum,
1389 3822 1779 3892 comparaveris
1805 3840 1818 3875 :
1847 3832 1900 3877 et
1928 3806 2098 3894 neque
2122 3823 2297 3877 mariti

732 3929 881 3981 cura,
927 3929 1095 3984 neque
1123 3914 1406 3969 liberorum
1436 3913 1829 3969 educandon
1856 3913 2178 3978 sollicitudo,
2207 3929 2298 3969 ne-

731 4020 834 4075 que
861 4004 1050 4060 domus
1077 4005 1478 4070 administratio,
1504 4019 1674 4072 neque
1704 4005 1978 4071 tumultus,
2009 4020 2165 4074 quem
2199 4004 2297 4058 ista

733 4097 962 4166 pariunt,
1003 4109 1214 4149 cursum
1261 4104 1403 4149 tuum
1453 4096 1838 4164 interrumpere
1887 4105 1978 4148 aut
2029 4095 2297 4150 retardare

736 4195 1037 4256 potuerunt,
1064 4184 1156 4239 sed
1176 4185 1258 4240 his
1275 4184 1402 4253 ipsis
1421 4185 1608 4254 quibus
1634 4185 1873 4254 impediri
1898 4199 2051 4253 posse
2080 4186 2296 4240 videba-

730 4277 826 4344 ris,
869 4275 933 4330 ad
963 4275 1213 4346 majorem
1243 4291 1335 4330 usa
1375 4291 1433 4331 es
1461 4277 1666 4331 volatus
1692 4277 2015 4332 celeritatem
2059 4296 2073 4330 :
2120 4287 2173 4332 et
2203 4292 2295 4332 ne-

729 4385 834 4438 que
877 4369 962 4422 illa
1013 4384 1132 4438 quat
1177 4369 1318 4422 viros
1356 4383 1645 4439 generosos
1704 4369 1945 4424 humiliat
1986 4369 2293 4439 (siquidem

732 4457 1033 4529 Paspcrm,
1077 4459 1244 4528 inquit
1287 4458 1578 4528 Scriptura,
1615 4459 1775 4512 virum
1801 4459 2031 4512 humilia!
2061 4461 2080 4529 )
2111 4457 2291 4530 (Prov.

731 4550 817 4605 il).
844 4551 922 4617 4),
963 4549 1189 4619 dejicere
1218 4560 1271 4604 te
1299 4551 1487 4618 potuit,
1514 4549 1608 4604 sed
1637 4559 1692 4604 et
1718 4550 2075 4604 sublimiorem
2097 4549 2289 4605 eﬂecit.

731 4639 807 4694 Ea
836 4654 1061 4709 namque
1094 4640 1302 4694 virtutis
1323 4650 1405 4694 est
1433 4642 1534 4704 vis,
1567 4651 1624 4695 ut
1648 4657 1750 4695 non
1781 4641 1850 4696 ab
1875 4642 1939 4696 iis
1962 4657 2078 4711 qua
2102 4643 2291 4696 similia

727 4739 852 4785 sunt
898 4745 1209 4786 aranearum
1257 4730 1374 4785 telis
1427 4731 1810 4801 praepediatur,
1860 4732 1953 4787 sed
2001 4747 2084 4791 ea
2124 4733 2292 4787 multo

726 4819 950 4886 facilius,
987 4835 1142 4889 quam
1184 4821 1326 4891 ipsas
1349 4835 1656 4876 aranearum
1681 4821 1811 4877 telas
1837 4822 2119 4892 dissipans,
2147 4824 2290 4878 mul-
2337 4862 2343 4868 ς

725 4921 836 4966 tum
870 4911 992 4967 inde
1038 4911 1240 4966 lucrum
1268 4911 1536 4982 decerpat.
1567 4913 1688 4968 Haec
1716 4927 1820 4968 non
1855 4915 1970 4970 sine
2002 4929 2159 4970 causa
2186 4923 2290 4970 tua:

722 5001 1030 5072 scripsimus
1080 5003 1426 5069 venerationi,
1494 5003 1587 5058 sed
1633 5005 1881 5074 quoniam
1933 5021 2055 5060 cum
2107 5016 2288 5064 nostro

721 5091 980 5154 discessu.
1013 5100 1124 5147 tum
1157 5093 1379 5148 tumultu
1404 5093 1522 5150 istic
1547 5103 1733 5150 exorto
1763 5097 2046 5151 admodum
2075 5109 2289 5153 contur-

723 5185 835 5240 bari
864 5194 916 5240 te
943 5184 1271 5254 conjicimus,
1315 5198 1370 5240 et
1410 5187 1618 5241 anxiam
1662 5202 1802 5252 esse.
1835 5199 2125 5258 .propterea
2155 5191 2288 5245 scri-

723 5273 950 5328 bendum
993 5274 1059 5328 ad
1103 5274 1348 5343 pietatem
1403 5283 1544 5330 tuam
1595 5276 1881 5346 duximus,
1948 5288 2003 5334 et
2049 5280 2286 5350 cogitans

722 5366 860 5419 viam
915 5364 1195 5434 quamdam
1255 5379 1374 5421 esse
1420 5381 1506 5420 res
1550 5366 1836 5434 humanas,
1900 5377 1956 5424 et
2010 5379 2283 5440 angustam

720 5457 934 5525 quidem
957 5471 1075 5512 eam
1103 5472 1219 5525 qua:
1246 5457 1452 5512 virtutis
1478 5466 1589 5524 est,
1637 5459 1921 5528 spatiosam
1959 5470 2133 5516 autem
2165 5476 2284 5531 qua

721 5546 852 5612 vitii,
878 5561 1049 5616 neque
1078 5547 1215 5610 illos,
1241 5547 1430 5616 quibus
1455 5562 1574 5603 cum
1598 5551 1827 5617 peccatis
1851 5547 2076 5605 feliciter
2095 5561 2281 5605 cuncta

719 5637 1022 5704 sttccedunt,
1053 5637 1334 5702 attuleris,
1379 5637 1475 5694 sed
1512 5640 1687 5709 potius
1728 5640 1976 5711 deplores
2002 5640 2277 5712 (quando.

799 5747 1587 5872 ἕὲοςῦιέαῆιῃτίιηέωωυωωὶο
1611 5749 2008 5814 Editodeerant;
2045 5754 2280 5817 exncgio

1477 406 1535 464 8.
1555 402 1832 461 JOAN‘NIS
1869 397 2333 458 CHRYSOSTOII
2353 398 2666 456 ARCHIEP.
2695 397 3222 455 CONSTANTINOP.

3898 401 3996 457 τιι

2412 512 2623 582 quidem
2670 512 2983 583 supplicium
3025 511 3130 567 illis
3178 513 3504 582 prosperitas
3539 513 3660 570 hac
3699 513 3988 580 accersit).

2414 617 2584 671 neque
2609 601 2697 672 qul
2723 603 2858 656 viam
2884 611 3158 672 angustam
3187 611 3474 670 sectantur,
3505 605 3738 659 miseros
3761 603 3992 660 arbitro-

2416 695 2511 759 ris,
2552 693 2647 748 sed
2673 694 2858 749 beatos
2896 695 3072 764 potius
3097 693 3371 763 predices,
3398 695 3446 750 si
3482 711 3603 751 cum
3635 697 3830 751 virtute
3857 698 3992 751 viam

2415 794 2689 855 peragant.
2750 784 2881 840 Nam
2925 794 2978 839 et
3025 785 3138 840 istis
3169 785 3422 853 majorem
3450 788 3788 842 occasionem
3813 783 3991 845 aﬂcrt,

2417 885 2474 931 et
2498 876 2881 932 incrementum
2912 876 3170 932 honorum
3199 884 3256 931 et
3303 891 3643 945 coronarum,
3690 879 3842 934 istius
3877 878 3996 933 vita:

2416 966 2651 1032 afﬂictio,
2697 968 2743 1022 si
2789 982 2909 1022 cum
2952 968 3162 1022 virtutis
3188 966 3384 1023 auxilio
3408 968 3661 1024 toleretur
3687 986 3703 1022 :
3730 969 3990 1039 siquide-

2416 1070 2468 1114 et
2511 1059 2658 1115 dives
2697 1059 2785 1114 ille
2826 1074 2930 1114 non
2978 1059 3175 1115 idcirco
3214 1069 3414 1114 tantum
3461 1061 3819 1128 cruciabatur,
3850 1063 3991 1132 quod

2415 1149 2643 1204 crudelis
2683 1157 2737 1204 et
2768 1148 3088 1204 inhumanus
3129 1159 3290 1214 esset,
3320 1149 3417 1204 scd
3437 1150 3579 1219 quod
3609 1151 3852 1220 pluribus
3881 1152 3992 1221 opi-

2415 1240 2512 1295 bus
2541 1239 2852 1306 abundaret,
2880 1249 2934 1295 et
2959 1241 3176 1311 opipara
3206 1253 3386 1296 mensa
3417 1237 3685 1295 frueretur
3709 1257 3725 1303 ;
3761 1241 3991 1296 Lazarus

2415 1347 2543 1388 vero
2572 1341 2850 1402 propterea
2873 1347 3071 1387 corona
3097 1330 3413 1396 donabatur,
3461 1331 3605 1400 quod
3650 1331 3819 1386 multa
3865 1347 3988 1387 cum

2415 1424 2663 1493 patientia
2705 1438 2920 1494 gravem
2961 1424 3199 1478 ulcerum
3236 1423 3526 1478 cruciatum
3556 1421 3741 1488 ferres,
3786 1433 3996 1494 eget:-

2415 1526 2519 1572 tcm
2540 1557 2555 1580 ,
2610 1514 2947 1570 solitudinem
2975 1530 3157 1569 eorum
3183 1515 3270 1583 qui
3296 1513 3662 1579 subvenirent.
3710 1514 3858 1584 quod
3901 1515 3997 1568 ab—

2409 1605 2585 1676 jectus
2610 1615 2772 1672 esset,
2788 1605 2928 1676 quod
2946 1614 3394 1672 contemneretur,
3417 1605 3558 1676 quod
3583 1621 3779 1660 canum
3799 1605 3994 1677 linguis

2416 1697 2469 1752 in
2508 1698 2736 1766 praedam
2756 1700 2957 1768 jaceret
2985 1698 3275 1767 expositus.
3324 1697 3450 1752 Hec
3487 1698 3629 1752 enim
3657 1699 3839 1751 omnia
3871 1698 3993 1752 licet

2414 1799 2696 1859 antequam
2739 1799 2946 1843 nostras
2989 1789 3171 1844 literas
3217 1789 3506 1858 acciperes,
3545 1803 3652 1843 non
3693 1787 3988 1858 ignorares,

2415 1875 2716 1933 faciendum
2747 1878 2900 1931 nobis
2929 1888 3104 1932 tamen
3129 1877 3568 1943 existimavimus,
3615 1886 3677 1932 ut
3705 1877 3760 1932 in
3783 1892 3988 1932 memo-

2415 1969 2546 2023 riam
2574 1984 2636 2023 ea
2663 1968 2756 2022 tibi
2781 1968 3062 2023 scribendo
3096 1983 3488 2033 revocaremus,
3515 1983 3583 2024 ne
3606 1967 3748 2023 forte
3777 1967 3990 2026 tristitia

2415 2058 2611 2112 turbari
2638 2067 2689 2113 te
2713 2059 2933 2113 sineres.
2975 2058 3226 2126 Quamvis
3250 2059 3393 2114 enim
3419 2058 3586 2113 literis
3617 2058 3782 2112 nolim
3806 2060 3988 2113 omnia

2413 2151 2746 2218 consignare,
2785 2151 2949 2219 probe
2984 2160 3158 2205 tamen
3187 2149 3308 2204 novi
3333 2150 3524 2219 quibus
3549 2150 3700 2204 malis
3739 2148 3982 2204 obsidea-

2414 2241 2542 2294 mini
2567 2258 2598 2305 ς,
2645 2256 2803 2310 quam
2861 2241 2929 2294 ob
2985 2255 3199 2294 causam
3241 2247 3297 2294 et
3344 2239 3624 2309 epistolam
3671 2239 3870 2305 adjeci.
3921 2236 3988 2293 Ut

2415 2333 2592 2403 igitur,
2634 2333 2792 2386 etiam
2819 2331 2942 2385 dum
2973 2345 3196 2400 peregre
3220 2331 3466 2395 vivimus,
3511 2329 3677 2383 multa
3720 2329 3990 2398 voluptate

2413 2421 2802 2492 perfundamur,
2855 2420 2922 2474 ad
2970 2435 3070 2476 nos
3099 2421 3279 2475 literas
3305 2421 3474 2486 mitte,
3505 2420 3696 2488 quibus
3719 2419 3988 2489 signiﬁces

2413 2520 2612 2566 tantum
2657 2511 2794 2580 apud
2843 2520 2893 2564 te
2938 2519 3178 2564 nostram
3226 2509 3363 2563 hanc
3405 2510 3633 2564 valuisse
3661 2509 3989 2564 cohortatio-

2411 2617 2562 2665 netn,
2607 2610 2860 2672 quantum
2921 2600 3183 2654 voluimus
3236 2607 3292 2654 et
3337 2599 3654 2669 optavimus.
3711 2597 3800 2654 Sic
3845 2599 3987 2652 enim

2410 2691 2518 2758 fiet,
2562 2704 2616 2746 ut
2659 2691 2781 2746 licet
2829 2692 2982 2761 longe
3014 2690 3240 2760 sejuncti
3285 2703 3315 2742 a
3361 2689 3550 2754 vobis,
3597 2688 3814 2743 multam
3868 2690 3988 2741 hinc

2407 2783 2640 2838 lctitiam
2702 2782 3026 2837 hauriamus.
3103 2778 3376 2850 Siquidem
3424 2793 3551 2843 nos,
3614 2778 3827 2833 tametsi
3879 2787 3987 2831 tam

2409 2873 2572 2927 multa
2614 2874 2774 2943 passi,
2819 2872 2948 2926 nihil
2972 2886 3160 2928 eorum
3194 2870 3474 2936 sentimus,
3520 2869 3649 2924 dum
3680 2868 3986 2924 mercedem

2409 2974 2586 3020 mente
2629 2963 3030 3033 complectimur
3074 2963 3419 3018 constitutam
3465 2961 3536 3016 ob
3583 2976 3646 3016 ea
3674 2976 3791 3030 quae
3838 2960 3987 3030 passi

2408 3071 2611 3120 sumus,
2653 3066 2707 3110 et
2745 3064 3114 3125 exspectamus
3154 3055 3290 3121 fore,
3335 3061 3395 3110 ut
3442 3053 3669 3123 aliquam
3698 3053 3750 3107 in
3789 3052 3988 3106 melius

2407 3149 2750 3202 mutationem
2793 3145 3000 3216 negotia
3035 3146 3359 3212 sortiantur,
3405 3153 3463 3202 ut
3505 3155 3558 3200 ct
3608 3144 3719 3213 ipsa
3761 3142 3988 3199 exordia

2405 3255 2515 3311 prs
2543 3255 2602 3295 se
2631 3239 2820 3294 ferunt.
2855 3239 2978 3294 llarc
3019 3239 3176 3310 igitur
3203 3241 3313 3308 ipsa
3339 3247 3513 3294 tecum
3539 3246 3809 3306 reputans,
3856 3234 3986 3290 dum

2403 3331 2661 3401 ejusmodi
2716 3329 2982 3400 patientia
3025 3330 3249 3386 sudores
3293 3331 3526 3395 toleras,
3582 3327 3686 3383 noli
3737 3327 3985 3382 animum

2401 3422 2756 3493 despondere,
2796 3425 2888 3477 sed
2940 3436 3061 3477 cum
3102 3421 3338 3476 omnium
3384 3422 3608 3476 aliorum
3635 3433 3819 3473 curam
3852 3433 3985 3488 gere

2403 3513 2689 3569 liberorum
2721 3524 2930 3567 tuorum
2979 3511 3280 3582 (siquidem
3317 3511 3486 3581 major
3520 3520 3574 3566 te
3601 3525 3737 3564 nunc
3764 3523 3987 3565 mereat

2403 3605 2643 3673 manet),
2687 3613 2795 3657 tum
2839 3601 3113 3672 pulchram
3143 3601 3517 3672 Epiphanium,
3550 3608 3701 3671 prout
3720 3600 3985 3670 placitura

2404 3696 2513 3751 Deo
2559 3695 2734 3761 fuerit,
2780 3695 3006 3750 educare
3044 3694 3218 3749 stude.
3245 3693 3360 3748 Non
3383 3694 3525 3748 enim
3552 3693 3759 3763 ignoras
3775 3703 3984 3762 quanta

2403 3791 2474 3845 sit
2522 3804 2554 3843 a
2594 3789 2702 3844 Deo
2727 3789 3013 3843 liberorum
3057 3787 3358 3842 educationi
3401 3801 3608 3840 merces
3657 3786 3980 3840 constituta.

2405 3879 2480 3935 Ita
2527 3895 2647 3934 cum
2691 3881 2808 3934 aliis
2852 3879 3118 3934 Abraham
3164 3878 3393 3932 nominis
3433 3876 3791 3932 celebritatem
3846 3877 3980 3932 ade-

2403 3983 2522 4041 ptus
2567 3979 2686 4035 est,
2738 3971 2810 4025 ita
2849 3969 2949 4024 Job
3003 3983 3253 4023 coronam
3297 3969 3591 4038 promeruit
3621 3984 3636 4021 :
3662 3977 3716 4021 et
3751 3965 3981 4022 assidue

2401 4063 2584 4119 beatus
2624 4062 2815 4116 Paulus
2842 4062 2942 4116 hoc
2981 4060 3284 4130 parentibus
3311 4059 3547 4128 praecipit
3571 4059 3748 4112 dicens
3779 4075 3796 4111 :
3828 4057 3981 4112 Eda-

2397 4164 2505 4209 cale
2543 4155 2675 4222 ﬁlios
2720 4161 2906 4206 uestros
2947 4153 2999 4205 in
3034 4151 3300 4219 disciplina
3334 4159 3380 4203 et
3425 4150 3732 4217 correptione
3758 4145 3978 4202 Dos-sitsi

2399 4245 2610 4318 (Ephcs.
2639 4249 2688 4300 6.
2709 4244 2784 4316 4).
2818 4243 3154 4297 Vacatinnem
3177 4250 3330 4296 nacta
3359 4255 3439 4305 es,
3465 4255 3583 4310 qua:
3613 4239 3702 4293 tibi
3723 4253 3750 4291 a
3777 4252 3978 4308 super.

2398 4336 2579 4392 vacuis
2604 4345 2659 4390 et
2686 4334 3003 4404 importunis
3031 4332 3172 4386 curis
3197 4341 3252 4386 et
3277 4330 3446 4385 inutili
3486 4328 3748 4384 anxietate
3794 4339 3978 4398 potest

2398 4428 2782 4482 immunitatem
2807 4426 3121 4495 acquirere;
3167 4422 3520 4487 vacationem,
3569 4437 3688 4493 qur
3738 4421 3974 4477 multum

2396 4529 2653 4590 qutestum
2683 4521 2836 4587 parit,
2879 4516 3016 4571 unde
3061 4515 3154 4571 tibi
3195 4515 3348 4569 multi
3375 4525 3596 4584 possunt
3621 4512 3834 4570 virtutis
3859 4513 3974 4570 fru-

2396 4623 2514 4666 ctus
2553 4609 2830 4679 pullulare,
2877 4609 2923 4664 si
2967 4607 3180 4678 quidem
3230 4607 3354 4662 huic
3392 4607 3468 4662 rei
3508 4622 3718 4662 omnem
3743 4619 3971 4676 opaam

2394 4703 2626 4757 intueris
2668 4700 2940 4756 adbibere.
2988 4697 3121 4754 Nam
3146 4697 3213 4752 de
3237 4697 3452 4754 domina
3482 4712 3597 4753 mea
3626 4706 3793 4752 matre
3836 4697 3972 4753 nihil

2394 4808 2528 4864 opus
2570 4807 2690 4848 esse
2744 4792 2974 4847 arbitror
2995 4790 3063 4846 ad
3091 4802 3142 4845 te
3167 4790 3425 4853 scribere.
3472 4803 3592 4843 cum
3632 4789 3761 4842 satis
3798 4789 3969 4844 sciam

2393 4885 2533 4941 inter
2571 4892 2765 4940 cetera
2807 4883 3062 4955 praclara
3091 4881 3324 4938 facinora
3354 4881 3455 4936 hoc
3480 4896 3509 4933 a
3540 4890 3592 4935 te
3619 4881 3846 4948 editum,
3892 4892 3971 4934 at-

2391 4992 2495 5046 que
2541 4978 2813 5045 copiosum
2861 4975 2982 5029 inde
3029 4983 3082 5030 te
3127 4974 3356 5028 fructum
3415 4971 3787 5041 decerpsisae,
3843 4986 3968 5030 cum

2391 5069 2495 5124 tuis
2522 5068 2574 5122 in
2607 5067 2751 5120 illam
2799 5064 2990 5120 ofﬁciis
3017 5073 3071 5121 et
3099 5064 3368 5134 obsequiis
3396 5062 3693 5133 quamlibet
3717 5063 3967 5118 ancillam

2389 5158 2748 5228 superaveris.
2812 5157 2944 5223 Quia
3001 5166 3178 5210 tamen
3222 5153 3325 5210 hoc
3375 5168 3588 5224 quoque
3633 5168 3663 5207 a
3712 5167 3802 5208 me
3859 5169 3966 5209 non

2388 5253 2560 5308 omitti
2613 5266 2712 5321 par
2757 5258 2878 5317 est,
2931 5249 3054 5304 audi
3116 5249 3329 5303 beatum
3380 5246 3602 5300 Paulum
3656 5244 3963 5312 dicentum

2391 5345 2603 5399 Honora
2628 5353 2874 5413 parentes,
2897 5350 2951 5396 et
2968 5339 3269 5404 addentem,
3301 5338 3448 5406 Quod
3474 5347 3547 5392 est
3575 5337 3794 5407 primum
3821 5353 3964 5390 mu-

2387 5435 2560 5495 dnttatt
2589 5435 2643 5488 in
2673 5433 3081 5504 promissionibus
3120 5430 3228 5501 (Ib.
3267 5446 3314 5486 tt.
3343 5429 3424 5499 2).
3457 5429 3517 5484 Si
3544 5429 3617 5484 ita
3637 5428 3961 5500 εοεαε-ξι.

2386 5542 2506 5582 cum
2539 5527 2731 5580 multas
2776 5524 2872 5578 tibi
2923 5538 3149 5580 coronas
3195 5523 3459 5592 acquires,
3502 5529 3614 5575 tum
3655 5518 3826 5576 multa
3866 5531 3964 5575 lus

2386 5621 2658 5688 voluptate
2678 5616 2983 5687 perfundes,
3006 5630 3178 5686 neque
3204 5614 3491 5685 quidquam
3514 5627 3613 5667 nos
3632 5626 3756 5668 esse
3778 5625 3963 5682 passm

2383 5709 2760 5765 arbitrabimur
2785 5723 2968 5763 eorum
2996 5723 3114 5778 qua:
3140 5707 3280 5777 passi
3308 5705 3505 5760 fuimus
3548 5704 3647 5758 hac
3683 5702 3755 5760 de
3780 5717 3958 5766 ulla.

2387 5802 2483 5859 sed
2514 5800 2874 5872 magnitudine
2908 5799 3102 5856 laetitia
3129 5797 3372 5866 recreati,
3420 5811 3578 5870 quam
3603 5810 3674 5854 ex
3699 5798 3960 5856 bouum-
