4218 6484
772 411 883 469 705

773 521 996 592 ἀγαθῶν
1019 517 1392 593 πυρούμενοι,
1415 516 1511 572 καὶ
1529 517 1612 580 είς
1631 514 1701 568 τά
1717 513 1890 567 οἰκεῖα
1913 505 2074 574 εἶναι,
2100 507 2194 563 καὶ
2217 505 2336 578 μεθ’

773 611 928 684 ὑμῶν
958 611 1185 678 διάγειν,
1219 609 1314 663 καὶ
1348 606 1489 661 κατὰ
1514 606 1644 678 ροῦν
1667 605 1798 675 ἡμῖν
1832 602 2046 658 ἅπαντα
2076 597 2338 671 φέρεσθαι

771 700 1117 777 ἡγησόμεθα.

764 796 949 854 ἔλθ’.
990 792 1101 848 Τοῦ
1134 789 1319 846 αὐτοῦ
1352 788 1500 858 πρὸς
1527 786 1852 852 Οὐαλέριον
1881 781 1978 838 καὶ
2015 783 2341 851 Διόφαντον

1316 858 1781 927 πρεσϐυτέρους.

837 954 1094 1010 Μάλιστα
1142 951 1240 1024 μέν
1284 951 1380 1004 καὶ
1430 949 1505 1020 μὴ
1557 949 1829 1019 γράψαντι
1891 940 2096 1015 γράψε
2150 941 2336 1011 ἐχρῆν·

767 1044 1008 1108 τοιοῦτος
1074 1043 1181 1114 γὰρ
1233 1044 1332 1112 τῆς
1366 1040 1584 1110 ἀγάπης
1636 1042 1666 1092 ό
1715 1037 1896 1108 νόμος·
1941 1037 2041 1088 οὐκ
2091 1033 2340 1102 ἀνέχεται

770 1135 1146 1200 ἐλαττοῦσθαι,
1181 1134 1295 1188 ἀλλ’
1323 1134 1412 1186 ἀεὶ
1447 1131 1740 1200 φιλονεικεῖ
1767 1130 1923 1199 νικᾷν
1955 1127 2080 1190 τοὺς
2109 1127 2335 1194 ἀγαπωο

773 1227 1049 1299 μένουςτῇ
1080 1223 1363 1296 περιουσίᾳ
1390 1221 1483 1276 τοῦ
1511 1221 1702 1290 φιλεῖν·
1735 1221 1828 1274 καὶ
1851 1219 2135 1290 γράψαντα
2158 1216 2215 1270 δέ
2245 1216 2337 1270 καὶ

775 1317 938 1383 me.
977 1317 1074 1372 καὶ
1105 1317 1208 1380 δὶς,
1256 1315 1376 1368 οὐδὲ
1418 1311 1592 1376 οὕτως
1625 1307 1892 1380 ἠξιώσατε
1930 1309 2038 1362 τῶν
2058 1307 2339 1378 υμετέρων

761 1407 1129 1478 γραμμάτων,
1153 1405 1268 1459 ἀλλ’
1289 1405 1578 1472 ἐσιγὴσατε
1612 1402 1768 1470 σιγὴν
1795 1395 1942 1453 οὕτω
1966 1398 2181 1469 μακράν
2201 1397 2338 1468 πρὸς

769 1495 1054 1565 ἄνθρωπον
1103 1493 1474 1564 ἐπιθυμοῦντα
1519 1491 1769 1562 δέχεσθαι
1810 1489 2034 1558 νιφάδας
2074 1488 2337 1558 γραμμά-

773 1599 897 1638 των.
924 1584 1034 1639 Καὶ
1059 1584 1229 1638 ταῦτα
1250 1583 1351 1637 οὐκ
1370 1582 1617 1651 ἐγκαλῶν
1646 1580 1808 1647 λέγω·
1843 1581 1941 1650 οὐχ
1968 1577 2138 1642 οὕτως
2157 1577 2337 1646 ἀγνοῶ

770 1691 875 1746 μου
905 1675 974 1729 τά
1012 1675 1201 1746 μέτρα·
1247 1675 1362 1728 ἀλλ’
1403 1673 1629 1744 ἀθυμῶν
1671 1674 1765 1725 καὶ
1804 1671 2154 1741 ὀδυνώμενος.
2187 1670 2338 1740 Ὅσῳ

770 1767 881 1839 γὰρ
915 1767 1051 1838 μετά
1073 1767 1271 1836 πολλῆς
1295 1769 1395 1836 τῆς
1425 1764 1730 1836 ὑπερϐολῆς
1759 1762 2008 1833 ἐπιθυμῶ
2031 1761 2138 1816 τῶν
2164 1779 2339 1832 γραμ-

773 1858 978 1929 μάτων,
1003 1857 1239 1926 τοσούτῳ
1275 1858 1370 1912 καὶ
1407 1857 1629 1909 πλείονα
1662 1855 1759 1925 τὴν
1787 1853 1979 1924 ὀδύνην
2006 1852 2336 1924 ἀποστερού-

772 1963 930 2018 μενος
957 1947 1138 2002 αὐτῶν
1167 1947 1444 2018 ὑπομένω.
1477 1947 1695 2015 Μικρᾶς
1730 1945 1908 1999 οἴεσθε
1941 1943 2336 2016 παρακλήσεως

767 2039 916 2108 ἡμᾶς
946 2037 1171 2101 δεῖσθαι,
1219 2037 1423 2109 μητρὸς
1465 2037 1558 2090 καὶ
1595 2035 1829 2106 ἀδελφῆς
1879 2034 2334 2106 κεχωρισμένους,

766 2126 1022 2197 πατρίδος
1049 2124 1490 2189 ἐκπεπτωκότας,
1522 2124 1679 2195 χορὸν
1711 2123 1980 2176 τοσούτων
2011 2122 2248 2193 γνησίων
2273 2121 2334 2174 ού

763 2215 1093 2287 δυναμένους
1127 2215 1359 2280 ϐλέπειν,
1405 2217 1640 2287 ἐρημίαν
1677 2214 1960 2278 οἰκοῦντας
1990 2215 2170 2284 πάσης
2208 2217 2336 2284 ἐρη-

771 2308 898 2378 μίας
922 2308 1331 2378 χαλεπωτέραν,
1362 2308 1620 2379 Ίσαύρων
1645 2308 1794 2378 φόϐῳ
1821 2307 2333 2378 πολιορκουμένουςς

764 2396 920 2451 Μετά
953 2397 1064 2450 τῶν
1104 2397 1254 2467 ἐμῶν
1293 2398 1387 2452 καὶ
1426 2399 1497 2452 τά
1530 2398 1686 2452 κοινά
1723 2398 1843 2452 καθ’
1867 2398 2101 2467 ἐκάστην
2126 2397 2336 2468 ἡμέραν

764 2485 950 2541 ἀκούω
1010 2487 1082 2540 τά
1130 2486 1297 2552 κακά,
1360 2487 1456 2540 καὶ
1521 2487 1798 2558 πανταχοῦ
1857 2488 1955 2559 τῆς
2015 2489 2338 2560 οίκουμένης

765 2575 1152 2646 βλαστάνοντα,
1191 2578 1287 2630 καὶ
1329 2577 1452 2632 καθ’
1480 2578 1715 2649 ἐκάστην
1747 2579 1959 2650 ἡμέραν
1998 2579 2136 2649 μετά
2166 2596 2336 2650 προσ-

764 2669 938 2736 θήκης
977 2665 1340 2737 αὐξανόμενα,
1373 2668 1468 2722 καὶ
1504 2669 1715 2738 χαλεπά
1731 2686 1850 2723 τινα
1881 2669 2135 2724 ὠδίνοντα
2169 2670 2339 2724 ναυά-

765 2773 884 2826 για.
917 2754 1043 2810 Em:
1089 2773 1180 2828 μοι
1205 2757 1425 2811 δυνατὸν
1466 2754 1536 2828 ἧν
1581 2759 1929 2830 παραστῆσαι
1967 2760 2045 2831 τῷ
2076 2759 2217 2830 λόγῳ
2235 2760 2337 2830 τῆς

764 2846 1000 2918 ἀθυμίας
1041 2847 1138 2918 τὴν
1181 2849 1500 2918 τυραννίδα·
1547 2850 1669 2902 τότε
1704 2851 1793 2913 ἀν,
1837 2853 1930 2904 καὶ
1970 2851 2045 2920 μὴ
2072 2851 2336 2919 λεγόντων

765 2937 942 3007 ἡμῶν,
971 2937 1124 2990 αὐτοὶ
1143 2935 1208 2990 ἀν
1246 2937 1548 3006 μετέγνωτε
1579 2939 1671 2991 ἐπὶ
1693 2941 1759 3009 τῇ
1794 2940 1938 3008 σιγῇ.
1974 2941 2148 2992 Δυπεῖ
2175 2939 2232 2993 δέ
2269 2956 2337 3010 με

767 3031 902 3102 πρὸς
948 3030 1158 3095 τούτοις
1206 3031 1268 3084 τὸ
1310 3033 1448 3103 μὴτε
1491 3034 1572 3096 είς
1619 3033 2106 3104 γραμματηφόρων
2137 3034 2337 3088 σπάνιν

766 3123 987 3192 ῖχοντας
1028 3125 1364 3190 καταφυγεῖν
1399 3121 1557 3176 τοῦτο
1602 3123 1842 3193 ποιῆσαι.
1891 3124 2067 3195 Ὅπερ
2115 3122 2338 3195 σημεῖόν

765 3209 912 3264 ἐστιν
1036 3211 1150 3264 ἀλλ’
1191 3210 1302 3278 ἐγὼ
1353 3211 1454 3281 μέν
1499 3212 1650 3265 οὐδὲν
1699 3212 1764 3266 ἀν
1805 3213 2014 3282 εἴποιμι
2055 3212 2335 3282 δυσχερὲς,

767 3300 898 3371 ὑμῖν
941 3300 998 3353 δέ
1052 3302 1446 3372 καταλιμπάνω
1486 3303 1706 3366 ειδέναι,
1743 3306 1792 3357 εἰ
1825 3305 1898 3375 μὴ
1930 3305 2130 3375 πολλῆς
2166 3304 2336 3358 ταῦτα

766 3389 1078 3460 ὀλιγωρίας,
1134 3391 1229 3444 καὶ
1282 3392 1383 3461 τῆς
1437 3393 1560 3448 καθ’
1612 3395 1768 3465 ἡμῶν
1816 3396 2136 3466 ὑπεροψίας.
2197 3395 2335 3449 Ἀλλ’

767 3480 919 3533 οὐδέν
943 3497 1031 3550 μοι
1059 3481 1212 3534 τοῦτο
1251 3482 1401 3551 μέλει
1430 3492 1469 3547 ⁸,
1504 3483 1606 3537 κάν
1627 3486 2018 3556 καταφρονῆτε,
2045 3487 2145 3541 κᾶν
2173 3487 2336 3557 ὑπερ·

767 3577 931 3646 ορᾶτε
959 3577 1056 3647 τῆς
1089 3577 1361 3648 ἡμετέρας
1397 3579 1776 3650 σμικρότητος·
1800 3581 1857 3633 ἐν
1883 3581 2123 3653 ἐπιζητῶ
2154 3582 2333 3651 μόνον,

768 3667 916 3729 ὅπως
963 3668 1030 3721 ἀν
1077 3669 1388 3739 διακέησθε,
1424 3673 1492 3724 τά
1543 3672 1844 3742 γράμματα
1890 3675 1989 3744 τῆς
2032 3671 2338 3736 θεοσεϐείας

769 3756 944 3827 ὑμῶν,
989 3759 1057 3812 τά
1101 3759 1298 3830 πολλὴν
1333 3759 1521 3830 ἔχοντα
1557 3762 1916 3832 παράκλησιν.
1956 3763 2065 3817 Καὶ
2101 3765 2207 3835 γὰρ
2243 3767 2337 3817 καὶ

769 3842 851 3910 εἷς
885 3849 978 3900 καὶ
1006 3847 1254 3918 δεύτερος
1288 3849 1544 3914 πολλάκις
1573 3851 1832 3919 ἀφίκοντο
1861 3854 1997 3924 πρδς
2027 3856 2197 3924 ἡμᾶς,
2243 3855 2337 3907 καὶ

770 3935 866 3989 νῦν
891 3937 919 3989 ό
943 3936 1130 4008 κύριός
1161 3955 1262 4008 μου
1287 3941 1316 3992 ό
1341 3939 1666 4010 τιμιώτατος
1693 3942 1917 4012 ἀδελφὸς
1941 3946 2213 4010 Λιϐάνιος.
2243 3947 2338 4001 καὶ

771 4027 870 4082 οὐκ
895 4027 1160 4097 ἡξιιῖισατε
1200 4031 1348 4100 ἡμᾶς
1389 4032 1497 4084 τῶν
1533 4032 1810 4105 ὑμετέρων
1844 4038 2202 4107 γραμμάτων.
2245 4040 2335 4108 Μὴ

772 4118 834 4188 δὴ
867 4118 1160 4189 προσθῆτε,
1210 4121 1533 4191 παρακαλῶ,
1575 4126 1641 4194 τῇ
1689 4124 1895 4196 ἀθυμία
1944 4145 2044 4197 μου
2099 4129 2337 4199 ἀθυμίαν

771 4209 984 4280 ἐτέραν.
1040 4209 1104 4263 El
1151 4209 1260 4282 7&9
1317 4213 1449 4282 μηδὲ
1495 4215 1632 4281 μετά
1659 4215 1756 4285 τὴν
1799 4217 2087 4289 ἐπιστολὴν
2135 4220 2337 4289 ταύτην

772 4297 1119 4369 βουληθείητε
1149 4301 1281 4370 ἡμῖν
1307 4302 1630 4368 ἐπιστεῖλαι,
1658 4305 1690 4374 ἡ
1718 4305 1880 4376 ὄκνῳ,
1917 4307 1950 4376 ἡ
1990 4307 2230 4380 ῥαθυμίᾳ
2250 4313 2337 4363 ἐν-

773 4387 970 4455 δόντες,
1024 4389 1184 4460 ἡμεῖς
1233 4391 1293 4444 οὐ
1334 4393 1655 4464 παυσόμεθα
1688 4395 1716 4434 δ
1746 4397 1841 4450 καὶ
1877 4398 2199 4469 γράφοντες,
2242 4402 2337 4456 καὶ

779 4477 916 4546 μετά
943 4477 1036 4531 τοῦ
1063 4478 1296 4549 γράφειν
1331 4482 1424 4535 καὶ
1457 4481 1839 4555 ὀλοφυρόμενοι
1876 4488 1970 4541 καλ⁹
2020 4489 2338 4560 θρηνοῦντες

777 4566 862 4620 διά
899 4567 996 4640 τὴν
1032 4570 1190 4640 σιγὴν
1215 4571 1314 4641 τὴν
1349 4572 1636 4644 ὑμετέραν.
1658 4576 1861 4631 Τούτου
1898 4579 2006 4648 γάρ
2040 4581 2204 4650 ἐσμεν
2237 4582 2337 4634 κύ-

776 4671 902 4724 ριοι.
940 4657 1015 4710 Οὐ
1052 4659 1245 4729 μικρὸν
1277 4658 1334 4711 δέ
1367 4660 1461 4712 καὶ
1493 4660 1647 4715 τοῦτο
1687 4666 1816 4733 ἡμῖν
1862 4665 1941 4728 είς
1974 4669 2336 4739 παράκλησιν,

777 4745 977 4815 μᾶλλον
1014 4745 1070 4800 δέ
1101 4748 1195 4801 καὶ⁵
1225 4748 1413 4802 τούτου
1445 4752 1612 4821 χωρὶς
1643 4753 1676 4824 ἡ
1710 4754 1937 4824 μεγίστη
1973 4757 2129 4826 ἡμῶν
2160 4776 2339 4831 παρα-

779 4837 966 4909 μυθία,
998 4838 1060 4891 τὺ
1081 4840 1243 4910 μέχρι
1266 4843 1364 4911 τῆς
1383 4842 1618 4913 ἐρημίας
1641 4845 1811 4916 αὐτῆς
1840 4848 2062 4901 καὶτῶν
2087 4852 2339 4922 περάτων

774 4934 874 5002 τῆς
901 4934 1003 5004 γῆς
1026 4933 1182 5003 (πρὸς
1203 4933 1310 5006 γὰρ
1329 4935 1468 4991 αὐτὰ
1487 4936 1558 4991 τά
1582 4937 1794 5010 πέρατα
1818 4940 2001 5011 σχεδόν
2029 4944 2194 5014 ἐσμεν
2220 4946 2337 5018 νῦν)

775 5023 964 5093 φήμην
995 5023 1148 5094 ὑμῶν
1174 5023 1491 5080 διαδίδοσθαι
1514 5026 1790 5098 λαμπρὰν,
1827 5031 2156 5101 κομίζουσαν
2184 5035 2213 5088 ῦ
2222 5036 2338 5106 μῶν

777 5113 930 5185 [735]
954 5114 1021 5168 τά
1045 5114 1461 5187 κατορθώματα.
1496 5120 1702 5184 Πάντες
1725 5121 1831 5192 γάρ
1857 5122 1999 5192 ὑμᾶς
2029 5125 2337 5199 ἀνακηρύτ-

775 5217 950 5265 τουσι,
985 5202 1341 5274 θαυμάζουσι,
1380 5209 1719 5275 στεφανοῦσι,
1747 5213 2105 5283 μακαρίζουσι
2125 5217 2224 5288 τῆς
2248 5219 2339 5273 ἀν-

775 5291 978 5363 δρείας,
1009 5297 1104 5365 τῆς
1131 5299 1500 5370 στερρότητος,
1523 5304 1588 5373 ἡν
1615 5303 1702 5357 διά
1727 5303 1836 5358 τῶν
1858 5305 2032 5377 ῖργων
2065 5309 2339 5378 ἐπεδείξα-

780 5384 894 5448 σθε,
932 5385 992 5439 τδ
1023 5390 1291 5458 γραφικόν
1315 5391 1488 5447 ἐκεῖνο
1515 5394 1865 5468 πληροῦντες,
1899 5399 2052 5466 Ἕως
2080 5404 2336 5460 θανάτου

775 5472 1061 5544 ἀγώνισαι
1106 5480 1258 5548 ὑπὲρ
1292 5480 1403 5550 τῆς
1433 5485 1737 5552 ἀληθείας,
1772 5489 1872 5542 καί
1910 5492 2121 5558 Κύριος
2157 5499 2336 5549 πολε-

772 5565 955 5632 μήσει
1002 5569 1154 5638 ὑπὲρ
1182 5572 1296 5627 σοῦ
1326 5583 1373 5628 ο.
1418 5575 1549 5630 Ἰδοὺ
1592 5578 1723 5646 γοῦν
1761 5581 2028 5637 τοσούτων
2081 5586 2337 5657 κυμάτων

839 5687 864 5750 ξ’
890 5687 1011 5750 Βεεο
1033 5689 1204 5739 τούτου
1222 5693 1368 5750 μάλα.

840 5744 1001 5814 Ε’Βθὶ
1038 5750 1220 5814 κανόνι

842 5805 870 5842 ⁸
893 5805 1016 5874 Rei.
1043 5805 1332 5876 mp'bpaw.

1348 423 1352 426 '
1444 402 1506 459 8.
1543 397 1824 457 JOANNIS
1858 387 2344 454 οιιιιῐεοετοκι
2378 384 2697 442 ARCHIEP.
2734 381 3014 442 CONSTA

1622 397 1824 456 ANNIS
1858 387 2344 454 CHRYSOSTOII
2378 384 2697 442 ARCHIEP.
2734 379 3287 442 CONSTANTINOP.

3904 371 4002 428 768

2438 501 2853 572 ἐπενεχθέντων,
2904 497 3168 567 τοσαύτης
3227 493 3396 564 ζάλης
3445 489 3831 557 διαναστάσης,
3881 487 4000 542 οὕτε

2437 593 2734 665 θορυϐῆσαί
2763 609 2849 656 τις
2879 592 3024 662 ὑμᾶς
3053 589 3292 659 ἴσχυσεν,
3325 585 3450 641 οὐτε
3492 587 3572 647 είς
3602 581 3783 637 ὁτιοῦν
3821 598 4000 653 παρα-

2435 684 2655 753 ϐλάιιαι,
2686 683 2822 737 ἀλλά
2865 684 2960 736 καὶ
3004 678 3266 752 μειζόνων
3295 679 3424 748 ὑμῖν
3454 675 3744 746 ἐγκωμίων
3781 673 4002 736 ἀκοντες

2435 776 2718 843 γεγόνασιν
2749 776 2800 826 οῖ
2830 773 3017 837 κακῶς
3043 773 3185 843 ὑμάς
3221 770 3444 840 ποιῆσαι
3483 767 3793 838 βουλόμενοι
3819 767 3998 818 αἴτιοι.

2435 864 2532 917 Διά
2580 863 2755 918 ταῦτα
2802 865 3044 934 χαίρετε,
3089 859 3409 935 παρακαλῶ,
3462 858 3556 910 καὶ
3623 855 3998 926 εὐφραίνεσθε,

2437 955 2636 1011 καὶτὸν
2661 955 2795 1010 Θεὸν
2829 955 3162 1017 ἱκετεύοντες
3193 952 3267 1024 μὴ
3290 949 3592 1019 διαλίπητε,
3628 948 3720 1001 τδν
3749 947 4001 1000 ποιοῦντα

2436 1046 2529 1100 καὶ
2568 1045 3056 1118 μετασκευάζοντα.
3087 1045 3310 1114 Ποιὴσιι
3351 1040 3461 1112 7&9
3486 1041 3697 1110 ταχέως
3733 1037 3876 1110 ὑπὲρ
3911 1040 4001 1091 ἐκ·

2435 1133 2696 1206 περισσοῦ
2737 1128 2812 1189 ὧν
2851 1133 3150 1204 αίτούμεθα
3188 1133 3223 1204 ἡ
3265 1131 3512 1203 νοοῦμεν,
3544 1131 3634 1185 διά
3674 1129 3774 1201 τὴν
3798 1128 4002 1183 οἰκείαν

2435 1226 2768 1298 ἀγαθότητα.

2540 1320 2678 1372 ΣΜ.
2711 1315 2820 1370 Τοῦ
2845 1315 3032 1370 αὐτοῦ
3071 1316 3221 1384 πρὸς
3233 1314 3472 1370 Κάστον
3497 1313 3922 1382 πρεσϐύτερον.

2504 1408 2627 1472 Πῶς
2649 1408 2942 1478 διαλάμπει
2967 1407 3174 1477 σαφῶς,
3201 1407 3295 1461 καὶ
3316 1405 3498 1460 λαθεῖν
3519 1407 3578 1458 οὐ
3601 1405 3827 1458 δύναται
3847 1407 3880 1475 ἡ
3907 1405 4007 1474 ψυ-

2433 1495 2503 1567 χὴ
2535 1496 2745 1568 θερμὴν
2771 1498 2988 1567 ἀγάπην
3017 1497 3253 1567 ῖχουσαί
3282 1496 3419 1566 ὅπερ
3448 1495 3540 1548 ἐπὶ
3561 1497 3662 1564 τῆς
3693 1495 3792 1564 σῆς
3819 1495 4007 1562 γέγονε

2431 1587 2761 1658 τιμιότητος.
2789 1588 2923 1642 om
2944 1587 3052 1659 7&9
3073 1587 3228 1646 εἰδὼς
3256 1587 3339 1640 ὅτι
3372 1584 3784 1651 ἐπεστάλκαμέν
3815 1601 3908 1637 σου
3942 1586 4006 1655 τῇ

2433 1679 2686 1751 εὐλαϐείᾳ
2729 1680 2926 1751 (καίτοι
2964 1697 3028 1750 γε
3071 1678 3528 1748 ἐπεστάλκαμεν),
3563 1678 3713 1746 δμως
3747 1677 3906 1740 αὐτὸς
3942 1676 4008 1729 τά

2433 1771 2584 1842 παρά
2633 1770 2831 1824 σαυτοῦ
2880 1769 3208 1840 πεποίηκας,
3259 1768 3475 1839 γράψας
3513 1784 3570 1820 τε
3601 1769 3754 1837 ἡμῖν,
3783 1768 3880 1820 καὶ
3911 1766 4010 1837 τὴν

2431 1858 2669 1913 διάθεσίν
2708 1876 2802 1912 σου
2842 1857 2940 1928 τὴν
2971 1858 3198 1929 γνησίαν
3229 1859 3324 1910 καὶ
3359 1858 3417 1909 ἐν
3454 1855 3628 1926 τούτῳ
3665 1855 4008 1924 ἐπιδειξάμεο

2431 1963 2542 2010 νος,
2569 1946 2664 2000 καὶ
2694 1945 2894 2015 πολλῆς
2920 1946 3066 2015 ἡμᾶς
3096 1943 3379 2015 ἐμπλήσας
3411 1942 3511 2014 τῆς
3547 1942 3883 2012 εὐφροσύνης
3915 1941 4008 1995 καὶ

2434 2041 2532 2110 τῆς
2557 2037 2973 2109 παρακλήσεως.
3007 2038 3102 2091 Ἱν’
3122 2032 3214 2090 οῦν
3242 2036 3480 2106 συνεχῶς
3503 2033 3708 2106 ταύτης
3729 2035 4007 2087 ἀπολαύω-

2437 2145 2537 2199 μεν
2573 2131 2671 2199 τῆς
2709 2128 2900 2199 ἡδονῆς
2947 2128 3042 2181 καὶ
3089 2126 3534 2199 εὐφραινώμεθα,
3573 2125 3813 2196 συνεχῶς
3853 2125 4009 2178 τοῦτο

2435 2221 2606 2272 ποιεῖν
2633 2218 3033 2290 παρακέκλησο.
3060 2218 3224 2288 ἡνίκα
3267 2218 3333 2270 ἂν
3370 2217 3486 2287 ἐξῇ.
3526 2217 3760 2288 Οῖδαμεν
3791 2216 3902 2286 7&9
3924 2217 4007 2269 ὅτι

2434 2310 2493 2363 τὸ
2524 2311 2756 2380 πρᾶγμα
2793 2308 3068 2372 δύσκολον,
3113 2308 3189 2378 τῷ
3233 2307 3307 2379 μὴ
3359 2308 3558 2379 ρᾳδίως
3599 2306 3750 2369 τινάς
3779 2305 4009 2359 ἐνταῦθα

2436 2399 2853 2470 παραγίνεσθαι·
2895 2401 2990 2454 καὶ
3018 2399 3125 2471 7&9
3155 2399 3217 2453 τὸ
3260 2398 3361 2468 τῆς
3393 2397 3717 2467 οἰκουμένης
3741 2398 4010 2468 ἐρημότα-

2431 2507 2522 2548 τον
2543 2490 2740 2560 χωρίον
2767 2488 2923 2542 τοῦτό
2960 2490 3126 2542 ἐστιν·
3159 2487 3274 2542 ἀλλ’
3301 2488 3445 2557 ὅμως
3478 2489 3587 2550 τοῖς
3621 2486 3881 2554 ἀγαπῶσι
3919 2489 4011 2541 καὶ

2431 2579 2501 2633 τά
2527 2579 2761 2633 δύσκολα
2795 2579 2989 2632 εῦκολα
3016 2577 3246 2644 γίνεται.
3271 2577 3333 2630 Et
3371 2577 3479 2648 7&9
3514 2575 3832 2647 βουληθείης
3861 2595 4012 2649 περι-

2433 2667 2761 2740 εργάζεσθαι
2805 2668 2901 2721 καὶ
2940 2667 3435 2738 πολυπραγμονεῖν,
3463 2667 3590 2730 τοὺς
3622 2666 3832 2721 ἐκεῖθεν
3872 2664 4010 2721 κατὰ

2433 2758 2622 2829 χρείας
2657 2756 2791 2818 ιδίας
2819 2755 3249 2826 ἀφικνουμένους
3276 2755 3551 2827 εὑρήσεις,
3583 2755 3676 2809 καὶ
3697 2756 3835 2819 ὅλως
3859 2757 4010 2811 ούδέν

2433 2845 2701 2915 ἐπιλείψει
2744 2845 2822 2915 τῷ
2868 2846 3051 2914 ζητεῖν
3101 2844 3222 2898 καθ’
3277 2844 3420 2898 ὁδοῦ.
3473 2845 3636 2900 Ταῦτ’
3671 2841 3766 2899 οῦν
3821 2846 4010 2910 εἰδὼς.

2433 2935 2672 2990 δέσποτά
2722 2953 2820 3005 μου
2864 2934 3178 3004 τιμιώτατε,
3211 2937 3454 3005 συνεχεῖς
3492 2938 3627 3005 ἡμῖν
3669 2937 3857 3007 πέμπε
3891 2939 4010 2991 ἐπι-

2436 3021 2645 3084 στολάς.
2684 3021 2756 3074 Τό
2787 3038 2846 3074 τε
2888 3021 2994 3092 γάρ
3021 3023 3252 3091 πρᾶγμα
3280 3021 3565 3076 δυσκολίαν
3593 3023 3853 3094 οὐδεμίαν
3880 3025 4009 3096 ἔχει,

2433 3112 2558 3165 οῦτε
2602 3111 2788 3176 πόνον,
2844 3113 2877 3182 ἡ
2922 3113 2978 3165 δὲ
3023 3111 3083 3176 ἐξ
3128 3111 3292 3166 αὐτοῦ
3341 3113 3646 3185 εὐφροσύνη
3686 3116 4012 3186 πτεροῦσθαι

2435 3203 2583 3272 ἡμᾶς
2602 3205 2766 3266 ποιεῖ,
2789 3204 2880 3256 καὶ
2903 3203 3105 3271 πολλῆς
3133 3203 3484 3275 παραμυθίας
3509 3203 3763 3268 ὑπόθεσις
3783 3206 4008 3273 γίνεται.

2437 3298 2619 3349 ΣΜΑἎ
2666 3296 2778 3350 Τοῦ
2833 3295 3015 3350 αὐτοῦ
3068 3296 3216 3364 πρὸς
3252 3295 3550 3364 κυριακὸν
3586 3299 4009 3366 πρεσϐύτερον.

2503 3386 2613 3439 Καὶ
2640 3386 2698 3438 ἐν
2720 3385 2894 3456 τούτῳ
2937 3385 3224 3456 ἐθαύμασά
3254 3404 3347 3440 σου
3375 3387 3474 3458 τὴν
3511 3388 3734 3458 ἀγάπην
3765 3389 3865 3460 τὴν
3892 3389 4014 3461 θερ-

2435 3476 2562 3546 μὴν,
2599 3478 2692 3530 καὶ
2716 3477 2963 3546 γνησίαν,
2999 3477 3092 3529 καὶ
3123 3475 3336 3547 ἀκλινῆ,
3369 3477 3436 3529 δι’
3464 3472 3532 3548 ἧς
3571 3477 3800 3544 ἔδειξας,
3833 3481 3921 3533 ὅτι
3951 3479 4012 3534 οὐ

2434 3568 2712 3637 παρόντων
2739 3567 2915 3637 ἡμῶν,
2939 3566 3073 3620 ἀλλά
3105 3569 3196 3621 καὶ
3224 3567 3468 3621 ἀπόντων
3493 3569 3658 3622 πολὺν
3685 3573 3812 3640 ποιῇ
3833 3569 4009 3639 λόγον.

2434 3658 2604 3722 Αὐτὸς
2623 3659 2721 3728 μὲν
2742 3658 2850 3729 γὰρ
2867 3658 3001 3728 ἔφης
3021 3659 3152 3728 μηδὲ
3172 3658 3557 3712 ἐπεσταλκέναι
3579 3661 3728 3730 ἡμᾶς
3753 3663 3818 3731 τῇ
3838 3661 4014 3731 τιμιό-

2432 3749 2554 3818 τητί
2579 3765 2693 3809 σου,
2725 3749 2817 3800 καὶ
2842 3748 2941 3800 οὐκ
2967 3747 3183 3815 ἐγένετο
3209 3745 3366 3800 τοῦτο
3393 3748 3575 3801 ἱκανὸν
3603 3749 3903 3818 ἐμποιῆσαί
3931 3766 4011 3804 σοι

2437 3839 2612 3910 σιγὴν,
2641 3838 2775 3892 ἀλλά
2805 3839 2981 3891 καίτοι
3028 3837 3254 3908 νομίσας
3283 3840 3430 3906 ἡμᾶς
3468 3839 3836 3909 σεσιγηκέναι,
3864 3843 4013 3910 τρεῖς

2435 3929 2721 3994 ἐπιστολάς
2751 3929 3000 4000 ἔπεμψας
3041 3929 3178 3998 πρὸς
3216 3931 3382 4000 ἡμᾶς.
3419 3929 3608 3999 Ἡμεῖς
3630 3929 3686 3982 δέ
3716 3930 3811 3983 καὶ
3843 3930 4010 3996 ἅπαξ,

2435 4024 2526 4076 καὶ
2569 4022 2670 4085 δὶς,
2701 4022 2796 4075 καὶ
2827 4023 2967 4091 τρὶς,
3007 4021 3101 4074 καὶ
3130 4020 3389 4084 πολλάκις
3429 4021 3868 4092 ἐπεπάλκαμεν.
3900 4024 4012 4076 Καὶ

2435 4113 2716 4184 ἀμφότερα
2745 4113 2951 4184 ἐδείχθη
2987 4112 3187 4175 καλῶς,
3217 4113 3253 4182 ἥ
3287 4129 3348 4166 τε
3370 4113 3558 4185 ἀγάπη
3589 4116 3622 4184 ἡ
3655 4113 3744 4184 σὴ,
3775 4114 3849 4184 μὴ
3883 4115 4007 4187 δεη-

2435 4204 2587 4259 θεῖσα
2633 4206 2742 4259 τῶν
2780 4205 3119 4275 γραμμάτων
3157 4204 3335 4276 ἡμῶν,
3369 4206 3404 4275 ἡ
3439 4223 3500 4257 τε
3546 4206 3933 4277 εὐγνωμοσύνη
3974 4209 4008 4278 ἡ

2435 4297 2697 4369 ἡμετέρα.
2740 4298 2889 4351 Ἐπεὶ
2912 4293 3004 4350 οῦν
3036 4293 3213 4360 οἶσθα,
3245 4298 3393 4362 ὅπως
3415 4298 3734 4369 διακείμεθα
3765 4299 3894 4369 περὶ
3913 4299 4011 4370 τὴν

2435 4389 2722 4459 τιμιότητά
2754 4405 2866 4451 σου,
2895 4389 2976 4441 ὅτι
3003 4387 3080 4458 τῷ
3108 4389 3390 4459 κεφαλαίῳ
3409 4390 3518 4443 τῶν
3547 4391 3766 4458 ἀγαθῶν
3797 4390 4006 4462 βρύεις,

2435 4479 2512 4548 τῷ
2552 4478 2828 4549 συνδέσμῳ
2857 4478 2955 4547 τῆς
2994 4477 3352 4550 τελειότητος,
3389 4479 3764 4550 ἐπιδαψιλεύου
3803 4482 4010 4552 ταύτην

2438 4567 2588 4640 [756]
2617 4571 2745 4639 ἡμῖν
2768 4569 2866 4638 τὴν
2888 4568 3259 4641 εὐφροσύνην.
3297 4571 3469 4633 Ὅσας
3504 4571 3610 4641 γὰρ
3645 4571 3713 4625 ἀν
3754 4572 4010 4644 λάϐωμεν

2437 4660 2742 4724 ἐπιστολὰς,
2777 4659 2879 4713 κᾶν
2914 4659 3103 4713 πολλαὶ
3130 4654 3232 4715 ὦσι
3259 4661 3337 4731 τῷ
3378 4661 3616 4733 ἀριθμῷ,
3644 4664 3704 4716 οὐ
3730 4662 4005 4733 λαμϐάνοι

2440 4763 2537 4817 μεν
2564 4746 2744 4819 κόρον,
2771 4747 2858 4801 διά
2886 4747 2946 4800 τὸ
2971 4747 3174 4819 σφόδρα
3204 4749 3504 4803 διακεῖσθαί
3536 4769 3634 4806 σου
3656 4752 3781 4823 περὶ
3805 4751 3904 4823 τὴν
3923 4769 4008 4806 τι·

2439 4838 2685 4908 μιότητα.

2576 4932 2761 4987 ΣΜΠ.
2811 4929 2920 4985 Τοῦ
2973 4934 3401 5003 Χρυσοστόμου
3449 4935 3738 5004 Mx:qu
3773 4938 3872 4991 καὶ

3035 5004 3422 5073 Ἀσυγκριτίᾳ.

2504 5091 2670 5146 Οὐδὲν
2698 5091 2826 5162 ὑμῖν
2861 5091 3152 5160 ἀπολογίας
3188 5092 3271 5146 δεῖ
3304 5093 3441 5163 πρὸς
3483 5092 3545 5146 τὸ
3577 5092 3654 5163 μὴ
3695 5095 4004 5164 παραγενέ-

2438 5181 2582 5234 σθαι·
2620 5183 2742 5250 ἐμοὶ
2774 5181 2881 5251 7&9
2909 5183 3017 5236 ἀπὺ
3055 5185 3156 5254 τῆς
3182 5182 3408 5254 γνώμης
3445 5186 3877 5254 παραγεγόνατε,
3911 5186 4005 5241 καὶ

2435 5273 2588 5326 οὐδὲν
2629 5274 2845 5327 ἐλαττον
2883 5272 3033 5343 ἔχετε
3065 5275 3195 5343 παρ’
3222 5275 3352 5344 ἡμῖν
3384 5274 3492 5328 τῶν
3531 5276 3878 5347 ἀφικομένων
3924 5279 4008 5331 ἐν·

2435 5363 2627 5418 ταῦθα.
2657 5364 2748 5417 Διὸ
2777 5365 2870 5418 καὶ
2912 5365 3069 5437 χάριν
3099 5366 3228 5434 ὑμῖν
3262 5365 3372 5437 ἔχω
3395 5367 3617 5437 πολλὴν,
3650 5367 3748 5439 τὴν
3775 5369 4008 5438 γνησίαν

2436 5455 2589 5524 ὑμῶν
2620 5453 2777 5518 είδὼς
2807 5454 3063 5521 διάθεσιν,
3099 5459 3194 5510 καὶ
3226 5457 3366 5528 ὑπὲρ
3386 5458 3484 5528 τῆς
3501 5459 3769 5521 ἀπουσίας
3801 5459 4008 5532 πολλὴν

2435 5545 2543 5616 ἔχω
2573 5545 2922 5617 συγγνώμην,
2957 5547 3045 5601 διά
3073 5565 3132 5601 τε
3161 5548 3261 5620 τὴν
3289 5549 3384 5603 τοῦ
3419 5549 3670 5620 σώματος
3693 5551 4008 5622 ἀρρωστίαν

2435 5638 2528 5689 καὶ
2569 5637 2668 5707 τὴν
2707 5636 2800 5690 τοῦ
2838 5637 2990 5702 ἔτους
3021 5639 3170 5710 ὥραν
3199 5640 3293 5693 καὶ
3321 5640 3410 5693 τὸν
3439 5641 3546 5694 τῶν
3576 5641 3784 5713 λῃστῶν
3816 5641 3985 5709 φόϐον

2434 5728 2672 5799 Γράφειν
2699 5728 2762 5798 δὴ
2793 5729 2867 5800 μὴ
2894 5733 3204 5784 κατοκνεῖτε
3238 5733 3476 5803 συνεχῶς
3499 5736 3630 5804 ἡμῖν
3657 5733 3726 5786 τά
3753 5734 4005 5806 περὶτῆς

2500 5831 2526 5871 δ
2551 5829 2642 5883 Hic
2664 5829 2836 5882 mium
2861 5835 3174 5894 auspicantur
3192 5835 3345 5887 Savil.
3365 5840 3418 5886 et
3438 5835 3622 5887 Fronto
3649 5837 3878 5888 Ducunt.
