4152 6486
178 425 282 487 7η

171 557 389 604 tuorum
434 541 866 602 consideratione
914 540 1215 612 capiemus,
1269 532 1416 593 domi
1463 548 1585 590 esse
1635 546 1772 598 nos,

169 638 556 709 vobiscumque
584 634 789 693 versari
813 631 1213 699 arbitrabimur,
1261 637 1316 685 et
1339 642 1407 684 ex
1437 625 1601 682 animi
1643 638 1772 678 seu-

168 733 340 788 tentia
366 731 521 789 nobis
543 737 736 787 cuncta
766 728 1076 786 succedere.

165 847 525 922 CCXXIII.
549 863 796 934 Eiusdem
823 863 893 917 ad
922 859 1178 917 Valerium
1202 869 1248 914 et
1266 805 1618 927 Diapltatuum
1647 870 1754 925 pres

529 955 774 1028 ὠνία-οε.
802 953 1052 1026 (Cutatso
1077 965 1220 1007 anno
1244 947 1416 1021 404.)

237 1087 386 1146 Sane
415 1087 629 1159 quidem
675 1086 802 1141 licet
845 1099 953 1140 non
991 1082 1328 1154 scripsissem
1353 1123 1369 1149 ,
1404 1094 1503 1137 vos
1538 1077 1773 1151 oportuit

162 1181 408 1239 scribere
439 1180 580 1238 :lioc
617 1180 760 1236 enim
785 1178 948 1250 exigit
987 1177 1073 1233 lex
1101 1175 1341 1232 caritatis
1368 1214 1385 1240 ,
1433 1188 1553 1244 qua:
1597 1185 1774 1242 neque

165 1273 416 1343 superari
455 1271 705 1340 sesinit,
747 1269 846 1328 sed
882 1269 1086 1326 amoris
1130 1281 1357 1324 excessu
1402 1265 1606 1321 amicos
1647 1276 1774 1317 suos

162 1367 387 1422 vincere
417 1371 676 1436 perpetuo
719 1361 994 1419 contendit
1026 1379 1040 1416 :
1067 1375 1192 1416 cum
1221 1371 1349 1415 vero
1367 1357 1480 1428 jam
1522 1367 1576 1410 et
1604 1353 1771 1410 semel

163 1465 224 1511 et
249 1455 332 1511 bis
352 1454 681 1525 scripserim,
711 1469 778 1508 ne
803 1453 882 1508 sie
906 1451 1118 1523 quidem
1141 1449 1208 1504 ad
1229 1463 1328 1504 nos
1348 1450 1534 1504 literas
1561 1446 1773 1502 mittere

157 1547 372 1619 dignati
398 1547 557 1612 estis,
581 1545 676 1602 sed
702 1556 808 1600 tam
833 1545 1084 1600 diuturno
1112 1541 1327 1599 silentio
1351 1541 1433 1596 usi
1465 1539 1598 1596 estis
1628 1537 1769 1608 apud

163 1639 443 1694 hominem
465 1679 484 1706 ,
524 1638 616 1709 qui
644 1635 943 1708 frequentia
974 1635 1248 1690 literarum
1286 1641 1585 1688 vestrarum
1616 1629 1770 1684 obrui

163 1730 443 1803 cupiebat.
485 1733 662 1801 Atque
691 1728 808 1784 haec
829 1744 860 1783 a
890 1743 978 1783 me
1006 1726 1259 1782 dicuntur
1277 1767 1293 1792 ,
1324 1739 1433 1780 non
1461 1711 1521 1779 ut
1551 1737 1647 1777 vos
1676 1737 1767 1777 ac-

159 1838 389 1890 cusem;
416 1837 524 1879 non
547 1821 693 1877 enim
723 1836 844 1876 meo
867 1835 953 1876 me
976 1820 1113 1890 pede
1139 1818 1315 1875 metiri
1341 1817 1526 1873 nescio
1552 1833 1570 1871 :
1599 1814 1691 1871 sed
1716 1823 1774 1869 ut

161 1918 338 1972 animi
371 1916 475 1971 mei
518 1913 824 1970 mmstitiam
856 1907 1526 1982 doloremqufiestifleer.
1559 1908 1771 1975 Quanto

161 2009 315 2064 enim
345 2007 535 2078 majori
563 2005 855 2076 cupiditate
881 2013 1068 2074 teneor
1092 2003 1391 2067 literarum,
1425 2011 1574 2054 tanto
1596 1997 1770 2067 major

161 2097 326 2166 mihi,
353 2096 478 2153 dum
510 2097 614 2152 illis
643 2095 847 2166 privor,
878 2091 1042 2148 animi
1069 2091 1226 2148 dolor
1251 2092 1500 2147 inuritur.
1530 2091 1612 2144 An
1642 2102 1772 2144 vero

161 2204 269 2246 nos
295 2189 486 2259 exigua
512 2186 880 2243 consolatione
909 2184 1104 2255 putatis
1133 2183 1392 2254 indigere,
1425 2182 1514 2253 qui
1544 2197 1574 2236 a
1601 2189 1772 2236 matre

162 2293 224 2341 et
252 2299 442 2340 sorore
467 2281 651 2353 procul
677 2280 846 2336 simus
866 2321 882 2346 ,
913 2279 1084 2350 patria
1115 2278 1495 2343 exciderimus,
1528 2286 1608 2332 tot
1632 2278 1770 2330 ami-

161 2392 358 2435 corum
408 2384 701 2446 conspectu
765 2374 1035 2445 privemur
1064 2413 1080 2438 ,
1137 2372 1480 2428 solitudinem
1531 2372 1769 2426 omnium

162 2468 522 2542 asperrimam
559 2466 860 2523 ineolamus
887 2505 902 2529 ,
946 2473 1000 2520 et
1037 2463 1342 2521 lsaurorum
1393 2473 1542 2519 metu
1594 2463 1764 2517 simus

162 2560 422 2619 obsessi?
453 2559 621 2615 Porro
674 2573 779 2614 una
823 2571 950 2612 cum
995 2556 1128 2615 meis
1154 2555 1386 2628 negotiis
1427 2554 1587 2611 audio
1632 2553 1769 2611 mala

162 2651 473 2710 communia
502 2665 620 2721 quae
654 2649 851 2720 ubique
881 2659 1142 2705 terrarum
1181 2647 1418 2718 quotidie
1459 2648 1722 2718 pullulant
1750 2688 1766 2714 ,

165 2723 335 2825 atauo
378 2744 430 2799 in
457 2744 575 2799 dies
604 2743 990 2800 incrementum
1016 2742 1306 2812 accipiunt,
1336 2750 1388 2796 et
1413 2743 1595 2812 gravia
1621 2757 1771 2812 qua:-

162 2838 297 2894 dam
321 2836 592 2894 minantur
619 2833 915 2905 naufragia.
949 2832 1164 2890 Utinam
1194 2833 1466 2904 ingentem
1486 2834 1597 2888 vim
1625 2833 1770 2889 dolo-

163 2930 489 3002 rispossem
512 2928 758 2986 oratione
797 2927 1120 2998 complecti;
1155 2934 1267 2982 tum
1312 2941 1442 2982 vero
1471 2925 1596 2982 licet
1639 2924 1768 2992 nihil

165 3024 270 3096 ipsi
292 3023 655 3094 loqueremur,
678 3021 838 3076 vestri
859 3031 1033 3076 tamen
1048 3019 1244 3074 silentii
1267 3019 1574 3088 pmniteret.
1597 3018 1770 3088 Auget

167 3127 428 3188 praterea
468 3113 709 3169 dolorem
738 3127 913 3168 meum
937 3153 952 3176 ,
995 3112 1136 3181 quod
1166 3126 1287 3166 cum
1316 3125 1415 3165 nec
1441 3109 1508 3165 ad
1539 3109 1764 3164 tabella-

166 3207 370 3263 riorum
399 3205 674 3260 raritatem
702 3202 990 3274 confugere
1019 3201 1237 3272 possitis
1256 3241 1273 3268 ,
1309 3199 1360 3255 id
1391 3201 1578 3271 agatis.
1614 3199 1769 3270 Quod

164 3305 490 3370 argumento
509 3305 669 3351 cst.—
681 3295 778 3351 sed
803 3295 926 3350 nolo
946 3295 1232 3364 quidquam
1251 3292 1532 3349 molestum
1551 3292 1766 3358 efferre;

162 3391 321 3448 vobis
359 3390 412 3448 id
454 3389 860 3461 espendeudum
909 3388 1194 3458 relinquo,
1237 3403 1366 3443 num
1393 3387 1495 3442 hoc
1534 3385 1770 3456 aliquem

165 3484 340 3540 nostri
365 3491 726 3554 contemptum
757 3481 1178 3552 despectumque
1206 3478 1467 3534 redoleat.
1510 3478 1653 3534 Nihil
1685 3488 1766 3533 ta-

164 3592 293 3632 men
321 3591 482 3642 curo,
510 3575 626 3632 sive
650 3572 1030 3636 eontemnatis,
1057 3571 1170 3626 sive
1202 3569 1511 3642 despiciatis
1534 3571 1764 3625 tt-nuita-

165 3680 273 3727 tem
306 3679 540 3725 uestram
569 3686 582 3721 :
617 3684 778 3724 unum
820 3668 871 3722 id
903 3667 1117 3738 requiro
1137 3708 1152 3731 ,
1183 3682 1521 3737 quocumque
1553 3667 1764 3721 tandem

163 3763 330 3818 modo
353 3761 526 3818 allecti
551 3761 667 3816 sitis
689 3803 705 3826 ,
743 3771 799 3815 ut
831 3760 1004 3815 literis
1048 3760 1244 3814 vestris
1275 3757 1422 3813 fruar
1445 3801 1460 3825 ,
1508 3775 1630 3830 qum
1659 3774 1763 3813 non

164 3855 492 3927 mediocrem
538 3853 695 3917 nobis
739 3851 1166 3910 consolationem
1195 3853 1430 3922 pariunt.
1460 3849 1592 3906 Nam
1619 3865 1760 3904 unus

164 3958 327 4019 atque
351 3946 490 4001 alter
513 3961 656 4014 smpe
679 3945 744 4000 ad
774 3958 872 3998 nos
909 3941 1179 4013 profectus
1200 3951 1303 4008 est,
1332 3952 1387 3997 et
1415 3957 1558 3996 nunc
1584 3943 1759 3996 domi-

146 4055 268 4102 .nus
293 4054 444 4094 meus
467 4037 942 4094 reverendissimus
971 4035 1136 4090 frater
1167 4035 1440 4100 Libanius,
1462 4051 1560 4089 nec
1580 4042 1755 4088 tamen

167 4133 476 4189 vestrisnos
501 4131 668 4187 literis
688 4131 884 4201 dignati
909 4131 1059 4185 estis.
1083 4129 1280 4195 Nolite,
1309 4145 1512 4200 quaeso,
1543 4127 1762 4183 maerori

163 4238 288 4283 meo
309 4229 530 4282 alterum
559 4241 843 4282 lacerarem
865 4226 1082 4282 addere.
1105 4225 1159 4281 Si
1180 4227 1323 4281 enim
1349 4242 1520 4296 neque
1542 4236 1757 4295 accepta

166 4322 267 4375 hac
291 4320 518 4388 epistola
541 4319 776 4374 scribere
799 4317 866 4374 ad
895 4333 994 4374 nos
1018 4317 1212 4384 velitis,
1238 4318 1352 4372 sive
1375 4318 1621 4388 pigritia},
1649 4319 1760 4373 sive

163 4413 370 4468 inertia:
399 4411 582 4477 dediti,
617 4427 715 4465 nos
739 4419 915 4466 tamen
941 4410 1175 4465 scribere
1206 4426 1312 4464 non
1341 4409 1672 4475 desinemus,
1706 4419 1760 4462 et

161 4503 447 4561 scribendo
491 4513 710 4578 propter
757 4503 860 4558 hoc
886 4514 1122 4558 vestrum
1162 4503 1433 4558 silentium
1467 4502 1758 4572 Iugebimus

159 4608 214 4654 et
253 4597 684 4668 ingemiscemus.
731 4596 843 4652 Hoc
885 4596 1029 4651 enim
1061 4605 1143 4651 est
1187 4596 1239 4650 in
1280 4604 1542 4664 potestate
1575 4605 1758 4649 nostra

159 4689 345 4745 situm.
363 4688 479 4743 Non
507 4696 682 4743 tamen
706 4687 1050 4744 mediocriter
1070 4687 1224 4743 nobis
1245 4687 1313 4742 ad
1332 4686 1756 4743 cumulationem

161 4781 304 4837 valet
327 4822 344 4847 ,
387 4781 494 4836 imo
525 4795 654 4835 vero
697 4780 799 4834 hoc
831 4779 991 4834 etiam
1021 4779 1222 4833 omisso
1264 4778 1554 4836 maximum
1601 4778 1756 4833 nobis

157 4874 412 4930 solatium
443 4873 610 4942 parit,
639 4871 781 4942 quod
827 4871 892 4927 ad
921 4871 1089 4945 ipsam
1130 4885 1296 4941 usque
1332 4869 1674 4926 solitudinem
1702 4879 1756 4924 ct

157 4966 223 5020 ad
249 4976 405 5022 terr-.e
429 4965 559 5019 fines
589 4964 883 5034 (siquidem
908 4963 959 5017 in
985 4963 1116 5033 ipsis
1145 4963 1534 5034 propemodum
1558 4963 1752 5018 finibus

152 5061 264 5133 jam
286 5057 605 5130 versamur)
631 5057 859 5113 celebris
881 5067 1054 5111 vestra
1079 5056 1214 5110 fama
1245 5065 1502 5126 penetret,
1532 5066 1586 5110 et
1614 5073 1750 5123 prm-

155 5155 300 5211 clara
337 5151 566 5207 facinora
599 5160 774 5206 vestra
805 5151 1058 5221 divulget.
1090 5149 1290 5204 Omnes
1318 5151 1461 5205 enim
1491 5166 1586 5203 vos
1606 5165 1746 5220 prte—

154 5245 378 5308 dicant,
426 5241 635 5297 laudant
664 5284 678 5306 ,
722 5256 915 5296 corona
949 5241 1187 5306 donant,
1221 5241 1406 5296 beatos
1435 5251 1656 5295 censent
1682 5241 1752 5294 ob

156 5336 545 5400 fortitudinem,
574 5335 952 5397 constantiam,
984 5350 1144 5404 quam
1164 5334 1324 5389 rebus
1345 5335 1474 5404 ipsis
1502 5343 1747 5388 testatam

155 5443 276 5484 esse
303 5428 586 5483 voluistis:
614 5436 673 5482 ut
699 5427 825 5482 illud
851 5427 1137 5497 SLriptIrae
1165 5427 1473 5482 mandatum
1507 5429 1751 5496 implere.-

155 5521 222 5575 tis
255 5538 268 5573 :
307 5517 478 5587 Usen
515 5519 584 5574 ad
607 5528 815 5572 mortem
838 5526 972 5575 rerta
1010 5535 1101 5587 pro
1130 5520 1334 5572 veritate
1356 5561 1372 5585 ,
1415 5529 1460 5576 et
1494 5518 1627 5574 Deus
1657 5537 1749 5589 pro

155 5626 203 5681 te
222 5613 514 5687 pugnabitf
536 5611 698 5668 Eccli.
729 5614 778 5669 ι.
810 5614 880 5669 53
902 5615 942 5682 ).
974 5613 1052 5667 En
1083 5614 1240 5684 igitur
1269 5623 1344 5668 tot
1374 5613 1620 5669 fluetibus
1651 5615 1749 5667 ἰηι-

154 5716 335 5778 petum
401 5705 716 5761 facientibus
753 5747 771 5772 ,
823 5715 964 5760 tanta
1026 5707 1332 5774 iusurgcnte
1383 5716 1699 5777 tempestate
1729 5749 1744 5773 ,

161 5811 336 5867 neque
374 5796 697 5852 conturbare
741 5811 834 5851 vos
866 5797 1002 5852 ullus
1051 5799 1260 5866 potuit,
1307 5813 1406 5852 nec
1440 5799 1489 5852 iu
1542 5799 1646 5853 ulla
1691 5816 1746 5854 re

163 5885 374 5952 ιωκ,
399 5889 494 5957 sed
517 5901 572 5946 et
596 5889 669 5943 illi
691 5891 782 5960 qui
807 5890 954 5947 nobis
986 5891 1230 5961 injuriam
1255 5890 1454 5948 inferre
1475 5893 1744 5948 conaban-

497 6006 773 6068 Pnaoe.
813 6007 932 6067 Gn.
981 6005 1111 6067 Lll.

1609 396 1991 467 EPlSﬂlLE.

3389 406 3497 466 746

1885 538 1970 586 tur
1997 573 2013 599 ,
2057 545 2156 586 nec
2185 531 2468 602 opinantes
2494 528 2757 602 majorum
2787 529 2940 586 vobis
2983 529 3202 594 laudum
3241 539 3494 588 auctores

1883 623 2122 678 fuerunt.
2147 622 2292 692 Quas
2317 623 2392 678 ob
2427 637 2519 679 res
2543 621 2778 695 gaudete
2800 665 2818 689 ,
2844 637 3033 698 quaeso
3055 665 3072 690 ,
3105 631 3160 679 et
3183 624 3452 680 exsultate
3491 669 3501 690 .

1883 713 2157 786 Deumque
2191 714 2404 786 precari
2446 729 2554 770 non
2595 700 2870 776 desinite,
2912 715 3002 786 qui
3029 715 3398 788 res‘pcrlleit,
3446 729 3502 776 et

1881 806 2150 861 immutat.
2203 806 2388 863 Faciet
2431 807 2577 871 enim
2613 807 2725 864 cito
2757 806 2876 878 plus
2905 823 3066 879 quam
3116 809 3348 879 petimus
3403 821 3500 868 aut

1882 899 2248 992 intelligimus,
2283 909 2504 971 prepter
2530 900 2827 957 bonitatem
2849 917 2999 958 suam
3022 901 3042 973 (
3065 901 3259 974 Ephes.
3288 903 3346 960 3.
3378 905 3496 970 20).

2071 997 2273 1090 σσὲι.
2315 1033 2563 1106 Ejusdem
2591 1035 2660 1090 ad
2685 1034 2894 1093 Castam
2925 1038 3299 1111 presbyterum.

1950 1169 2121 1237 Quam
2151 1169 2300 1226 clare
2325 1169 2524 1242 fulget,
2554 1185 2655 1229 nec
2679 1172 2850 1229 latere
2876 1181 3053 1245 potest
3075 1175 3254 1232 anima
3284 1176 3492 1236 fervida

1880 1263 2101 1332 praedita
2123 1264 2384 1322 caritate!
2416 1279 2525 1335 quo
2563 1274 2722 1336 pacto
2753 1273 2858 1321 tute
2895 1267 3118 1339 contigit
3147 1272 3490 1328 reverentiae.

1877 1354 2011 1411 Nam
2028 1369 2151 1412 cum
2171 1355 2397 1412 necdum
2415 1357 2607 1436 scires,
2626 1373 2754 1414 num
2775 1358 2866 1415 tibi
2888 1360 2991 1416 seri
2999 1361 3292 1432 psissemus
3314 1363 3335 1438 (
3352 1373 3494 1428 tam-

1876 1448 1977 1504 etsi
2021 1448 2482 1518 scripseramne),
2531 1461 2709 1505 tamen
2753 1466 2872 1521 qua:
2904 1459 3114 1507 tuarum
3159 1464 3318 1510 erant
3361 1471 3488 1528 par-

1876 1541 2008 1595 tium
2040 1541 2154 1611 ipse
2184 1538 2482 1612 praestitisti
2509 1582 2525 1609 ,
2555 1556 2678 1596 cum
2709 1550 2763 1597 et
2791 1543 2974 1599 literas
3018 1543 3088 1599 ad
3123 1560 3223 1601 nos
3252 1545 3447 1603 dedisti
3474 1589 3491 1613 ,

1877 1641 1932 1687 et
1957 1631 2010 1685 in
2037 1630 2141 1687 hoc
2164 1632 2390 1688 sincerze
2416 1641 2520 1688 tute
2549 1631 2936 1690 benevolentize
2957 1635 3231 1706 specimen
3252 1637 3490 1704 edidisti,

1878 1736 2081 1792 nosque
2109 1735 2320 1777 summa
2349 1722 2532 1778 laetitia
2559 1731 2615 1780 et
2638 1725 3009 1782 consolatione
3035 1727 3395 1798 compleviSIi.
3421 1729 3494 1787 Ut

1878 1813 2038 1885 igitur
2078 1813 2180 1869 hac
2205 1813 2476 1885 voluptate
2505 1824 2766 1886 perpetuo
2793 1814 3074 1885 fruamur,
3103 1833 3169 1874 ae
3199 1819 3450 1878 lzetemur
3469 1864 3489 1890 ,

1876 1909 2318 1979 quotiescumque
2343 1906 2567 1964 facultas
2591 1908 2837 1977 dabitur,
2871 1911 2941 1966 ita
2973 1910 3091 1977 fac,
3123 1927 3329 1984 quaeso,
3365 1931 3490 1986 pcr-

1877 2009 2059 2069 petuo.
2088 1999 2301 2056 Scimus
2333 2001 2477 2057 enim
2503 2016 2614 2059 rem
2641 2016 2764 2058 esse
2789 2002 3180 2073 perdifficilem,
3207 2006 3352 2076 quod
3382 2025 3489 2064 non

1878 2089 2032 2148 facile
2057 2092 2218 2163 aliqui
2245 2091 2351 2149 huc
2378 2093 2708 2162 adventent;
2736 2096 2936 2166 quippe
2958 2097 3100 2169 quod
3128 2097 3216 2154 hic
3238 2099 3389 2157 locus
3419 2102 3493 2158 sit

1879 2184 2060 2261 totius
2111 2185 2259 2241 orbis
2308 2186 2575 2241 terrarum
2621 2185 3072 2244 desertissimus:
3116 2202 3491 2251 verumtamen

1874 2277 2182 2332 amantibus
2228 2277 2392 2333 etiam
2420 2293 2482 2332 ea
2508 2293 2628 2349 qnze
2653 2277 2892 2334 difficilia
2923 2291 3086 2348 sunt,
3117 2282 3291 2340 facilia
3334 2285 3489 2343 fiunt.

1873 2362 1930 2421 Si
1959 2367 2102 2420 enim
2140 2367 2404 2423 sciscitari
2432 2369 2664 2424 volueris
2687 2377 2746 2423 et
2769 2372 2984 2428 curiose
3015 2373 3290 2444 inquirere
3311 2417 3325 2442 ,
3354 2392 3450 2434 cos
3470 2422 3488 2445 ,

1874 2461 1965 2530 qui
1993 2475 2210 2515 suorum
2235 2461 2568 2532 negotiorum
2593 2477 2756 2518 causa
2781 2464 2939 2520 istmc
2957 2463 3271 2534 adveniunt,
3300 2472 3489 2526 nanci-

1875 2554 2045 2611 sceris
2073 2571 2088 2608 :
2121 2555 2254 2610 nihil
2274 2555 2511 2627 denique
2530 2557 2624 2613 tibi
2646 2559 2856 2623 deerit,
2889 2559 2936 2616 si
2957 2561 3046 2633 qui
3085 2575 3342 2633 peragant
3364 2565 3486 2628 iter,

1875 2647 2136 2718 inquiras.
2164 2647 2293 2704 llaec
2319 2649 2481 2720 igitur
2503 2649 2596 2705 tibi
2621 2665 2745 2705 eum
2767 2651 3045 2722 eitplorata
3072 2653 3177 2708 sint
3204 2695 3219 2720 ,
3265 2655 3484 2715 domine

1876 2742 1947 2796 mi
1977 2740 2458 2807 reverendissime,
2489 2742 2848 2798 creberrimas
2869 2743 2936 2799 ad
2965 2760 3065 2801 nos
3093 2745 3246 2802 mitte
3271 2747 3479 2806 literas.

1873 2832 2006 2888 Nam
2037 2841 2092 2890 et
2121 2849 2208 2889 res
2232 2834 2346 2904 ipsa
2371 2833 2518 2889 omni
2545 2832 2867 2892 difficultate
2893 2845 2983 2891 aut
3011 2836 3197 2894 labere
3226 2848 3398 2908 canet,
3429 2852 3485 2896 et

1873 2946 1994 3002 quas
2019 2931 2260 2988 dimanat
2285 2947 2352 2988 es
2384 2947 2449 2988 ea
2475 2933 2682 3000 latitia,
2711 2949 2810 2990 nos
2856 2935 3080 2994 mirifice
3111 2938 3285 2997 reiicit
3309 2956 3374 2996 ac
3397 2957 3486 3000 re-

1874 3032 2053 3090 creat,
2085 3033 2141 3080 et
2166 3023 2348 3080 multa!
2377 3024 2763 3082 consolationis
2789 3027 3126 3085 occasionem
3153 3032 3484 3104 suppeditat.

2041 3154 2282 3213 CCXLI.
2323 3156 2574 3228 Ejusdem
2599 3159 2668 3213 ad
2692 3157 2963 3230 Cyriacum
2991 3161 3357 3235 presbyterum.

1949 3292 2006 3349 1n
2034 3293 2139 3349 hoc
2166 3309 2382 3365 quoque
2413 3293 2678 3350 fervidam
2708 3304 2853 3351 tuam
2876 3336 2892 3360 .
2935 3296 3202 3352 sinceram
3225 3340 3240 3364 ,
3268 3309 3323 3355 et
3346 3314 3484 3356 con-

1872 3395 2104 3442 stantem
2153 3387 2432 3442 caritatem
2481 3387 2712 3447 miratus
2748 3402 2908 3455 sum,
2958 3404 3062 3460 qua
3107 3391 3392 3450 ostendisti
3433 3404 3485 3452 to

1873 3479 2040 3534 nostri
2072 3494 2318 3550 magnam
2361 3494 2468 3534 non
2498 3479 2660 3537 modo
2689 3480 2815 3535 dum
2859 3481 3118 3539 adsumus
3142 3526 3156 3550 ,
3196 3485 3290 3540 sed
3321 3487 3483 3543 etiam

1871 3574 1999 3629 dum
2035 3573 2290 3628 absumus
2319 3573 2584 3628 rationem
2628 3573 2845 3629 habere.
2877 3573 3008 3629 Nam
3041 3576 3166 3631 licet
3195 3576 3329 3632 nihil
3376 3594 3477 3634 nos

1871 3665 1938 3719 ad
1978 3674 2122 3718 tuam
2167 3665 2526 3720 reverentiam
2574 3665 2848 3720 literarum
2895 3666 3110 3722 dedisse
3138 3667 3287 3723 dicas
3315 3711 3328 3732 ,
3374 3688 3479 3725 non

1872 3767 2053 3812 tamen
2096 3758 2269 3828 potuit
2314 3757 2445 3815 illud
2478 3758 2572 3814 tibi
2616 3759 2815 3813 silentii
2857 3774 3077 3814 causam
3121 3761 3356 3827 afferre.
3388 3766 3484 3822 sed

1870 3851 2114 3920 quamvis
2145 3867 2244 3907 nos
2273 3851 2487 3908 siluisse
2525 3867 2801 3919 censeres,
2829 3862 2941 3908 tres
2991 3855 3248 3925 epistolas
3273 3857 3341 3913 ad
3387 3876 3480 3919 nm-

1871 3946 2082 4000 misisti.
2117 3947 2186 4000 At
2214 3961 2314 4002 nos
2343 3956 2397 4002 ct
2426 3947 2596 4002 semel
2624 3958 2678 4002 et
2701 3949 2918 4015 iterum,
2943 3958 2997 4006 et
3027 3961 3108 4005 ter
3129 3960 3184 4006 ct
3207 3953 3482 4009 multoties

1871 4037 1934 4090 ad
1972 4047 2021 4092 te
2068 4039 2404 4109 scripsimus.
2454 4039 2517 4094 Et
2563 4041 2843 4111 utriusque
2886 4042 3158 4111 specimen
3207 4046 3483 4114 egregium

1867 4139 1949 4184 est
1974 4131 2196 4196 editum,
2228 4148 2350 4186 eum
2381 4142 2486 4187 tute
2517 4134 2778 4199 caritatis,
2801 4149 2925 4204 quae
2948 4135 3121 4190 literis
3149 4137 3348 4192 nostris
3375 4155 3481 4193 non

1867 4221 2102 4292 indigeat
2127 4264 2142 4288 ,
2178 4232 2294 4278 tum
2332 4233 2533 4281 nostrae
2572 4225 2861 4296 aequitatis.
2906 4225 3138 4295 Quando
3172 4228 3332 4300 igitur
3374 4246 3481 4287 nou

1867 4316 2104 4387 ignoras,
2135 4327 2336 4388 quanta
2371 4320 2732 4376 reverentiam
2760 4330 2903 4376 tuam
2935 4321 3308 4378 benevolentia
3334 4339 3485 4380 com-

1867 4409 2184 4479 plectamur,
2216 4427 2338 4466 cum
2369 4428 2455 4476 eo,
2487 4412 2628 4481 quod
2650 4423 2811 4482 caput
2837 4423 2920 4468 est
2947 4416 3236 4485 bonorum,
3266 4433 3329 4473 ae
3358 4417 3486 4472 viu-

1864 4501 2043 4556 cuium
2067 4503 2445 4572 perfectionis(
2468 4503 2578 4558 Cof.
2606 4505 2659 4560 3.
2686 4505 2786 4576 η)
2809 4547 2822 4568 .
2847 4506 3113 4575 abundes,
3145 4507 3248 4574 fac,
3272 4524 3481 4580 quaeso,

1866 4595 2002 4649 hanc
2031 4594 2185 4649 nobis
2222 4595 2554 4666 voluptatem
2585 4596 2884 4668 impertias.
2913 4598 3051 4653 Nam
3093 4610 3481 4672 quantaseum-

1863 4702 1966 4754 que
1997 4687 2178 4744 literas
2206 4689 2576 4759 acceperimus
2602 4732 2616 4758 ,
2668 4690 2792 4750 licet
2833 4707 3062 4748 numero
3081 4695 3269 4751 multa}
3305 4694 3416 4752 sint
3444 4737 3462 4760 .

1863 4779 2006 4831 nulla
2056 4792 2155 4832 nos
2196 4794 2382 4834 earum
2428 4781 2572 4850 capit
2620 4782 2841 4836 satietas
2872 4824 2885 4846 ,
2933 4784 3074 4852 quod
3121 4786 3476 4841 reverentiam

1862 4882 2005 4927 tuam
2039 4873 2296 4943 singulari
2324 4888 2511 4929 amore
2542 4888 2952 4947 prosequamur.

1859 5009 1986 5065 CCX
1999 5007 2106 5064 LII
2117 5050 2129 5062 .
2155 5009 2502 5080 Chrysostomi
2523 5007 2802 5064 Cltafcidizv
2824 5021 2872 5064 et
2893 5012 3217 5083 Asyncritiw.
3241 5012 3476 5084 (Cueuso

2502 5119 2644 5158 anno
2667 5103 2817 5173 λοι.)

1932 5236 2072 5290 Nihil
2101 5250 2236 5305 Opus
2283 5246 2365 5290 est
2403 5244 2460 5289 ttt
2488 5235 2595 5290 ulla
2638 5236 2984 5290 excusatione
3024 5237 3284 5302 utamini,
3322 5242 3461 5310 φηνά

1858 5347 1967 5386 non
1989 5331 2279 5386 veneritis:
2315 5344 2442 5383 nam
2467 5331 2597 5383 mihi
2627 5330 2846 5400 quitiam
2867 5331 3048 5385 animo
3075 5341 3129 5386 et
3151 5335 3347 5394 aIeetit
3374 5350 3465 5387 vc.

1858 5425 2012 5481 tristis
2033 5465 2048 5489 ,
2081 5434 2136 5478 et
2165 5422 2332 5478 nihilo
2361 5422 2613 5479 inferiore
2645 5423 2763 5478 loco
2797 5424 2942 5496 apud
2967 5440 3066 5478 nus
3103 5425 3233 5478 estis
3253 5467 3271 5489 ,
3299 5441 3459 5494 quam

1857 5517 1946 5586 qui
1989 5517 2093 5571 huc
2123 5526 2405 5571 venerunt.
2457 5516 2718 5583 Quocirca
2747 5531 2868 5569 cum
2913 5529 3193 5588 perspecta
3224 5516 3355 5573 mihi
3400 5519 3466 5573 sit

1859 5610 2077 5679 insignis
2095 5618 2270 5664 vestra
2291 5609 2679 5671 benevolentia,
2705 5619 2758 5662 et
2776 5611 2998 5682 gratiam
3023 5626 3124 5664 nou
3147 5611 3473 5666 mediocrem

1857 5703 2007 5757 Vilhls
2028 5702 2220 5767 habeo,
2245 5711 2297 5755 et
2321 5702 2560 5769 impense
2587 5701 2795 5756 veniam
2814 5703 2882 5755 do
2906 5743 2920 5758 .
2951 5701 3090 5772 quod
3124 5711 3232 5756 tum
3257 5716 3474 5774 pmpter

1855 5797 2095 5864 corporis
2113 5792 2502 5863 argritudinem,
2524 5804 2632 5848 tum
2651 5804 2869 5863 propter
2881 5796 3008 5849 anni
3019 5798 3472 5865 tempusmrmdu-

1858 5906 2093 5962 numque
2123 5897 2322 5944 metum
2341 5886 2636 5944 abfuerilis.
2661 5885 2772 5942 Vos
2794 5899 2969 5943 tamen
2990 5887 3226 5946 scribere
3250 5891 3470 5946 minimc
