4152 6496
715 445 818 500 ἨἹ
1453 432 1509 485 S.
1548 428 1836 490 JOA-NNIS
1870 427 2358 487 CIIRYSOSTOMI
2398 423 2716 481 AHCHIEP.
2760 409 3299 475 CONSTANTINOP.
3873 407 3972 462 748

717 564 930 636 pigeat,
957 575 1158 631 nosque
1179 560 1246 614 de
1289 568 1465 614 vestra
1491 553 1793 610 valetudine
1821 563 2185 622 saepenumero
2212 546 2287 602 fa-
2396 543 2664 613 voluptate
2687 539 3081 612 perfundemur.
3113 535 3236 592 Haec
3282 532 3442 636 igitur
3468 541 3592 636 cum
3623 526 3778 632 vobis
3801 521 3974 594 explo—

872 620 1148 708 certiores.
1177 651 1308 706 Nam
1338 659 1394 705 et
1420 648 1579 718 longo
1607 647 1846 701 locorum
1875 620 2152 697 intervallo
2175 638 2286 693 dis-
2393 646 2505 692 rata
2533 635 2660 700 sint,
2690 648 2849 705 quam
2875 632 3168 704 saepissime
3194 629 3263 683 de
3287 627 3370 681 his
3411 625 3575 680 rebus
3601 620 3855 718 certiores
3875 631 3974 718 pos

711 710 874 803 iuncti
916 761 948 801 a
992 744 1140 800 vobis
1167 743 1237 800 de
1265 741 1425 798 rebus
1447 710 1638 795 vestris
1666 749 1851 791 sumus
1879 730 2088 787 solliciti
2114 747 2126 782 :
2158 743 2219 784 ac
2247 727 2290 784 si
2397 729 2572 797 facite,
2595 743 2727 800 quas
2759 741 2917 784 nosse
2939 723 3325 785 desideramus,
3357 717 3600 774 utetiam
3625 717 3681 768 in
3702 710 3975 768 solitudine

716 842 854 896 forte
891 851 986 894 vos
1022 833 1438 893 intellexerimus
1465 827 1607 884 omni
1653 824 1880 882 tumultu
1911 838 1974 878 ac
2013 819 2291 892 perturba-
2395 823 2650 895 degentes
2675 823 2899 877 multam
2924 817 3046 874 inde
3067 814 3492 873 consolationem
3525 806 3849 863 hauriamns.

715 937 860 987 tione
881 943 1085 994 carere,
1105 937 1469 998 prosperaque
1496 921 1595 976 frui
1616 916 1937 983 valetudine,
1967 928 2071 970 non
2093 911 2294 983 vulgari

1891 1427 1900 1430 -
1931 1424 2094 1430 _-___
2139 1423 2186 1429 .-
2217 1423 2264 1427 ._
2289 1422 2328 1428 _

1783 1828 1861 1889 IN
1913 1825 2330 1887 EPISTULAM
2371 1823 2470 1886 AD
2509 1821 2908 1884 CJESARIUM

2036 2111 2644 2207 MONITUM.

818 2494 1053 2566 Epistula
1083 2490 1148 2546 ad
1177 2487 1470 2545 Casarium
1506 2501 1535 2540 a
1562 2483 1953 2555 Chrysostomo
1982 2478 2204 2535 secundi
2237 2479 2410 2548 ipsius
2443 2474 2619 2531 exsilii
2651 2483 2892 2542 tempore
2923 2473 3123 2544 scripta
3165 2471 3338 2528 fertur
3368 2473 3526 2529 initio
3560 2483 3613 2532 et
3643 2476 3771 2532 fine.
3812 2478 3969 2534 Inter-

744 2609 1100 2682 pretationem
1131 2606 1251 2676 ejus
1276 2604 1519 2660 Latinam
1556 2618 1622 2658 ex
1668 2601 1866 2657 Codice
1909 2598 2144 2670 quodam
2193 2595 2509 2652 Florentino
2551 2594 2910 2664 descripserat
2943 2593 3070 2649 olim
3108 2591 3301 2650 Petrus
3355 2595 3561 2667 Martyr
3607 2595 3969 2660 Florentinus.

745 2731 837 2799 qui
877 2744 908 2783 a
947 2727 1214 2783 catholica
1242 2724 1502 2794 religiene
1528 2722 1777 2785 descivit,
1809 2735 1874 2775 ac
1902 2719 2131 2775 delatam
2170 2732 2352 2774 secum
2381 2719 2433 2775 in
2465 2717 2710 2788 Angliam
2741 2715 2794 2769 in
2828 2715 3107 2770 Cranmeri
3138 2715 3534 2788 archiepiscopi
3565 2705 3971 2774 Cantuariens‘ts

752 2845 1073 2901 bibliotheca
1103 2844 1363 2914 reposuit.
1400 2843 1466 2896 At
1493 2850 1617 2912 post
1645 2838 1928 2894 Cranmeri
1967 2851 2152 2892 necem
2181 2836 2300 2905 ejus
2328 2835 2656 2890 bibliotheca
2686 2833 2893 2903 direpta
2932 2831 3054 2895 fuit,
3089 2841 3143 2886 et
3163 2832 3390 2902 epistola
3420 2832 3681 2902 deinceps
3708 2847 3969 2904 nusquam

749 2964 1072 3032 comparuit.
1101 2962 1236 3016 Cum
1266 2971 1446 3015 autem
1477 2959 1567 3014 illa
1595 2959 1664 3013 ab
1692 2958 1777 3022 iis,
1826 2956 1919 3027 qui
1952 2954 2596 3010 traussubstantiatidnem
2648 2951 2933 3022 negabant,
2966 2951 3019 3005 in
3073 2949 3444 3006 testimonium
3482 2948 3719 3004 adducta
3768 2949 3968 3007 fuisset.

751 3077 818 3131 ab
850 3077 1090 3148 ejusdem
1128 3076 1734 3131 traussubstantiatiouis
1782 3075 2276 3144 propugnatoribus
2318 3081 2566 3142 negatum
2609 3079 2692 3125 est
2730 3083 2850 3125 eam
2891 3069 3101 3139 uspiam
3153 3067 3460 3130 exstitisse.
3504 3066 3666 3137 cujus
3710 3067 3976 3136 exemplar

753 3189 963 3245 nullum
996 3188 1223 3259 proferri
1259 3198 1461 3259 posset.
1500 3188 1658 3244 Auno
1691 3196 1870 3242 autem
1901 3186 2038 3241 1680
2071 3186 2155 3239 vir
2197 3184 2266 3240 cl.
2303 3185 2582 3240 Emericus
2628 3183 2871 3254 Bigotius
2908 3177 3410 3252 interpretationem
3455 3180 3602 3234 illam
3641 3178 3888 3234 Latinam
3918 3195 3976 3234 ex

752 3303 938 3361 codice
963 3301 1278 3356 Florentino
1309 3301 1364 3356 in
1391 3301 1717 3356 bibliotheca
1746 3299 2224 3354 Dominicanorum
2259 3296 2320 3351 Ι).
2357 3295 2522 3352 Marci
2567 3297 2892 3364 descriptam
2922 3295 3090 3352 edidit
3118 3303 3240 3366 post
3282 3292 3506 3349 Palladii
3550 3294 3752 3350 librum
3787 3295 3851 3349 de
3879 3294 3973 3346 vita

756 3412 1152 3486 Chrysostomi.
1183 3414 1248 3468 At
1283 3426 1477 3468 censor
1504 3411 1775 3482 quispiam
1806 3410 2089 3479 epistolam
2117 3408 2228 3477 jam
2258 3422 2442 3462 cusam
2475 3409 2920 3478 supprimendam
2965 3421 3087 3464 esse
3117 3407 3345 3477 putavit,
3379 3422 3443 3463 ac
3473 3422 3660 3463 revera
3693 3406 3981 3478 suppressit

757 3544 880 3584 cum
913 3530 1057 3585 notis
1088 3528 1300 3599 Bigotii.
1333 3527 1489 3582 Anno
1519 3537 1699 3582 autem
1731 3524 1868 3580 1685
1899 3525 2208 3594 Stephanus
2243 3523 2317 3578 Le
2337 3521 2550 3594 Moyne,
2574 3523 2628 3577 in
2655 3523 2794 3578 libro
2828 3523 2915 3579 cui
2949 3523 3136 3578 titulus
3174 3519 3341 3577 Varia
3365 3520 3551 3588 Sacra,
3579 3522 3756 3579 Tomo
3788 3524 3978 3594 primo,

762 3651 901 3706 hanc
933 3649 1211 3720 epistolam
1245 3647 1309 3702 ad
1343 3645 1546 3702 calcem
1573 3644 1742 3700 edidit
1775 3653 1834 3698 ut
1861 3643 1914 3698 in
1945 3642 2044 3698 Ms.
2085 3643 2336 3707 habetur,
2370 3643 2557 3697 multis
2590 3642 2799 3698 mendis
2825 3657 3150 3713 respersam,
3177 3651 3231 3697 et
3276 3641 3485 3712 aliquot
3530 3641 3582 3696 in
3623 3641 3764 3699 locis
3811 3641 3982 3698 defor-

762 3773 986 3828 matam,
1022 3773 1081 3818 ut
1111 3763 1200 3817 vix
1233 3762 1430 3831 aliquis
1459 3775 1653 3816 sensus
1682 3757 1804 3814 elici
1833 3758 2027 3828 possit.
2067 3755 2245 3812 Edidit
2267 3757 2430 3812 etiam
2468 3771 2520 3809 v.
2571 3756 2639 3811 cl.
2687 3755 2921 3812 Jacobus
2970 3755 3214 3829 Basnage
3257 3756 3601 3812 Boterodami
3637 3771 3784 3811 anno
3827 3753 3973 3815 1687,

761 3898 884 3937 cum
921 3891 1073 3952 parte
1098 3881 1184 3934 illa
1217 3878 1548 3950 przelationis
1587 3877 1900 3948 Bigotianae,
1946 3891 2066 3945 qua:
2111 3875 2250 3930 hanc
2281 3874 2567 3944 epistolam
2603 3873 2940 3943 respiciebat,
2988 3888 3218 3944 quaeque
3265 3888 3390 3929 cum
3434 3873 3662 3944 epistola
3707 3875 3777 3928 ad
3818 3876 3986 3929 Car-sa-

761 3997 902 4050 rium
934 4004 1200 4067 expuncta
1231 3993 1424 4057 fuerat,
1459 3992 1684 4063 adjectis
1707 3991 1871 4046 etiam
1907 3988 2224 4061 fragmentis
2256 3987 2480 4052 Graecis,
2515 4004 2634 4058 quae
2660 3987 2902 4060 Bigotius
2923 3989 3230 4060 collegerat.
3261 3989 3394 4044 Aliae
3423 4005 3642 4060 quoque
3672 3991 3814 4061 apud
3849 3992 3989 4044 hete-

762 4114 999 4168 rodoxos
1038 4113 1356 4183 prodierunt
1406 4111 1567 4178 hujus
1613 4109 1854 4180 epistola:
1908 4107 2192 4163 editiones.
2244 4105 2468 4161 Demum
2526 4108 2608 4160 vir
2655 4108 2901 4163 eruditus
2944 4105 3028 4161 Jo.
3084 4104 3394 4164 Harduinus
3437 4124 3504 4162 ex
3555 4107 3831 4163 Societate
3874 4107 3987 4162 Jesu

765 4245 909 4284 anno
961 4228 1097 4283 1689
1149 4229 1394 4284 eamdem
1453 4228 1766 4298 publicavit,
1816 4241 2040 4295 remque
2089 4225 2408 4280 catholicam
2474 4224 2734 4281 adversus
2786 4225 3163 4291 heterodoxos,
3207 4225 3300 4296 qui
3354 4227 3493 4281 hanc
3545 4227 3615 4280 ad
3666 4243 3766 4281 sua
3799 4225 3981 4282 tuenda

765 4347 1016 4414 dogmata
1068 4345 1423 4412 usurpabant,
1470 4351 1688 4397 strenue
1735 4340 2048 4396 vindicavit.
2106 4339 2201 4394 llic
2258 4340 2452 4395 iterum
2509 4340 2653 4394 illam
2706 4337 3031 4408 proferimus
3083 4339 3287 4408 aliquot
3339 4339 3390 4393 in
3444 4339 3579 4396 locis
3623 4341 3988 4402 emendatam;

769 4458 1067 4531 fragmenta
1103 4468 1283 4514 autem
1317 4457 1523 4521 Grzcca,
1561 4472 1682 4526 qum
1718 4471 1782 4510 ex
1812 4455 2099 4510 Anastasio
2131 4455 2464 4526 presbytero,
2491 4471 2550 4509 ex
2585 4453 2791 4510 Joanne
2835 4452 3171 4510 Damasceno
3215 4463 3270 4508 et
3301 4469 3368 4509 ex
3400 4453 3522 4509 aliis
3556 4455 3840 4525 desumpta
3881 4454 3986 4508 fue-

772 4586 914 4642 rant,
947 4575 1189 4631 auctiora
1227 4575 1440 4636 danius,
1477 4572 1740 4628 beneficio
1767 4569 2069 4626 doctissimi
2107 4570 2533 4639 amicissimique
2561 4571 2658 4623 viri
2714 4567 2992 4624 Michaelis
3041 4567 3280 4638 chuien
3331 4582 3397 4624 ex
3442 4568 3635 4624 ordine
3683 4567 3989 4624 Pmdicato-

774 4709 915 4760 rum,
946 4694 1038 4764 qui
1065 4693 1178 4747 haec
1209 4706 1274 4746 ex
1304 4691 1590 4745 Anastasio
1620 4698 1674 4744 et
1705 4706 1769 4744 ex
1804 4687 2012 4744 Joanne
2037 4688 2370 4743 Damasccno
2407 4685 2720 4758 diligentius
2755 4684 2992 4755 collegit.

841 4832 958 4888 Jam
994 4832 1082 4886 hic
1109 4829 1337 4900 plurima
1364 4827 1709 4897 disquirenda
1735 4837 1896 4893 sunt;
1929 4827 2185 4882 nimirum
2221 4842 2287 4880 an
2318 4827 2405 4880 hic
2433 4825 2661 4893 scriptor
2687 4824 2760 4879 sit
2807 4823 3044 4878 Joannes
3089 4819 3530 4892 Chrysostomus,
3579 4835 3648 4875 an
3685 4820 3822 4875 alius
3860 4817 3988 4891 [7371

775 4945 865 5014 qui
893 4943 1008 5012 ejus
1039 4956 1234 4995 nomen
1262 4938 1622 5000 ementiatur;
1662 4935 1754 5006 qui
1790 4937 1860 4990 sit
1883 4935 2124 5004 epistolae
2157 4951 2354 5003 scopus
2382 4953 2395 4996 ;
2432 4944 2485 4989 et
2514 4933 2643 5002 quid
2671 4931 3010 4988 sentiendum
3045 4931 3115 4987 sit
3141 4930 3208 4987 de
3237 4931 3358 4986 loco
3389 4930 3503 4997 illo,
3534 4929 3629 4999 qui
3663 4930 3805 4986 circa
3833 4941 3988 4983 tram-

775 5057 1268 5112 substantiationem
1301 5063 1378 5108 tot
1409 5052 1904 5109 controversiarum
1946 5066 2132 5104 ansam
2170 5050 2334 5104 dedit.

846 5197 1004 5263 Quod
1049 5197 1239 5250 attinet
1276 5193 1342 5249 ad
1393 5194 1622 5263 primam
1670 5190 2062 5261 quaestionem,
2110 5200 2286 5243 utrum
2325 5189 2530 5244 scilicet
2554 5189 2665 5242 luce
2691 5187 2917 5258 epistola
2949 5187 3020 5243 sit
3072 5202 3197 5242 vere
3232 5185 3630 5256 Chrysostomi,
3665 5200 3765 5240 nec
3799 5199 3866 5239 ne
3894 5201 3906 5236 :
3939 5197 3992 5236 ea

780 5327 873 5382 ιικο
900 5309 1276 5379 Chrysostomi
1301 5309 1410 5364 fetu
1445 5308 1628 5363 habita
1658 5316 1740 5362 est
1771 5321 1802 5360 a
1834 5303 2043 5360 Joanne
2073 5306 2423 5370 Damasceno,
2461 5306 2529 5359 ab
2553 5305 2844 5360 Anastasio
2869 5303 3211 5372 Presbytero,
3239 5317 3269 5355 a
3314 5300 3642 5371 Nieephoro,
3672 5302 3741 5356 ab
3785 5300 3993 5369 aliisque

781 5428 872 5493 qui
901 5428 967 5482 de
995 5427 1208 5483 duabus
1241 5427 1450 5483 naturis
1480 5428 1866 5498 disputarunt;
1901 5431 2032 5500 quin
2059 5439 2112 5483 et
2142 5428 2256 5498 ipse
2289 5427 2475 5481 titulus
2505 5424 2765 5480 Joannem
2788 5423 3101 5494 episcopum
3151 5420 3836 5489 Constantinopolitanum,
3867 5415 3992 5472 scili-

781 5550 864 5595 cet
889 5540 1358 5611 Chrysostomum,
1395 5552 1671 5598 auctorem
1707 5543 1922 5613 prodit:
1955 5541 2035 5598 sic
2062 5541 2204 5596 enim
2231 5540 2408 5605 habet,
2450 5538 2646 5608 Incipit
2677 5539 2899 5607 epistola
2930 5538 3066 5590 beati
3101 5535 3322 5590 Joannis
3363 5533 3592 5602 episcopi
3633 5531 3995 5587 Constantino-

781 5654 1001 5722 politam'
1047 5657 1114 5709 ad
1171 5656 1463 5712 Cwsarium
1509 5661 1820 5712 monachum
1871 5669 2093 5726 tempore
2155 5657 2365 5711 secundi
2416 5657 2591 5711 exsilii
2641 5657 2757 5718 sui;
2805 5655 2949 5723 quod
3003 5653 3178 5723 ipsum
3224 5660 3395 5706 totum
3445 5651 3711 5720 repetitur
3765 5648 3819 5704 in
3858 5646 3993 5704 ﬁne:

781 5768 1020 5837 Explicit
1046 5771 1272 5840 epistula
1322 5770 1567 5839 Joannis,
1626 5780 1729 5826 etc.
1777 5772 1926 5828 Nihil
1968 5773 2168 5827 mirutn
2221 5787 2348 5842 ergo
2399 5771 2443 5826 si
2494 5771 2806 5826 heterodoxi
2837 5770 2962 5824 hinc
3007 5785 3064 5824 se
3097 5768 3443 5839 prtevalidum
3473 5775 3663 5822 contra
3697 5767 3992 5823 catholiCam

784 5885 943 5941 ﬁdem
979 5897 1355 5958 argumentum
1390 5888 1624 5945 mutuari
1659 5903 1819 5958 posse
1851 5898 2121 5959 putantes,
2155 5905 2271 5945 cani
2323 5890 2477 5960 quasi
2528 5888 2819 5958 genuinum
2873 5887 3242 5955 Clirvsnstomi
3301 5885 3486 5951 fetum,
3534 5884 3687 5941 nullo
3741 5883 3990 5955 [immisso
