4152 6528
223 491 329 548 747
1161 481 1502 542 EPISTOLA
1541 481 1632 536 AD
1665 473 1863 534 CESA

1869 471 2064 529 RIUM.
2084 474 2512 534 --ΜΟΝΙΤΙῚΜ⁸
3403 459 3507 516 ’7ιὸ

221 607 413 676 ὑγείας
452 605 609 676 ὑμῶν
648 605 1151 676 εὖαγγελιζόμεναι.
1197 604 1309 659 Καὶ
1338 603 1446 671 γὰρ
1480 601 1574 654 καὶ
1615 601 1804 672 πόρῤω
1915 596 2101 669 adv-qv.
2135 595 2300 650 Ταῦτ’
2325 591 2418 648 οὖν
2441 591 2660 656 εἰδυῖαι,
2694 584 2932 656 συνεχῶς
2965 583 3113 676 ἡμᾶς
3159 577 3513 676 ebura-iis-

221 671 530 768 καθήμενόν.
577 671 930 770 μριμτῶμιν
966 671 1035 752 τὰ
1071 696 1334 768 ὑμέτεραι
1382 695 1485 749 κᾶν
1524 671 1807 764 μάθωμεν,
1919 688 2014 743 ad:
2043 686 2239 753 ταῦτα,
2269 686 2416 757 ἅπερ
2453 679 2832 752 ἐπιθυμοῦμεν
2859 674 3172 770 ματθάνειν,
3205 674 3294 726 ἵνα
3325 671 3420 770 sta).

218 789 306 845 ὃτι
341 761 590 860 όὸρύϐωπλ
618 761 774 854 iit-s6;
795 761 916 844 esse
943 790 1039 844 καὶ
1062 761 1306 860 ταραχῆς
1330 787 1423 841 καὶ
1454 761 1809 857 τὰνπερὶντῆς
1916 781 2127 855 ἐρημία
2149 777 2519 853 διατρίϐοντες
2559 773 2758 844 πολλὴν
2792 767 3045 826 ἐντεῦθεν
3083 761 3512 837 καρπωσώμεθα

224 879 448 953 ρώπως
480 879 662 950 ὑμῶν,
698 882 760 935 οὐ
789 881 890 952 τὴν
919 881 1188 952 τυχοῦσαν
1227 875 1586 951 καρπούμεθα
1613 876 1810 946 εὐφρο-
1917 873 2015 945 τὴν
2044 869 2412 943 παράκλησιν.

228 1808 510 1872 examine,
541 1803 886 1877 protulerint.
923 1801 1239 1858 Harduinus
1269 1804 1430 1858 etiam
1465 1803 1581 1874 ipse
1614 1809 1669 1857 et
1702 1799 1865 1856 titulo
1895 1805 1952 1855 et
1986 1806 2234 1855 veterum
2267 1798 2600 1857 testimoniis
2635 1795 2927 1860 abductus,
2971 1792 3353 1866 Chrysostomi
3391 1807 3523 1850 esse

231 1925 483 1992 putavit;
518 1921 570 1977 id
597 1921 741 1993 quod
767 1921 868 1991 ipsi
903 1920 1130 1977 stimulo
1165 1919 1290 1988 fuit,
1335 1929 1397 1975 ut
1434 1919 1631 1992 majori
1659 1927 1882 1984 conatu,
1919 1929 1974 1974 et
2013 1918 2244 1975 leliciori
2277 1919 2426 1975 exitu
2462 1916 2908 1974 adversariorum
2958 1914 3064 1971 tela
3094 1914 3391 1986 depelleret
3433 1928 3524 1968 ar-

229 2048 601 2110 gumentaque
627 2037 955 2095 confutaret.
989 2034 1104 2092 Sub
1133 2037 1248 2093 haec
1275 2047 1456 2093 autem
1504 2036 1760 2092 laudatus
1784 2036 1868 2092 vir
1902 2035 2133 2092 Michael
2184 2035 2430 2108 Lequien
2476 2036 2531 2092 in
2589 2032 2988 2091 Dissertatione
3033 2031 3194 2088 tertia
3240 2030 3295 2087 in
3343 2032 3525 2088 fronte

229 2156 471 2229 Operum
500 2157 558 2214 S.
586 2156 816 2214 Joannis
840 2155 1163 2231 Damasceni
1195 2155 1368 2226 posita
1399 2171 1457 2226 p.
1492 2153 1709 2209 XLVIII
1732 2163 1786 2210 et
1807 2169 1963 2226 seqq.
2001 2170 2061 2212 se
2084 2155 2214 2226 περὶ
2259 2155 2618 2227 γνησιότητος
2647 2154 2828 2226 operis
2869 2153 3124 2210 dubitare
3172 2148 3517 2207 testiﬁcatus.

230 2274 550 2345 hujusmodi
578 2285 897 2347 argumenta
923 2275 1207 2346 proposuit
1233 2274 1302 2329 ad
1332 2289 1453 2330 eam
1485 2273 1878 2345 Chrysostomo
1915 2273 2361 2345 abjudicandam.
2406 2271 2813 2329 Animadvertit
2866 2280 3049 2327 autem
3093 2269 3274 2341 primo
3315 2281 3440 2323 eam
3491 2277 3525 2320 a

230 2396 452 2452 nemine
478 2404 604 2450 ante
631 2393 918 2451 Leontium
941 2394 1220 2449 laudatam
1253 2390 1448 2459 fuisse,
1489 2393 1592 2448 etsi
1644 2392 1932 2463 perspicua
1984 2392 2104 2448 loca
2146 2407 2258 2463 prec
2306 2407 2368 2449 se
2415 2390 2553 2449 lerat
2577 2390 2842 2448 adversus
2874 2388 3277 2461 Eutychianos,
3307 2399 3525 2443 necnon

230 2511 400 2566 unius
433 2509 728 2566 voluntatis
763 2518 818 2564 et
838 2509 1174 2580 operationis
1207 2517 1553 2567 assertores:
1588 2525 1712 2579 quae
1734 2525 1866 2565 sane
1893 2509 2013 2565 loca
2050 2524 2158 2565 non
2189 2509 2656 2580 praetermittenda
2685 2517 2846 2566 erant
2884 2508 2940 2563 in
2975 2506 3214 2581 Synodis
3254 2503 3446 2574 quinta
3473 2512 3528 2558 et

231 2637 410 2692 sexta,
446 2642 554 2683 non
587 2626 658 2681 ab
682 2624 790 2680 illis
815 2623 910 2695 qui
941 2639 1038 2680 eas
1065 2625 1304 2680 haereses
1327 2624 1741 2695 impugnarunt,
1769 2638 1876 2678 non
1911 2638 1941 2678 a
1972 2621 2212 2680 Nestorii
2241 2621 2594 2690 vindicibus;
2619 2631 2676 2679 et
2701 2632 2885 2680 tamen
2932 2619 3117 2676 nullus
3157 2634 3350 2676 eorum
3386 2618 3530 2674 hanc

231 2746 545 2823 epistolam,
578 2745 661 2801 vel
692 2743 814 2814 ejus
841 2741 1097 2797 laciniam
1129 2742 1436 2813 quamlibet
1463 2743 1932 2800 commemoravit.
1960 2741 2162 2812 Adjicit
2200 2741 2286 2796 vir
2312 2741 2508 2799 doctus
2551 2741 2652 2797 hos
2688 2740 2952 2811 loquendi
2998 2738 3225 2804 modos,
3258 2736 3415 2804 Quod
3445 2739 3530 2794 in-

233 2870 444 2940 fernum
481 2872 704 2926 euomuit
741 2872 794 2926 in
842 2871 1055 2928 Christo
1087 2873 1260 2927 dicere
1307 2890 1468 2928 unam
1507 2881 1756 2926 naturam
1797 2881 1915 2941 post
1969 2871 2312 2927 unitionem?
2340 2880 2396 2926 et
2421 2868 2630 2924 Iterum
2671 2868 2858 2923 dicunt
2889 2884 2908 2921 :
2940 2865 3071 2922 Post
3097 2867 3390 2921 unitionem
3422 2880 3528 2921 non

231 3005 438 3064 oportet
467 2996 639 3051 dicere
668 2998 802 3052 duas
833 3005 1078 3061 naturas,
1103 3006 1157 3053 et
1179 2996 1410 3061 similes,
1445 3002 1661 3051 tantum
1710 2991 1962 3063 usurpari
2005 2992 2562 3062 cmpissemostquam
2602 2988 2842 3060 Cyrillus
2881 2986 3290 3043 Alexandrinus
3332 2985 3528 3042 adver-

231 3129 332 3169 sus
355 3111 664 3170 Nestorium
695 3117 954 3186 scripsit:
988 3116 1072 3172 Ex
1105 3118 1312 3172 duabus
1344 3118 1554 3171 naturis
1579 3114 1905 3184 ine/fabilem
1943 3114 2234 3168 unitionem
2277 3129 2389 3167 esse
2433 3112 2677 3184 fartam:
2723 3109 3040 3165 dividendus
3086 3124 3191 3163 non
3244 3123 3356 3163 esse
3402 3106 3529 3161 sub-

229 3231 462 3287 stantias
497 3238 616 3299 post
647 3231 975 3297 unitionem;
1003 3249 1164 3287 unam
1205 3243 1320 3302 post
1354 3231 1646 3285 unitionem
1674 3245 1786 3283 esse
1812 3227 1910 3283 Dei
1950 3227 2106 3283 Verbi
2149 3237 2404 3282 naturam
2429 3228 2787 3293 incantatam,
2825 3235 2877 3281 et
2899 3234 3194 3296 postquam
3237 3223 3385 3279 circa
3411 3221 3530 3278 hac

229 3346 400 3401 verba
432 3346 796 3419 digladiantes
818 3347 1038 3418 plurimi
1086 3361 1154 3402 eo
1193 3345 1556 3410 devenerunt,
1605 3353 1664 3399 ut
1714 3342 1961 3399 dicerent
2007 3344 2181 3414 ipsam
2226 3343 2484 3398 deitatem
2532 3357 2749 3414 passam
2783 3341 2989 3408 fuisse;
3029 3356 3136 3412 qua
3176 3351 3337 3398 actate
3368 3340 3530 3397 edita:

233 3463 390 3519 fuere
424 3463 844 3520 dissertationes
874 3463 1000 3528 illae,
1027 3477 1150 3533 quae
1182 3461 1472 3518 Athanasii
1497 3461 1721 3517 nomine
1767 3460 2237 3517 circumferuntur
2281 3460 2457 3516 Tomo
2501 3461 2744 3517 secundo
2777 3477 2832 3532 p.
2881 3461 3008 3528 560,
3042 3461 3142 3517 56l
3176 3469 3230 3518 et
3259 3477 3441 3534 seqq.,
3471 3461 3529 3521 in

231 3582 438 3652 quibus
462 3582 662 3637 eaedem
690 3580 861 3637 ferme
889 3596 979 3637 res
1012 3582 1383 3653 exagitantur,
1411 3593 1535 3650 qum
1567 3579 1620 3632 in
1664 3577 1768 3633 hac
1794 3576 2025 3648 epistola
2061 3577 2264 3646 passim
2305 3575 2576 3632 feruntur.
2632 3575 2846 3648 Pugnat
2878 3592 3099 3647 quoque
3144 3577 3225 3631 vir
3255 3577 3528 3643 eruditus,

233 3699 379 3757 hanc
405 3699 691 3770 epistolam
731 3714 837 3754 non
873 3699 1034 3755 modo
1056 3708 1180 3770 post
1228 3696 1608 3771 Chrysostomi
1635 3697 1878 3764 obitum,
1926 3696 2022 3754 sed
2066 3696 2232 3753 etiam
2279 3705 2404 3766 post
2446 3695 2785 3751 Nestorianm
2829 3695 3054 3751 haeresis
3085 3704 3337 3751 exortum
3381 3694 3524 3753 scri-

234 3828 382 3889 ptam
414 3816 582 3870 fuisse
612 3831 626 3867 :
676 3832 693 3865 s
723 3811 860 3868 Nam
892 3823 1077 3879 antea,
1109 3812 1308 3884 inquit,
1339 3811 1588 3867 auditum
1631 3825 1739 3865 non
1778 3817 1898 3865 erat
1931 3810 2214 3867 Christum
2250 3827 2358 3867 non
2411 3812 2575 3868 modo
2604 3828 2668 3867 ea:
2697 3812 2905 3867 duabus
2947 3814 3182 3879 naturis,
3227 3814 3323 3868 sed
3356 3813 3527 3868 etiam

236 3936 294 3989 i.t
322 3930 528 3986 duabus
564 3929 835 3994 exsistere,
881 3947 899 3981 ι
934 3929 1078 3999 quod
1115 3928 1353 3996 primum
1381 3927 1622 4000 Cyrillus
1675 3927 1894 3996 docuit;
1935 3928 2242 4000 deindeque
2279 3928 2536 4002 Synodus
2589 3929 3055 3987 Chalcedonensis
3103 3941 3292 3987 contra
3354 3930 3527 4002 Euty-

236 4051 396 4106 chem
429 4048 705 4114 detinivit;
739 4063 862 4120 qua:
889 4049 1054 4104 etiam
1089 4047 1344 4120 Synodus
1372 4065 1439 4106 ex
1472 4050 1679 4123 CyriIIo
1706 4052 1925 4122 adjecit,
1954 4050 2230 4108 Christum
2260 4052 2551 4124 perfectum
2583 4071 2697 4110 esse
2728 4056 2783 4109 in
2813 4054 3113 4123 divinitate,
3154 4065 3203 4110 et
3235 4055 3526 4126 perfectum

237 4169 295 4221 in
325 4167 697 4232 humanitate;
732 4167 787 4220 in
813 4165 1044 4236 epistola
1074 4181 1205 4222 vero
1230 4165 1296 4221 ad
1322 4164 1625 4222 Caesarium
1653 4166 1850 4235 legitur
1881 4182 1893 4217 :
1923 4165 2327 4236 Agnoscendum
2352 4182 2466 4222 esse
2499 4167 2711 4223 Filium
2739 4185 2842 4224 non
2876 4169 2931 4224 in
2961 4186 3069 4224 una
3097 4169 3272 4223 solum
3299 4180 3525 4237 natura,

234 4283 326 4338 sed
358 4285 412 4337 in
441 4283 648 4338 duabus
671 4284 940 4354 perfectis.
973 4282 1283 4341 Notandum
1319 4293 1503 4340 tamen
1532 4294 1619 4341 est
1644 4286 2005 4342 Athanasium
2034 4285 2201 4340 Libro
2224 4286 2404 4356 primo
2436 4293 2628 4342 contra
2670 4287 3072 4358 Apollinarium
3104 4286 3316 4344 dixisse
3360 4286 3528 4344 Chri-

236 4408 382 4457 stum
413 4413 534 4455 esse
557 4398 861 4470 perfectum
895 4398 1067 4453 Deum
1094 4407 1149 4453 et
1185 4397 1486 4469 perfectum
1510 4399 1814 4454 hominem.
1851 4399 2052 4456 Verum
2077 4398 2206 4454 licet
2237 4397 2323 4453 hae
2343 4413 2531 4464 voces,
2564 4398 2782 4465 ἓνωσις,
2815 4401 3013 4467 unitio,
3043 4411 3099 4457 et
3125 4401 3248 4458 duze
3282 4401 3336 4457 in
3360 4399 3530 4459 Chri-

233 4527 322 4574 sto
365 4525 576 4573 naturaa
616 4513 890 4587 perfectae,
937 4531 1046 4570 non
1095 4515 1293 4586 ignotae
1350 4531 1581 4587 prorsus
1611 4514 1820 4571 fuerint
1871 4524 1998 4570 ante
2036 4514 2420 4587 Chrysostomi
2473 4531 2674 4581 aevum,
2703 4524 2913 4572 certum
2957 4526 3137 4574 tamen
3169 4529 3254 4575 est
3286 4535 3382 4576 eas
3415 4537 3525 4578 non

234 4636 409 4693 fuisse
431 4636 504 4691 ita
527 4635 797 4707 frequenti
822 4651 926 4692 usu
961 4645 1230 4707 receptas,
1257 4646 1316 4692 ut
1346 4636 1572 4692 luerunt
1601 4637 1941 4708 temporibus
1965 4635 2201 4693 Nestorii
2233 4646 2291 4694 et
2315 4637 2613 4710 Eutychis;
2643 4648 2808 4707 atque
2833 4639 2972 4694 adeo
3013 4639 3184 4695 videri
3215 4641 3364 4698 hunc
3391 4645 3530 4701 seri-

233 4761 473 4823 ptorem,
504 4751 597 4822 qui
628 4751 735 4807 illis
763 4753 967 4822 passim
994 4753 1186 4820 utitur,
1241 4753 1295 4807 in
1344 4752 1487 4808 istud
1534 4767 1710 4807 aevum
1757 4752 2152 4809 conferendum
2197 4768 2338 4810 esse.
2386 4752 2565 4810 Movet
2598 4754 2728 4809 item
2773 4769 2884 4808 rev.
2932 4765 3141 4825 patrem
3172 4756 3438 4828 Lequirn,
3469 4768 3529 4812 ut

232 4874 528 4945 epistolam
558 4877 957 4948 Chrysostomo
995 4871 1292 4943 abjudicet.
1325 4872 1468 4943 quod
1498 4873 1552 4927 iu
1587 4887 1651 4928 ea
1691 4872 1907 4928 dicatur
1942 4893 1954 4928 :
2000 4873 2063 4930 Si
2092 4875 2234 4928 enim
2284 4873 2454 4928 Deum
2492 4874 2692 4929 dixeris
2722 4875 3004 4944 pertulisse
3045 4874 3402 4948 qualicunque
3432 4890 3527 4932 co-

234 4989 512 5061 gitatione.
536 4990 676 5060 quod
705 4986 1030 5057 impossibile
1058 4995 1133 5040 est
1168 4985 1356 5041 dixisti
1385 5005 1403 5041 :
1433 4988 1488 5040 id
1526 4987 1664 5058 quod
1696 4987 2059 5057 blaspltemum
2092 4998 2170 5043 est
2195 4997 2242 5042 et
2275 4989 2538 5055 immane;
2589 5007 2716 5046 nam
2763 4992 2867 5048 etsi
2908 4992 3015 5048 hoc
3061 4993 3315 5063 loquendi
3352 5010 3526 5066 genus

230 5103 423 5174 aliquo
448 5104 608 5160 modo
637 5103 920 5159 tolerabile
943 5119 1067 5160 esse
1095 5104 1392 5173 videretur,
1425 5121 1534 5176 quo
1559 5115 1805 5175 tempore
1846 5123 1936 5164 res
1963 5108 2208 5163 nondum
2255 5108 2478 5164 deﬁnita
2529 5117 2668 5176 erat,
2711 5111 2904 5166 multis
2944 5113 3396 5170 existimantibus
3437 5115 3525 5171 id-

232 5216 418 5287 ipsum
448 5230 567 5272 esse
604 5216 786 5271 dicere
815 5214 982 5271 Deum
1016 5230 1259 5285 passum,
1288 5231 1354 5272 ac
1383 5231 1600 5286 passam
1632 5208 1890 5273 deitatem
1927 5236 1941 5272 :
1975 5227 2213 5274 attamen
2250 5219 2336 5274 his
2372 5219 2601 5275 adversa
2627 5221 2790 5276 tradit
2817 5221 3252 5294 Chrysostomus
3273 5227 3524 5297 plurimis

233 5332 289 5388 in
314 5331 470 5386 locis.
500 5331 626 5386 Haec
647 5345 770 5401 qua:
795 5330 933 5385 scite
960 5330 1252 5386 observata
1283 5340 1433 5399 sunt,
1462 5330 1714 5402 pluribus
1761 5333 2115 5404 prosequitur
2157 5331 2414 5390 laudatus
2443 5334 2532 5391 ille
2559 5336 2666 5403 vir,
2701 5345 2757 5394 et
2803 5337 2911 5393 alia
2947 5339 3120 5394 multa
3161 5340 3370 5413 adjicit,
3406 5360 3527 5415 quae

231 5447 457 5519 longum
484 5456 629 5504 esset
652 5461 955 5506 recensere.

304 5583 444 5640 Aliis
476 5586 604 5641 item
639 5587 955 5644 nominibus
984 5589 1096 5643 haec
1130 5589 1360 5659 epistola
1396 5590 1624 5645 omnino
1653 5589 1787 5646 mihi
1813 5591 1998 5664 spuria
2019 5607 2142 5649 esse
2172 5591 2409 5651 videtur.
2436 5593 2486 5650 Is
2514 5594 2580 5650 ad
2616 5611 2780 5666 quem
2816 5599 3099 5667 scribitur,
3129 5610 3216 5657 est
3243 5601 3523 5659 Caesarius

231 5701 561 5765 monachus,
591 5702 684 5774 qui
711 5703 919 5773 jamdiu
948 5721 1054 5760 una
1097 5722 1220 5762 cum
1253 5706 1496 5777 epistolae
1527 5709 1795 5780 scriptore
1823 5709 1965 5765 idem
2009 5710 2322 5767 institutum
2369 5712 2493 5767 vitae
2531 5722 2816 5780 tenuerat,
2867 5730 3064 5788 nempe
3112 5721 3519 5792 monasticam;

231 5835 364 5876 nam
395 5818 530 5874 illud
560 5821 872 5891 signiﬁcant
895 5823 1009 5879 haec
1033 5825 1197 5881 verba
1229 5826 1392 5897 paulo
1421 5837 1546 5898 post
1575 5827 1795 5886 initium
1824 5828 2072 5901 epistola)
2101 5850 2116 5886 :
2167 5829 2541 5888 Verumtamen
2581 5849 2676 5888 nos
2715 5835 3054 5892 recordantes
3090 5846 3198 5894 tua:
3247 5842 3520 5899 uobiscum

232 5938 670 6008 conuersationis,
713 5939 810 6012 τῆς
842 5942 939 6014 σῆς
970 5944 1087 6017 μεθ’
1117 5947 1276 6019 ἡμῶν
1309 5948 1606 6021 πολιτείας,
1639 5952 1756 6011 hac
1777 5953 1872 6012 hat

1879 5953 1924 6012 Id
1957 5955 2124 6014 dubie
2148 5954 2337 6015 Graeca
2371 5965 2551 6026 erant,
2587 5957 2788 6028 quibus
2822 5957 3165 6028 signiﬁcatur
3201 5960 3371 6032 hujus
3400 5961 3519 6033 epi-
