4152 6492
733 407 841 465 πθ
1420 417 1476 470 8.
1515 405 1800 466 .IOANNIS
1834 403 2316 464 CHRYSOSTOHI
2355 404 2672 464 ARCHIEP.
2713 404 3258 465 CONSTANTINOP.
3849 409 3948 466 750

733 559 884 617 uola:
910 555 1227 628 scriptorem
1262 552 1496 625 idipaum
1524 551 1830 613 institutum
1870 556 1994 608 vitae
2024 554 2286 619 tenuisse,
2318 553 2463 623 quod
2508 553 2778 610 Caesarius
2818 555 3201 625 proﬁtebatur.
3225 570 3420 627 nempe
3467 558 3863 625 monasticum;
3903 561 3950 615 id

733 683 798 734 de
825 677 1212 748 Chrysostotno
1243 677 1464 748 quidem
1495 677 1599 730 uici
1627 683 1831 746 posset,
1862 691 1954 746 qui
1979 674 2194 744 juvenis
2222 674 2363 726 inter
2386 673 2682 730 monachos
2723 673 3061 738 venabatur,
3106 684 3159 731 et
3188 673 3478 732 asceticam
3522 673 3689 730 vitam
3723 676 3912 744 agebat
3939 695 3949 727 :

671 846 686 866 ,
731 797 824 852 sed
851 811 917 850 an
943 795 1233 850 verisimile
1252 803 1356 856 est,
1395 791 1441 847 si
1487 807 1610 848 cum
1644 793 1883 847 Caesarie
1923 792 2089 847 vitam
2134 790 2494 848 monasticam
2531 791 2723 862 egerit,
2771 791 2862 860 qui
2907 790 3176 846 Caesarius
3207 791 3272 847 ad
3308 807 3479 862 usque
3509 794 3810 854 secundum
3840 793 3954 862 ejus

727 911 975 966 exsilium
1007 918 1284 979 superstes
1310 907 1492 972 fuerit,
1525 907 1733 976 ipsique
1760 906 1963 961 litteras
1991 906 2232 962 scribere
2255 903 2776 968 consueverit,illius
2811 912 2989 957 tamen
3018 918 3284 973 nusquam
3315 901 3467 975 [738]
3500 905 3828 960 mentionem
3859 906 3949 958 ha-

729 1026 958 1082 bendam
992 1024 1126 1088 fore,
1151 1025 1234 1080 vel
1275 1025 1327 1078 in
1367 1022 1639 1093 Epistolis,
1667 1021 1748 1076 vel
1769 1023 1823 1077 in
1847 1021 1966 1076 Vita
1994 1019 2405 1091 Cbrysostoml;
2435 1026 2581 1076 certe
2601 1019 2725 1075 hinc
2749 1020 2859 1089 jam
2890 1021 3076 1074 nescio
3101 1033 3222 1089 qua
3260 1019 3499 1089 suspicio
3528 1020 3790 1075 nascitur.
3829 1021 3947 1092 Sty-

729 1141 816 1198 lus
841 1142 1038 1196 mirum
1070 1151 1330 1212 quantum
1367 1157 1394 1192 a
1427 1138 1801 1210 Chrysostomi
1836 1137 2048 1193 dicendi
2082 1148 2276 1206 genere
2311 1137 2564 1202 alienus;
2619 1135 2765 1207 quod
2813 1152 2958 1192 nunc
3001 1137 3215 1195 facilius
3246 1139 3691 1210 deprehenditur,
3735 1154 3856 1193 cum
3886 1154 3946 1192 ea

731 1258 934 1315 Graecis
969 1257 1124 1325 longe
1149 1255 1302 1326 plura
1337 1268 1500 1326 quam
1525 1261 1681 1308 antea
1720 1252 2104 1323 publicentur:
2148 1252 2236 1307 hic
2273 1253 2457 1306 omnia
2493 1252 2836 1322 peregrinum
2877 1253 3046 1316 olent,
3088 1269 3189 1310 nec
3225 1253 3308 1308 vel
3347 1253 3638 1308 minimum
3677 1253 3947 1324 quidpiam

729 1378 1067 1445 observatur,
1091 1378 1234 1449 quod
1262 1378 1710 1448 Chrysostomum
1747 1377 1954 1445 sapiat;
1983 1376 2056 1431 ita
2103 1384 2161 1429 ut
2188 1375 2280 1446 qui
2304 1391 2370 1430 ex
2408 1375 2531 1431 aliis
2569 1376 2785 1445 scriptis
2812 1384 2867 1431 et
2884 1375 3131 1446 epistolis
3156 1377 3526 1448 Chrysostomi
3563 1380 3629 1433 ad
3664 1380 3804 1434 hanc
3839 1379 3947 1447 epi-

730 1498 924 1554 stolam
971 1513 1030 1552 se
1067 1496 1330 1562 conferat,
1385 1497 1440 1551 in
1492 1496 1659 1550 alium
1695 1511 1755 1550 se
1809 1495 1993 1572 orbem
2050 1494 2371 1550 translatum
2428 1503 2599 1566 putet.
2649 1494 2783 1561 Quis
2839 1495 2980 1564 apud
3029 1495 3476 1567 Cbrysostomum
3507 1495 3641 1550 vidit
3672 1497 3950 1566 τηλαυγῶς

729 1616 1099 1689 διαγορεῦσαι,
1155 1616 1278 1687 quis
1319 1615 1492 1670 ταῦτα
1545 1619 1928 1689 κατηγορεῖται
1958 1616 2087 1673 νὶάῆ
2133 1616 2238 1673 hoc
2276 1630 2369 1673 sen

2330 1631 2462 1683 lusu,
2509 1617 2621 1672 Iure
2652 1618 3057 1687 praedicantur?
3089 1616 3191 1674 Ubi
3232 1630 3337 1674 tam
3379 1617 3601 1688 jejunus
3641 1627 3828 1672 orator
3854 1617 3949 1673 luit

730 1732 1175 1802 Cbrysostomus,
1205 1745 1326 1785 cum
1356 1729 1423 1784 de
1451 1731 1602 1785 socio
1625 1731 1755 1786 olim
1793 1741 1845 1786 et
1866 1729 2240 1786 contubernali
2267 1731 2333 1786 ad
2363 1743 2555 1788 sanam
2585 1743 2820 1787 mentem
2857 1733 3165 1789 reducendo
3200 1735 3492 1805 ageretur?
3528 1735 3949 1805 Argumentandi

732 1854 903 1912 genus
933 1839 1304 1911 Chryaostomi
1339 1839 1516 1896 elucet
1545 1841 1596 1894 in
1629 1839 1969 1896 orationibus
1998 1849 2187 1896 contra
2215 1842 2510 1898 Anomaeos
2535 1853 2589 1898 et
2614 1854 2801 1899 contra
2841 1843 3101 1902 Judteos:
3150 1861 3244 1901 eas
3294 1846 3478 1902 confer
3533 1862 3657 1902 cum
3709 1849 3810 1904 hac
3843 1850 3950 1918 epi-

731 1967 864 2021 stola
885 2006 900 2030 ,
929 1974 982 2021 et
1005 1963 1188 2020 statim
1223 1963 1527 2034 conspicies
1555 1974 1816 2033 quantum
1843 1962 1916 2016 ait
1957 1962 2100 2018 inter
2134 1965 2273 2019 hanc
2301 1973 2355 2018 et
2392 1963 2513 2020 illas
2559 1965 2872 2021 discrimen.
2920 1966 3016 2023 llis
3050 1970 3329 2038 perpensis
3370 1970 3658 2041 epistolam
3689 1975 3756 2029 ad
3782 1975 3952 2030 Caesa-

732 2085 874 2140 rium
901 2083 1270 2156 Cbrysostomi
1299 2098 1422 2141 esse
1454 2099 1732 2154 nunquam
1757 2081 2107 2149 crediderim,
2137 2087 2230 2141 sed
2261 2086 2441 2156 potius
2462 2087 2768 2158 cujuspiam
2805 2089 2900 2159 qui
2925 2089 3377 2162 Cbrysostomum
3403 2097 3700 2151 ementitus
3727 2097 3818 2152 sit.

799 2229 934 2296 Quis
959 2243 1088 2283 vero
1117 2227 1188 2285 sit
1216 2228 1324 2293 ille,
1348 2227 1443 2296 qui
1475 2227 1612 2282 hanc
1642 2226 1928 2296 epistolam
1959 2227 2353 2298 Chrysostomo
2382 2228 2694 2299 adscripsit,
2723 2231 2986 2285 incertum
3025 2233 3270 2288 omnino.
3302 2233 3431 2304 Ejus
3471 2243 3653 2291 autem
3691 2236 3954 2293 mittenda.

734 2348 948 2402 occasio
978 2361 1040 2402 ea
1074 2346 1195 2414 fuit,
1222 2357 1314 2403 aut
1340 2361 1404 2403 ea
1428 2362 1552 2404 esse
1579 2347 1889 2410 simulatur,
1930 2361 2051 2416 qua:
2071 2346 2226 2401 initio
2257 2346 2501 2416 epistola
2544 2359 2835 2402 narratur:
2885 2349 3098 2404 oblatus
3149 2348 3325 2404 fuerat
3361 2351 3599 2406 Caesarie
3643 2352 3953 2422 Apollinari!

734 2463 889 2530 liber,
915 2479 1022 2532 quo
1048 2465 1282 2534 perlecto
1315 2479 1490 2534 usque
1513 2463 1648 2519 adeo
1668 2464 1789 2534 ejus
1819 2463 2063 2519 doctrina
2091 2472 2367 2534 permotus
2387 2473 2489 2526 est,
2533 2474 2590 2519 ut
2613 2465 2840 2535 gratiam
2871 2465 3090 2521 haberet
3118 2466 3187 2523 iis
3231 2468 3323 2536 qui
3373 2467 3568 2521 librum
3614 2469 3717 2523 sibi
3757 2470 3954 2525 obtule-

734 2591 878 2647 rant,
902 2591 955 2637 et
984 2581 1179 2637 librum
1211 2580 1472 2653 optimum
1500 2597 1622 2638 esse
1643 2581 1964 2652 praedicaret
1989 2582 2152 2637 etiam
2182 2582 2234 2636 in
2273 2581 2498 2652 epistola
2531 2581 2640 2646 illa,
2692 2596 2854 2650 quam
2895 2581 2962 2636 ad
3005 2580 3266 2637 Joannem
3319 2596 3378 2638 se
3417 2583 3634 2639 misisse
3683 2584 3950 2640 conﬁnxit.

735 2705 848 2762 Non
879 2707 1076 2761 desunt
1097 2704 1196 2759 viri
1225 2703 1389 2770 docti,
1425 2705 1517 2774 qui
1543 2713 1734 2774 putent
1777 2704 1916 2759 hanc
1951 2705 2234 2773 epistolam
2289 2718 2395 2759 non
2435 2714 2622 2759 contra
2663 2705 3079 2774 Apollinaristas
3121 2705 3377 2774 scriptam
3418 2703 3611 2766 fuisse,
3654 2706 3748 2760 sed
3781 2709 3950 2760 contra

734 2817 1126 2890 Eutychianos,
1152 2833 1325 2890 exque
1347 2819 1664 2889 conjectura
1695 2827 1901 2874 tantum
1935 2818 2022 2873 hic
2045 2818 2171 2883 dici,
2203 2819 2403 2873 librum
2440 2818 2507 2873 de
2548 2833 2656 2888 quo
2693 2819 2780 2874 hic
2810 2820 2987 2890 agitur
3017 2820 3333 2888 Apollinarii
3367 2818 3536 2874 fuisse
3573 2837 3584 2872 :
3632 2835 3758 2873 nam
3803 2821 3949 2889 Apol-

735 2938 988 3000 linarius,
1035 2935 1320 3006 inquiunt,
1373 2950 1653 3005 nunquam
1695 2934 1829 2989 dixit
1872 2949 1936 2988 ex
1981 2934 2190 2987 duabus
2231 2933 2442 2987 naturis
2485 2948 2646 2986 unam
2695 2932 2886 2987 factam
2923 2949 3042 2988 esse
3084 2942 3333 2988 naturam
3378 2942 3498 3002 post
3544 2936 3952 2989 unitionem.Ac

737 3051 871 3106 nihil
901 3059 1046 3106 certe
1073 3048 1222 3105 dubii
1252 3058 1354 3114 est,
1384 3049 1471 3103 hic
1491 3049 1558 3102 de
1594 3049 1910 3118 Apollinarii
1965 3049 2102 3102 libro
2137 3047 2222 3117 agi
2263 3057 2318 3102 et
2362 3047 2866 3115 Apollinaristarum
2915 3048 3216 3102 doctrinam
3258 3049 3462 3117 impeti.
3494 3049 3631 3103 Nam
3679 3061 3739 3105 ut
3786 3054 3952 3106 omnia

733 3165 1041 3226 minutatim
1089 3180 1498 3236 persequamur,
1547 3181 1668 3235 qu:e
1719 3164 1873 3218 initio
1903 3164 2145 3234 epistola:
2173 3162 2428 3218 dicuntur
2466 3164 2519 3218 in
2556 3164 2694 3218 libro
2741 3163 3060 3232 Apollinarii
3091 3163 3369 3233 praedicari
3395 3165 3700 3238 συνδρομὴν
3737 3168 3956 3238 οὐσιώδη

737 3281 830 3336 καὶ
864 3280 1008 3352 μίξιν
1037 3279 1327 3334 θεσπεσίαν
1355 3278 1684 3350 γεγενῆσθαι
1714 3278 1964 3349 Θεότητὸς
1993 3297 2050 3331 τε
2087 3281 2179 3332 καὶ
2212 3279 2434 3350 σαρκὸς,
2470 3280 2595 3348 μίαν
2625 3297 2682 3332 τε
2729 3279 2978 3334 ἐντεῦθεν
3023 3280 3448 3352 ἀποτελεσθῆναι
3491 3282 3652 3352 φύσιν
3686 3303 3698 3338 :
3741 3284 3956 3339 Concur-

737 3415 852 3455 sant
885 3399 1212 3456 nuntiatam
1246 3409 1290 3452 et
1322 3399 1618 3453 mistionem
1657 3398 1885 3451 diuinam
1910 3397 2105 3464 factam
2128 3413 2239 3450 esse
2265 3396 2556 3450 divinitatis
2587 3407 2633 3450 et
2684 3399 2878 3459 carnis,
2914 3409 2960 3451 et
2990 3397 3109 3451 hinc
3133 3416 3294 3452 unam
3320 3400 3501 3466 perﬁci
3538 3410 3809 3465 naturam,
3835 3402 3955 3462 haec,

739 3520 984 3587 inquam,
1012 3516 1284 3581 ipsissima
1315 3515 1428 3571 fere
1456 3516 1615 3570 verba
1650 3524 1778 3570 sunt
1806 3515 2146 3583 Apoliinarii,
2190 3515 2370 3584 qualia
2402 3515 2707 3569 referuntur
2738 3515 2803 3569 ab
2830 3514 3077 3586 Eul0gio,
3111 3516 3252 3584 apud
3287 3517 3538 3572 Photium
3567 3534 3685 3588 cap.
3711 3519 3956 3584 CCXXX,

735 3655 790 3710 β.
830 3640 952 3706 849,
981 3654 1229 3710 excerpta
1263 3656 1324 3695 ex
1364 3642 1497 3695 libro
1530 3638 1845 3712 Apollinarii
1877 3639 1940 3691 de
1971 3638 2346 3691 lucarnatione

2319 3655 2346 3691 ε
2375 3655 2392 3691 .·
2426 3639 2471 3690 ὣ
2501 3641 2658 3707 καινὴ
2691 3639 2866 3701 κτίσις
2887 3682 2901 3704 ,
2934 3640 3027 3694 καὶ
3059 3640 3204 3708 μίξις
3235 3640 3514 3692 θεσπεσία·
3549 3641 3680 3698 Θεὸς
3713 3643 3804 3693 καὶ
3837 3640 3957 3709 σὰρξ

739 3754 867 3828 μίαν
894 3754 1224 3812 ἀπετέλεσαν
1253 3759 1414 3828 φύσιν
1447 3776 1459 3810 :
1501 3760 1544 3813 0
1573 3776 1703 3813 nova
1737 3769 1976 3814 creatura
2005 3770 2050 3813 et
2083 3760 2262 3812 divina
2301 3758 2379 3810 mi

2317 3756 2525 3810 nix‘tt'o!
2563 3753 2697 3811 Delta
2729 3765 2775 3810 et
2800 3771 2922 3810 caro
2969 3773 3123 3812 unam
3171 3755 3446 3823 perﬁciunt
3493 3766 3761 3810 naturam.
3813 3757 3957 3825 Quod

739 3874 913 3943 ipsum
945 3872 1106 3927 refert
1142 3873 1476 3942 Ephrzemius
1505 3874 1874 3929 Antiochcnus
1905 3853 1956 3926 itu
1991 3873 2246 3926 Bibliotb.
2281 3871 2455 3926 l’liotii
2486 3888 2604 3942 cap.
2641 3872 2920 3937 CCXXIX,
2956 3891 3008 3943 p.
3045 3875 3165 3928 787.
3205 3869 3320 3930 Jan)
3375 3873 3500 3948 quis
3552 3882 3709 3950 neget
3756 3874 3808 3931 in
3857 3874 3960 3934 eni-

740 3989 876 4045 atola
905 3988 1121 4043 Caesarii
1157 3989 1222 4042 de
1255 3987 1355 4042 hoc
1389 3989 1704 4058 Apollinarii
1742 3989 1880 4042 libro
1917 3989 2048 4055 agi?
2076 3987 2281 4042 Czetera
2309 4001 2524 4056 quoque
2554 3988 2728 4058 capita
2763 4004 3145 4048 recenseamus
3176 4012 3186 4045 :
3238 3995 3538 4048 secundum
3569 3997 3951 4066 Apollinarium

739 4119 792 4164 et
823 4108 1254 4178 Apollinaristas,
1290 4118 1345 4160 ut
1375 4107 1426 4160 in
1464 4107 1564 4161 hac
1590 4108 1817 4162 epistola
1845 4107 2040 4161 dicitur
2074 4119 2225 4175 :post
2267 4107 2552 4161 unitionem
2585 4124 2686 4162 non
2716 4110 2984 4177 oportebat
3015 4112 3185 4166 dicere
3230 4125 3452 4170 naturas
3500 4119 3656 4171 duas.
3707 4119 3953 4176 Dicebant

739 4225 898 4277 etiam
933 4223 1345 4293 Apollinaristee,
1383 4243 1401 4274 ι
1444 4223 1780 4278 Dominicum
1827 4240 2022 4295 corpus
2074 4240 2177 4279 non
2224 4241 2344 4282 esse
2398 4241 2584 4280 verum
2636 4241 2855 4296 corpus,
2898 4230 3026 4297 quia
3070 4209 3394 4286 conversum
3440 4235 3634 4288 eratin
3669 4237 3951 4292 deitatem:

741 4338 1048 4398 Passionem
1085 4342 1352 4394 divinitati
1405 4342 1803 4410 excogitabant.
1857 4364 1874 4395 ι
1921 4345 2176 4400 Dicebant
2228 4361 2474 4414 quoque,
2510 4365 2527 4396 α
2569 4346 2853 4399 Dominum
2899 4346 3081 4402 Jesum
3120 4363 3282 4404 carne
3335 4362 3516 4406 nostra
3556 4354 3834 4420 amictum,
3867 4356 3952 4410 sed

745 4450 1055 4503 inanimato.
1097 4471 1112 4501 ι
1148 4454 1211 4506 lli
1244 4464 1398 4506 erant
1431 4455 1743 4522 Apollinarn
1781 4464 1836 4510 ct
1868 4455 2398 4533 Apollinaristarum,
2441 4459 2533 4524 qui
2568 4456 2896 4527 Syuusiasta:
2945 4461 3298 4528 vocabantur,
3348 4479 3602 4531 errores;
3654 4468 3689 4520 ii
3739 4484 3864 4523 vero
3892 4484 3950 4522 ex

744 4594 902 4644 supra
936 4578 1094 4629 allato
1127 4579 1437 4645 Apollinarii
1473 4579 1590 4631 loco
1623 4579 2095 4646 consequebantur
2125 4596 2137 4628 :
2174 4593 2296 4629 nam
2329 4578 2454 4646 quia
2484 4578 2779 4632 secundum
2807 4580 3201 4647 Apollinarium
3233 4600 3324 4650 per
3353 4588 3790 4643 commixtionem
3827 4589 3953 4643 divi-

747 4704 868 4742 nam
904 4689 1040 4744 Deus
1072 4702 1122 4744 et
1157 4708 1283 4746 caro
1319 4709 1480 4746 uuam
1519 4693 1864 4760 periiciebant
1894 4703 2164 4753 naturam,
2205 4693 2330 4746 hinc
2363 4692 2691 4760 sequebatur
2725 4703 2842 4760 post
2874 4695 3171 4752 unitionem
3208 4716 3310 4753 non
3349 4712 3598 4770 oportere
3628 4704 3765 4760 duas
3788 4706 3954 4760 dicere

746 4815 1005 4870 naturas;
1043 4807 1280 4861 divinum
1311 4823 1507 4875 corpus
1540 4824 1646 4860 non
1682 4823 1800 4862 esse
1834 4824 2019 4862 verum
2057 4823 2273 4877 corpus,
2310 4809 2434 4878 quia
2457 4824 2777 4863 conversum
2807 4821 2920 4864 erat
2950 4813 2998 4864 in
3050 4813 3299 4869 deitatem
3329 4835 3340 4881 ;
3376 4819 3614 4873 divinam
3664 4824 3832 4892 ipsam
3865 4840 3953 4877 na-

744 4935 918 4977 turam
954 4939 1044 4977 seu
1080 4923 1411 4978 divinitatem
1446 4925 1682 4992 passioni
1717 4939 1837 4979 esse
1870 4924 2200 4987 obnoxiam;
2231 4938 2447 4977 carnem
2483 4923 2680 4978 Christi
2716 4927 2893 4980 anima
2923 4943 3044 4982 esse
3076 4930 3311 4986 humana
3357 4949 3607 5003 vacuam,
3645 4940 3772 5008 quia
3823 4939 3952 4994 Deus

742 5046 793 5089 et
823 5055 948 5093 caro
979 5054 1138 5092 unam
1172 5039 1516 5109 perllciebaut
1547 5047 1817 5094 naturam.

813 5171 923 5225 llos
949 5174 1109 5225 etiam
1143 5170 1665 5240 Apollinaristarum,
1695 5188 1787 5226 seu
1831 5173 2226 5226 συνουσιαστῶν
2264 5189 2478 5229 errores
2509 5185 2937 5229 commemorant
2970 5176 3317 5242 Athanasius,
3352 5179 3649 5251 Gregorius
3683 5183 3956 5240 Nazianze-

743 5302 863 5348 nus,
901 5298 952 5339 ct
983 5286 1334 5356 Epiphanius.
1364 5289 1458 5358 qui
1488 5298 1793 5358 postremus
1826 5305 2034 5343 necnon
2064 5301 2116 5344 et
2146 5289 2381 5347 Joannes
2414 5293 2783 5348 Damascenus
2816 5295 2880 5348 de
2904 5294 3242 5359 llaaresibus,
3285 5313 3336 5365 p.
3377 5298 3466 5361 9t,
3506 5301 3840 5372 διμοιρίτας,
3868 5303 3956 5356 Di-

742 5404 988 5465 maeritas,
1015 5403 1136 5457 illos
1171 5411 1383 5459 vocant.
1412 5403 1584 5472 Hujus
1628 5418 1754 5457 vero
1803 5405 2172 5472 appellationis
2213 5421 2430 5461 causam
2479 5409 2651 5477 aperit
2687 5408 2978 5479 Gregorius
3028 5409 3405 5467 Nazianzenus
3439 5413 3589 5468 Orat.
3639 5416 3730 5480 46,
3761 5433 3815 5486 p.
3845 5417 3954 5481 τῦ,

744 5531 864 5570 cum
900 5520 972 5570 ait
1009 5533 1204 5588 corpus
1238 5530 1290 5574 et
1317 5522 1550 5574 animam
1580 5536 1700 5576 esse
1737 5523 1788 5573 in
1823 5521 2041 5574 Christo
2074 5522 2134 5573 τὸ
2170 5525 2536 5594 τριτημόριον,
2575 5528 2783 5578 tertiam
2813 5538 3034 5592 partem.
3066 5527 3464 5597 Apollinarista:
3490 5530 3692 5600 quippe
3730 5535 3954 5592 aiebant.

746 5637 798 5688 in
829 5638 1042 5694 Christo
1074 5649 1274 5709 partem
1304 5656 1465 5696 unam
1497 5642 1750 5708 hominis,
1778 5641 1899 5695 νοῦν
1935 5642 2160 5705 scilicet,
2185 5658 2276 5697 seu
2312 5654 2554 5709 mentem,
2583 5660 2611 5698 a
2638 5643 2812 5698 Verbo
2845 5646 3105 5714 suppleri,
3142 5645 3428 5717 solumque
3451 5646 3690 5702 Verbum
3721 5649 3952 5718 junctum

753 5757 962 5820 corpori
999 5762 1049 5809 et
1076 5753 1268 5810 animat
1296 5754 1509 5825 (nempe
1541 5753 1830 5821 sensitivae,
1858 5764 1918 5810 ut
1954 5753 2273 5816 dictitabant
2303 5757 2401 5828 illi)
2431 5765 2606 5814 totum
2641 5758 2977 5814 constituere
3010 5759 3306 5815 Christum.
3343 5761 3716 5828 Quamobrem
3746 5780 3865 5822 cum
3893 5775 3952 5820 ex

3516 6484 3553 6487 ﬁ
3630 6484 3669 6489 ἡ
3745 6484 3763 6487 -
3836 6484 3855 6487 ἡ
3932 6484 3977 6492 ἡ
