  <div class='ocr_page' id='page_1' title='image "/cluster/home/n/w/nwhite01/storage/ocr_20150623/52/uva.x030486926/370.png"; bbox 0 0 4152 6502; ppageno 0'>
   <div class='ocr_carea' id='block_1_1' title="bbox 217 421 3511 505">
    <p class='ocr_par' dir='ltr' id='par_1_1' title="bbox 217 421 3511 505">
     <span class='ocr_line' id='line_1_1' title="bbox 217 421 3511 505; baseline -0.007 -2"><span class='ocrx_word' id='word_1_1' title='bbox 217 449 325 505; x_wconf 74' lang='grc'><strong>751</strong></span> <span class='ocrx_word' id='word_1_2' title='bbox 1177 441 1510 499; x_wconf 75' lang='lat' dir='ltr'><strong>EPISTULA</strong></span> <span class='ocrx_word' id='word_1_3' title='bbox 1547 439 1643 494; x_wconf 88' lang='lat' dir='ltr'><strong>AD</strong></span> <span class='ocrx_word' id='word_1_4' title='bbox 1679 433 2082 494; x_wconf 64' lang='lat' dir='ltr'><strong>CESABIUM.</strong></span> <span class='ocrx_word' id='word_1_5' title='bbox 2122 464 2192 475; x_wconf 96' lang='lat'><strong>—</strong></span> <span class='ocrx_word' id='word_1_6' title='bbox 2239 428 2584 488; x_wconf 66' lang='lat' dir='ltr'><strong>MONITUM.</strong></span> <span class='ocrx_word' id='word_1_7' title='bbox 3398 421 3511 480; x_wconf 60' lang='lat'><strong>753</strong></span> 
     </span>
    </p>
   </div>
   <div class='ocr_carea' id='block_1_2' title="bbox 220 562 3507 641">
    <p class='ocr_par' dir='ltr' id='par_1_2' title="bbox 220 562 3507 641">
     <span class='ocr_line' id='line_1_2' title="bbox 220 562 3507 641; baseline -0.006 -3"><span class='ocrx_word' id='word_1_8' title='bbox 220 583 635 641; x_wconf 85' lang='lat' dir='ltr'><strong>Catholicorum</strong></span> <span class='ocrx_word' id='word_1_9' title='bbox 664 582 934 639; x_wconf 74' lang='lat' dir='ltr'><strong>sententia</strong></span> <span class='ocrx_word' id='word_1_10' title='bbox 962 582 1135 638; x_wconf 75' lang='lat' dir='ltr'><strong>tribus</strong></span> <span class='ocrx_word' id='word_1_11' title='bbox 1163 588 1444 637; x_wconf 72' lang='lat' dir='ltr'><strong>constaret</strong></span> <span class='ocrx_word' id='word_1_12' title='bbox 1473 576 1750 638; x_wconf 85' lang='lat' dir='ltr'><strong>Christus,</strong></span> <span class='ocrx_word' id='word_1_13' title='bbox 1787 573 1963 630; x_wconf 83' lang='lat' dir='ltr'><strong>Verbo</strong></span> <span class='ocrx_word' id='word_1_14' title='bbox 2005 573 2234 638; x_wconf 88' lang='lat' dir='ltr'><strong>scilicet,</strong></span> <span class='ocrx_word' id='word_1_15' title='bbox 2255 578 2437 628; x_wconf 85' lang='lat' dir='ltr'><strong>mente</strong></span> <span class='ocrx_word' id='word_1_16' title='bbox 2466 568 2730 636; x_wconf 84' lang='lat' dir='ltr'><strong>humana,</strong></span> <span class='ocrx_word' id='word_1_17' title='bbox 2759 574 2816 623; x_wconf 86' lang='lat' dir='ltr'><strong>et</strong></span> <span class='ocrx_word' id='word_1_18' title='bbox 2849 578 3081 638; x_wconf 85' lang='lat' dir='ltr'><strong>corpore</strong></span> <span class='ocrx_word' id='word_1_19' title='bbox 3113 562 3379 630; x_wconf 88' lang='lat' dir='ltr'><strong>animato,</strong></span> <span class='ocrx_word' id='word_1_20' title='bbox 3407 566 3507 633; x_wconf 97' lang='lat' dir='ltr'><strong>qut</strong></span> 
     </span>
    </p>
   </div>
   <div class='ocr_carea' id='block_1_3' title="bbox 225 678 3502 761">
    <p class='ocr_par' dir='ltr' id='par_1_3' title="bbox 225 678 3502 761">
     <span class='ocr_line' id='line_1_3' title="bbox 225 678 3502 761; baseline -0.004 -11"><span class='ocrx_word' id='word_1_21' title='bbox 225 712 397 751; x_wconf 87' lang='lat' dir='ltr'><strong>unam</strong></span> <span class='ocrx_word' id='word_1_22' title='bbox 438 713 506 753; x_wconf 81' lang='lat' dir='ltr'><strong>ex</strong></span> <span class='ocrx_word' id='word_1_23' title='bbox 539 696 650 751; x_wconf 82' lang='lat' dir='ltr'><strong>illis</strong></span> <span class='ocrx_word' id='word_1_24' title='bbox 678 695 964 749; x_wconf 89' lang='lat' dir='ltr'><strong>demerent</strong></span> <span class='ocrx_word' id='word_1_25' title='bbox 1008 703 1239 761; x_wconf 85' lang='lat' dir='ltr'><strong>partem,</strong></span> <span class='ocrx_word' id='word_1_26' title='bbox 1279 697 1514 745; x_wconf 83' lang='lat' dir='ltr'><strong>mentem</strong></span> <span class='ocrx_word' id='word_1_27' title='bbox 1548 688 1826 744; x_wconf 81' lang='lat' dir='ltr'><strong>scilicet.a</strong></span> <span class='ocrx_word' id='word_1_28' title='bbox 1867 686 2082 741; x_wconf 85' lang='lat' dir='ltr'><strong>duabus</strong></span> <span class='ocrx_word' id='word_1_29' title='bbox 2115 684 2236 740; x_wconf 87' lang='lat' dir='ltr'><strong>aliis</strong></span> <span class='ocrx_word' id='word_1_30' title='bbox 2293 698 2419 754; x_wconf 65' lang='lat' dir='ltr'><strong>qua</strong></span> <span class='ocrx_word' id='word_1_31' title='bbox 2457 689 2800 754; x_wconf 82' lang='lat' dir='ltr'><strong>supererant,</strong></span> <span class='ocrx_word' id='word_1_32' title='bbox 2835 680 3135 752; x_wconf 67' lang='lat' dir='ltr'><strong>bipotpirat</strong></span> <span class='ocrx_word' id='word_1_33' title='bbox 3165 678 3502 736; x_wconf 74' lang='lat' dir='ltr'><strong>audiebant:</strong></span> 
     </span>
    </p>
   </div>
   <div class='ocr_carea' id='block_1_4' title="bbox 224 794 3507 883">
    <p class='ocr_par' dir='ltr' id='par_1_4' title="bbox 224 794 3507 883">
     <span class='ocr_line' id='line_1_4' title="bbox 224 794 3507 883; baseline -0.004 -19"><span class='ocrx_word' id='word_1_34' title='bbox 224 825 242 864; x_wconf 85' lang='lat' dir='ltr'><strong>s</strong></span> <span class='ocrx_word' id='word_1_35' title='bbox 269 825 358 865; x_wconf 82' lang='lat' dir='ltr'><strong>am</strong></span> <span class='ocrx_word' id='word_1_36' title='bbox 382 811 626 883; x_wconf 78' lang='grc' dir='ltr'><strong>δίμοιρον</strong></span> <span class='ocrx_word' id='word_1_37' title='bbox 646 809 850 866; x_wconf 68' lang='grc' dir='ltr'><strong>ῦτωεῑε</strong></span> <span class='ocrx_word' id='word_1_38' title='bbox 879 817 964 866; x_wconf 83' lang='lat' dir='ltr'><strong>est</strong></span> <span class='ocrx_word' id='word_1_39' title='bbox 987 808 1107 863; x_wconf 67' lang='lat' dir='ltr'><strong>date</strong></span> <span class='ocrx_word' id='word_1_40' title='bbox 1136 803 1302 858; x_wconf 87' lang='lat' dir='ltr'><strong>totius</strong></span> <span class='ocrx_word' id='word_1_41' title='bbox 1341 815 1539 876; x_wconf 88' lang='lat' dir='ltr'><strong>partes,</strong></span> <span class='ocrx_word' id='word_1_42' title='bbox 1571 804 1730 875; x_wconf 85' lang='lat' dir='ltr'><strong>cujus</strong></span> <span class='ocrx_word' id='word_1_43' title='bbox 1760 803 2176 872; x_wconf 74' lang='lat' dir='ltr'><strong>signiﬁcationis</strong></span> <span class='ocrx_word' id='word_1_44' title='bbox 2204 801 2455 873; x_wconf 85' lang='lat' dir='ltr'><strong>exempla</strong></span> <span class='ocrx_word' id='word_1_45' title='bbox 2486 800 2689 872; x_wconf 59' lang='lat' dir='ltr'><strong>sapius</strong></span> <span class='ocrx_word' id='word_1_46' title='bbox 2722 797 3006 854; x_wconf 84' lang='lat' dir='ltr'><strong>advertere</strong></span> <span class='ocrx_word' id='word_1_47' title='bbox 3033 805 3118 852; x_wconf 86' lang='lat' dir='ltr'><strong>est</strong></span> <span class='ocrx_word' id='word_1_48' title='bbox 3144 799 3198 852; x_wconf 89' lang='lat' dir='ltr'><strong>in</strong></span> <span class='ocrx_word' id='word_1_49' title='bbox 3231 794 3507 854; x_wconf 85' lang='lat' dir='ltr'><strong>Analectis</strong></span> 
     </span>
    </p>
   </div>
   <div class='ocr_carea' id='block_1_5' title="bbox 227 933 918 1004">
    <p class='ocr_par' dir='ltr' id='par_1_5' title="bbox 227 933 918 1004">
     <span class='ocr_line' id='line_1_5' title="bbox 227 933 918 1004; baseline -0.003 -15"><span class='ocrx_word' id='word_1_50' title='bbox 227 935 437 991; x_wconf 86' lang='lat' dir='ltr'><strong>nostris</strong></span> <span class='ocrx_word' id='word_1_51' title='bbox 472 953 522 1004; x_wconf 84' lang='lat' dir='ltr'><strong>p.</strong></span> <span class='ocrx_word' id='word_1_52' title='bbox 555 933 660 989; x_wconf 74' lang='lat'><strong>519</strong></span> <span class='ocrx_word' id='word_1_53' title='bbox 685 941 739 989; x_wconf 86' lang='lat' dir='ltr'><strong>et</strong></span> <span class='ocrx_word' id='word_1_54' title='bbox 761 949 918 1004; x_wconf 84' lang='lat' dir='ltr'><strong>seqq.</strong></span> 
     </span>
    </p>
   </div>
   <div class='ocr_carea' id='block_1_6' title="bbox 298 1057 3508 1140">
    <p class='ocr_par' dir='ltr' id='par_1_6' title="bbox 298 1057 3508 1140">
     <span class='ocr_line' id='line_1_6' title="bbox 298 1057 3508 1140; baseline -0.004 -14"><span class='ocrx_word' id='word_1_55' title='bbox 298 1071 438 1126; x_wconf 89' lang='lat' dir='ltr'><strong>Cum</strong></span> <span class='ocrx_word' id='word_1_56' title='bbox 474 1071 576 1126; x_wconf 86' lang='lat' dir='ltr'><strong>hac</strong></span> <span class='ocrx_word' id='word_1_57' title='bbox 611 1069 781 1140; x_wconf 82' lang='lat' dir='ltr'><strong>igitur</strong></span> <span class='ocrx_word' id='word_1_58' title='bbox 829 1067 1057 1138; x_wconf 89' lang='lat' dir='ltr'><strong>epistola</strong></span> <span class='ocrx_word' id='word_1_59' title='bbox 1103 1073 1410 1121; x_wconf 85' lang='lat' dir='ltr'><strong>consonant</strong></span> <span class='ocrx_word' id='word_1_60' title='bbox 1460 1077 1546 1127; x_wconf 88' lang='lat' dir='ltr'><strong>ea,</strong></span> <span class='ocrx_word' id='word_1_61' title='bbox 1574 1077 1697 1130; x_wconf 72' lang='lat' dir='ltr'><strong>qua:</strong></span> <span class='ocrx_word' id='word_1_62' title='bbox 1751 1060 2088 1117; x_wconf 79' lang='lat' dir='ltr'><strong>Athanasius</strong></span> <span class='ocrx_word' id='word_1_63' title='bbox 2131 1060 2186 1115; x_wconf 89' lang='lat' dir='ltr'><strong>in</strong></span> <span class='ocrx_word' id='word_1_64' title='bbox 2237 1059 2467 1130; x_wconf 85' lang='lat' dir='ltr'><strong>epistola</strong></span> <span class='ocrx_word' id='word_1_65' title='bbox 2513 1058 2582 1114; x_wconf 88' lang='lat' dir='ltr'><strong>ad</strong></span> <span class='ocrx_word' id='word_1_66' title='bbox 2633 1057 2944 1129; x_wconf 81' lang='lat' dir='ltr'><strong>Epictetum</strong></span> <span class='ocrx_word' id='word_1_67' title='bbox 2975 1057 3043 1112; x_wconf 92' lang='lat' dir='ltr'><strong>de</strong></span> <span class='ocrx_word' id='word_1_68' title='bbox 3073 1057 3508 1128; x_wconf 62' lang='lat' dir='ltr'><strong>Almllinaristis,</strong></span> 
     </span>
    </p>
   </div>
   <div class='ocr_carea' id='block_1_7' title="bbox 228 1174 3512 1250">
    <p class='ocr_par' dir='ltr' id='par_1_7' title="bbox 228 1174 3512 1250">
     <span class='ocr_line' id='line_1_7' title="bbox 228 1174 3512 1250; baseline -0.002 -12"><span class='ocrx_word' id='word_1_69' title='bbox 228 1183 400 1240; x_wconf 88' lang='lat' dir='ltr'><strong>tacito</strong></span> <span class='ocrx_word' id='word_1_70' title='bbox 431 1194 608 1238; x_wconf 91' lang='lat' dir='ltr'><strong>tamen</strong></span> <span class='ocrx_word' id='word_1_71' title='bbox 640 1182 885 1241; x_wconf 87' lang='lat' dir='ltr'><strong>nomine.</strong></span> <span class='ocrx_word' id='word_1_72' title='bbox 912 1182 1065 1247; x_wconf 85' lang='lat' dir='ltr'><strong>dicit,</strong></span> <span class='ocrx_word' id='word_1_73' title='bbox 1100 1194 1264 1250; x_wconf 88' lang='lat' dir='ltr'><strong>quam</strong></span> <span class='ocrx_word' id='word_1_74' title='bbox 1296 1177 1586 1248; x_wconf 82' lang='lat' dir='ltr'><strong>epistolam</strong></span> <span class='ocrx_word' id='word_1_75' title='bbox 1613 1175 1952 1246; x_wconf 83' lang='lat' dir='ltr'><strong>Epiphanius</strong></span> <span class='ocrx_word' id='word_1_76' title='bbox 1979 1177 2184 1231; x_wconf 68' lang='lat' dir='ltr'><strong>Hmresi</strong></span> <span class='ocrx_word' id='word_1_77' title='bbox 2221 1176 2308 1237; x_wconf 83' lang='lat'><strong>77,</strong></span> <span class='ocrx_word' id='word_1_78' title='bbox 2339 1175 2432 1230; x_wconf 90' lang='lat' dir='ltr'><strong>ubi</strong></span> <span class='ocrx_word' id='word_1_79' title='bbox 2482 1183 2674 1230; x_wconf 90' lang='lat' dir='ltr'><strong>contra</strong></span> <span class='ocrx_word' id='word_1_80' title='bbox 2717 1174 3034 1230; x_wconf 74' lang='lat' dir='ltr'><strong>Dimoeritas</strong></span> <span class='ocrx_word' id='word_1_81' title='bbox 3085 1190 3182 1230; x_wconf 89' lang='lat' dir='ltr'><strong>seu</strong></span> <span class='ocrx_word' id='word_1_82' title='bbox 3229 1175 3512 1246; x_wconf 81' lang='lat' dir='ltr'><strong>Apollina-</strong></span> 
     </span>
    </p>
   </div>
   <div class='ocr_carea' id='block_1_8' title="bbox 228 1282 3514 1368">
    <p class='ocr_par' dir='ltr' id='par_1_8' title="bbox 228 1282 3514 1368">
     <span class='ocr_line' id='line_1_8' title="bbox 228 1282 3514 1368; baseline -0.005 -14"><span class='ocrx_word' id='word_1_83' title='bbox 228 1300 400 1355; x_wconf 82' lang='lat' dir='ltr'><strong>ristas</strong></span> <span class='ocrx_word' id='word_1_84' title='bbox 435 1298 566 1368; x_wconf 83' lang='lat' dir='ltr'><strong>agit,</strong></span> <span class='ocrx_word' id='word_1_85' title='bbox 600 1305 768 1351; x_wconf 89' lang='lat' dir='ltr'><strong>totam</strong></span> <span class='ocrx_word' id='word_1_86' title='bbox 805 1295 1013 1350; x_wconf 89' lang='lat' dir='ltr'><strong>retulit.</strong></span> <span class='ocrx_word' id='word_1_87' title='bbox 1043 1291 1174 1358; x_wconf 85' lang='lat' dir='ltr'><strong>Quis</strong></span> <span class='ocrx_word' id='word_1_88' title='bbox 1206 1290 1444 1360; x_wconf 78' lang='lat' dir='ltr'><strong>infernus</strong></span> <span class='ocrx_word' id='word_1_89' title='bbox 1474 1287 1754 1353; x_wconf 84' lang='lat' dir='ltr'><strong>eructavit,</strong></span> <span class='ocrx_word' id='word_1_90' title='bbox 1785 1285 1965 1356; x_wconf 89' lang='lat' dir='ltr'><strong>inquit</strong></span> <span class='ocrx_word' id='word_1_91' title='bbox 1992 1285 2349 1350; x_wconf 76' lang='lat' dir='ltr'><strong>Athanasius,</strong></span> <span class='ocrx_word' id='word_1_92' title='bbox 2385 1300 2575 1355; x_wconf 85' lang='lat' dir='ltr'><strong>corpus</strong></span> <span class='ocrx_word' id='word_1_93' title='bbox 2604 1299 2670 1338; x_wconf 82' lang='lat' dir='ltr'><strong>ea:</strong></span> <span class='ocrx_word' id='word_1_94' title='bbox 2700 1282 2879 1339; x_wconf 81' lang='lat' dir='ltr'><strong>Maria</strong></span> <span class='ocrx_word' id='word_1_95' title='bbox 2908 1286 3147 1354; x_wconf 83' lang='lat' dir='ltr'><strong>genitum</strong></span> <span class='ocrx_word' id='word_1_96' title='bbox 3195 1301 3310 1341; x_wconf 81' lang='lat' dir='ltr'><strong>esse</strong></span> <span class='ocrx_word' id='word_1_97' title='bbox 3355 1284 3514 1340; x_wconf 81' lang='lat' dir='ltr'><strong>Verbi</strong></span> 
     </span>
    </p>
   </div>
   <div class='ocr_carea' id='block_1_9' title="bbox 225 1400 3509 1480">
    <p class='ocr_par' dir='ltr' id='par_1_9' title="bbox 225 1400 3509 1480">
     <span class='ocr_line' id='line_1_9' title="bbox 225 1400 3509 1480; baseline -0.003 -10"><span class='ocrx_word' id='word_1_98' title='bbox 225 1415 502 1470; x_wconf 75' lang='lat' dir='ltr'><strong>divinitati</strong></span> <span class='ocrx_word' id='word_1_99' title='bbox 548 1410 1018 1476; x_wconf 84' lang='lat' dir='ltr'><strong>consubstantiale,</strong></span> <span class='ocrx_word' id='word_1_100' title='bbox 1071 1407 1394 1480; x_wconf 71' lang='lat' dir='ltr'><strong>bpoodatov‘t</strong></span> <span class='ocrx_word' id='word_1_101' title='bbox 1456 1403 1593 1459; x_wconf 86' lang='lat' dir='ltr'><strong>llinc</strong></span> <span class='ocrx_word' id='word_1_102' title='bbox 1634 1413 1815 1458; x_wconf 90' lang='lat' dir='ltr'><strong>autem</strong></span> <span class='ocrx_word' id='word_1_103' title='bbox 1869 1402 2273 1472; x_wconf 72' lang='lat' dir='ltr'><strong>Apollinarista&#39;:</strong></span> <span class='ocrx_word' id='word_1_104' title='bbox 2331 1402 2738 1468; x_wconf 77' lang='grc' dir='ltr'><strong>συνουσιασται,</strong></span> <span class='ocrx_word' id='word_1_105' title='bbox 2792 1400 3152 1473; x_wconf 76' lang='lat' dir='ltr'><strong>Synnsiastte,</strong></span> <span class='ocrx_word' id='word_1_106' title='bbox 3186 1402 3509 1468; x_wconf 78' lang='lat' dir='ltr'><strong>audiebant,</strong></span> 
     </span>
    </p>
   </div>
   <div class='ocr_carea' id='block_1_10' title="bbox 228 1522 3499 1604">
    <p class='ocr_par' dir='ltr' id='par_1_10' title="bbox 228 1522 3499 1604">
     <span class='ocr_line' id='line_1_10' title="bbox 228 1522 3499 1604; baseline -0.002 -20"><span class='ocrx_word' id='word_1_107' title='bbox 228 1536 379 1604; x_wconf 82' lang='lat' dir='ltr'><strong>quod</strong></span> <span class='ocrx_word' id='word_1_108' title='bbox 408 1534 766 1589; x_wconf 79' lang='lat' dir='ltr'><strong>substantiam</strong></span> <span class='ocrx_word' id='word_1_109' title='bbox 809 1530 969 1588; x_wconf 76' lang='lat' dir='ltr'><strong>Verbi</strong></span> <span class='ocrx_word' id='word_1_110' title='bbox 1000 1547 1123 1586; x_wconf 92' lang='lat' dir='ltr'><strong>cum</strong></span> <span class='ocrx_word' id='word_1_111' title='bbox 1157 1545 1323 1585; x_wconf 85' lang='lat' dir='ltr'><strong>carne</strong></span> <span class='ocrx_word' id='word_1_112' title='bbox 1346 1528 1711 1582; x_wconf 63' lang='lat' dir='ltr'><strong>misceri-utet</strong></span> <span class='ocrx_word' id='word_1_113' title='bbox 1737 1533 2034 1595; x_wconf 91' lang='lat' dir='ltr'><strong>utrumque</strong></span> <span class='ocrx_word' id='word_1_114' title='bbox 2069 1538 2239 1578; x_wconf 87' lang='lat' dir='ltr'><strong>unum</strong></span> <span class='ocrx_word' id='word_1_115' title='bbox 2284 1523 2543 1579; x_wconf 80' lang='lat' dir='ltr'><strong>facerent.</strong></span> <span class='ocrx_word' id='word_1_116' title='bbox 2577 1525 2684 1577; x_wconf 79' lang='lat' dir='ltr'><strong>Ant</strong></span> <span class='ocrx_word' id='word_1_117' title='bbox 2733 1522 2980 1587; x_wconf 84' lang='lat' dir='ltr'><strong>Verbum,</strong></span> <span class='ocrx_word' id='word_1_118' title='bbox 3020 1524 3198 1595; x_wconf 83' lang='lat' dir='ltr'><strong>pergit</strong></span> <span class='ocrx_word' id='word_1_119' title='bbox 3248 1524 3499 1578; x_wconf 87' lang='lat' dir='ltr'><strong>Athana-</strong></span> 
     </span>
    </p>
   </div>
   <div class='ocr_carea' id='block_1_11' title="bbox 230 1639 3513 1719">
    <p class='ocr_par' dir='ltr' id='par_1_11' title="bbox 230 1639 3513 1719">
     <span class='ocr_line' id='line_1_11' title="bbox 230 1639 3513 1719; baseline -0.004 -11"><span class='ocrx_word' id='word_1_120' title='bbox 230 1653 372 1718; x_wconf 80' lang='lat' dir='ltr'><strong>sius,</strong></span> <span class='ocrx_word' id='word_1_121' title='bbox 408 1654 462 1706; x_wconf 89' lang='lat' dir='ltr'><strong>in</strong></span> <span class='ocrx_word' id='word_1_122' title='bbox 491 1669 724 1717; x_wconf 87' lang='lat' dir='ltr'><strong>carnem,</strong></span> <span class='ocrx_word' id='word_1_123' title='bbox 756 1667 877 1706; x_wconf 87' lang='lat' dir='ltr'><strong>ossa</strong></span> <span class='ocrx_word' id='word_1_124' title='bbox 906 1659 954 1704; x_wconf 88' lang='lat' dir='ltr'><strong>et</strong></span> <span class='ocrx_word' id='word_1_125' title='bbox 986 1649 1230 1719; x_wconf 76' lang='lat' dir='ltr'><strong>capillos,</strong></span> <span class='ocrx_word' id='word_1_126' title='bbox 1261 1656 1311 1702; x_wconf 89' lang='lat' dir='ltr'><strong>et</strong></span> <span class='ocrx_word' id='word_1_127' title='bbox 1355 1647 1409 1700; x_wconf 87' lang='lat' dir='ltr'><strong>in</strong></span> <span class='ocrx_word' id='word_1_128' title='bbox 1448 1654 1617 1700; x_wconf 74' lang='lat' dir='ltr'><strong>totum</strong></span> <span class='ocrx_word' id='word_1_129' title='bbox 1663 1659 1853 1713; x_wconf 88' lang='lat' dir='ltr'><strong>corpus</strong></span> <span class='ocrx_word' id='word_1_130' title='bbox 1895 1652 2160 1697; x_wconf 80' lang='lat' dir='ltr'><strong>mutatum</strong></span> <span class='ocrx_word' id='word_1_131' title='bbox 2200 1642 2396 1712; x_wconf 80' lang='lat' dir='ltr'><strong>fuisse,</strong></span> <span class='ocrx_word' id='word_1_132' title='bbox 2437 1650 2486 1696; x_wconf 86' lang='lat' dir='ltr'><strong>et</strong></span> <span class='ocrx_word' id='word_1_133' title='bbox 2532 1659 2564 1694; x_wconf 91' lang='lat' dir='ltr'><strong>a</strong></span> <span class='ocrx_word' id='word_1_134' title='bbox 2609 1650 2804 1695; x_wconf 77' lang='lat' dir='ltr'><strong>natura</strong></span> <span class='ocrx_word' id='word_1_135' title='bbox 2855 1639 3005 1713; x_wconf 73' lang='lat'><strong>[739]</strong></span> <span class='ocrx_word' id='word_1_136' title='bbox 3043 1640 3322 1696; x_wconf 80' lang='lat' dir='ltr'><strong>descivisse</strong></span> <span class='ocrx_word' id='word_1_137' title='bbox 3370 1639 3513 1694; x_wconf 71' lang='lat' dir='ltr'><strong>sua?</strong></span> 
     </span>
    </p>
   </div>
   <div class='ocr_carea' id='block_1_12' title="bbox 230 1755 3518 1828">
    <p class='ocr_par' dir='ltr' id='par_1_12' title="bbox 230 1755 3518 1828">
     <span class='ocr_line' id='line_1_12' title="bbox 230 1755 3518 1828; baseline -0.002 -10"><span class='ocrx_word' id='word_1_138' title='bbox 230 1762 333 1818; x_wconf 85' lang='lat' dir='ltr'><strong>Hic</strong></span> <span class='ocrx_word' id='word_1_139' title='bbox 369 1762 534 1817; x_wconf 86' lang='lat' dir='ltr'><strong>habes</strong></span> <span class='ocrx_word' id='word_1_140' title='bbox 567 1761 713 1816; x_wconf 89' lang='lat' dir='ltr'><strong>illam</strong></span> <span class='ocrx_word' id='word_1_141' title='bbox 745 1759 1037 1814; x_wconf 79' lang='grc' dir='ltr'>θεσπεσίαν</span> <span class='ocrx_word' id='word_1_142' title='bbox 1066 1758 1239 1828; x_wconf 73' lang='grc' dir='ltr'><strong>μίξιν,</strong></span> <span class='ocrx_word' id='word_1_143' title='bbox 1277 1771 1374 1812; x_wconf 87' lang='lat' dir='ltr'><strong>seu</strong></span> <span class='ocrx_word' id='word_1_144' title='bbox 1407 1757 1716 1811; x_wconf 68' lang='lat' dir='ltr'><strong>mixtionem</strong></span> <span class='ocrx_word' id='word_1_145' title='bbox 1740 1758 1975 1812; x_wconf 82' lang='lat' dir='ltr'><strong>divinam</strong></span> <span class='ocrx_word' id='word_1_146' title='bbox 2006 1756 2350 1828; x_wconf 86' lang='lat' dir='ltr'><strong>Apollinarii,</strong></span> <span class='ocrx_word' id='word_1_147' title='bbox 2374 1771 2470 1826; x_wconf 83' lang='lat' dir='ltr'><strong>per</strong></span> <span class='ocrx_word' id='word_1_148' title='bbox 2495 1771 2658 1827; x_wconf 88' lang='lat' dir='ltr'><strong>quam</strong></span> <span class='ocrx_word' id='word_1_149' title='bbox 2698 1755 2840 1812; x_wconf 89' lang='lat' dir='ltr'><strong>Deus</strong></span> <span class='ocrx_word' id='word_1_150' title='bbox 2871 1766 2926 1811; x_wconf 91' lang='lat' dir='ltr'><strong>et</strong></span> <span class='ocrx_word' id='word_1_151' title='bbox 2947 1771 3078 1811; x_wconf 90' lang='lat' dir='ltr'><strong>caro</strong></span> <span class='ocrx_word' id='word_1_152' title='bbox 3112 1771 3278 1811; x_wconf 88' lang='lat' dir='ltr'><strong>unam</strong></span> <span class='ocrx_word' id='word_1_153' title='bbox 3313 1756 3518 1812; x_wconf 81' lang='lat' dir='ltr'><strong>ellicie-</strong></span> 
     </span>
    </p>
   </div>
   <div class='ocr_carea' id='block_1_13' title="bbox 230 1869 3523 1942">
    <p class='ocr_par' dir='ltr' id='par_1_13' title="bbox 230 1869 3523 1942">
     <span class='ocr_line' id='line_1_13' title="bbox 230 1869 3523 1942; baseline -0.002 -12"><span class='ocrx_word' id='word_1_154' title='bbox 230 1877 365 1930; x_wconf 82' lang='lat' dir='ltr'><strong>bant</strong></span> <span class='ocrx_word' id='word_1_155' title='bbox 390 1883 664 1930; x_wconf 87' lang='lat' dir='ltr'><strong>naturam.</strong></span> <span class='ocrx_word' id='word_1_156' title='bbox 701 1873 832 1939; x_wconf 84' lang='lat' dir='ltr'><strong>Quis</strong></span> <span class='ocrx_word' id='word_1_157' title='bbox 867 1883 1069 1936; x_wconf 88' lang='lat' dir='ltr'><strong>autem,</strong></span> <span class='ocrx_word' id='word_1_158' title='bbox 1103 1872 1180 1927; x_wconf 87' lang='lat' dir='ltr'><strong>ait</strong></span> <span class='ocrx_word' id='word_1_159' title='bbox 1207 1871 1562 1935; x_wconf 86' lang='lat' dir='ltr'><strong>Athanasius,</strong></span> <span class='ocrx_word' id='word_1_160' title='bbox 1589 1872 1646 1924; x_wconf 87' lang='lat' dir='ltr'><strong>in</strong></span> <span class='ocrx_word' id='word_1_161' title='bbox 1676 1869 1917 1926; x_wconf 79' lang='lat' dir='ltr'><strong>Ecclesia</strong></span> <span class='ocrx_word' id='word_1_162' title='bbox 1943 1881 2041 1925; x_wconf 89' lang='lat' dir='ltr'><strong>aut</strong></span> <span class='ocrx_word' id='word_1_163' title='bbox 2067 1888 2102 1924; x_wconf 81' lang='grc' dir='ltr'><em>α</em></span> <span class='ocrx_word' id='word_1_164' title='bbox 2134 1869 2461 1926; x_wconf 81' lang='lat' dir='ltr'><strong>Christianis</strong></span> <span class='ocrx_word' id='word_1_165' title='bbox 2520 1886 2753 1940; x_wconf 79' lang='lat' dir='ltr'><strong>unquam</strong></span> <span class='ocrx_word' id='word_1_166' title='bbox 2789 1869 3014 1933; x_wconf 81' lang='lat' dir='ltr'><strong>audivit,</strong></span> <span class='ocrx_word' id='word_1_167' title='bbox 3052 1869 3337 1925; x_wconf 84' lang='lat' dir='ltr'><strong>Dominum</strong></span> <span class='ocrx_word' id='word_1_168' title='bbox 3370 1871 3523 1942; x_wconf 84' lang='lat' dir='ltr'><strong>posi-</strong></span> 
     </span>
    </p>
   </div>
   <div class='ocr_carea' id='block_1_14' title="bbox 231 1983 3508 2056">
    <p class='ocr_par' dir='ltr' id='par_1_14' title="bbox 231 1983 3508 2056">
     <span class='ocr_line' id='line_1_14' title="bbox 231 1983 3508 2056; baseline -0.001 -11"><span class='ocrx_word' id='word_1_169' title='bbox 231 1993 396 2054; x_wconf 80' lang='lat' dir='ltr'><strong>tione,</strong></span> <span class='ocrx_word' id='word_1_170' title='bbox 429 2006 528 2043; x_wconf 90' lang='lat' dir='ltr'><strong>non</strong></span> <span class='ocrx_word' id='word_1_171' title='bbox 564 1997 777 2054; x_wconf 88' lang='lat' dir='ltr'><strong>natura,</strong></span> <span class='ocrx_word' id='word_1_172' title='bbox 819 1987 964 2041; x_wconf 79' lang='grc' dir='ltr'>θέσει</span> <span class='ocrx_word' id='word_1_173' title='bbox 994 1986 1090 2040; x_wconf 77' lang='grc' dir='ltr'><strong>καὶ</strong></span> <span class='ocrx_word' id='word_1_174' title='bbox 1115 1987 1176 2040; x_wconf 87' lang='grc' dir='ltr'>οὐ</span> <span class='ocrx_word' id='word_1_175' title='bbox 1216 1984 1397 2055; x_wconf 80' lang='grc' dir='ltr'><strong>φύσει,</strong></span> <span class='ocrx_word' id='word_1_176' title='bbox 1431 1993 1663 2054; x_wconf 89' lang='lat' dir='ltr'><strong>gestasse</strong></span> <span class='ocrx_word' id='word_1_177' title='bbox 1693 1986 1920 2054; x_wconf 85' lang='lat' dir='ltr'><strong>corpus?</strong></span> <span class='ocrx_word' id='word_1_178' title='bbox 1950 1983 2076 2040; x_wconf 71' lang='lat' dir='ltr'><strong>Haec</strong></span> <span class='ocrx_word' id='word_1_179' title='bbox 2099 1984 2441 2054; x_wconf 79' lang='lat' dir='ltr'><strong>explicantur</strong></span> <span class='ocrx_word' id='word_1_180' title='bbox 2462 1999 2559 2054; x_wconf 88' lang='lat' dir='ltr'><strong>per</strong></span> <span class='ocrx_word' id='word_1_181' title='bbox 2589 1983 2719 2038; x_wconf 91' lang='lat' dir='ltr'><strong>illud</strong></span> <span class='ocrx_word' id='word_1_182' title='bbox 2744 1985 2890 2054; x_wconf 89' lang='lat' dir='ltr'><strong>quod</strong></span> <span class='ocrx_word' id='word_1_183' title='bbox 2927 1984 2982 2039; x_wconf 89' lang='lat' dir='ltr'><strong>in</strong></span> <span class='ocrx_word' id='word_1_184' title='bbox 3012 1983 3254 2056; x_wconf 87' lang='lat' dir='ltr'><strong>Epistola</strong></span> <span class='ocrx_word' id='word_1_185' title='bbox 3290 1987 3358 2040; x_wconf 85' lang='lat' dir='ltr'><strong>ad</strong></span> <span class='ocrx_word' id='word_1_186' title='bbox 3383 1985 3508 2042; x_wconf 52' lang='lat' dir='ltr'><strong>Ca:-</strong></span> 
     </span>
    </p>
   </div>
   <div class='ocr_carea' id='block_1_15' title="bbox 229 2101 3504 2179">
    <p class='ocr_par' dir='ltr' id='par_1_15' title="bbox 229 2101 3504 2179">
     <span class='ocr_line' id='line_1_15' title="bbox 229 2101 3504 2179; baseline -0.003 -15"><span class='ocrx_word' id='word_1_187' title='bbox 229 2110 442 2164; x_wconf 84' lang='lat' dir='ltr'><strong>sarium</strong></span> <span class='ocrx_word' id='word_1_188' title='bbox 483 2109 709 2179; x_wconf 79' lang='lat' dir='ltr'><strong>legitur:</strong></span> <span class='ocrx_word' id='word_1_189' title='bbox 752 2107 1001 2161; x_wconf 82' lang='lat' dir='ltr'><strong>Dicebant</strong></span> <span class='ocrx_word' id='word_1_190' title='bbox 1024 2107 1164 2160; x_wconf 88' lang='lat' dir='ltr'><strong>enim</strong></span> <span class='ocrx_word' id='word_1_191' title='bbox 1194 2105 1614 2174; x_wconf 74' lang='lat' dir='ltr'><strong>Apollinaristae,</strong></span> <span class='ocrx_word' id='word_1_192' title='bbox 1646 2105 1827 2175; x_wconf 86' lang='lat' dir='ltr'><strong>inquit</strong></span> <span class='ocrx_word' id='word_1_193' title='bbox 1858 2105 1950 2159; x_wconf 89' lang='lat' dir='ltr'><strong>hic</strong></span> <span class='ocrx_word' id='word_1_194' title='bbox 1978 2104 2236 2174; x_wconf 86' lang='lat' dir='ltr'><strong>scriptor,</strong></span> <span class='ocrx_word' id='word_1_195' title='bbox 2263 2101 2599 2157; x_wconf 87' lang='lat' dir='ltr'><strong>Dominicum</strong></span> <span class='ocrx_word' id='word_1_196' title='bbox 2643 2118 2834 2173; x_wconf 85' lang='lat' dir='ltr'><strong>corpus</strong></span> <span class='ocrx_word' id='word_1_197' title='bbox 2881 2118 2984 2156; x_wconf 89' lang='lat' dir='ltr'><strong>non</strong></span> <span class='ocrx_word' id='word_1_198' title='bbox 3018 2118 3132 2157; x_wconf 87' lang='lat' dir='ltr'><strong>esse</strong></span> <span class='ocrx_word' id='word_1_199' title='bbox 3177 2119 3354 2157; x_wconf 77' lang='lat' dir='ltr'><strong>verum</strong></span> <span class='ocrx_word' id='word_1_200' title='bbox 3397 2119 3504 2157; x_wconf 62' lang='grc' dir='ltr'><strong>εον.</strong></span> 
     </span>
    </p>
   </div>
   <div class='ocr_carea' id='block_1_16' title="bbox 228 2222 3517 2299">
    <p class='ocr_par' dir='ltr' id='par_1_16' title="bbox 228 2222 3517 2299">
     <span class='ocr_line' id='line_1_16' title="bbox 228 2222 3517 2299; baseline -0.002 -17"><span class='ocrx_word' id='word_1_201' title='bbox 228 2246 352 2299; x_wconf 78' lang='lat' dir='ltr'><strong>pus,</strong></span> <span class='ocrx_word' id='word_1_202' title='bbox 378 2231 503 2299; x_wconf 87' lang='lat' dir='ltr'><strong>quia</strong></span> <span class='ocrx_word' id='word_1_203' title='bbox 536 2244 842 2282; x_wconf 79' lang='lat' dir='ltr'><strong>conuersum</strong></span> <span class='ocrx_word' id='word_1_204' title='bbox 865 2236 980 2282; x_wconf 85' lang='lat' dir='ltr'><strong>erat</strong></span> <span class='ocrx_word' id='word_1_205' title='bbox 1002 2228 1058 2280; x_wconf 88' lang='lat' dir='ltr'><strong>in</strong></span> <span class='ocrx_word' id='word_1_206' title='bbox 1081 2227 1354 2281; x_wconf 84' lang='lat' dir='ltr'><strong>deitatem.</strong></span> <span class='ocrx_word' id='word_1_207' title='bbox 1385 2224 1568 2295; x_wconf 87' lang='lat' dir='ltr'><strong>Pergit</strong></span> <span class='ocrx_word' id='word_1_208' title='bbox 1595 2224 1930 2280; x_wconf 83' lang='lat' dir='ltr'><strong>Athanasius</strong></span> <span class='ocrx_word' id='word_1_209' title='bbox 1958 2240 1972 2277; x_wconf 91' lang='lat'><strong>:</strong></span> <span class='ocrx_word' id='word_1_210' title='bbox 2017 2225 2122 2278; x_wconf 83' lang='lat' dir='ltr'><strong>Aut</strong></span> <span class='ocrx_word' id='word_1_211' title='bbox 2165 2223 2283 2294; x_wconf 83' lang='lat' dir='ltr'><strong>quis</strong></span> <span class='ocrx_word' id='word_1_212' title='bbox 2311 2238 2372 2276; x_wconf 91' lang='lat' dir='ltr'><strong>eo</strong></span> <span class='ocrx_word' id='word_1_213' title='bbox 2409 2222 2662 2291; x_wconf 77' lang='lat' dir='ltr'><strong>processit</strong></span> <span class='ocrx_word' id='word_1_214' title='bbox 2697 2222 3010 2292; x_wconf 79' lang='lat' dir='ltr'><strong>impietatis,</strong></span> <span class='ocrx_word' id='word_1_215' title='bbox 3047 2232 3102 2275; x_wconf 88' lang='lat' dir='ltr'><strong>ut</strong></span> <span class='ocrx_word' id='word_1_216' title='bbox 3127 2222 3322 2277; x_wconf 86' lang='lat' dir='ltr'><strong>diceret</strong></span> <span class='ocrx_word' id='word_1_217' title='bbox 3347 2222 3517 2276; x_wconf 84' lang='lat' dir='ltr'><strong>senti-</strong></span> 
     </span>
    </p>
   </div>
   <div class='ocr_carea' id='block_1_17' title="bbox 233 2318 3518 2408">
    <p class='ocr_par' dir='ltr' id='par_1_17' title="bbox 233 2318 3518 2408">
     <span class='ocr_line' id='line_1_17' title="bbox 233 2318 3518 2408; baseline 0 -16"><span class='ocrx_word' id='word_1_218' title='bbox 233 2348 412 2408; x_wconf 78' lang='lat' dir='ltr'><strong>retque</strong></span> <span class='ocrx_word' id='word_1_219' title='bbox 436 2339 602 2406; x_wconf 83' lang='lat' dir='ltr'><strong>ipsam</strong></span> <span class='ocrx_word' id='word_1_220' title='bbox 634 2337 878 2391; x_wconf 86' lang='lat' dir='ltr'><strong>deitatem</strong></span> <span class='ocrx_word' id='word_1_221' title='bbox 907 2335 1061 2390; x_wconf 88' lang='lat' dir='ltr'><strong>Patri</strong></span> <span class='ocrx_word' id='word_1_222' title='bbox 1089 2334 1596 2401; x_wconf 84' lang='lat' dir='ltr'><strong>consubstantialem</strong></span> <span class='ocrx_word' id='word_1_223' title='bbox 1617 2375 1630 2397; x_wconf 89' lang='lat'><strong>,</strong></span> <span class='ocrx_word' id='word_1_224' title='bbox 1666 2335 2036 2388; x_wconf 85' lang='lat' dir='ltr'><strong>circumcisam</strong></span> <span class='ocrx_word' id='word_1_225' title='bbox 2082 2318 2132 2388; x_wconf 84' lang='lat' dir='ltr'><strong>et</strong></span> <span class='ocrx_word' id='word_1_226' title='bbox 2175 2336 2557 2404; x_wconf 81' lang='lat' dir='ltr'><strong>imperfectam,</strong></span> <span class='ocrx_word' id='word_1_227' title='bbox 2589 2351 2654 2388; x_wconf 76' lang='grc' dir='ltr'><strong>ετ</strong></span> <span class='ocrx_word' id='word_1_228' title='bbox 2703 2335 2936 2405; x_wconf 81' lang='lat' dir='ltr'><strong>perfecta</strong></span> <span class='ocrx_word' id='word_1_229' title='bbox 2976 2335 3177 2405; x_wconf 83' lang='lat' dir='ltr'><strong>factam</strong></span> <span class='ocrx_word' id='word_1_230' title='bbox 3222 2337 3388 2407; x_wconf 78' lang='lat' dir='ltr'><strong>fuisse</strong></span> <span class='ocrx_word' id='word_1_231' title='bbox 3415 2353 3436 2392; x_wconf 89' lang='lat'><strong><em>:</em></strong></span> <span class='ocrx_word' id='word_1_232' title='bbox 3467 2348 3518 2394; x_wconf 86' lang='lat' dir='ltr'><strong>et</strong></span> 
     </span>
    </p>
   </div>
   <div class='ocr_carea' id='block_1_18' title="bbox 228 2447 3516 2520">
    <p class='ocr_par' dir='ltr' id='par_1_18' title="bbox 228 2447 3516 2520">
     <span class='ocr_line' id='line_1_18' title="bbox 228 2447 3516 2520; baseline 0.002 -16"><span class='ocrx_word' id='word_1_233' title='bbox 228 2451 375 2520; x_wconf 84' lang='lat' dir='ltr'><strong>quod</strong></span> <span class='ocrx_word' id='word_1_234' title='bbox 406 2451 548 2504; x_wconf 86' lang='lat' dir='ltr'><strong>cruci</strong></span> <span class='ocrx_word' id='word_1_235' title='bbox 577 2450 790 2520; x_wconf 71' lang='lat' dir='ltr'><strong>aﬂixum</strong></span> <span class='ocrx_word' id='word_1_236' title='bbox 820 2459 935 2504; x_wconf 89' lang='lat' dir='ltr'><strong>erat</strong></span> <span class='ocrx_word' id='word_1_237' title='bbox 960 2466 1065 2503; x_wconf 86' lang='lat' dir='ltr'><strong>non</strong></span> <span class='ocrx_word' id='word_1_238' title='bbox 1095 2449 1259 2518; x_wconf 76' lang='lat' dir='ltr'><strong>fuisse</strong></span> <span class='ocrx_word' id='word_1_239' title='bbox 1287 2463 1500 2514; x_wconf 86' lang='lat' dir='ltr'><strong>corpus,</strong></span> <span class='ocrx_word' id='word_1_240' title='bbox 1523 2448 1614 2501; x_wconf 84' lang='lat' dir='ltr'><strong>sed</strong></span> <span class='ocrx_word' id='word_1_241' title='bbox 1640 2448 1816 2517; x_wconf 88' lang='lat' dir='ltr'><strong>ipsam</strong></span> <span class='ocrx_word' id='word_1_242' title='bbox 1855 2447 2146 2517; x_wconf 61' lang='lat' dir='ltr'><strong>Sapientia</strong></span> <span class='ocrx_word' id='word_1_243' title='bbox 2187 2447 2548 2501; x_wconf 86' lang='lat' dir='ltr'><strong>substantiam</strong></span> <span class='ocrx_word' id='word_1_244' title='bbox 2599 2465 2774 2502; x_wconf 87' lang='lat' dir='ltr'><strong>rerum</strong></span> <span class='ocrx_word' id='word_1_245' title='bbox 2803 2448 3098 2519; x_wconf 75' lang='lat' dir='ltr'><strong>Opiﬁeem.’</strong></span> <span class='ocrx_word' id='word_1_246' title='bbox 3136 2450 3264 2507; x_wconf 68' lang='lat' dir='ltr'><strong>Haec</strong></span> <span class='ocrx_word' id='word_1_247' title='bbox 3312 2453 3516 2509; x_wconf 82' lang='lat' dir='ltr'><strong>iterum</strong></span> 
     </span>
    </p>
   </div>
   <div class='ocr_carea' id='block_1_19' title="bbox 229 2563 3518 2636">
    <p class='ocr_par' dir='ltr' id='par_1_19' title="bbox 229 2563 3518 2636">
     <span class='ocr_line' id='line_1_19' title="bbox 229 2563 3518 2636; baseline 0.001 -15"><span class='ocrx_word' id='word_1_248' title='bbox 229 2567 731 2622; x_wconf 87' lang='lat' dir='ltr'><strong>consentiuntcum</strong></span> <span class='ocrx_word' id='word_1_249' title='bbox 757 2566 826 2622; x_wconf 90' lang='lat' dir='ltr'><strong>iis</strong></span> <span class='ocrx_word' id='word_1_250' title='bbox 852 2581 977 2636; x_wconf 68' lang='lat' dir='ltr'><strong>qua:</strong></span> <span class='ocrx_word' id='word_1_251' title='bbox 1002 2566 1163 2636; x_wconf 91' lang='lat' dir='ltr'><strong>paulo</strong></span> <span class='ocrx_word' id='word_1_252' title='bbox 1189 2574 1314 2619; x_wconf 91' lang='lat' dir='ltr'><strong>ante</strong></span> <span class='ocrx_word' id='word_1_253' title='bbox 1346 2563 1687 2629; x_wconf 85' lang='lat' dir='ltr'><strong>dicebamus,</strong></span> <span class='ocrx_word' id='word_1_254' title='bbox 1743 2563 2086 2619; x_wconf 91' lang='lat' dir='ltr'><strong>Dominicum</strong></span> <span class='ocrx_word' id='word_1_255' title='bbox 2129 2577 2330 2633; x_wconf 85' lang='lat' dir='ltr'><strong>corpus</strong></span> <span class='ocrx_word' id='word_1_256' title='bbox 2383 2563 2687 2618; x_wconf 91' lang='lat' dir='ltr'><strong>secundum</strong></span> <span class='ocrx_word' id='word_1_257' title='bbox 2727 2564 3151 2635; x_wconf 88' lang='lat' dir='ltr'><strong>Apollinaristas</strong></span> <span class='ocrx_word' id='word_1_258' title='bbox 3192 2581 3300 2622; x_wconf 91' lang='lat' dir='ltr'><strong>non</strong></span> <span class='ocrx_word' id='word_1_259' title='bbox 3341 2566 3518 2624; x_wconf 79' lang='lat' dir='ltr'><strong>fuisse</strong></span> 
     </span>
    </p>
   </div>
   <div class='ocr_carea' id='block_1_20' title="bbox 230 2651 3514 2752">
    <p class='ocr_par' dir='ltr' id='par_1_20' title="bbox 230 2678 3514 2752">
     <span class='ocr_line' id='line_1_20' title="bbox 230 2678 3514 2752; baseline 0.002 -19"><span class='ocrx_word' id='word_1_260' title='bbox 230 2695 426 2736; x_wconf 83' lang='lat' dir='ltr'><strong>verum</strong></span> <span class='ocrx_word' id='word_1_261' title='bbox 453 2696 675 2752; x_wconf 83' lang='lat' dir='ltr'><strong>corpus.</strong></span> <span class='ocrx_word' id='word_1_262' title='bbox 707 2681 784 2736; x_wconf 83' lang='lat' dir='ltr'><strong>Ex</strong></span> <span class='ocrx_word' id='word_1_263' title='bbox 819 2682 904 2737; x_wconf 89' lang='lat' dir='ltr'><strong>his</strong></span> <span class='ocrx_word' id='word_1_264' title='bbox 953 2682 1085 2736; x_wconf 91' lang='lat' dir='ltr'><strong>item</strong></span> <span class='ocrx_word' id='word_1_265' title='bbox 1125 2680 1292 2736; x_wconf 88' lang='lat' dir='ltr'><strong>dictis</strong></span> <span class='ocrx_word' id='word_1_266' title='bbox 1343 2679 1607 2751; x_wconf 86' lang='lat' dir='ltr'><strong>probatur</strong></span> <span class='ocrx_word' id='word_1_267' title='bbox 1640 2679 1692 2732; x_wconf 90' lang='lat' dir='ltr'><strong>id</strong></span> <span class='ocrx_word' id='word_1_268' title='bbox 1725 2679 1872 2750; x_wconf 89' lang='lat' dir='ltr'><strong>quod</strong></span> <span class='ocrx_word' id='word_1_269' title='bbox 1927 2679 1984 2734; x_wconf 92' lang='lat' dir='ltr'><strong>in</strong></span> <span class='ocrx_word' id='word_1_270' title='bbox 2044 2679 2275 2749; x_wconf 76' lang='lat' dir='ltr'><strong>cpistola</strong></span> <span class='ocrx_word' id='word_1_271' title='bbox 2336 2694 2444 2734; x_wconf 90' lang='lat' dir='ltr'><strong>non</strong></span> <span class='ocrx_word' id='word_1_272' title='bbox 2500 2678 2669 2736; x_wconf 89' lang='lat' dir='ltr'><strong>semel</strong></span> <span class='ocrx_word' id='word_1_273' title='bbox 2715 2679 2942 2747; x_wconf 89' lang='lat' dir='ltr'><strong>dicitur,</strong></span> <span class='ocrx_word' id='word_1_274' title='bbox 2976 2696 3174 2752; x_wconf 87' lang='lat' dir='ltr'><strong>nempe</strong></span> <span class='ocrx_word' id='word_1_275' title='bbox 3205 2684 3514 2740; x_wconf 88' lang='lat' dir='ltr'><strong>secundum</strong></span> 
     </span>
    </p>
   </div>
   <div class='ocr_carea' id='block_1_21' title="bbox 229 2796 3522 2870">
    <p class='ocr_par' dir='ltr' id='par_1_21' title="bbox 229 2796 3522 2870">
     <span class='ocr_line' id='line_1_21' title="bbox 229 2796 3522 2870; baseline 0.002 -19"><span class='ocrx_word' id='word_1_276' title='bbox 229 2797 654 2867; x_wconf 74' lang='lat' dir='ltr'><strong>Apollinaris-tas</strong></span> <span class='ocrx_word' id='word_1_277' title='bbox 685 2800 858 2868; x_wconf 89' lang='lat' dir='ltr'><strong>ipsam</strong></span> <span class='ocrx_word' id='word_1_278' title='bbox 884 2797 1138 2854; x_wconf 88' lang='lat' dir='ltr'><strong>deitatem</strong></span> <span class='ocrx_word' id='word_1_279' title='bbox 1168 2812 1290 2854; x_wconf 89' lang='lat' dir='ltr'><strong>esse</strong></span> <span class='ocrx_word' id='word_1_280' title='bbox 1323 2797 1668 2869; x_wconf 89' lang='lat' dir='ltr'><strong>passibilem,</strong></span> <span class='ocrx_word' id='word_1_281' title='bbox 1700 2797 1848 2868; x_wconf 91' lang='lat' dir='ltr'><strong>quod</strong></span> <span class='ocrx_word' id='word_1_282' title='bbox 1878 2797 2132 2867; x_wconf 88' lang='lat' dir='ltr'><strong>pluribus</strong></span> <span class='ocrx_word' id='word_1_283' title='bbox 2171 2798 2411 2867; x_wconf 85' lang='lat' dir='ltr'><strong>explicat</strong></span> <span class='ocrx_word' id='word_1_284' title='bbox 2433 2797 2731 2869; x_wconf 78' lang='lat' dir='ltr'><strong>Gregorius</strong></span> <span class='ocrx_word' id='word_1_285' title='bbox 2753 2796 3133 2856; x_wconf 78' lang='lat' dir='ltr'><strong>Nazianzenus</strong></span> <span class='ocrx_word' id='word_1_286' title='bbox 3161 2798 3395 2856; x_wconf 81' lang='lat' dir='ltr'><strong>liomilia</strong></span> <span class='ocrx_word' id='word_1_287' title='bbox 3419 2799 3522 2870; x_wconf 71' lang='grc'><strong>46,</strong></span> 
     </span>
    </p>
   </div>
   <div class='ocr_carea' id='block_1_22' title="bbox 230 2911 3517 2988">
    <p class='ocr_par' dir='ltr' id='par_1_22' title="bbox 230 2911 3517 2988">
     <span class='ocr_line' id='line_1_22' title="bbox 230 2911 3517 2988; baseline 0.003 -22"><span class='ocrx_word' id='word_1_288' title='bbox 230 2911 328 2968; x_wconf 64' lang='grc' dir='ltr'>ιιι-ἰ</span> <span class='ocrx_word' id='word_1_289' title='bbox 360 2912 436 2966; x_wconf 85' lang='lat' dir='ltr'><strong>ait</strong></span> <span class='ocrx_word' id='word_1_290' title='bbox 461 2913 759 2968; x_wconf 86' lang='lat' dir='ltr'><strong>secundum</strong></span> <span class='ocrx_word' id='word_1_291' title='bbox 797 2911 1218 2983; x_wconf 85' lang='lat' dir='ltr'><strong>Apollinarium,</strong></span> <span class='ocrx_word' id='word_1_292' title='bbox 1256 2911 1596 2982; x_wconf 81' lang='lat' dir='ltr'><strong>unigenitum</strong></span> <span class='ocrx_word' id='word_1_293' title='bbox 1630 2911 1800 2966; x_wconf 91' lang='lat' dir='ltr'><strong>Deum</strong></span> <span class='ocrx_word' id='word_1_294' title='bbox 1829 2912 1885 2966; x_wconf 92' lang='lat' dir='ltr'><strong>in</strong></span> <span class='ocrx_word' id='word_1_295' title='bbox 1919 2913 2136 2983; x_wconf 89' lang='lat' dir='ltr'><strong>propria</strong></span> <span class='ocrx_word' id='word_1_296' title='bbox 2168 2928 2268 2969; x_wconf 90' lang='lat' dir='ltr'><strong>sua</strong></span> <span class='ocrx_word' id='word_1_297' title='bbox 2301 2913 2587 2969; x_wconf 88' lang='lat' dir='ltr'><strong>divinitate</strong></span> <span class='ocrx_word' id='word_1_298' title='bbox 2638 2930 2864 2985; x_wconf 86' lang='lat' dir='ltr'><strong>passum</strong></span> <span class='ocrx_word' id='word_1_299' title='bbox 2904 2931 3062 2983; x_wconf 87' lang='lat' dir='ltr'><strong>esse,</strong></span> <span class='ocrx_word' id='word_1_300' title='bbox 3095 2926 3261 2988; x_wconf 88' lang='lat' dir='ltr'><strong>atque</strong></span> <span class='ocrx_word' id='word_1_301' title='bbox 3308 2919 3361 2974; x_wconf 89' lang='lat' dir='ltr'><strong>in</strong></span> <span class='ocrx_word' id='word_1_302' title='bbox 3412 2922 3517 2976; x_wconf 86' lang='lat' dir='ltr'><strong>tri-</strong></span> 
     </span>
    </p>
   </div>
   <div class='ocr_carea' id='block_1_23' title="bbox 230 3024 3518 3102">
    <p class='ocr_par' dir='ltr' id='par_1_23' title="bbox 230 3024 3518 3102">
     <span class='ocr_line' id='line_1_23' title="bbox 230 3024 3518 3102; baseline 0.002 -18"><span class='ocrx_word' id='word_1_303' title='bbox 230 3029 415 3084; x_wconf 88' lang='lat' dir='ltr'><strong>dnana</strong></span> <span class='ocrx_word' id='word_1_304' title='bbox 440 3027 530 3083; x_wconf 88' lang='lat' dir='ltr'><strong>illa</strong></span> <span class='ocrx_word' id='word_1_305' title='bbox 560 3027 804 3097; x_wconf 89' lang='lat' dir='ltr'><strong>corporis</strong></span> <span class='ocrx_word' id='word_1_306' title='bbox 834 3036 1005 3081; x_wconf 90' lang='lat' dir='ltr'><strong>morte</strong></span> <span class='ocrx_word' id='word_1_307' title='bbox 1033 3024 1374 3080; x_wconf 87' lang='lat' dir='ltr'><strong>divinitatem</strong></span> <span class='ocrx_word' id='word_1_308' title='bbox 1417 3040 1634 3095; x_wconf 89' lang='lat' dir='ltr'><strong>quoque</strong></span> <span class='ocrx_word' id='word_1_309' title='bbox 1662 3026 1827 3080; x_wconf 89' lang='lat' dir='ltr'><strong>simul</strong></span> <span class='ocrx_word' id='word_1_310' title='bbox 1853 3040 1977 3081; x_wconf 92' lang='lat' dir='ltr'><strong>cum</strong></span> <span class='ocrx_word' id='word_1_311' title='bbox 2012 3041 2243 3096; x_wconf 90' lang='lat' dir='ltr'><strong>corpore</strong></span> <span class='ocrx_word' id='word_1_312' title='bbox 2291 3036 2565 3083; x_wconf 89' lang='lat' dir='ltr'><strong>mortuam</strong></span> <span class='ocrx_word' id='word_1_313' title='bbox 2619 3028 2811 3095; x_wconf 81' lang='lat' dir='ltr'><strong>fuisse,</strong></span> <span class='ocrx_word' id='word_1_314' title='bbox 2859 3030 3050 3102; x_wconf 85' lang='lat' dir='ltr'><strong>sicque</strong></span> <span class='ocrx_word' id='word_1_315' title='bbox 3094 3049 3291 3089; x_wconf 88' lang='lat' dir='ltr'><strong>rursus</strong></span> <span class='ocrx_word' id='word_1_316' title='bbox 3336 3032 3518 3089; x_wconf 80' lang='lat' dir='ltr'><strong>Patris</strong></span> 
     </span>
    </p>
   </div>
   <div class='ocr_carea' id='block_1_24' title="bbox 232 3141 3516 3224">
    <p class='ocr_par' dir='ltr' id='par_1_24' title="bbox 232 3141 3516 3224">
     <span class='ocr_line' id='line_1_24' title="bbox 232 3141 3516 3224; baseline 0.003 -26"><span class='ocrx_word' id='word_1_317' title='bbox 232 3161 400 3214; x_wconf 84' lang='lat' dir='ltr'><strong>opera</strong></span> <span class='ocrx_word' id='word_1_318' title='bbox 438 3160 467 3198; x_wconf 90' lang='lat' dir='ltr'><strong>a</strong></span> <span class='ocrx_word' id='word_1_319' title='bbox 505 3154 678 3199; x_wconf 89' lang='lat' dir='ltr'><strong>morte</strong></span> <span class='ocrx_word' id='word_1_320' title='bbox 707 3145 772 3197; x_wconf 87' lang='lat' dir='ltr'><strong>ad</strong></span> <span class='ocrx_word' id='word_1_321' title='bbox 804 3144 969 3196; x_wconf 85' lang='lat' dir='ltr'><strong>vitam</strong></span> <span class='ocrx_word' id='word_1_322' title='bbox 1003 3150 1312 3197; x_wconf 82' lang='lat' dir='ltr'><strong>revocatam</strong></span> <span class='ocrx_word' id='word_1_323' title='bbox 1342 3141 1532 3196; x_wconf 81' lang='lat' dir='ltr'><strong>fuisse.</strong></span> <span class='ocrx_word' id='word_1_324' title='bbox 1567 3141 1989 3199; x_wconf 81' lang='lat' dir='ltr'><strong>Passibilitatem</strong></span> <span class='ocrx_word' id='word_1_325' title='bbox 2031 3158 2252 3214; x_wconf 90' lang='lat' dir='ltr'><strong>quoque</strong></span> <span class='ocrx_word' id='word_1_326' title='bbox 2288 3143 2436 3200; x_wconf 88' lang='lat' dir='ltr'><strong>illam</strong></span> <span class='ocrx_word' id='word_1_327' title='bbox 2476 3145 2698 3202; x_wconf 89' lang='lat' dir='ltr'><strong>deitatis</strong></span> <span class='ocrx_word' id='word_1_328' title='bbox 2723 3148 3030 3204; x_wconf 89' lang='lat' dir='ltr'><strong>secundum</strong></span> <span class='ocrx_word' id='word_1_329' title='bbox 3060 3150 3516 3224; x_wconf 85' lang='lat' dir='ltr'><strong>Apollinaristas,</strong></span> 
     </span>
    </p>
   </div>
   <div class='ocr_carea' id='block_1_25' title="bbox 234 3254 3518 3338">
    <p class='ocr_par' dir='ltr' id='par_1_25' title="bbox 234 3254 3518 3338">
     <span class='ocr_line' id='line_1_25' title="bbox 234 3254 3518 3338; baseline 0.002 -23"><span class='ocrx_word' id='word_1_330' title='bbox 234 3266 632 3315; x_wconf 84' lang='lat' dir='ltr'><strong>commemorat</strong></span> <span class='ocrx_word' id='word_1_331' title='bbox 674 3266 723 3312; x_wconf 89' lang='lat' dir='ltr'><strong>et</strong></span> <span class='ocrx_word' id='word_1_332' title='bbox 760 3254 1007 3311; x_wconf 81' lang='lat' dir='ltr'><strong>confutat</strong></span> <span class='ocrx_word' id='word_1_333' title='bbox 1056 3254 1392 3309; x_wconf 80' lang='lat' dir='ltr'><strong>Athanasius</strong></span> <span class='ocrx_word' id='word_1_334' title='bbox 1450 3255 1503 3307; x_wconf 89' lang='lat' dir='ltr'><strong>in</strong></span> <span class='ocrx_word' id='word_1_335' title='bbox 1558 3254 1710 3308; x_wconf 87' lang='lat' dir='ltr'><strong>libris</strong></span> <span class='ocrx_word' id='word_1_336' title='bbox 1760 3265 1948 3308; x_wconf 88' lang='lat' dir='ltr'><strong>contra</strong></span> <span class='ocrx_word' id='word_1_337' title='bbox 2002 3256 2428 3327; x_wconf 82' lang='lat' dir='ltr'><strong>Apollinarium,</strong></span> <span class='ocrx_word' id='word_1_338' title='bbox 2472 3259 2597 3315; x_wconf 85' lang='lat' dir='ltr'><strong>vide</strong></span> <span class='ocrx_word' id='word_1_339' title='bbox 2627 3276 2680 3330; x_wconf 87' lang='lat' dir='ltr'><strong>p.</strong></span> <span class='ocrx_word' id='word_1_340' title='bbox 2713 3260 2840 3328; x_wconf 68' lang='grc'><strong>924,</strong></span> <span class='ocrx_word' id='word_1_341' title='bbox 2864 3270 2920 3318; x_wconf 88' lang='lat' dir='ltr'><strong>et</strong></span> <span class='ocrx_word' id='word_1_342' title='bbox 2948 3264 3114 3334; x_wconf 89' lang='lat' dir='ltr'><strong>paulo</strong></span> <span class='ocrx_word' id='word_1_343' title='bbox 3146 3274 3292 3333; x_wconf 90' lang='lat' dir='ltr'><strong>ante,</strong></span> <span class='ocrx_word' id='word_1_344' title='bbox 3319 3281 3518 3338; x_wconf 80' lang='lat' dir='ltr'><strong>nempe</strong></span> 
     </span>
    </p>
   </div>
   <div class='ocr_carea' id='block_1_26' title="bbox 234 3364 3519 3450">
    <p class='ocr_par' dir='ltr' id='par_1_26' title="bbox 234 3364 3519 3450">
     <span class='ocr_line' id='line_1_26' title="bbox 234 3364 3519 3450; baseline 0.002 -24"><span class='ocrx_word' id='word_1_345' title='bbox 234 3391 289 3445; x_wconf 82' lang='lat' dir='ltr'><strong>p.</strong></span> <span class='ocrx_word' id='word_1_346' title='bbox 325 3370 453 3437; x_wconf 63' lang='lat'><strong>9‘23,</strong></span> <span class='ocrx_word' id='word_1_347' title='bbox 477 3369 549 3424; x_wconf 87' lang='lat' dir='ltr'><strong>ait</strong></span> <span class='ocrx_word' id='word_1_348' title='bbox 581 3367 878 3424; x_wconf 86' lang='lat' dir='ltr'><strong>secundum</strong></span> <span class='ocrx_word' id='word_1_349' title='bbox 915 3365 1338 3436; x_wconf 77' lang='lat' dir='ltr'><strong>Apollinaristas</strong></span> <span class='ocrx_word' id='word_1_350' title='bbox 1369 3364 1608 3420; x_wconf 85' lang='lat' dir='ltr'><strong>Verbum</strong></span> <span class='ocrx_word' id='word_1_351' title='bbox 1644 3369 2011 3438; x_wconf 82' lang='lat' dir='ltr'><strong>assumpsisse</strong></span> <span class='ocrx_word' id='word_1_352' title='bbox 2035 3385 2236 3440; x_wconf 90' lang='lat' dir='ltr'><strong>corpus</strong></span> <span class='ocrx_word' id='word_1_353' title='bbox 2264 3369 2474 3440; x_wconf 85' lang='lat' dir='ltr'><strong>absque</strong></span> <span class='ocrx_word' id='word_1_354' title='bbox 2512 3382 2695 3428; x_wconf 90' lang='lat' dir='ltr'><strong>mente</strong></span> <span class='ocrx_word' id='word_1_355' title='bbox 2729 3389 2741 3425; x_wconf 88' lang='lat'><strong>:</strong></span> <span class='ocrx_word' id='word_1_356' title='bbox 2777 3376 2871 3446; x_wconf 93' lang='lat' dir='ltr'><strong>qui</strong></span> <span class='ocrx_word' id='word_1_357' title='bbox 2899 3385 2982 3432; x_wconf 89' lang='lat' dir='ltr'><strong>est</strong></span> <span class='ocrx_word' id='word_1_358' title='bbox 3011 3389 3323 3450; x_wconf 87' lang='lat' dir='ltr'><strong>postremus</strong></span> <span class='ocrx_word' id='word_1_359' title='bbox 3358 3399 3519 3440; x_wconf 75' lang='lat' dir='ltr'><strong>error</strong></span> 
     </span>
    </p>
   </div>
   <div class='ocr_carea' id='block_1_27' title="bbox 235 3485 3514 3573">
    <p class='ocr_par' dir='ltr' id='par_1_27' title="bbox 235 3485 3514 3573">
     <span class='ocr_line' id='line_1_27' title="bbox 235 3485 3514 3573; baseline 0.003 -25"><span class='ocrx_word' id='word_1_360' title='bbox 235 3492 293 3548; x_wconf 89' lang='lat' dir='ltr'><strong>in</strong></span> <span class='ocrx_word' id='word_1_361' title='bbox 324 3489 551 3560; x_wconf 88' lang='lat' dir='ltr'><strong>epistola</strong></span> <span class='ocrx_word' id='word_1_362' title='bbox 584 3487 650 3543; x_wconf 90' lang='lat' dir='ltr'><strong>ad</strong></span> <span class='ocrx_word' id='word_1_363' title='bbox 685 3486 978 3542; x_wconf 79' lang='lat' dir='ltr'><strong>Caesarium</strong></span> <span class='ocrx_word' id='word_1_364' title='bbox 1012 3495 1494 3550; x_wconf 90' lang='lat' dir='ltr'><strong>commemoratus,</strong></span> <span class='ocrx_word' id='word_1_365' title='bbox 1529 3493 1583 3541; x_wconf 92' lang='lat' dir='ltr'><strong>et</strong></span> <span class='ocrx_word' id='word_1_366' title='bbox 1613 3485 1729 3541; x_wconf 72' lang='lat' dir='ltr'><strong>hzrc</strong></span> <span class='ocrx_word' id='word_1_367' title='bbox 1759 3495 1879 3542; x_wconf 90' lang='lat' dir='ltr'><strong>erat</strong></span> <span class='ocrx_word' id='word_1_368' title='bbox 1910 3488 2066 3558; x_wconf 89' lang='lat' dir='ltr'><strong>quasi</strong></span> <span class='ocrx_word' id='word_1_369' title='bbox 2102 3497 2306 3544; x_wconf 87' lang='lat' dir='ltr'><strong>tessera</strong></span> <span class='ocrx_word' id='word_1_370' title='bbox 2334 3487 2875 3560; x_wconf 85' lang='lat' dir='ltr'><strong>Apollinaristarum.</strong></span> <span class='ocrx_word' id='word_1_371' title='bbox 2903 3495 3127 3553; x_wconf 88' lang='lat' dir='ltr'><strong>Certum</strong></span> <span class='ocrx_word' id='word_1_372' title='bbox 3161 3499 3348 3571; x_wconf 89' lang='lat' dir='ltr'><strong>itaque</strong></span> <span class='ocrx_word' id='word_1_373' title='bbox 3376 3511 3514 3573; x_wconf 88' lang='lat' dir='ltr'><strong>puto</strong></span> 
     </span>
    </p>
   </div>
   <div class='ocr_carea' id='block_1_28' title="bbox 239 3604 3518 3686">
    <p class='ocr_par' dir='ltr' id='par_1_28' title="bbox 239 3604 3518 3686">
     <span class='ocr_line' id='line_1_28' title="bbox 239 3604 3518 3686; baseline 0.003 -22"><span class='ocrx_word' id='word_1_374' title='bbox 239 3609 297 3664; x_wconf 89' lang='lat' dir='ltr'><strong>in</strong></span> <span class='ocrx_word' id='word_1_375' title='bbox 333 3607 566 3677; x_wconf 88' lang='lat' dir='ltr'><strong>epistola</strong></span> <span class='ocrx_word' id='word_1_376' title='bbox 600 3606 664 3659; x_wconf 88' lang='lat' dir='ltr'><strong>ad</strong></span> <span class='ocrx_word' id='word_1_377' title='bbox 689 3604 987 3660; x_wconf 74' lang='lat' dir='ltr'><strong>Caesarium</strong></span> <span class='ocrx_word' id='word_1_378' title='bbox 1024 3615 1212 3659; x_wconf 87' lang='lat' dir='ltr'><strong>contra</strong></span> <span class='ocrx_word' id='word_1_379' title='bbox 1245 3604 1441 3658; x_wconf 87' lang='lat' dir='ltr'><strong>librum</strong></span> <span class='ocrx_word' id='word_1_380' title='bbox 1480 3604 1801 3675; x_wconf 87' lang='lat' dir='ltr'><strong>Apollinarii</strong></span> <span class='ocrx_word' id='word_1_381' title='bbox 1827 3605 1935 3678; x_wconf 86' lang='lat' dir='ltr'><strong>agi,</strong></span> <span class='ocrx_word' id='word_1_382' title='bbox 1975 3606 2241 3677; x_wconf 90' lang='lat' dir='ltr'><strong>illumque</strong></span> <span class='ocrx_word' id='word_1_383' title='bbox 2274 3606 2454 3676; x_wconf 89' lang='lat' dir='ltr'><strong>ipsum</strong></span> <span class='ocrx_word' id='word_1_384' title='bbox 2491 3607 2714 3675; x_wconf 89' lang='lat' dir='ltr'><strong>librum,</strong></span> <span class='ocrx_word' id='word_1_385' title='bbox 2753 3620 2814 3666; x_wconf 92' lang='lat' dir='ltr'><strong>ut</strong></span> <span class='ocrx_word' id='word_1_386' title='bbox 2862 3611 3100 3682; x_wconf 87' lang='lat' dir='ltr'><strong>videtur,</strong></span> <span class='ocrx_word' id='word_1_387' title='bbox 3126 3629 3288 3686; x_wconf 77' lang='lat' dir='ltr'><strong>quem</strong></span> <span class='ocrx_word' id='word_1_388' title='bbox 3334 3617 3402 3673; x_wconf 91' lang='lat' dir='ltr'><strong>de</strong></span> <span class='ocrx_word' id='word_1_389' title='bbox 3426 3617 3518 3674; x_wconf 88' lang='lat' dir='ltr'><strong>ln-</strong></span> 
     </span>
    </p>
   </div>
   <div class='ocr_carea' id='block_1_29' title="bbox 239 3720 3517 3796">
    <p class='ocr_par' dir='ltr' id='par_1_29' title="bbox 239 3720 3517 3796">
     <span class='ocr_line' id='line_1_29' title="bbox 239 3720 3517 3796; baseline 0.005 -18"><span class='ocrx_word' id='word_1_390' title='bbox 239 3722 562 3778; x_wconf 88' lang='lat' dir='ltr'><strong>carnatione</strong></span> <span class='ocrx_word' id='word_1_391' title='bbox 591 3722 907 3792; x_wconf 89' lang='lat' dir='ltr'><strong>scripserat,</strong></span> <span class='ocrx_word' id='word_1_392' title='bbox 935 3722 1002 3776; x_wconf 90' lang='lat' dir='ltr'><strong>ab</strong></span> <span class='ocrx_word' id='word_1_393' title='bbox 1034 3720 1262 3790; x_wconf 84' lang='lat' dir='ltr'><strong>Eulogio</strong></span> <span class='ocrx_word' id='word_1_394' title='bbox 1293 3738 1456 3792; x_wconf 88' lang='lat' dir='ltr'><strong>supra</strong></span> <span class='ocrx_word' id='word_1_395' title='bbox 1492 3731 2006 3780; x_wconf 88' lang='lat' dir='ltr'><strong>commemoratum.</strong></span> <span class='ocrx_word' id='word_1_396' title='bbox 2041 3722 2312 3780; x_wconf 73' lang='lat' dir='ltr'><strong>Caeterum</strong></span> <span class='ocrx_word' id='word_1_397' title='bbox 2347 3724 2751 3796; x_wconf 77' lang='lat' dir='ltr'><strong>Apollinarista:</strong></span> <span class='ocrx_word' id='word_1_398' title='bbox 2783 3746 2892 3785; x_wconf 90' lang='lat' dir='ltr'><strong>non</strong></span> <span class='ocrx_word' id='word_1_399' title='bbox 2927 3730 3067 3788; x_wconf 91' lang='lat' dir='ltr'><strong>inter</strong></span> <span class='ocrx_word' id='word_1_400' title='bbox 3096 3747 3156 3790; x_wconf 88' lang='lat' dir='ltr'><strong>se</strong></span> <span class='ocrx_word' id='word_1_401' title='bbox 3204 3738 3517 3793; x_wconf 85' lang='lat' dir='ltr'><strong>consentie-</strong></span> 
     </span>
    </p>
   </div>
   <div class='ocr_carea' id='block_1_30' title="bbox 234 3837 3522 3919">
    <p class='ocr_par' dir='ltr' id='par_1_30' title="bbox 234 3837 3522 3919">
     <span class='ocr_line' id='line_1_30' title="bbox 234 3837 3522 3919; baseline 0.005 -25"><span class='ocrx_word' id='word_1_402' title='bbox 234 3838 390 3904; x_wconf 79' lang='lat' dir='ltr'><strong>bant,</strong></span> <span class='ocrx_word' id='word_1_403' title='bbox 418 3837 510 3893; x_wconf 88' lang='lat' dir='ltr'><strong>sed</strong></span> <span class='ocrx_word' id='word_1_404' title='bbox 544 3837 635 3892; x_wconf 89' lang='lat' dir='ltr'><strong>alii</strong></span> <span class='ocrx_word' id='word_1_405' title='bbox 660 3837 797 3892; x_wconf 87' lang='lat' dir='ltr'><strong>alios</strong></span> <span class='ocrx_word' id='word_1_406' title='bbox 832 3853 1072 3902; x_wconf 86' lang='lat' dir='ltr'><strong>errores,</strong></span> <span class='ocrx_word' id='word_1_407' title='bbox 1103 3853 1166 3892; x_wconf 81' lang='lat' dir='ltr'><strong>ex</strong></span> <span class='ocrx_word' id='word_1_408' title='bbox 1202 3852 1311 3892; x_wconf 91' lang='lat' dir='ltr'><strong>uno</strong></span> <span class='ocrx_word' id='word_1_409' title='bbox 1335 3837 1487 3892; x_wconf 83' lang='lat' dir='ltr'><strong>fonte</strong></span> <span class='ocrx_word' id='word_1_410' title='bbox 1514 3850 1822 3907; x_wconf 87' lang='lat' dir='ltr'><strong>manantes,</strong></span> <span class='ocrx_word' id='word_1_411' title='bbox 1848 3843 2289 3913; x_wconf 83' lang='lat' dir='ltr'><strong>propugnabant,</strong></span> <span class='ocrx_word' id='word_1_412' title='bbox 2323 3852 2383 3898; x_wconf 93' lang='lat' dir='ltr'><strong>ut</strong></span> <span class='ocrx_word' id='word_1_413' title='bbox 2423 3842 2609 3900; x_wconf 85' lang='lat' dir='ltr'><strong>videre</strong></span> <span class='ocrx_word' id='word_1_414' title='bbox 2640 3855 2727 3901; x_wconf 92' lang='lat' dir='ltr'><strong>est</strong></span> <span class='ocrx_word' id='word_1_415' title='bbox 2771 3846 2824 3901; x_wconf 90' lang='lat' dir='ltr'><strong>in</strong></span> <span class='ocrx_word' id='word_1_416' title='bbox 2869 3849 3099 3919; x_wconf 88' lang='lat' dir='ltr'><strong>epistola</strong></span> <span class='ocrx_word' id='word_1_417' title='bbox 3131 3851 3417 3909; x_wconf 84' lang='lat' dir='ltr'><strong>Athanasii</strong></span> <span class='ocrx_word' id='word_1_418' title='bbox 3449 3854 3522 3910; x_wconf 84' lang='lat' dir='ltr'><strong>ad</strong></span> 
     </span>
    </p>
   </div>
   <div class='ocr_carea' id='block_1_31' title="bbox 233 3949 3443 4032">
    <p class='ocr_par' dir='ltr' id='par_1_31' title="bbox 233 3949 3443 4032">
     <span class='ocr_line' id='line_1_31' title="bbox 233 3949 3443 4032; baseline 0.005 -27"><span class='ocrx_word' id='word_1_419' title='bbox 233 3949 568 4021; x_wconf 84' lang='lat' dir='ltr'><strong>Epictetum,</strong></span> <span class='ocrx_word' id='word_1_420' title='bbox 599 3960 653 4005; x_wconf 88' lang='lat' dir='ltr'><strong>et</strong></span> <span class='ocrx_word' id='word_1_421' title='bbox 686 3951 738 4004; x_wconf 92' lang='lat' dir='ltr'><strong>in</strong></span> <span class='ocrx_word' id='word_1_422' title='bbox 769 3950 1014 4020; x_wconf 85' lang='lat' dir='ltr'><strong>ejusdem</strong></span> <span class='ocrx_word' id='word_1_423' title='bbox 1050 3951 1334 4006; x_wconf 85' lang='lat' dir='ltr'><strong>Athanasii</strong></span> <span class='ocrx_word' id='word_1_424' title='bbox 1369 3951 1522 4006; x_wconf 86' lang='lat' dir='ltr'><strong>libris</strong></span> <span class='ocrx_word' id='word_1_425' title='bbox 1549 3962 1738 4007; x_wconf 86' lang='lat' dir='ltr'><strong>contra</strong></span> <span class='ocrx_word' id='word_1_426' title='bbox 1773 3955 2209 4025; x_wconf 86' lang='lat' dir='ltr'><strong>Apollinarium;</strong></span> <span class='ocrx_word' id='word_1_427' title='bbox 2239 3957 2480 4031; x_wconf 86' lang='lat' dir='ltr'><strong>itemque</strong></span> <span class='ocrx_word' id='word_1_428' title='bbox 2513 3961 2657 4031; x_wconf 88' lang='lat' dir='ltr'><strong>apud</strong></span> <span class='ocrx_word' id='word_1_429' title='bbox 2701 3959 3070 4032; x_wconf 89' lang='lat' dir='ltr'><strong>Epiphanium</strong></span> <span class='ocrx_word' id='word_1_430' title='bbox 3116 3963 3323 4022; x_wconf 65' lang='lat' dir='ltr'><strong>Haeresi</strong></span> <span class='ocrx_word' id='word_1_431' title='bbox 3356 3967 3443 4022; x_wconf 90' lang='lat'><strong>77.</strong></span> 
     </span>
    </p>
   </div>
   <div class='ocr_carea' id='block_1_32' title="bbox 311 4085 3518 4168">
    <p class='ocr_par' dir='ltr' id='par_1_32' title="bbox 311 4085 3518 4168">
     <span class='ocr_line' id='line_1_32' title="bbox 311 4085 3518 4168; baseline 0.006 -26"><span class='ocrx_word' id='word_1_432' title='bbox 311 4087 498 4157; x_wconf 79' lang='lat' dir='ltr'><strong>Neque</strong></span> <span class='ocrx_word' id='word_1_433' title='bbox 530 4093 707 4140; x_wconf 89' lang='lat' dir='ltr'><strong>tamen</strong></span> <span class='ocrx_word' id='word_1_434' title='bbox 738 4085 922 4154; x_wconf 83' lang='lat' dir='ltr'><strong>negari</strong></span> <span class='ocrx_word' id='word_1_435' title='bbox 955 4093 1134 4155; x_wconf 89' lang='lat' dir='ltr'><strong>potest</strong></span> <span class='ocrx_word' id='word_1_436' title='bbox 1157 4085 1440 4155; x_wconf 89' lang='lat' dir='ltr'><strong>probabile</strong></span> <span class='ocrx_word' id='word_1_437' title='bbox 1471 4087 1698 4140; x_wconf 88' lang='lat' dir='ltr'><strong>omnino</strong></span> <span class='ocrx_word' id='word_1_438' title='bbox 1735 4101 1857 4143; x_wconf 87' lang='lat' dir='ltr'><strong>esse</strong></span> <span class='ocrx_word' id='word_1_439' title='bbox 1896 4087 2046 4144; x_wconf 89' lang='lat' dir='ltr'><strong>hunc</strong></span> <span class='ocrx_word' id='word_1_440' title='bbox 2087 4090 2410 4161; x_wconf 90' lang='lat' dir='ltr'><strong>scriptorem</strong></span> <span class='ocrx_word' id='word_1_441' title='bbox 2451 4091 2547 4164; x_wconf 89' lang='lat' dir='ltr'><strong>qui</strong></span> <span class='ocrx_word' id='word_1_442' title='bbox 2591 4093 2795 4149; x_wconf 63' lang='lat' dir='ltr'><strong>saeculo</strong></span> <span class='ocrx_word' id='word_1_443' title='bbox 2835 4093 3179 4168; x_wconf 87' lang='lat' dir='ltr'><strong>Eutychiano</strong></span> <span class='ocrx_word' id='word_1_444' title='bbox 3222 4101 3427 4158; x_wconf 78' lang='lat' dir='ltr'><strong>vixisse</strong></span> <span class='ocrx_word' id='word_1_445' title='bbox 3464 4114 3518 4160; x_wconf 77' lang='lat' dir='ltr'><strong>et</strong></span> 
     </span>
    </p>
   </div>
   <div class='ocr_carea' id='block_1_33' title="bbox 237 4197 3518 4287">
    <p class='ocr_par' dir='ltr' id='par_1_33' title="bbox 237 4197 3518 4287">
     <span class='ocr_line' id='line_1_33' title="bbox 237 4197 3518 4287; baseline 0.004 -31"><span class='ocrx_word' id='word_1_446' title='bbox 237 4203 434 4257; x_wconf 75' lang='lat' dir='ltr'><strong>lneresi</strong></span> <span class='ocrx_word' id='word_1_447' title='bbox 475 4200 548 4255; x_wconf 92' lang='lat' dir='ltr'><strong>illi</strong></span> <span class='ocrx_word' id='word_1_448' title='bbox 585 4199 832 4255; x_wconf 79' lang='lat' dir='ltr'><strong>infensus</strong></span> <span class='ocrx_word' id='word_1_449' title='bbox 864 4197 1034 4254; x_wconf 81' lang='lat' dir='ltr'><strong>fuisse</strong></span> <span class='ocrx_word' id='word_1_450' title='bbox 1065 4200 1300 4264; x_wconf 86' lang='lat' dir='ltr'><strong>videtur,</strong></span> <span class='ocrx_word' id='word_1_451' title='bbox 1335 4211 1394 4254; x_wconf 92' lang='lat' dir='ltr'><strong>ut</strong></span> <span class='ocrx_word' id='word_1_452' title='bbox 1430 4202 1569 4257; x_wconf 88' lang='lat' dir='ltr'><strong>hanc</strong></span> <span class='ocrx_word' id='word_1_453' title='bbox 1599 4203 1883 4272; x_wconf 86' lang='lat' dir='ltr'><strong>epistolam</strong></span> <span class='ocrx_word' id='word_1_454' title='bbox 1931 4205 2001 4259; x_wconf 87' lang='lat' dir='ltr'><strong>ab</strong></span> <span class='ocrx_word' id='word_1_455' title='bbox 2043 4221 2101 4260; x_wconf 83' lang='lat' dir='ltr'><strong>se</strong></span> <span class='ocrx_word' id='word_1_456' title='bbox 2134 4207 2474 4277; x_wconf 84' lang='lat' dir='ltr'><strong>suppositam</strong></span> <span class='ocrx_word' id='word_1_457' title='bbox 2516 4207 2915 4282; x_wconf 81' lang='lat' dir='ltr'><strong>Chrysostomo</strong></span> <span class='ocrx_word' id='word_1_458' title='bbox 2963 4214 3282 4273; x_wconf 88' lang='lat' dir='ltr'><strong>adscribere</strong></span> <span class='ocrx_word' id='word_1_459' title='bbox 3311 4224 3518 4287; x_wconf 86' lang='lat' dir='ltr'><strong>posset,</strong></span> 
     </span>
    </p>
   </div>
   <div class='ocr_carea' id='block_1_34' title="bbox 235 4311 3517 4403">
    <p class='ocr_par' dir='ltr' id='par_1_34' title="bbox 235 4311 3517 4403">
     <span class='ocr_line' id='line_1_34' title="bbox 235 4311 3517 4403; baseline 0.004 -33"><span class='ocrx_word' id='word_1_460' title='bbox 235 4315 572 4371; x_wconf 76' lang='lat' dir='ltr'><strong>conﬁnxisse</strong></span> <span class='ocrx_word' id='word_1_461' title='bbox 607 4330 665 4370; x_wconf 88' lang='lat' dir='ltr'><strong>se</strong></span> <span class='ocrx_word' id='word_1_462' title='bbox 689 4321 879 4369; x_wconf 90' lang='lat' dir='ltr'><strong>contra</strong></span> <span class='ocrx_word' id='word_1_463' title='bbox 906 4311 1226 4382; x_wconf 89' lang='lat' dir='ltr'><strong>Apollinarii</strong></span> <span class='ocrx_word' id='word_1_464' title='bbox 1262 4313 1460 4367; x_wconf 85' lang='lat' dir='ltr'><strong>librum</strong></span> <span class='ocrx_word' id='word_1_465' title='bbox 1510 4330 1691 4384; x_wconf 83' lang='lat' dir='ltr'><strong>agere,</strong></span> <span class='ocrx_word' id='word_1_466' title='bbox 1719 4315 1812 4386; x_wconf 86' lang='lat' dir='ltr'><strong>qui</strong></span> <span class='ocrx_word' id='word_1_467' title='bbox 1865 4317 1918 4371; x_wconf 90' lang='lat' dir='ltr'><strong>in</strong></span> <span class='ocrx_word' id='word_1_468' title='bbox 1973 4319 2161 4374; x_wconf 88' lang='lat' dir='ltr'><strong>multis</strong></span> <span class='ocrx_word' id='word_1_469' title='bbox 2203 4336 2326 4375; x_wconf 89' lang='lat' dir='ltr'><strong>cum</strong></span> <span class='ocrx_word' id='word_1_470' title='bbox 2366 4321 2611 4394; x_wconf 81' lang='lat' dir='ltr'><strong>Eutyche</strong></span> <span class='ocrx_word' id='word_1_471' title='bbox 2657 4327 3068 4395; x_wconf 89' lang='lat' dir='ltr'><strong>consentiebat,</strong></span> <span class='ocrx_word' id='word_1_472' title='bbox 3112 4335 3376 4403; x_wconf 88' lang='lat' dir='ltr'><strong>quoniam</strong></span> <span class='ocrx_word' id='word_1_473' title='bbox 3405 4351 3517 4392; x_wconf 82' lang='lat' dir='ltr'><strong>non</strong></span> 
     </span>
    </p>
   </div>
   <div class='ocr_carea' id='block_1_35' title="bbox 237 4428 3514 4516">
    <p class='ocr_par' dir='ltr' id='par_1_35' title="bbox 237 4428 3514 4516">
     <span class='ocr_line' id='line_1_35' title="bbox 237 4428 3514 4516; baseline 0.008 -33"><span class='ocrx_word' id='word_1_474' title='bbox 237 4431 926 4502; x_wconf 72' lang='lat' dir='ltr'><strong>poteratChrysostomutn</strong></span> <span class='ocrx_word' id='word_1_475' title='bbox 957 4437 1147 4484; x_wconf 87' lang='lat' dir='ltr'><strong>contra</strong></span> <span class='ocrx_word' id='word_1_476' title='bbox 1185 4428 1441 4501; x_wconf 79' lang='lat' dir='ltr'><strong>Butycliis</strong></span> <span class='ocrx_word' id='word_1_477' title='bbox 1473 4434 1705 4489; x_wconf 66' lang='lat' dir='ltr'><strong>haeresin</strong></span> <span class='ocrx_word' id='word_1_478' title='bbox 1744 4445 1931 4505; x_wconf 84' lang='lat' dir='ltr'><strong>aperte</strong></span> <span class='ocrx_word' id='word_1_479' title='bbox 1980 4437 2294 4509; x_wconf 87' lang='lat' dir='ltr'><strong>loquentem</strong></span> <span class='ocrx_word' id='word_1_480' title='bbox 2332 4442 2610 4510; x_wconf 85' lang='lat' dir='ltr'><strong>inducere,</strong></span> <span class='ocrx_word' id='word_1_481' title='bbox 2645 4445 2738 4516; x_wconf 88' lang='lat' dir='ltr'><strong>qui</strong></span> <span class='ocrx_word' id='word_1_482' title='bbox 2782 4445 2874 4502; x_wconf 88' lang='lat' dir='ltr'><strong>diu</strong></span> <span class='ocrx_word' id='word_1_483' title='bbox 2918 4457 3045 4506; x_wconf 88' lang='lat' dir='ltr'><strong>ante</strong></span> <span class='ocrx_word' id='word_1_484' title='bbox 3075 4451 3223 4508; x_wconf 82' lang='lat' dir='ltr'><strong>illaut</strong></span> <span class='ocrx_word' id='word_1_485' title='bbox 3265 4467 3514 4512; x_wconf 77' lang='lat' dir='ltr'><strong>exortam</strong></span> 
     </span>
    </p>
   </div>
   <div class='ocr_carea' id='block_1_36' title="bbox 233 4546 3516 4638">
    <p class='ocr_par' dir='ltr' id='par_1_36' title="bbox 233 4546 3516 4638">
     <span class='ocr_line' id='line_1_36' title="bbox 233 4546 3516 4638; baseline 0.006 -34"><span class='ocrx_word' id='word_1_486' title='bbox 233 4550 482 4604; x_wconf 83' lang='lat' dir='ltr'><strong>ohiisset.</strong></span> <span class='ocrx_word' id='word_1_487' title='bbox 514 4546 666 4612; x_wconf 87' lang='lat' dir='ltr'><strong>Quod</strong></span> <span class='ocrx_word' id='word_1_488' title='bbox 703 4553 883 4600; x_wconf 89' lang='lat' dir='ltr'><strong>autem</strong></span> <span class='ocrx_word' id='word_1_489' title='bbox 910 4546 999 4601; x_wconf 90' lang='lat' dir='ltr'><strong>hic</strong></span> <span class='ocrx_word' id='word_1_490' title='bbox 1027 4561 1152 4603; x_wconf 90' lang='lat' dir='ltr'><strong>cum</strong></span> <span class='ocrx_word' id='word_1_491' title='bbox 1182 4548 1584 4618; x_wconf 88' lang='lat' dir='ltr'><strong>Apollinaristis</strong></span> <span class='ocrx_word' id='word_1_492' title='bbox 1630 4549 2002 4624; x_wconf 82' lang='lat' dir='ltr'><strong>Eutychianos</strong></span> <span class='ocrx_word' id='word_1_493' title='bbox 2039 4557 2280 4612; x_wconf 82' lang='lat' dir='ltr'><strong>maxime</strong></span> <span class='ocrx_word' id='word_1_494' title='bbox 2322 4558 2589 4629; x_wconf 78' lang='lat' dir='ltr'><strong>confutet,</strong></span> <span class='ocrx_word' id='word_1_495' title='bbox 2631 4563 2866 4632; x_wconf 89' lang='lat' dir='ltr'><strong>probant</strong></span> <span class='ocrx_word' id='word_1_496' title='bbox 2904 4581 3066 4624; x_wconf 84' lang='lat' dir='ltr'><strong>voces</strong></span> <span class='ocrx_word' id='word_1_497' title='bbox 3109 4568 3235 4638; x_wconf 64' lang='lat' dir='ltr'><strong>illm,</strong></span> <span class='ocrx_word' id='word_1_498' title='bbox 3267 4580 3322 4628; x_wconf 86' lang='lat' dir='ltr'><strong>et</strong></span> <span class='ocrx_word' id='word_1_499' title='bbox 3369 4572 3516 4630; x_wconf 88' lang='lat' dir='ltr'><strong>modi</strong></span> 
     </span>
    </p>
   </div>
   <div class='ocr_carea' id='block_1_37' title="bbox 237 4667 3516 4755">
    <p class='ocr_par' dir='ltr' id='par_1_37' title="bbox 237 4667 3516 4755">
     <span class='ocr_line' id='line_1_37' title="bbox 237 4667 3516 4755; baseline 0.005 -31"><span class='ocrx_word' id='word_1_500' title='bbox 237 4668 496 4740; x_wconf 87' lang='lat' dir='ltr'><strong>loquendi</strong></span> <span class='ocrx_word' id='word_1_501' title='bbox 533 4667 864 4738; x_wconf 83' lang='lat' dir='ltr'><strong>frequentes,</strong></span> <span class='ocrx_word' id='word_1_502' title='bbox 895 4682 1034 4737; x_wconf 91' lang='lat' dir='ltr'><strong>quos</strong></span> <span class='ocrx_word' id='word_1_503' title='bbox 1067 4683 1233 4738; x_wconf 87' lang='lat' dir='ltr'><strong>supra</strong></span> <span class='ocrx_word' id='word_1_504' title='bbox 1266 4672 1844 4742; x_wconf 86' lang='lat' dir='ltr'><strong>commemoravimus,</strong></span> <span class='ocrx_word' id='word_1_505' title='bbox 1871 4676 1965 4747; x_wconf 91' lang='lat' dir='ltr'><strong>qni</strong></span> <span class='ocrx_word' id='word_1_506' title='bbox 1998 4688 2239 4750; x_wconf 90' lang='lat' dir='ltr'><strong>tempore</strong></span> <span class='ocrx_word' id='word_1_507' title='bbox 2262 4679 2646 4752; x_wconf 53' lang='lat' dir='ltr'><strong>,Chrysostomi</strong></span> <span class='ocrx_word' id='word_1_508' title='bbox 2671 4684 2759 4739; x_wconf 91' lang='lat' dir='ltr'><strong>vix</strong></span> <span class='ocrx_word' id='word_1_509' title='bbox 2801 4686 2920 4742; x_wconf 90' lang='lat' dir='ltr'><strong>noti</strong></span> <span class='ocrx_word' id='word_1_510' title='bbox 2950 4699 3129 4755; x_wconf 88' lang='lat' dir='ltr'><strong>erant,</strong></span> <span class='ocrx_word' id='word_1_511' title='bbox 3156 4700 3210 4748; x_wconf 90' lang='lat' dir='ltr'><strong>et</strong></span> <span class='ocrx_word' id='word_1_512' title='bbox 3251 4701 3433 4749; x_wconf 85' lang='lat' dir='ltr'><strong>tamen</strong></span> <span class='ocrx_word' id='word_1_513' title='bbox 3460 4694 3516 4749; x_wconf 80' lang='lat' dir='ltr'><strong>in</strong></span> 
     </span>
    </p>
   </div>
   <div class='ocr_carea' id='block_1_38' title="bbox 236 4782 3081 4873">
    <p class='ocr_par' dir='ltr' id='par_1_38' title="bbox 236 4782 3081 4873">
     <span class='ocr_line' id='line_1_38' title="bbox 236 4782 3081 4873; baseline 0.008 -34"><span class='ocrx_word' id='word_1_514' title='bbox 236 4786 346 4839; x_wconf 86' lang='lat' dir='ltr'><strong>hac</strong></span> <span class='ocrx_word' id='word_1_515' title='bbox 376 4782 601 4852; x_wconf 88' lang='lat' dir='ltr'><strong>epistola</strong></span> <span class='ocrx_word' id='word_1_516' title='bbox 629 4782 833 4854; x_wconf 88' lang='lat' dir='ltr'><strong>passim</strong></span> <span class='ocrx_word' id='word_1_517' title='bbox 860 4793 1194 4853; x_wconf 88' lang='lat' dir='ltr'><strong>usurpantur</strong></span> <span class='ocrx_word' id='word_1_518' title='bbox 1215 4785 1405 4839; x_wconf 89' lang='lat' dir='ltr'><strong>eodem</strong></span> <span class='ocrx_word' id='word_1_519' title='bbox 1431 4786 1596 4843; x_wconf 91' lang='lat' dir='ltr'><strong>modo</strong></span> <span class='ocrx_word' id='word_1_520' title='bbox 1634 4804 1745 4859; x_wconf 90' lang='lat' dir='ltr'><strong>quo</strong></span> <span class='ocrx_word' id='word_1_521' title='bbox 1775 4801 1967 4847; x_wconf 88' lang='lat' dir='ltr'><strong>contra</strong></span> <span class='ocrx_word' id='word_1_522' title='bbox 1997 4790 2374 4867; x_wconf 81' lang='lat' dir='ltr'><strong>Eulyehianos</strong></span> <span class='ocrx_word' id='word_1_523' title='bbox 2409 4798 2639 4856; x_wconf 88' lang='lat' dir='ltr'><strong>adhibiti</strong></span> <span class='ocrx_word' id='word_1_524' title='bbox 2679 4811 2868 4873; x_wconf 88' lang='lat' dir='ltr'><strong>postea</strong></span> <span class='ocrx_word' id='word_1_525' title='bbox 2906 4802 3081 4862; x_wconf 79' lang='lat' dir='ltr'><strong>fuere.</strong></span> 
     </span>
    </p>
   </div>
   <div class='ocr_carea' id='block_1_39' title="bbox 313 4917 3518 5008">
    <p class='ocr_par' dir='ltr' id='par_1_39' title="bbox 313 4917 3518 5008">
     <span class='ocr_line' id='line_1_39' title="bbox 313 4917 3518 5008; baseline 0.008 -35"><span class='ocrx_word' id='word_1_526' title='bbox 313 4918 502 4975; x_wconf 79' lang='lat' dir='ltr'><strong>Restat</strong></span> <span class='ocrx_word' id='word_1_527' title='bbox 531 4927 589 4974; x_wconf 92' lang='lat' dir='ltr'><strong>ut</strong></span> <span class='ocrx_word' id='word_1_528' title='bbox 619 4920 684 4975; x_wconf 89' lang='lat' dir='ltr'><strong>de</strong></span> <span class='ocrx_word' id='word_1_529' title='bbox 711 4917 960 4974; x_wconf 89' lang='lat' dir='ltr'><strong>clausula</strong></span> <span class='ocrx_word' id='word_1_530' title='bbox 1008 4918 1097 4972; x_wconf 89' lang='lat' dir='ltr'><strong>illa</strong></span> <span class='ocrx_word' id='word_1_531' title='bbox 1147 4935 1376 4990; x_wconf 83' lang='lat' dir='ltr'><strong>agamus</strong></span> <span class='ocrx_word' id='word_1_532' title='bbox 1406 4921 1553 4978; x_wconf 80' lang='lat' dir='ltr'><strong>circa</strong></span> <span class='ocrx_word' id='word_1_533' title='bbox 1600 4939 1766 4994; x_wconf 88' lang='lat' dir='ltr'><strong>quam</strong></span> <span class='ocrx_word' id='word_1_534' title='bbox 1799 4929 1986 4983; x_wconf 68' lang='lat' dir='ltr'><strong>multa:</strong></span> <span class='ocrx_word' id='word_1_535' title='bbox 2029 4933 2363 5000; x_wconf 73' lang='lat' dir='ltr'><strong>quaestiones</strong></span> <span class='ocrx_word' id='word_1_536' title='bbox 2403 4936 2618 5007; x_wconf 71' lang='lat' dir='ltr'><strong>agitata:</strong></span> <span class='ocrx_word' id='word_1_537' title='bbox 2667 4949 2825 5008; x_wconf 89' lang='lat' dir='ltr'><strong>sunt;</strong></span> <span class='ocrx_word' id='word_1_538' title='bbox 2881 4943 2972 5000; x_wconf 90' lang='lat' dir='ltr'><strong>illa</strong></span> <span class='ocrx_word' id='word_1_539' title='bbox 3016 4959 3148 4999; x_wconf 89' lang='lat' dir='ltr'><strong>vero</strong></span> <span class='ocrx_word' id='word_1_540' title='bbox 3190 4957 3314 5002; x_wconf 89' lang='lat' dir='ltr'><strong>est:</strong></span> <span class='ocrx_word' id='word_1_541' title='bbox 3363 4945 3518 5002; x_wconf 78' lang='lat' dir='ltr'><strong>Sicut</strong></span> 
     </span>
    </p>
   </div>
   <div class='ocr_carea' id='block_1_40' title="bbox 231 5035 3516 5133">
    <p class='ocr_par' dir='ltr' id='par_1_40' title="bbox 231 5035 3516 5133">
     <span class='ocr_line' id='line_1_40' title="bbox 231 5035 3516 5133; baseline 0.009 -41"><span class='ocrx_word' id='word_1_542' title='bbox 231 5037 379 5092; x_wconf 82' lang='lat' dir='ltr'><strong>enim</strong></span> <span class='ocrx_word' id='word_1_543' title='bbox 405 5045 682 5105; x_wconf 80' lang='lat' dir='ltr'><strong>antequam</strong></span> <span class='ocrx_word' id='word_1_544' title='bbox 712 5035 1073 5103; x_wconf 76' lang='lat' dir='ltr'><strong>sattctiﬁcetur</strong></span> <span class='ocrx_word' id='word_1_545' title='bbox 1100 5040 1273 5105; x_wconf 87' lang='lat' dir='ltr'><strong>panis,</strong></span> <span class='ocrx_word' id='word_1_546' title='bbox 1308 5055 1495 5107; x_wconf 83' lang='lat' dir='ltr'><strong>panem</strong></span> <span class='ocrx_word' id='word_1_547' title='bbox 1523 5044 1856 5099; x_wconf 86' lang='lat' dir='ltr'><strong>nominamus</strong></span> <span class='ocrx_word' id='word_1_548' title='bbox 1888 5061 1906 5099; x_wconf 90' lang='lat'><strong><em>:</em></strong></span> <span class='ocrx_word' id='word_1_549' title='bbox 1954 5048 2134 5104; x_wconf 81' lang='lat' dir='ltr'><strong>divina</strong></span> <span class='ocrx_word' id='word_1_550' title='bbox 2185 5061 2367 5106; x_wconf 85' lang='lat' dir='ltr'><strong>autem</strong></span> <span class='ocrx_word' id='word_1_551' title='bbox 2412 5054 2566 5109; x_wconf 87' lang='lat' dir='ltr'><strong>illum</strong></span> <span class='ocrx_word' id='word_1_552' title='bbox 2613 5059 2985 5130; x_wconf 81' lang='lat' dir='ltr'><strong>sanctiﬁcante</strong></span> <span class='ocrx_word' id='word_1_553' title='bbox 3009 5064 3208 5133; x_wconf 87' lang='lat' dir='ltr'><strong>gratia,</strong></span> <span class='ocrx_word' id='word_1_554' title='bbox 3250 5066 3516 5120; x_wconf 85' lang='lat' dir='ltr'><strong>mediante</strong></span> 
     </span>
    </p>
   </div>
   <div class='ocr_carea' id='block_1_41' title="bbox 233 5155 3511 5257">
    <p class='ocr_par' dir='ltr' id='par_1_41' title="bbox 233 5155 3511 5257">
     <span class='ocr_line' id='line_1_41' title="bbox 233 5155 3511 5257; baseline 0.01 -46"><span class='ocrx_word' id='word_1_555' title='bbox 233 5155 528 5220; x_wconf 86' lang='lat' dir='ltr'><strong>sacerdote,</strong></span> <span class='ocrx_word' id='word_1_556' title='bbox 566 5157 815 5212; x_wconf 85' lang='lat' dir='ltr'><strong>liberatus</strong></span> <span class='ocrx_word' id='word_1_557' title='bbox 845 5158 1156 5227; x_wconf 79' lang='lat' dir='ltr'><strong>estquidem</strong></span> <span class='ocrx_word' id='word_1_558' title='bbox 1185 5158 1248 5211; x_wconf 89' lang='lat' dir='ltr'><strong>ab</strong></span> <span class='ocrx_word' id='word_1_559' title='bbox 1273 5161 1623 5230; x_wconf 82' lang='lat' dir='ltr'><strong>appellatione</strong></span> <span class='ocrx_word' id='word_1_560' title='bbox 1644 5167 1830 5233; x_wconf 85' lang='lat' dir='ltr'><strong>panis;</strong></span> <span class='ocrx_word' id='word_1_561' title='bbox 1868 5170 2062 5239; x_wconf 86' lang='lat' dir='ltr'><strong>dignus</strong></span> <span class='ocrx_word' id='word_1_562' title='bbox 2093 5182 2268 5227; x_wconf 86' lang='lat' dir='ltr'><strong>autent</strong></span> <span class='ocrx_word' id='word_1_563' title='bbox 2305 5175 2519 5232; x_wconf 81' lang='lat' dir='ltr'><strong>habitus</strong></span> <span class='ocrx_word' id='word_1_564' title='bbox 2553 5178 2820 5236; x_wconf 89' lang='lat' dir='ltr'><strong>Dominici</strong></span> <span class='ocrx_word' id='word_1_565' title='bbox 2859 5185 3095 5252; x_wconf 84' lang='lat' dir='ltr'><strong>corporis</strong></span> <span class='ocrx_word' id='word_1_566' title='bbox 3139 5188 3511 5257; x_wconf 81' lang='lat' dir='ltr'><strong>appellatione,</strong></span> 
     </span>
    </p>
   </div>
   <div class='ocr_carea' id='block_1_42' title="bbox 234 5269 3516 5364">
    <p class='ocr_par' dir='ltr' id='par_1_42' title="bbox 234 5269 3516 5364">
     <span class='ocr_line' id='line_1_42' title="bbox 234 5269 3516 5364; baseline 0.007 -41"><span class='ocrx_word' id='word_1_567' title='bbox 234 5269 445 5323; x_wconf 79' lang='lat' dir='ltr'><strong>etiamsi</strong></span> <span class='ocrx_word' id='word_1_568' title='bbox 472 5280 661 5322; x_wconf 91' lang='lat' dir='ltr'><strong>natura</strong></span> <span class='ocrx_word' id='word_1_569' title='bbox 687 5270 839 5339; x_wconf 89' lang='lat' dir='ltr'><strong>panis</strong></span> <span class='ocrx_word' id='word_1_570' title='bbox 875 5269 932 5323; x_wconf 85' lang='lat' dir='ltr'><strong>in</strong></span> <span class='ocrx_word' id='word_1_571' title='bbox 962 5269 1073 5337; x_wconf 84' lang='lat' dir='ltr'><strong>ipso</strong></span> <span class='ocrx_word' id='word_1_572' title='bbox 1104 5273 1418 5338; x_wconf 86' lang='lat' dir='ltr'><strong>permansit,</strong></span> <span class='ocrx_word' id='word_1_573' title='bbox 1442 5281 1490 5326; x_wconf 88' lang='lat' dir='ltr'><strong>et</strong></span> <span class='ocrx_word' id='word_1_574' title='bbox 1519 5290 1620 5327; x_wconf 89' lang='lat' dir='ltr'><strong>non</strong></span> <span class='ocrx_word' id='word_1_575' title='bbox 1655 5275 1759 5331; x_wconf 87' lang='lat' dir='ltr'><strong>duo</strong></span> <span class='ocrx_word' id='word_1_576' title='bbox 1790 5294 2037 5349; x_wconf 88' lang='lat' dir='ltr'><strong>corpora,</strong></span> <span class='ocrx_word' id='word_1_577' title='bbox 2070 5284 2162 5337; x_wconf 86' lang='lat' dir='ltr'><strong>sed</strong></span> <span class='ocrx_word' id='word_1_578' title='bbox 2197 5303 2357 5340; x_wconf 88' lang='lat' dir='ltr'><strong>unum</strong></span> <span class='ocrx_word' id='word_1_579' title='bbox 2389 5306 2579 5359; x_wconf 86' lang='lat' dir='ltr'><strong>corpus</strong></span> <span class='ocrx_word' id='word_1_580' title='bbox 2624 5289 2758 5348; x_wconf 83' lang='lat' dir='ltr'><strong>Filii</strong></span> <span class='ocrx_word' id='word_1_581' title='bbox 2795 5295 3148 5364; x_wconf 75' lang='lat' dir='ltr'><strong>prwdicamus</strong></span> <span class='ocrx_word' id='word_1_582' title='bbox 3169 5312 3190 5352; x_wconf 92' lang='lat'><strong><em>:</em></strong></span> <span class='ocrx_word' id='word_1_583' title='bbox 3224 5301 3301 5354; x_wconf 77' lang='lat' dir='ltr'><strong>sic</strong></span> <span class='ocrx_word' id='word_1_584' title='bbox 3343 5311 3394 5356; x_wconf 73' lang='grc' dir='ltr'><strong>ετ</strong></span> <span class='ocrx_word' id='word_1_585' title='bbox 3431 5303 3516 5358; x_wconf 57' lang='lat' dir='ltr'><strong>hic</strong></span> 
     </span>
    </p>
   </div>
   <div class='ocr_carea' id='block_1_43' title="bbox 235 5387 3519 5505">
    <p class='ocr_par' dir='ltr' id='par_1_43' title="bbox 235 5387 3519 5505">
     <span class='ocr_line' id='line_1_43' title="bbox 235 5387 3519 5505; baseline -0.002 -65"><span class='ocrx_word' id='word_1_586' title='bbox 235 5387 419 5440; x_wconf 82' lang='lat' dir='ltr'><strong>divina</strong></span> <span class='ocrx_word' id='word_1_587' title='bbox 446 5387 702 5440; x_wconf 78' lang='lat' dir='ltr'><strong>insidente</strong></span> <span class='ocrx_word' id='word_1_588' title='bbox 729 5391 936 5456; x_wconf 87' lang='lat' dir='ltr'><strong>corpori</strong></span> <span class='ocrx_word' id='word_1_589' title='bbox 965 5399 1184 5455; x_wconf 80' lang='lat' dir='ltr'><strong>natura,</strong></span> <span class='ocrx_word' id='word_1_590' title='bbox 1215 5406 1376 5444; x_wconf 87' lang='lat' dir='ltr'><strong>unum</strong></span> <span class='ocrx_word' id='word_1_591' title='bbox 1413 5391 1642 5460; x_wconf 85' lang='lat' dir='ltr'><strong>Filium,</strong></span> <span class='ocrx_word' id='word_1_592' title='bbox 1687 5414 1847 5452; x_wconf 86' lang='lat' dir='ltr'><strong>unam</strong></span> <span class='ocrx_word' id='word_1_593' title='bbox 1900 5418 2182 5470; x_wconf 72' lang='grc' dir='ltr'><strong>ρει-εοηαηι</strong></span> <span class='ocrx_word' id='word_1_594' title='bbox 2219 5417 2502 5481; x_wconf 48' lang='lat' dir='ltr'><strong>utrumque</strong></span> <span class='ocrx_word' id='word_1_595' title='bbox 2542 5416 2837 5483; x_wconf 52' lang='lat' dir='ltr'><strong>comma“.</strong></span> <span class='ocrx_word' id='word_1_596' title='bbox 2874 5420 3142 5491; x_wconf 48' lang='lat' dir='ltr'><strong>cognimm</strong></span> <span class='ocrx_word' id='word_1_597' title='bbox 3177 5427 3288 5480; x_wconf 52' lang='lat' dir='ltr'><strong><em>sine</em></strong></span> <span class='ocrx_word' id='word_1_598' title='bbox 3332 5430 3519 5505; x_wconf 60' lang='lat' dir='ltr'><strong>conru-</strong></span> 
     </span>
    </p>
   </div>
   <div class='ocr_carea' id='block_1_44' title="bbox 233 5503 3516 5598">
    <p class='ocr_par' dir='ltr' id='par_1_44' title="bbox 233 5503 3516 5598">
     <span class='ocr_line' id='line_1_44' title="bbox 233 5503 3516 5598; baseline 0.011 -41"><span class='ocrx_word' id='word_1_599' title='bbox 233 5504 404 5567; x_wconf 84' lang='lat' dir='ltr'><strong>sione,</strong></span> <span class='ocrx_word' id='word_1_600' title='bbox 434 5503 743 5558; x_wconf 81' lang='lat' dir='ltr'><strong>indivisibili</strong></span> <span class='ocrx_word' id='word_1_601' title='bbox 770 5506 995 5571; x_wconf 78' lang='lat' dir='ltr'><strong>ratione,</strong></span> <span class='ocrx_word' id='word_1_602' title='bbox 1023 5521 1134 5559; x_wconf 83' lang='lat' dir='ltr'><strong>non</strong></span> <span class='ocrx_word' id='word_1_603' title='bbox 1161 5506 1213 5558; x_wconf 91' lang='lat' dir='ltr'><strong>in</strong></span> <span class='ocrx_word' id='word_1_604' title='bbox 1243 5521 1347 5559; x_wconf 90' lang='lat' dir='ltr'><strong>una</strong></span> <span class='ocrx_word' id='word_1_605' title='bbox 1379 5509 1547 5562; x_wconf 87' lang='lat' dir='ltr'><strong>solum</strong></span> <span class='ocrx_word' id='word_1_606' title='bbox 1587 5522 1807 5576; x_wconf 87' lang='lat' dir='ltr'><strong>natura,</strong></span> <span class='ocrx_word' id='word_1_607' title='bbox 1830 5513 1919 5568; x_wconf 82' lang='lat' dir='ltr'><strong>sed</strong></span> <span class='ocrx_word' id='word_1_608' title='bbox 1957 5516 2010 5570; x_wconf 88' lang='lat' dir='ltr'><strong>in</strong></span> <span class='ocrx_word' id='word_1_609' title='bbox 2056 5521 2262 5576; x_wconf 86' lang='lat' dir='ltr'><strong>duabus</strong></span> <span class='ocrx_word' id='word_1_610' title='bbox 2301 5526 2571 5596; x_wconf 79' lang='lat' dir='ltr'><strong>perfectis.</strong></span> <span class='ocrx_word' id='word_1_611' title='bbox 2621 5528 2762 5586; x_wconf 88' lang='lat' dir='ltr'><strong>llinc</strong></span> <span class='ocrx_word' id='word_1_612' title='bbox 2819 5532 3134 5594; x_wconf 75' lang='lat' dir='ltr'><strong>heterodoxi</strong></span> <span class='ocrx_word' id='word_1_613' title='bbox 3187 5503 3516 5598; x_wconf 87' lang='lat' dir='ltr'><strong>acerrimum</strong></span> 
     </span>
    </p>
   </div>
   <div class='ocr_carea' id='block_1_45' title="bbox 233 5621 3518 5734">
    <p class='ocr_par' dir='ltr' id='par_1_45' title="bbox 233 5621 3518 5734">
     <span class='ocr_line' id='line_1_45' title="bbox 233 5621 3518 5734; baseline 0.013 -56"><span class='ocrx_word' id='word_1_614' title='bbox 233 5630 430 5678; x_wconf 84' lang='lat' dir='ltr'><strong>contra</strong></span> <span class='ocrx_word' id='word_1_615' title='bbox 464 5621 620 5677; x_wconf 87' lang='lat' dir='ltr'><strong>tidem</strong></span> <span class='ocrx_word' id='word_1_616' title='bbox 657 5624 979 5680; x_wconf 86' lang='lat' dir='ltr'><strong>catholicam</strong></span> <span class='ocrx_word' id='word_1_617' title='bbox 1013 5624 1182 5681; x_wconf 87' lang='lat' dir='ltr'><strong>telum</strong></span> <span class='ocrx_word' id='word_1_618' title='bbox 1215 5640 1275 5679; x_wconf 82' lang='lat' dir='ltr'><strong>se</strong></span> <span class='ocrx_word' id='word_1_619' title='bbox 1328 5632 1565 5685; x_wconf 78' lang='lat' dir='ltr'><strong>mutuari</strong></span> <span class='ocrx_word' id='word_1_620' title='bbox 1604 5649 1764 5702; x_wconf 84' lang='lat' dir='ltr'><strong>posse</strong></span> <span class='ocrx_word' id='word_1_621' title='bbox 1814 5642 1939 5709; x_wconf 87' lang='lat' dir='ltr'><strong>rati,</strong></span> <span class='ocrx_word' id='word_1_622' title='bbox 1971 5645 2274 5700; x_wconf 88' lang='lat' dir='ltr'><strong>secundum</strong></span> <span class='ocrx_word' id='word_1_623' title='bbox 2329 5645 2493 5716; x_wconf 90' lang='lat' dir='ltr'><strong>hujus</strong></span> <span class='ocrx_word' id='word_1_624' title='bbox 2545 5652 2831 5723; x_wconf 86' lang='lat' dir='ltr'><strong>scriptoris</strong></span> <span class='ocrx_word' id='word_1_625' title='bbox 2873 5667 3110 5716; x_wconf 88' lang='lat' dir='ltr'><strong>mentem</strong></span> <span class='ocrx_word' id='word_1_626' title='bbox 3148 5662 3356 5734; x_wconf 87' lang='lat' dir='ltr'><strong>absque</strong></span> <span class='ocrx_word' id='word_1_627' title='bbox 3410 5664 3518 5719; x_wconf 87' lang='lat' dir='ltr'><strong>ulla</strong></span> 
     </span>
    </p>
   </div>
   <div class='ocr_carea' id='block_1_46' title="bbox 237 5738 3520 5850">
    <p class='ocr_par' dir='ltr' id='par_1_46' title="bbox 237 5738 3520 5850">
     <span class='ocr_line' id='line_1_46' title="bbox 237 5738 3520 5850; baseline 0.011 -52"><span class='ocrx_word' id='word_1_628' title='bbox 237 5740 544 5798; x_wconf 88' lang='lat' dir='ltr'><strong>mutatione</strong></span> <span class='ocrx_word' id='word_1_629' title='bbox 576 5743 894 5799; x_wconf 78' lang='lat' dir='ltr'><strong>substantia:</strong></span> <span class='ocrx_word' id='word_1_630' title='bbox 919 5744 1098 5814; x_wconf 86' lang='lat' dir='ltr'><strong>panis,</strong></span> <span class='ocrx_word' id='word_1_631' title='bbox 1133 5738 1539 5803; x_wconf 67' lang='lat' dir='ltr'><strong>i&#39;JItcharistialu</strong></span> <span class='ocrx_word' id='word_1_632' title='bbox 1572 5755 1765 5809; x_wconf 82' lang='lat' dir='ltr'><strong>conﬁci</strong></span> <span class='ocrx_word' id='word_1_633' title='bbox 1804 5768 2045 5827; x_wconf 72' lang='lat' dir='ltr'><strong>pllgllillll</strong></span> <span class='ocrx_word' id='word_1_634' title='bbox 2077 5779 2087 5812; x_wconf 85' lang='lat'><em>:</em></span> <span class='ocrx_word' id='word_1_635' title='bbox 2140 5760 2232 5816; x_wconf 77' lang='lat' dir='ltr'><strong>alii</strong></span> <span class='ocrx_word' id='word_1_636' title='bbox 2287 5761 2515 5821; x_wconf 87' lang='lat' dir='ltr'><strong>ulterius</strong></span> <span class='ocrx_word' id='word_1_637' title='bbox 2561 5770 2868 5841; x_wconf 83' lang='lat' dir='ltr'><strong>progressi,</strong></span> <span class='ocrx_word' id='word_1_638' title='bbox 2907 5789 3100 5844; x_wconf 87' lang='lat' dir='ltr'><strong>panem</strong></span> <span class='ocrx_word' id='word_1_639' title='bbox 3155 5778 3520 5850; x_wconf 81' lang='lat' dir='ltr'><strong>appellatione</strong></span> 
     </span>
    </p>
   </div>
  </div>
