4152 6490
657 406 762 464 785
1352 406 1409 463 S.
1445 402 1724 462 JOANNIS
1760 404 2251 464 CHRYSOSTOHI
2287 405 2605 463 ARCHIEP.
2643 405 3188 467 CONSTANTINOP.
3801 404 3900 462 ⁷54

651 552 768 605 sola
792 549 1061 607 Dominici
1089 551 1359 623 corporis,
1386 566 1495 608 non
1517 554 1804 624 presentis
1826 554 2105 625 dignatam
2129 568 2252 609 esse
2273 552 2630 609 contendunt.
2674 553 2810 610 Illud
2854 568 3034 612 autem
3073 557 3234 628 quasi
3273 564 3484 613 eertum
3530 553 3903 623 exploratum-

652 682 759 739 que
793 667 1015 734 habent,
1054 666 1194 724 hanc
1217 668 1503 739 epistolam
1527 684 1655 726 vere
1673 669 1904 726 Joannis
1930 671 2307 743 Chrysostomi
2361 687 2505 729 esse.
2561 671 2666 728 Sed
2712 690 2834 730 cum
2887 677 3104 731 abunde
3150 691 3315 744 supra
3370 674 3663 746 probatum
3722 672 3899 736 fuerit,

656 793 796 847 hanc
830 793 1114 864 epistolam
1145 809 1253 848 non
1279 807 1401 848 esse
1421 790 1822 862 Chrysostomi,
1853 793 2068 849 etiamsi
2101 793 2232 862 quid
2259 808 2325 849 ex
2360 793 2530 862 ignoti
2568 795 2855 865 scriptoris
2889 797 3050 851 dictis
3093 797 3145 850 in
3175 809 3364 852 eorum
3399 795 3631 866 gratiam
3662 807 3904 861 emerge-

654 921 758 976 nrt,
789 911 933 983 quod
963 921 1142 966 tamen
1166 910 1325 981 longe
1353 910 1524 975 abest,
1561 909 1766 964 nullam
1793 910 1919 966 hinc
1949 911 2186 964 mutuari
2217 920 2440 980 possent
2484 911 2892 975 auctoritatem,
2929 927 3052 966 cum
3087 926 3186 965 nec
3226 910 3350 980 quis
3383 909 3472 964 ille
3520 907 3760 976 scriptor
3790 904 3900 957 fuc-

655 1033 745 1097 rit,
781 1048 879 1088 nec
905 1049 974 1088 an
1008 1031 1332 1096 catholicus,
1366 1030 1799 1087 heterodoxusve
1824 1029 1991 1085 luerit
2019 1028 2350 1099 deprehendi
2383 1029 2594 1100 possit;
2632 1029 2744 1084 imo
2772 1043 2900 1084 vero
2934 1044 2997 1084 ex
3037 1028 3106 1083 iis
3136 1042 3258 1097 quae
3280 1027 3348 1082 de
3379 1024 3600 1082 deitatis
3632 1022 3900 1094 passibili-

658 1156 765 1202 tate
793 1145 948 1212 dixit,
982 1144 1230 1200 nonnihil
1258 1144 1501 1199 adversae
1525 1152 1783 1200 nascatur
1807 1142 2160 1213 suspicionis.
2203 1141 2406 1198 Verum
2435 1143 2686 1213 quisquis
2715 1142 2804 1198 ille
2832 1143 2924 1206 sit,
2954 1143 3067 1212 jam
3117 1142 3295 1196 locum
3335 1139 3715 1209 dispiciamus,
3741 1151 3901 1192 exeu-

659 1267 968 1334 tiamasque
988 1265 1165 1334 primo
1185 1277 1290 1334 qua
1323 1268 1441 1316 arte
1470 1261 1647 1316 locum
1672 1259 1937 1329 ejusmodi
1969 1259 2034 1314 ad
2070 1259 2415 1328 prasentiam
2441 1257 2644 1314 Christi
2690 1258 2744 1312 in
2788 1257 3131 1313 Eucharistia
3179 1256 3478 1328 uegandam
3522 1255 3898 1325 detorqueant.

657 1384 778 1451 Hic,
809 1383 1081 1455 inquiunt.
1113 1380 1270 1452 panis
1293 1380 1491 1452 dignus
1514 1379 1733 1435 habitus
1760 1393 1884 1435 esse
1905 1378 2107 1434 dicitur
2139 1375 2406 1430 Dominici
2443 1377 2692 1446 corporis
2717 1373 3078 1445 appellatione
3110 1388 3123 1423 :
3167 1371 3308 1425 unde
3348 1371 3619 1440 sequitur,
3658 1371 3776 1424 solo
3807 1385 3903 1424 uo-

659 1504 802 1558 mine
831 1515 1025 1575 panem
1058 1500 1112 1555 in
1148 1497 1484 1554 Eucharistia
1506 1495 1848 1551 Dominicum
1873 1493 2130 1566 appellari
2155 1509 2354 1565 corpus
2382 1511 2394 1548 ε
2428 1492 2495 1547 ad
2531 1490 2660 1562 quid
2689 1491 2834 1546 enim
2868 1504 3063 1560 panem
3106 1487 3325 1556 dignum
3360 1486 3604 1542 habitum
3639 1486 3898 1542 Dominici

659 1619 904 1690 corporis
933 1615 1294 1688 appellatione
1323 1614 1542 1678 dixerit,
1581 1613 1624 1668 si
1656 1627 1780 1666 vere
1814 1611 1952 1666 adsit
1984 1608 2326 1666 Dominicum
2376 1609 2614 1680 corpus?
2657 1607 2764 1663 Sed
2811 1622 3073 1678 quorsum
3121 1606 3225 1660 illa:
3270 1605 3642 1670 circuitiones,
3693 1603 3903 1674 quando

660 1737 805 1792 clare
832 1733 1067 1804 scriptor
1099 1733 1198 1787 iste
1227 1731 1302 1784 ait
1327 1739 1574 1784 naturam
1608 1728 1766 1798 panis
1798 1738 1852 1783 et
1874 1727 2216 1782 Dominicum
2245 1739 2466 1795 corpus,
2496 1739 2604 1778 non
2634 1721 2746 1776 duo
2775 1736 3028 1792 corpora,
3057 1720 3151 1776 sed
3187 1735 3351 1775 unum
3387 1733 3590 1789 corpus
3624 1715 3746 1770 Filii
3776 1732 3903 1787 pr:-

660 1855 1073 1914 dicari?annon
1098 1852 1225 1906 hinc
1256 1849 1481 1904 omnino
1509 1848 1861 1918 consequitur
1912 1861 2110 1915 corpus
2145 1843 2266 1898 Filii
2301 1856 2428 1898 vere
2458 1843 2510 1896 in
2555 1839 2897 1895 Eucharistia
2943 1838 3174 1892 haberi?
3210 1853 3390 1891 annon
3440 1837 3532 1891 illa
3573 1839 3906 1908 comparatio

663 1969 886 2026 unitatis
918 1979 1120 2024 naturae
1145 1967 1292 2042 [740]
1325 1969 1480 2039 panis
1504 1977 1556 2022 et
1584 1966 1830 2036 corporis
1857 1965 2126 2020 Dominici
2163 1978 2287 2018 cum
2339 1972 2532 2017 natura
2578 1959 2759 2014 divina
2805 1966 2860 2013 et
2909 1958 3169 2018 humana.
3213 1972 3378 2011 unum
3425 1956 3633 2024 Filium
3669 1967 3723 2012 et
3753 1973 3905 2013 uuam

663 2102 949 2159 personam
978 2084 1262 2151 efﬁciente,
1296 2085 1520 2141 omnino
1546 2083 1719 2138 futilis
1744 2082 1869 2143 erit,
1900 2080 1947 2136 si
1973 2094 2174 2149 corpus
2200 2076 2404 2133 Christi
2426 2090 2531 2130 non
2565 2074 2635 2130 sit
2671 2088 2800 2130 vere
2839 2073 2895 2128 in
2926 2071 3318 2128 Eucharistia‘l
3359 2071 3519 2126 Aliud
3571 2074 3738 2128 telum
3783 2089 3908 2128 con-

664 2211 940 2276 torquent,
974 2204 1300 2273 graviusque
1325 2203 1550 2264 instant,
1579 2217 1642 2257 ac
1685 2198 2351 2256 transsnbstantiationem
2404 2195 2493 2250 hic
2541 2202 2726 2265 aperte
2772 2193 2957 2264 impeti
3001 2202 3263 2263 pugnant.
3307 2191 3464 2257 Nam,
3510 2195 3786 2265 inquiunt,
3819 2197 3899 2252 hic

667 2325 967 2380 luculenter
989 2323 1186 2378 dicitur
1208 2337 1402 2392 panem
1436 2321 1490 2376 in
1528 2320 1872 2375 Eucharistia
1924 2329 2049 2391 post
2097 2315 2582 2372 sanctitlcationem
2632 2328 2951 2377 remanere,
3000 2314 3164 2384 idque
3218 2314 3304 2370 his
3356 2316 3536 2373 verbis
3585 2318 3909 2384 declaratur,

669 2443 900 2499 Etiamsi
925 2453 1117 2496 natura
1138 2440 1290 2510 panis
1313 2439 1366 2492 in
1395 2439 1505 2507 ipso
1526 2439 1834 2507 permansit,
1865 2449 2038 2491 etnon
2071 2436 2175 2488 duo
2199 2449 2440 2502 corpora,
2470 2433 2559 2486 sed
2602 2448 2761 2486 unum
2794 2448 2980 2501 corpus
3014 2429 3143 2486 Filii
3181 2436 3553 2502 prwdicamus.
3582 2436 3801 2505 Verum,
3853 2450 3915 2496 ut

669 2565 855 2622 multis
877 2563 1140 2634 exemplis
1163 2560 1356 2632 probat
1397 2558 1731 2626 Harduinus,
1770 2567 1962 2613 natura
1988 2565 2041 2612 et
2072 2554 2230 2609 οὐσία.
2262 2554 2566 2625 cuiuspiam
2597 2557 2674 2611 rei
2699 2572 2842 2626 saepe
2865 2555 3009 2626 apud
3041 2554 3228 2613 Patres
3261 2559 3531 2634 significat
3557 2567 3910 2634 proprietates

668 2683 946 2740 naturales
975 2681 1051 2736 rei
1075 2681 1316 2752 ejusdem
1345 2698 1359 2745 ;
1384 2689 1439 2733 at
1467 2679 1555 2733 hic
1583 2678 1942 2749 proprietates
1973 2691 2163 2730 omnes
2192 2676 2475 2731 naturales
2504 2675 2664 2747 panis
2692 2687 3032 2745 permanent,
3065 2689 3120 2734 et
3148 2680 3412 2750 quidquid
3439 2681 3493 2735 in
3529 2699 3667 2752 pane
3695 2701 3907 2740 sensum

671 2819 872 2875 movet,
897 2817 1174 2878 aspectum
1205 2805 1434 2869 scilicet,
1461 2812 1661 2858 tactum
1687 2814 1740 2857 et
1770 2811 1984 2872 gustum
2010 2818 2025 2866 ;
2054 2815 2180 2856 nam
2210 2799 2262 2855 id
2312 2798 2490 2854 solum
2534 2798 2587 2852 in
2626 2808 2818 2854 natura
2866 2799 3132 2870 cujusque
3177 2801 3252 2855 rei
3298 2802 3516 2857 sensilis
3559 2806 3906 2876 percipimus-

673 2928 745 2981 ita
776 2934 837 2979 ut
861 2932 1055 2978 natura
1084 2921 1241 2992 panis
1265 2920 1353 2975 hic
1380 2928 1488 2974 tota
1516 2917 1902 2988 perspiciatur,
1928 2917 2056 2972 licet
2083 2915 2203 2986 ejus
2232 2915 2458 2970 materia
2489 2924 2544 2970 et
2574 2915 2880 2970 substantia
2918 2916 2971 2970 in
3001 2931 3197 2987 corpus
3225 2916 3429 2973 Christi
3483 2929 3690 2975 mutata
3741 2923 3910 2977 fuerit.

672 3044 930 3100 Naturam
955 3052 1099 3098 certe
1130 3041 1282 3112 panis
1313 3039 1391 3095 sic
1422 3036 1756 3093 intellexisse
1786 3036 2027 3106 oportuit
2058 3034 2204 3090 hunc
2229 3033 2572 3105 scriptorem,
2619 3037 2872 3107 quisquis
2917 3037 3134 3092 tandem
3179 3038 3267 3094 ille
3315 3038 3478 3096 fuerit
3514 3061 3527 3096 :
3568 3058 3691 3097 nam
3735 3060 3914 3115 panem

675 3169 728 3222 in
760 3183 960 3238 corpus
984 3165 1189 3221 Christi
1222 3164 1420 3220 mutari
1453 3173 1582 3219 tunc
1613 3162 1667 3216 in
1693 3160 1934 3217 Ecclesia
1962 3160 2147 3217 Graeca
2180 3162 2344 3233 vulgo
2370 3162 2672 3228 dicebatur,
2701 3179 2808 3234 qua
2845 3167 3146 3221 mutatione
3185 3163 3326 3220 facta
3378 3175 3506 3220 tunc
3554 3182 3660 3221 non
3694 3169 3916 3239 amplius

673 3284 980 3340 substantia
1003 3285 1158 3356 panis
1181 3287 1233 3340 in
1265 3282 1608 3338 Eucharistia
1630 3289 1768 3338 erat.
1806 3279 1898 3335 Sic
1945 3290 2126 3335 autem
2172 3280 2553 3350 explicandum
2596 3282 2740 3336 hunc
2776 3282 3094 3352 scriptorem
3135 3300 3258 3339 esse
3303 3284 3565 3354 probatur
3604 3299 3669 3337 ex
3716 3283 3914 3338 Joanne

678 3410 1035 3476 Damasceno,
1063 3413 1154 3483 qui
1184 3412 1324 3466 hanc
1345 3409 1626 3480 epistolam
1656 3407 1888 3478 legebat,
1935 3421 2164 3476 eamque
2204 3421 2301 3476 pro
2325 3404 2551 3461 Joannis
2574 3405 2950 3477 Chrysostomi
2991 3407 3100 3462 l'etu
3129 3408 3381 3471 habebat,
3409 3410 3614 3480 quique
3653 3411 3770 3479 ejus
3802 3426 3917 3479 par-

679 3543 784 3589 tem
819 3548 925 3587 non
955 3530 1235 3585 minimam
1266 3529 1468 3584 retulit.
1495 3528 1613 3599 Ipse
1646 3527 1846 3597 quippe
1873 3523 2113 3581 Joannes
2141 3525 2507 3581 Damascenus
2546 3526 2614 3582 de
2655 3526 2972 3583 Orthodoxa
3030 3529 3133 3584 [ide
3175 3530 3316 3586 libro
3363 3543 3561 3601 quarto
3613 3549 3668 3602 p.
3705 3532 3806 3586 270
3850 3532 3920 3586 sic

678 3652 837 3707 habet
871 3670 884 3705 :
919 3651 1128 3720 Ὠσπερ
1164 3648 1410 3716 φυσικῶς
1438 3648 1524 3700 διὰ
1555 3650 1652 3717 τῆς
1689 3646 1944 3716 βρώσεως
1974 3648 2002 3699 ὁ
2032 3646 2216 3716 ἄρτος,
2249 3644 2342 3699 καὶ
2373 3645 2402 3696 ὀ
2431 3641 2576 3709 οἶνος
2614 3648 2708 3699 καὶ
2737 3647 2796 3700 τὸ
2829 3647 2971 3718 ὕδωρ
3003 3649 3092 3700 διὰ
3123 3651 3222 3718 τῆς
3269 3651 3481 3715 πόσεως
3517 3653 3598 3714 είς
3646 3652 3798 3722 σῶμα
3836 3662 3922 3710 καὶ

675 3763 814 3837 αἷμα.
842 3765 934 3820 τοῦ
967 3764 1235 3826 ἐσθίοντος
1272 3764 1362 3816 καὶ
1394 3763 1638 3824 πίνοντος
1657 3760 2104 3831 μταόάλλονται,
2128 3759 2222 3812 καὶ
2251 3759 2312 3811 οὐ
2338 3758 2579 3822 γίνονται
2601 3759 2788 3830 ἕτερον
2813 3761 2972 3830 σῶμα
2998 3760 3149 3830 παρὰ
3184 3762 3244 3813 τὸ
3265 3761 3528 3833 πρότερον
3556 3764 3720 3816 αὑτοῦ
3751 3763 3916 3831 σῶμα.

675 3879 844 3940 οὕτως
862 3882 890 3933 ὁ
912 3881 1010 3950 τῆς
1035 3880 1344 3951 προθέσεως
1368 3880 1549 3948 ἄρτος.
1571 3874 1708 3938 οἶνός
1733 3893 1790 3928 τε
1819 3856 1912 3929 κᾶὶ
1943 3875 2108 3944 ὕδωρ,
2140 3873 2228 3926 διὰ
2255 3874 2355 3941 τῆς
2385 3873 2718 3944 ἐπικλήσεως
2744 3875 2835 3928 καὶ
2865 3875 3263 3945 ἑπιφοιτήσεως
3297 3873 3390 3928 τοῦ
3416 3876 3572 3944 ἁγίου
3597 3877 3918 3943 Πνεύματος,

679 3991 970 4062 ὑπερφυῶς
1006 3992 1425 4062 μεταποιοῦνται
1477 3993 1556 4054 είς
1609 3991 1668 4044 τὸ
1713 3991 1872 4062 σῶμα
1920 3990 2013 4042 τοῦ
2065 3987 2298 4058 Χριστοῦ
2335 3989 2428 4041 καὶ
2457 3990 2516 4041 τὸ
2563 3984 2724 4060 αἷμα..
2753 3991 2846 4042 καὶ
2892 3991 2992 4043 οὐκ
3030 3989 3135 4043 εἰσὶ
3160 3991 3274 4055 δύο,
3307 3993 3424 4044 ἀλλ’
3454 3993 3510 4043 ἒν
3541 3994 3636 4045 καὶ
3666 3994 3727 4045 τὺ
3755 3993 3879 4044 αὑτό
3909 4012 3918 4044 ;

679 4106 1137 4172 Quemadmodum
1168 4105 1489 4159 naturaliter
1527 4105 1676 4173 panis
1705 4120 1796 4172 per
1827 4105 2217 4167 romestionem,
2250 4105 2526 4176 vinumque
2551 4115 2599 4160 et
2640 4123 2777 4175 aqua
2807 4123 2897 4176 per
2928 4109 3210 4174 potionem,
3240 4109 3292 4161 in
3321 4125 3510 4177 corpus
3540 4119 3588 4162 et
3622 4111 3919 4179 sanguine":

679 4225 991 4280 romedentis
1025 4233 1074 4278 et
1112 4224 1334 4277 bibentis
1371 4232 1820 4286 transmutantur,
1853 4237 1944 4274 nec
1974 4239 2161 4290 corpus
2191 4223 2324 4291 ﬁunt
2361 4223 2507 4275 aliud
2541 4240 2573 4276 a
2614 4235 2828 4292 corpore
2857 4224 2971 4294 ejus
3005 4225 3142 4294 quod
3174 4225 3320 4294 prius
3351 4226 3591 4279 exstabat
3622 4240 3641 4278 :
3671 4225 3744 4278 sic
3767 4224 3908 4291 panis

679 4341 767 4410 qui
792 4343 845 4394 tn
872 4340 1106 4410 pret/tesi
1138 4349 1471 4409 preparatus
1509 4337 1633 4407 fuit,
1669 4338 1842 4390 vinum
1871 4339 1996 4392 item
2028 4349 2076 4392 et
2114 4355 2253 4408 aqua
2275 4354 2365 4402 per
2403 4341 2781 4393 invocationem
2813 4350 2860 4393 et
2893 4341 3178 4395 adventum
3210 4337 3442 4408 Spiritus
3474 4340 3648 4394 sancti
3678 4355 3919 4406 superna-

683 4459 928 4512 turaliter
957 4467 1231 4511 mutantur
1255 4459 1310 4510 in
1344 4473 1530 4527 corpus
1561 4467 1607 4510 et
1635 4457 1943 4527 sanguinem
1971 4455 2200 4518 Christi;
2229 4473 2320 4510 nec
2347 4458 2452 4511 duo
2477 4469 2619 4520 sunt,
2655 4460 2742 4511 sed
2775 4475 2935 4511 unum
2957 4468 3006 4512 et
3039 4459 3196 4513 idem.
3223 4458 3349 4514 Haec
3381 4455 3618 4512 Joannes
3648 4455 3918 4510 Damasceo

685 4587 809 4634 nus,
845 4573 938 4641 qui
968 4575 1112 4628 hunc
1133 4589 1240 4643 quo
1269 4573 1335 4626 de
1364 4572 1594 4642 quaestio
1629 4578 1712 4626 est
1751 4572 1929 4626 locum
1963 4571 2014 4622 in
2044 4578 2225 4626 mente
2256 4571 2513 4626 habuisse
2544 4572 2754 4626 videtur
2789 4587 2913 4626 cum
2945 4573 3062 4628 haec
3101 4573 3383 4629 scriberet.
3423 4569 3540 4626 Nisi
3575 4571 3802 4626 dixisset
3837 4583 3924 4621 au-

689 4696 794 4738 tem
831 4698 1022 4752 panem
1064 4695 1117 4739 et
1151 4687 1334 4740 vinum
1367 4686 1852 4755 supernaturaliter
1883 4686 2081 4740 mutari
2115 4687 2170 4739 in
2204 4701 2403 4756 corpus
2429 4695 2482 4742 et
2531 4687 2848 4758 sanguinem
2888 4686 3128 4752 Christi,
3170 4702 3237 4742 ex
3277 4687 3664 4758 sequentibus,
3703 4705 3791 4741 nec
3832 4686 3924 4738 duo

687 4815 834 4871 sunt,
863 4807 952 4859 sed
987 4824 1147 4860 unum
1175 4819 1221 4862 et
1251 4809 1409 4874 idem,
1447 4807 1708 4864 inferrent
1733 4808 1875 4862 haud
1909 4809 2070 4864 dubie
2099 4809 2454 4864 heterodoxi:
2495 4809 2539 4865 si
2563 4811 2720 4880 panis
2759 4820 2810 4866 et
2846 4811 3034 4865 vinum
3071 4811 3234 4866 simul
3281 4826 3406 4866 cum
3445 4826 3673 4881 corpore
3719 4819 3772 4865 et
3806 4826 3922 4863 san-

687 4932 848 5001 guine
872 4930 1072 4988 Christi
1102 4947 1269 4986 unum
1294 4940 1347 4986 et
1380 4931 1522 4986 ldem
1553 4932 1664 4986 sint
1697 4931 1750 4985 in
1781 4929 2144 4997 Eucharistia,
2185 4947 2315 5003 ergo
2337 4940 2458 5002 post
2489 4931 2974 4987 sanctiﬁcationem
3013 4933 3167 5003 panis
3194 4942 3246 4987 et
3275 4931 3462 4988 vinum
3493 4941 3814 4998 remanent;
3842 4930 3924 4984 sed

687 5065 810 5104 cum
841 5051 992 5119 prius
1026 5050 1225 5104 dixerit
1256 5065 1447 5120 panem
1479 5061 1532 5105 et
1554 5048 1740 5103 vinum
1770 5049 1968 5104 mutari
1996 5050 2051 5104 in
2087 5065 2285 5121 corpus
2331 5061 2383 5106 et
2417 5053 2738 5123 sanguinem
2787 5051 2990 5109 Christi
3018 5072 3029 5107 :
3081 5053 3225 5124 quod
3273 5055 3554 5126 subjungit
3594 5062 3811 5125 postea,
3844 5069 3923 5107 nec

688 5167 793 5218 duo
824 5172 967 5226 sunt,
998 5165 1085 5216 sed
1112 5178 1273 5215 unum
1301 5171 1350 5215 et
1381 5162 1539 5227 idem,
1569 5175 1674 5215 non
1731 5161 1801 5214 ita
1860 5161 2269 5232 intelligendum
2320 5173 2426 5228 est,
2462 5173 2520 5218 ut
2567 5164 2682 5234 ipsa
2718 5165 2875 5233 panis
2931 5177 2985 5220 et
3040 5166 3148 5220 vini
3202 5167 3507 5223 substantia
3560 5181 3854 5236 remaneat,
3885 5179 3930 5223 ct

693 5299 861 5340 unum
891 5284 1110 5338 sitcum
1135 5297 1361 5352 corpore
1390 5281 1634 5347 Christi;
1671 5281 1911 5351 alioquin
1945 5282 2088 5336 enim
2131 5297 2237 5336 non
2279 5292 2486 5338 mutata
2529 5283 2722 5338 luisset
2767 5285 2818 5337 in
2855 5299 3054 5354 corpus
3103 5293 3159 5338 et
3207 5286 3527 5355 sanguinem
3586 5285 3820 5353 Christi;
3849 5286 3928 5341 sed

689 5410 836 5480 quod
873 5405 1229 5477 preptietates
1258 5405 1361 5459 illa:
1385 5418 1575 5459 omnes
1599 5417 1720 5473 qua:
1751 5402 1880 5457 sola:
1913 5402 1970 5456 in
2001 5416 2137 5472 pane
2165 5411 2218 5457 et
2247 5403 2374 5456 vino
2403 5416 2564 5458 sensu
2599 5401 2971 5472 percipiuntur
3003 5417 3339 5470 remaneant,
3377 5416 3433 5461 et
3475 5423 3599 5463 cum
3635 5425 3862 5481 corpore
3883 5410 3928 5466 οι

693 5521 957 5590 sanguine
987 5519 1186 5573 Christi
1215 5533 1382 5572 unum
1417 5526 1822 5572 sacramentum
1845 5514 2154 5571 elliciantet
2176 5519 2252 5569 sic
2282 5516 2636 5586 explicandus
2665 5527 2748 5572 est
2798 5526 2990 5574 auctor
3029 5519 3270 5589 epistolae
3311 5521 3379 5575 ad
3419 5521 3741 5593 Causarinm,
3788 5541 3930 5597 quem

703 5649 807 5708 pra:
832 5633 1004 5689 oculis
1037 5640 1165 5687 tunc
1190 5633 1382 5692 habuit
1402 5629 1640 5686 Joannes
1663 5629 2034 5685 Damascenus
2066 5646 2078 5682 :
2110 5631 2252 5701 quod
2278 5632 2421 5688 enim
2453 5632 2603 5698 dicit,
2650 5631 2877 5690 Etiamsi
2901 5647 3094 5690 natura
3121 5637 3273 5705 panis
3323 5642 3595 5704 remansit,
3625 5641 3691 5697 de
3738 5646 3929 5712 specie-

698 5757 800 5808 bus
829 5758 885 5807 et
905 5749 1323 5820 proprietatibus
1345 5757 1557 5807 tantum
1593 5748 1749 5820 panis
1784 5747 2193 5818 intelligendum
2229 5757 2332 5805 est.
2357 5747 2542 5820 Neque
2570 5750 2716 5806 enim
2754 5767 2948 5823 negare
2979 5754 3148 5810 voluit
3189 5754 3277 5812 ille
3309 5755 3668 5813 mutationem
3719 5760 3868 5829 panis
3888 5766 3931 5816 et
