4152 6490
753 420 855 474 755
1434 421 1489 475 S.
1534 419 1815 477 JOANNIS
1849 418 2339 478 CHRYSOSTOM!
2374 420 2688 479 ARCHIEP.
2730 421 3274 478 CONSTANTINOP.
3859 420 3960 478 753

1127 549 1402 566 ...ινα-οη
1445 549 2484 566 —~.——————.—-——d—-—-—'-—_—..—.

1985 751 2735 868 PR/EFATIO

1295 973 1403 1033 CL.
1463 972 1534 1034 V.
1600 975 1908 1037 EMERICI
1960 977 2240 1038 BIGOTII
2293 977 2370 1039 IN
2429 977 2850 1037 EPISTOLAM
2904 975 3424 1040 CHRYSOSTOMI

760 548 988 562 "-

797 551 1402 574 κεπτ-...η

1445 551 3945 582 __m_:==_==========

1910 1155 1994 1197 AD
2043 1154 2367 1200 CESARIUH
2425 1157 2808 1211 HONACHUII,

749 1321 880 1390 Qua:
917 1323 1018 1389 fuit
1055 1338 1330 1390 suppressa
1370 1323 1420 1374 in
1459 1320 1682 1376 editione
1724 1321 1956 1374 Palladii
2010 1323 2074 1374 de
2139 1319 2258 1374 Vita
2301 1322 2692 1392 Chrysouomi,
2733 1323 2954 1377 Parisiis
3011 1325 3226 1393 vulgata
3279 1324 3417 1392 apud
3457 1325 3673 1377 viduum
3712 1323 3965 1378 Edmund

2071 1413 2291 1468 Martini
2323 1433 2460 1468 anno
2493 1417 2647 1470 1680.

789 1589 965 1662 11741]
1002 1587 1149 1644 Hanc
1174 1590 1470 1644 orationem
1499 1591 1741 1660 sequitur
1776 1590 1998 1658 epistola
2029 1589 2093 1642 ad
2127 1588 2421 1645 Cesarium
2464 1593 2824 1655 monachum,
2855 1606 2977 1661 qua:
3007 1592 3134 1646 licet
3173 1592 3349 1646 nitore
3395 1607 3495 1647 suo
3524 1591 3746 1656 nativo,
3797 1591 3851 1645 id
3890 1599 3970 1645 est

747 1683 933 1736 Greco
960 1682 1197 1751 eloquio,
1224 1683 1498 1746 destituta,
1535 1682 1886 1737 nihilominus
1917 1677 2018 1737 sub
2047 1682 2167 1736 velo
2199 1683 2396 1737 veteris
2433 1683 2635 1736 Latinae
2666 1683 3128 1752 interpretationis
3161 1684 3422 1739 mirificos
3454 1683 3782 1753 eloquentia
3809 1682 3967 1737 diser

748 1778 940 1831 tissimi
972 1776 1210 1832 ductoris
1241 1778 1421 1832 radios
1443 1778 1678 1831 exhibet.
1711 1777 1926 1831 Primus
1955 1778 2048 1846 qui
2077 1778 2282 1831 ultimis
2313 1779 2646 1845 temporibus
2677 1777 2838 1846 hujus
2869 1778 3115 1832 meminit
3159 1779 3433 1848 epistolae,
3479 1777 3581 1832 fuit
3618 1777 3813 1832 Petrus
3833 1774 3963 1829 lar-

749 1886 832 1944 tyr
863 1873 1223 1934 Florentinus,
1256 1875 1345 1942 qui
1376 1889 1440 1927 ex
1471 1889 1535 1926 ca
1569 1875 1745 1927 locum
1773 1873 2061 1942 quemdam
2091 1867 2312 1942 protulil
2341 1875 2394 1929 in
2424 1874 2582 1929 Locis
2621 1877 3022 1930 communibus.
3061 1875 3314 1931 lnsolilus
3357 1875 3610 1945 loquendi
3655 1874 3722 1930 de
3769 1872 3974 1927 Eucha-

746 1965 895 2019 ristia
929 1966 1143 2027 modus,
1175 1966 1265 2035 qui
1296 1982 1359 2018 ex
1391 1980 1452 2018 ea
1486 1965 1835 2029 referebatur,
1864 1981 1893 2020 a
1919 1965 2147 2019 Joannis
2177 1966 2552 2036 Chrysostomi
2603 1967 2787 2036 phrasi
2823 1984 2886 2022 ac
2935 1968 3094 2038 genio
3135 1982 3359 2037 prorsus
3401 1967 3631 2031 alienus,
3666 1966 3895 2020 lectores
3925 1963 3972 2016 in

744 2060 985 2113 diversas
1018 2060 1177 2112 traxit
1210 2059 1536 2123 sententias;
1569 2059 1690 2112 aliis
1722 2059 2116 2128 supposititiam
2167 2075 2287 2114 esse
2331 2060 2744 2123 afﬁrmantibus,
2797 2061 2921 2116 aliis
2967 2075 3066 2131 pro
3120 2061 3257 2114 virili
3303 2059 3760 2116 contendentibus
3800 2070 3972 2111 verum

744 2169 863 2208 esse
892 2169 955 2206 ac
1008 2155 1316 2221 genuinam,
1374 2167 1565 2205 omnes
1621 2153 1882 2219 integram
1937 2153 2117 2207 videre
2166 2166 2376 2207 summe
2423 2155 2782 2222 cuncupivere
2814 2171 2826 2206 :
2858 2153 3255 2222 dolueruntque
3287 2152 3502 2207 Petrum
3548 2151 3861 2222 Martyrem,
3889 2148 3976 2217 qui

745 2249 951 2318 primus
985 2249 1052 2305 de
1081 2265 1142 2302 ea
1179 2249 1502 2302 mentionem
1535 2249 1814 2316 injecerat,
1849 2248 2072 2301 minime
2099 2248 2367 2302 indicasse
2396 2265 2504 2316 qua
2555 2249 2606 2301 in
2649 2248 2974 2303 bibliotheca
3024 2257 3260 2302 exstaret
3310 2247 3476 2302 codex
3537 2244 3637 2301 Ms.
3693 2242 3976 2299 Florentiae

743 2346 1054 2399 delitescere
1085 2345 1327 2398 omnium
1355 2353 1471 2398 erat
1506 2343 1764 2413 suspicio,
1794 2343 1920 2412 quia
1955 2342 2302 2396 Florentinus
2335 2342 2435 2396 fuit
2467 2343 2661 2397 Petrus
2692 2342 2913 2413 Martyr.
2951 2343 3049 2398 sed
3085 2343 3198 2407 ubi,
3231 2342 3299 2396 ab
3329 2342 3584 2397 omnibus
3617 2341 3972 2396 nesciebatur.

745 2435 869 2488 Mihi
901 2452 1020 2505 quae
1048 2431 1260 2489 fortuna
1303 2437 1507 2490 faverat
1537 2437 1590 2488 in
1620 2437 1939 2504 reperienda
1969 2446 2224 2491 contextu
2270 2435 2460 2493 Graeco
2492 2439 2548 2491 S.
2576 2437 2800 2493 Joannis
2842 2438 3249 2508 Cbrysostomi,
3291 2437 3379 2492 hic
3420 2437 3584 2491 etiam
3630 2450 3741 2490 non
3789 2433 3969 2488 defuit.

745 2529 874 2598 Ejus
904 2530 1178 2593 exemplar
1211 2529 1382 2597 reperi
1423 2529 1562 2598 apud
1596 2527 1707 2580 RR.
1735 2527 1836 2582 PP.
1873 2528 2278 2596 Dominicanos,
2313 2531 2366 2584 in
2402 2529 2732 2584 Monasterio
2777 2528 2833 2584 S.
2871 2529 3058 2584 Marci.
3107 2529 3280 2598 Cujus
3322 2539 3372 2584 te
3409 2529 3462 2582 in
3507 2538 3712 2598 partem
3755 2525 3974 2598 ἑρμαία..

746 2620 928 2674 venire
960 2618 1132 2672 libens
1167 2620 1376 2688 patior;
1414 2635 1511 2674 nec
1547 2630 1803 2689 exspecto
1831 2629 1889 2673 ut
1922 2620 2052 2673 mihi
2086 2621 2386 2677 succlames
2434 2623 2488 2676 in
2541 2637 2849 2688 commune,
2902 2623 3078 2684 κοινὸς
3119 2622 3343 2694 Ἑρμῆς,
3386 2621 3429 2675 si
3474 2619 3638 2674 modo
3683 2618 3898 2674 exorari
3933 2628 3978 2672 te

744 2719 909 2782 sinas,
939 2730 995 2772 ut
1025 2717 1251 2781 benigna
1287 2717 1726 2785 interpretatione
1756 2716 2020 2778 emollias,
2055 2733 2176 2786 qua:
2206 2719 2521 2774 duriuscule
2554 2728 2752 2773 sonant
2780 2720 2846 2774 de
2872 2717 3226 2774 Eucharistia:
3269 2726 3610 2774 sacramento
3635 2758 3651 2782 ,
3685 2726 3740 2770 et
3778 2716 3836 2770 in
3871 2729 3977 2769 me-

745 2811 971 2864 moriam
1004 2824 1223 2863 revoces
1254 2817 1331 2862 tot
1354 2817 1408 2862 et
1433 2818 1540 2862 tam
1575 2808 1810 2877 insignes
1844 2808 2015 2869 locos,
2051 2808 2103 2861 in
2135 2809 2334 2878 quibus
2360 2810 2496 2864 adeo
2525 2811 2826 2866 luculenter
2861 2810 2928 2865 de
2971 2811 3076 2865 hoc
3121 2819 3471 2866 sacrosancto
3511 2809 3779 2880 mysterio
3809 2806 3978 2878 loqui-

746 2911 833 2952 tur
873 2896 1110 2953 Joannes
1145 2909 1363 2962 noster,
1395 2907 1454 2951 ut
1490 2898 1680 2952 doctor
1727 2897 2080 2953 Eucharistizc
2130 2900 2311 2953 vocari
2359 2903 2620 2956 meruerit
2651 2920 2664 2957 :
2701 2902 2840 2957 sicut
2893 2902 2951 2956 S.
2999 2901 3334 2970 Augustinus
3367 2902 3558 2956 doctor
3593 2900 3798 2956 Gratia
3828 2903 3977 2971 vulgo

747 2994 1083 3060 praedicatur.
1122 2991 1240 3046 Dixi
1267 2992 1484 3046 Petrum
1513 2993 1804 3063 Martyrem
1834 2993 2126 3061 postremis
2159 2996 2495 3063 temporibus
2541 2996 2704 3065 hujus
2743 2996 2986 3067 epistola:
3034 2996 3369 3060 meminisse,
3415 3011 3539 3067 qua:
3574 3005 3736 3051 antea
3787 2995 3977 3051 Grecis

747 3081 992 3138 Pati-ibus
1025 3083 1306 3139 notissima
1341 3081 1540 3147 fuerat,
1571 3094 1754 3152 utpote
1793 3083 1886 3152 qui
1927 3085 2096 3138 multa
2127 3085 2438 3142 testimonia
2483 3102 2549 3141 ex
2596 3103 2658 3143 ea
2705 3089 2968 3144 adversus
3009 3087 3414 3160 Monophysitas
3448 3098 3503 3144 et
3536 3089 3847 3159 Acephalos
3891 3094 3977 3142 ad-

744 3179 1031 3240 duxerunt,
1064 3187 1122 3231 ut
1154 3177 1443 3231 observare
1477 3177 1601 3230 licet
1639 3176 1692 3228 in
1722 3177 1867 3230 notis
1895 3192 2032 3246 quas
2062 3177 2294 3248 margini
2327 3180 2578 3248 apposui,
2612 3181 2902 3236 indicando
2934 3181 3163 3238 Codices
3205 3198 3273 3237 ex
3325 3183 3525 3256 quibus
3581 3190 3792 3239 textum
3837 3182 3975 3238 Gra-

743 3281 869 3321 cum
905 3268 1046 3337 apud
1077 3269 1199 3323 illos
1229 3267 1413 3324 Patres
1447 3283 1478 3321 a
1510 3283 1597 3323 me
1626 3268 1906 3322 inventum
1938 3269 2224 3340 descripsi.
2266 3269 2534 3326 Caeterum
2568 3273 2658 3326 ubi
2694 3273 3017 3328 dellciebant
3050 3274 3213 3329 verba
3238 3274 3445 3340 Graeca,
3491 3289 3662 3330 vacua
3699 3276 3976 3330 columna-

746 3379 865 3417 rum
901 3365 1074 3433 spatia
1110 3365 1319 3434 reliqui,
1353 3379 1449 3419 nec
1475 3379 1667 3434 passus
1698 3380 1818 3419 sum
1847 3379 1907 3418 ea
1931 3366 2167 3434 punctis,
2191 3375 2288 3420 aut
2318 3367 2553 3431 lineolis,
2585 3369 2728 3423 sicut
2753 3369 3098 3425 librariorum
3141 3385 3260 3426 mos
3299 3379 3402 3435 est,
3430 3369 3649 3440 repleri,
3685 3379 3750 3426 ut
3777 3372 3976 3441 possint

747 3457 878 3513 inibi
906 3459 1004 3512 viri
1036 3460 1234 3514 eruditi
1277 3460 1438 3514 verba
1462 3459 1644 3514 Graeca
1686 3460 1983 3525 ascribere,
2019 3461 2065 3515 si
2101 3462 2320 3530 quando
2348 3477 2410 3516 ea
2456 3463 2781 3517 invenerint.
2815 3462 2950 3518 Cum
2981 3463 3127 3518 enim
3169 3463 3542 3534 experimento
3572 3465 3845 3529 noverim,
3875 3479 3974 3533 quo

744 3573 896 3622 casu,
928 3569 1100 3625 quave
1129 3555 1338 3607 fortuna
1373 3552 1424 3606 in
1457 3569 1519 3610 ea
1547 3571 1668 3624 quae
1698 3555 1905 3608 attexui
1940 3555 2253 3610 testimonia
2294 3555 2600 3619 inciderint,
2644 3570 2750 3609 non
2803 3555 3030 3626 despero
3081 3555 3150 3610 ab
3196 3555 3320 3611 aliis
3373 3555 3480 3610 alia
3531 3556 3974 3627 posso‘iuveniri.

743 3646 984 3717 Quisque
1015 3647 1326 3715 experiatur
1358 3646 1450 3700 cui
1479 3645 1694 3700 fortuna
1721 3647 1825 3701 erit
1855 3645 2120 3702 faventior
2147 3665 2162 3713 ;
2203 3657 2254 3702 et
2282 3648 2327 3703 si
2362 3648 2448 3703 cui
2480 3663 2541 3702 ea
2574 3648 3046 3713 obsecundaverit,
3088 3650 3135 3704 is
3161 3665 3230 3704 ne
3273 3628 3494 3719 publico
3517 3649 3778 3712 invideat,
3809 3663 3974 3720 neque

745 3739 883 3808 apud
916 3754 974 3794 se
1009 3738 1222 3792 inventa
1256 3738 1504 3807 privatim
1529 3738 1786 3794 detineat.
1814 3737 1919 3805 Qui
1955 3750 2164 3794 veteres
2191 3739 2360 3795 libros
2385 3748 2655 3806 tractant,
2694 3751 2896 3796 norunt
2943 3742 3146 3796 nullam
3191 3740 3391 3797 veteris
3442 3742 3816 3812 cujuscunque
3859 3742 3972 3796 libri

745 3829 1059 3894 editionem,
1092 3846 1214 3900 quae
1240 3847 1302 3886 ex
1345 3832 1505 3887 unico
1540 3834 1833 3902 exemplari
1886 3833 2051 3891 fuerit
2091 3843 2270 3900 eruta,
2319 3836 2603 3905 hucusque
2655 3836 2924 3907 prodiisse
2958 3834 3107 3890 omni
3155 3850 3222 3889 ex
3265 3845 3416 3905 parte
3453 3835 3774 3906 perfectam.
3825 3835 3973 3890 Manu

744 3924 948 3976 exarati
976 3921 1200 3978 Codices
1229 3932 1446 3979 mutuas
1475 3923 1705 3979 aliorum
1735 3936 2036 3996 exposcunt
2066 3941 2284 3996 operas,
2330 3936 2389 3981 ut
2421 3927 2569 3997 quod
2598 3928 2652 3982 in
2684 3943 2792 3982 uno
2817 3935 3136 3996 corruptum
3162 3936 3264 3987 est,
3293 3926 3362 3981 ab
3395 3926 3504 3982 alio
3527 3936 3752 3982 sanetur
3777 3946 3790 3993 ;
3835 3927 3967 3996 quod

2835 4304 3370 4316 ο--νοο--ο-

1857 4479 2284 4565 INCIPIT
2321 4472 2873 4559 EPISTOLA

713 4850 899 4892 ιιεΑτι
957 4851 1214 4896 JOANNIS
1287 4853 1562 4898 EPISCOPI
1623 4841 2353 4895 CONSTANTINOPOLITANI
2427 4840 2507 4882 AD
2549 4837 2879 4880 CESABIUM
2953 4830 3306 4875 MONAGBL'M
3377 4830 3676 4872 TEHPORE
3721 4826 3962 4873 SECUNIII

2180 4938 2408 4983 EXSILII
2451 4938 2569 4980 θυι.

2004 5298 2272 5311 -ι-

2277 5277 2437 5332 eos

2448 5300 2728 5311 —————

782 5433 1110 5504 Inspeximus
1165 5433 1342 5487 literas
1397 5441 1500 5486 tua:
1556 5429 1867 5486 reverentia:
1890 5469 1903 5494 ,
1965 5427 2290 5496 inspeximus
2402 5436 2538 5488 tem,
2566 5435 2617 5480 et
2643 5428 2934 5496 ἀκραιφνὼς,
2968 5422 3018 5476 id
3050 5429 3130 5475 est
3162 5428 3550 5479 consummato,
3582 5419 3721 5472 circa
3750 5418 3965 5485 plt‘lalu'm

710 5535 884 5578 autem
917 5540 1021 5578 non
1051 5533 1242 5593 praeter
1262 5525 1554 5595 lacrymas;
1587 5521 1854 5592 quomodo
1895 5519 2035 5574 enim
2066 5533 2169 5572 non
2214 5519 2288 5570 Ia-
2399 5534 2457 5573 se
2487 5518 2790 5581 habentem,
2814 5515 2987 5569 subito
3018 5512 3384 5566 haereticorum
3409 5510 3642 5579 jactibus
3673 5507 3900 5581 lapsum?

711 5617 1086 5684 crymabimur,
1127 5625 1179 5671 et
1220 5617 1448 5669 animam
1501 5617 1665 5685 ipsam
1713 5614 1898 5668 dolore
1943 5611 2287 5675 conficimus,
2399 5644 2578 5703 vitam;
2603 5641 3138 5704 imperituslmerpres,
3166 5634 3458 5704 δίηθυιᾳηη,
3487 5631 3633 5704 vim]!
3663 5644 3680 5681 ε
3710 5630 3955 5704 Ευνῖξρξςεξο

713 5707 950 5762 videntes
974 5705 1185 5761 fratrem
1215 5706 1533 5775 singularem
1559 5707 1722 5760 vitam
1746 5707 1761 5737 ί
1789 5719 1819 5758 a
1845 5703 2069 5774 pueritia
2094 5702 2288 5772 cligcn-
2398 5688 3687 5779 ίᾳξριξμςξιξοξέῇᾏνξξιξθιιρθῖι¹θις
3707 5688 3960 5779 ὟΨῘὛΪ

2395 5771 2496 5818 sius
2518 5771 2566 5817 in
2590 5758 2802 5816 l'listoria'
2817 5758 3098 5813 Arianorum
3118 5761 3176 5810 ad
3215 5758 3490 5817 Monachcs,
3533 5777 3607 5814 τιῖε
3647 5770 3704 5806 τὸν
3744 5769 3858 5815 μυξη
3891 5771 3959 5806 νεα·

778 5832 862 5884 ειη
897 5834 1061 5887 Graeco
1079 5846 1184 5890 erat
1216 5837 1341 5890 haud
1378 5837 1543 5903 dubie,
1583 5851 1642 5891 ea.
1681 5850 1813 5904 mg"
1853 5839 2289 5902 simmonasltcam
2396 5841 2418 5882 ἁ

1694 5850 1813 5904 toni"
1853 5852 1959 5902 βὲσν,
1981 5839 2289 5889 monasticam
2396 5841 2565 5893 ἀσιοςσε,
2590 5825 2898 5882 monasticam
2922 5825 3066 5878 vitam
3087 5820 3334 5889 agentibus
