4152 6482
212 449 323 508 ῗεὸ
1359 444 1452 503 AD
1491 444 1852 504 CAESAle

1837 445 1871 500 ll
1910 441 2317 500 IONACHUH.
3375 449 3477 507 758

211 551 270 606 ln
311 548 1099 615 uno.vetustas'obliteraverit,
1133 550 1203 604 ab
1240 551 1349 606 alio
1396 551 1572 608 lucem
1606 550 1859 621 accipiat.
1910 550 2026 606 Hoc
2071 566 2260 606 verum
2302 566 2425 608 esse
2479 551 2548 608 de
2586 552 2788 611 Codice
2830 555 2996 628 hujus
3043 557 3287 629 epistola:
3327 552 3488 613 fateri

209 657 406 716 cogor;
442 646 532 718 qui
565 643 691 700 licet
713 652 785 701 stt
809 658 1078 699 annorum
1113 644 1237 711 500,
1270 662 1462 716 parum
1498 655 1682 702 tamen
1720 647 2006 703 emendate
2035 648 2273 717 scriptus
2308 657 2414 708 est.
2448 657 2504 704 et
2547 663 2704 720 opem
2756 664 2786 707 a
2835 651 3025 710 Grazco
3077 656 3351 725 praecipue
3384 653 3488 709 Co-

209 741 354 804 dice,
390 748 485 796 ant
507 742 576 798 ab
612 743 718 798 alio
749 744 940 798 saltem
973 741 1183 808 Latino,
1213 743 1478 812 postulat.
1511 743 1570 796 1
1618 756 1686 798 eo
1733 757 1896 812 quem
1945 741 2076 808 vidi,
2125 741 2418 810 aliquando
2472 756 2632 796 voces
2675 744 2949 796 continuae
2989 752 3137 806 sunt,
3181 742 3477 814 aliquando

211 834 443 905 simplex
474 837 675 892 vocalis
715 836 754 890 Ε
785 853 884 906 pro
917 838 1254 908 diphthongo
1282 835 1349 890 ιΕ
1384 835 1588 905 scripta
1623 833 1763 902 fuit;
1792 832 1834 887 T
1864 849 1964 904 pro
1998 833 2060 898 D,
2099 841 2154 888 et
2191 834 2308 888 vice
2335 849 2488 888 versa
2521 832 2562 886 D
2609 848 2706 903 pro
2736 833 2817 900 T;
2855 836 3036 890 verbis
3067 837 3359 907 aliquando
3402 838 3475 895 ita

210 931 510 999 corruptis,
546 942 605 986 ut
641 932 708 986 ad
742 933 1028 988 sanitatem
1067 932 1254 987 reduci
1287 931 1512 984 minime
1543 928 1759 999 possint
1789 929 1997 998 absque
2029 928 2276 984 subsidio
2301 929 2534 984 aliorum
2565 929 2851 984 Codicum.
2890 927 3023 996 Quae
3049 931 3357 985 scribarum
3389 931 3474 986 lu-

208 1023 367 1077 curia
398 1023 681 1086 deterruit,
713 1024 927 1094 opinor,
955 1023 1171 1080 Petrum
1202 1022 1491 1093 Martyrem
1520 1022 1590 1076 ab
1616 1037 1681 1076 ea
1731 1021 1959 1076 edenda.
1995 1018 2175 1076 Taceo
2208 1021 2732 1092 interpretationem,
2785 1038 2907 1092 qua:
2962 1024 3147 1079 minus
3199 1033 3476 1091 accurata,

211 1116 325 1173 imo
355 1118 514 1187 plane
537 1118 768 1173 barbara
797 1119 1031 1173 videtur.
1063 1118 1174 1189 Ego
1197 1117 1284 1172 his
1311 1116 1568 1172 omnibus
1599 1114 1768 1170 naavis
1803 1115 2036 1171 lectores
2059 1115 2352 1172 benevolos
2385 1131 2731 1188 nequaquam
2768 1117 3032 1174 offensum
3072 1119 3138 1174 iri
3182 1119 3477 1175 arbitratus

210 1225 371 1277 sum;
405 1212 514 1265 imo
541 1227 660 1265 eam
686 1211 917 1265 libenter
953 1222 1277 1281 excepturos
1324 1218 1454 1280 puto
1487 1224 1652 1277 quam
1702 1207 1900 1262 damus
1953 1207 2261 1277 epistolam,
2309 1207 2502 1263 Latine
2552 1225 2775 1280 quoquo
2832 1210 2996 1265 modo
3028 1225 3262 1276 versam,
3318 1213 3478 1282 cujus

209 1301 575 1373 fragmentum
608 1319 636 1357 a
669 1301 829 1357 Petro
853 1301 1088 1374 Martyre
1111 1302 1339 1364 editum,
1366 1301 1706 1357 eruditorum
1741 1300 1953 1355 animos
1983 1301 2190 1374 pridem
2222 1301 2551 1357 sollicitavit.
2590 1301 2724 1368 Quis
2753 1303 2896 1357 enim
2929 1303 3061 1358 illud
3106 1320 3232 1359 cutn
3262 1305 3474 1378 legerit,

205 1393 438 1450 Joannis
467 1393 840 1466 Chrysostomi
867 1409 1100 1450 mentem
1131 1396 1408 1465 percipere
1446 1405 1629 1466 queat,
1663 1411 1728 1449 ex
1763 1409 1940 1465 eoque
1993 1397 2449 1460 animadvertere,
2485 1412 2592 1466 qua
2639 1398 2951 1470 occasione,
2994 1415 3104 1469 quo
3140 1401 3325 1455 animo
3358 1402 3476 1472 ejus

202 1489 375 1543 verba
400 1487 601 1556 scripta
634 1487 803 1542 sunt?
835 1486 892 1541 In
919 1502 984 1544 ea
1013 1503 1176 1557 porro
1213 1488 1440 1555 epistola
1472 1487 1658 1541 mirari
1707 1487 1830 1542 licet
1864 1503 2137 1542 summam
2186 1496 2236 1542 et
2266 1488 2545 1542 insolitam
2589 1487 2684 1544 Dei
2727 1491 3103 1560 amantissimi,
3139 1492 3238 1548 viri
3280 1494 3478 1548 carita-

207 1595 344 1648 tem,
374 1583 468 1652 qui
502 1581 626 1637 licet
659 1582 958 1637 innumeris
981 1583 1239 1636 aerumnis
1272 1597 1569 1651 oppressus
1601 1591 1770 1648 esset,
1803 1591 1969 1652 atque
2004 1583 2282 1636 continuis
2319 1583 2622 1640 terroribus
2649 1586 2720 1640 ob
2753 1584 3065 1640 Isaurorum
3106 1586 3473 1656 incursiones,

206 1689 270 1736 ut
299 1679 417 1747 ipse
441 1678 630 1734 scribit
656 1678 708 1732 in
741 1677 987 1748 epistolis
1011 1677 1076 1731 ad
1103 1676 1255 1749 [πει]
1284 1676 1678 1748 Olympiadem,
1714 1692 1850 1746 pene
1877 1678 2310 1742 exanimaretur,
2349 1677 2706 1734 nihilominus
2739 1694 2863 1733 cum
2892 1679 3134 1734 audisset
3169 1676 3475 1738 Caesarium

207 1770 539 1827 monachum
570 1770 806 1825 amicum
843 1785 1002 1825 suum
1039 1772 1091 1822 in
1130 1768 1465 1839 Apollinaris
1495 1777 1549 1824 et
1574 1768 1982 1822 Συνουσιαστῶν
2010 1769 2264 1824 haeresim
2291 1769 2571 1832 incidisse,
2609 1785 2735 1825 eum
2769 1786 2869 1840 pro
2899 1771 3206 1828 incredibili
3250 1790 3350 1830 sua
3378 1777 3471 1830 ho-

205 1868 378 1922 nitate
411 1865 479 1920 ab
507 1864 699 1919 hteresi
725 1875 970 1920 avertere
1000 1875 1163 1934 atque
1195 1865 1247 1918 in
1284 1864 1510 1918 sincerae
1539 1864 1754 1932 pietatis
1792 1861 1936 1917 viam
1970 1877 2228 1918 revocare
2258 1863 2360 1918 hac
2384 1863 2614 1934 epistola
2652 1864 2871 1920 molitus
2903 1874 3008 1921 est.
3038 1864 3314 1932 Quantum
3345 1883 3478 1925 vero

201 1959 538 2029 Apollinaris
572 1958 792 2014 lueresis
823 1969 934 2013 tum
964 1970 1325 2029 grassaretur,
1357 1965 1410 2012 et
1434 1973 1598 2028 quam
1629 1958 1829 2012 multos
1858 1958 2173 2024 invasisset,
2203 1974 2266 2012 ex
2301 1973 2366 2013 eo
2405 1959 2664 2030 colligere
2691 1960 2834 2024 licet,
2866 1961 3012 2030 quod
3047 1972 3235 2018 contra
3264 1963 3478 2034 Apolli-

203 2055 444 2108 oaristas
471 2063 524 2108 ct
564 2053 914 2124 Synusiastas
953 2054 1294 2122 scripserunt
1347 2052 1618 2107 Diodorus
1665 2051 1955 2107 Tarsensis
2004 2052 2317 2122 episcopus,
2374 2068 2536 2122 quem
2582 2069 2751 2122 supra
2801 2054 3116 2118 memoravi,
3173 2053 3471 2126 Gregorius

201 2144 505 2217 Nyssenus,
538 2143 774 2216 Cyrillus
824 2145 1248 2210 Alexandrinus,
1282 2143 1604 2201 Theodorus
1655 2145 2090 2214 Mopsuestenus,
2139 2144 2473 2215 Theophilus
2521 2145 2942 2212 Antiochensis,
2992 2157 3052 2203 ut
3100 2149 3239 2205 alios
3287 2151 3474 2219 plures

199 2240 475 2295 omittam.
507 2238 684 2308 Atque
717 2248 779 2293 ut
810 2239 879 2293 ab
909 2254 973 2292 eo
1003 2255 1189 2294 errore
1211 2238 1508 2294 Caesarium
1537 2246 1814 2292 revocaret
1855 2236 2114 2305 Joannes,
2151 2253 2386 2307 eumque
2425 2239 2490 2292 ad
2528 2239 2852 2293 catholicam
2886 2238 3069 2307 fidem,
3100 2255 3224 2309 quae
3253 2241 3391 2296 duas
3421 2241 3478 2296 in

199 2333 427 2387 Christo
454 2342 678 2387 naturas
718 2330 1038 2387 inconfusus
1061 2332 1165 2386 sub
1198 2346 1303 2385 una
1331 2345 1562 2399 persona
1595 2330 1907 2395 conlitetur,
1957 2313 2186 2400 epistola
2228 2330 2542 2395 reduceret,
2597 2330 3060 2400 comparationem
3101 2331 3170 2386 ab
3211 2331 3478 2387 Euchari-

197 2426 328 2482 stize
349 2435 694 2481 sacramento
731 2434 1031 2489 mutuatur,
1062 2427 1114 2480 in
1146 2441 1256 2495 quo
1291 2425 1450 2495 panis
1479 2432 1605 2494 post
1637 2425 2135 2490 consecrationem,
2164 2441 2272 2480 non
2298 2426 2413 2497 jam
2443 2426 2624 2496 panis,
2654 2428 2749 2483 sed
2798 2442 3001 2497 corpus
3041 2428 3246 2484 Christi
3291 2429 3476 2500 appel-

198 2518 306 2578 lari
327 2519 524 2589 dignus
553 2518 782 2575 edicitur
805 2518 1079 2585 ;,Etiamsi
1110 2528 1303 2574 natura
1329 2521 1506 2590 panis,
1545 2521 1740 2590 inquit,
1776 2523 1832 2574 in
1861 2523 1974 2590 ipso
2005 2524 2320 2590 permansit,
2351 2532 2400 2576 et
2431 2539 2534 2576 non
2564 2523 2669 2577 duo
2699 2539 2942 2593 corpora,
2975 2525 3066 2579 sed
3096 2542 3260 2579 unum
3290 2540 3480 2596 corpus

202 2602 338 2664 Filii
365 2611 708 2679 pradicatur.
741 2610 950 2677 Quibus
975 2611 1154 2666 verbis
1181 2620 1407 2668 sanctus
1439 2611 1630 2667 doctor
1656 2628 1838 2667 veram
1873 2629 1938 2668 ac
1969 2615 2192 2680 realem,
2225 2624 2287 2669 ut
2322 2623 2540 2680 vocant,
2574 2618 2824 2686 corporis
2862 2618 3064 2674 Christi
3113 2620 3168 2674 in
3213 2619 3481 2676 Euchari-

197 2705 307 2760 stia
340 2706 682 2776 praesentiam
713 2707 989 2775 supponit,
1017 2718 1070 2762 et
1097 2707 1382 2777 agnoscit;
1425 2708 1560 2761 alias
1584 2718 1731 2764 certe
1758 2710 1903 2764 nulla
1941 2719 2084 2765 esset
2125 2727 2250 2766 cum
2301 2712 2539 2766 humana
2593 2728 2658 2767 ac
2696 2713 2877 2768 divina
2923 2715 2978 2769 in
3018 2715 3237 2772 Christo
3283 2725 3478 2774 natura

203 2799 570 2858 Eucharistia:
594 2803 950 2872 comparatio.
973 2800 1093 2871 Ipse
1124 2802 1548 2874 Chrysostomus
1578 2800 1736 2857 Hom.
1762 2803 1796 2857 2
1820 2820 1843 2857 a

1838 2805 1886 2858 td
1912 2806 2097 2874 popul.
2135 2806 2599 2863 Antiochensem:
2639 2808 2699 2861 '0
2731 2810 2830 2880 μὲν
2851 2810 2961 2881 γὰρ
3005 2811 3189 2875 Ἠλίας
3221 2812 3478 2884 μηλωτὴν

198 2891 385 2962 ἀφῆκε
415 2892 491 2964 τῷ
522 2893 758 2965 μαθητῇ,
788 2895 817 2947 ὁ
845 2893 900 2946 δὲ
931 2893 1059 2956 Υἱὸς
1085 2893 1178 2947 τοῦ
1208 2894 1341 2948 Θεοῦ
1373 2894 1701 2960 ἀναϐαίνων,
1733 2895 1833 2964 τὴν
1863 2895 2044 2967 σάρκα
2072 2899 2203 2967 ἡμῖν
2247 2898 2513 2951 κατέλιπε
2551 2900 2650 2971 τὴν
2698 2901 2912 2954 ἑαυτοῦ·
2961 2902 3074 2956 ἀλλ’
3104 2905 3132 2957 ὁ
3164 2905 3262 2973 μὲν
3292 2905 3481 2970 Ἠλίας

195 2985 633 3057 ἀποδυσάμενος,
665 2989 693 3041 ὁ
722 2987 780 3040 δὲ
811 2986 1043 3057 Χριστὸς
1073 2988 1171 3041 καὶ
1200 2990 1335 3059 ἡμῖν
1365 2989 1642 3053 κατέλιπε,
1674 2992 1769 3044 καὶ
1797 2990 1835 3061 ἕ]

1842 3009 1936 3061 (ων
1971 2992 2143 3061 αὐτὴν
2167 2993 2367 3062 ἀνῆλθε
2395 3013 2407 3048 :
2444 2992 2631 3047 Helias
2659 2997 2801 3049 enim
2829 2997 3053 3065 pallium
3084 3000 3296 3070 reliquit
3324 3000 3482 3055 disci-

194 3075 328 3144 pulo
357 3094 474 3145 suo,
506 3076 604 3132 Dei
635 3088 808 3133 autem
843 3081 1019 3135 Filius
1049 3080 1333 3135 ascendens
1366 3081 1418 3135 in
1449 3083 1639 3134 cn'lnm
1668 3083 1814 3136 nobis
1844 3100 2055 3136 carnem
2086 3100 2238 3137 suam
2278 3085 2490 3155 reliquit
2521 3099 2542 3140 :
2585 3088 2678 3141 sed
2719 3087 2906 3142 Helias
2936 3106 2991 3144 se
3018 3092 3163 3145 exuit
3189 3110 3202 3155 ;
3236 3093 3480 3148 Christus

198 3183 326 3222 vero
352 3178 401 3223 et
432 3185 644 3224 carnem
673 3188 826 3225 suam
859 3174 1006 3227 nobis
1039 3173 1271 3242 reliquit,
1303 3173 1574 3243 ipsamque
1603 3174 1798 3229 habens
1828 3177 2086 3231 ascendit.
2119 3175 2187 3230 Et
2221 3176 2381 3234 Hom.
2414 3178 2483 3234 83
2523 3179 2576 3234 in
2614 3180 2923 3236 Matthaaum
2957 3202 2971 3238 :
3031 3183 3187 3238 Οὕτω
3241 3187 3337 3241 καὶ
3389 3188 3485 3240 ἰπὶ

197 3257 314 3310 τῶν
348 3259 660 3329 μυστηρίων
689 3261 954 3333 ποιῶμεν,
974 3265 1033 3316 οὐ
1065 3268 1174 3326 τοῖς
1204 3265 1475 3333 κειμένοις
1508 3264 1667 3336 μόνον
1698 3268 2080 3337 ἐμϐλέποντες,
2101 3270 2234 3324 ἀλλὰ
2250 3271 2320 3324 τὰ
2349 3274 2572 3342 ῥήματα
2599 3273 2768 3327 αὑτοῦ
2798 3275 3138 3347 κατέχωμεν.
3169 3278 3226 3331 '0
3246 3280 3344 3348 μὲν
3373 3282 3482 3352 γὰρ

198 3349 365 3420 λόγος
392 3351 558 3404 αὑτοῦ
588 3354 1046 3424 ἀπαραλόγιστος,
1077 3359 1108 3426 ἡ
1141 3355 1198 3407 δὲ
1229 3355 1483 3426 αἴσθησις
1515 3358 1674 3427 ἡμᾶν
1704 3358 2126 3429 εὑεξαπάτητος.
2160 3357 2328 3428 Οὗτος
2356 3365 2612 3418 οὐδέποτε
2640 3365 2877 3428 διέπεσε.
2912 3369 3048 3441 αὕτη
3080 3372 3136 3424 δὲ
3165 3371 3234 3425 τὰ
3263 3349 3482 3427 πλείὸνα

202 3443 523 3514 σφάλλεται.
567 3443 720 3499 Ἐπεὶ
748 3441 840 3500 οὖν
870 3449 898 3500 ὁ
928 3447 1097 3517 Λόγος
1123 3448 1277 3519 φησὶ,
1314 3447 1484 3501 Τοῦτὸ
1519 3450 1636 3504 ἐστι
1664 3449 1727 3504 τὸ
1754 3450 1917 3520 σῶμα
1947 3469 2074 3520 μου,
2107 3454 2204 3506 καὶ
2233 3456 2573 3527 πειθώμεθα,
2605 3461 2698 3512 καὶ
2748 3460 3116 3532 πιστεύωμεν,
3150 3465 3243 3517 καὶ
3270 3469 3483 3536 νοητοῖς

202 3536 339 3590 αὐτὸ
364 3535 649 3606 βλέπωμεν
678 3539 978 3610 ὀφθαλμοῖς
1011 3560 1024 3597 :
1059 3541 1148 3597 Sic
1176 3544 1339 3597 etiam
1371 3544 1425 3596 in
1457 3547 1720 3626 mysteriis
1753 3547 1839 3614 fac

1846 3549 2038 3611 iamus,
2073 3565 2174 3602 non
2207 3550 2302 3604 illa
2331 3568 2447 3620 quia
2491 3563 2613 3608 ante
2655 3571 2749 3610 nos
2770 3557 2950 3626 jacent
2981 3559 3310 3616 solummodo
3340 3565 3484 3633 aspi-

201 3630 423 3695 cientes,
455 3631 545 3683 sed
582 3631 737 3686 verba
779 3649 979 3703 quoque
1017 3635 1131 3698 eius
1173 3647 1420 3689 tenentes.
1466 3635 1609 3690 Nam
1649 3649 1698 3691 et
1741 3640 1908 3693 verbis
1943 3642 2056 3710 ejus
2097 3641 2412 3710 defraudari
2446 3661 2549 3699 non
2585 3662 2888 3714 possumus,
2929 3666 3115 3706 sensus
3155 3669 3274 3708 vero
3305 3630 3484 3710 noster

201 3719 423 3787 decepta
456 3719 746 3787 facillimus
779 3733 857 3777 est
889 3740 906 3777 :
938 3725 1034 3778 illa
1065 3726 1204 3794 falsa
1232 3742 1344 3780 esse
1373 3742 1477 3779 non
1505 3739 1743 3796 possunt,
1775 3729 1858 3783 hic
1882 3733 2076 3800 swpius
2101 3743 2257 3803 atque
2288 3736 2480 3803 swpius
2502 3736 2732 3806 fallitur.
2759 3738 3024 3806 Quoniam
3055 3761 3177 3815 ergo
3201 3746 3293 3800 ille
3320 3747 3494 3804 dixit.

205 3813 325 3868 Hoc
356 3823 442 3869 est
475 3831 674 3886 corpus
708 3835 912 3886 meum,
943 3821 1246 3875 obediamus
1276 3831 1325 3876 et
1354 3823 1654 3890 credamus,
1687 3834 1734 3878 et
1765 3827 1932 3879 oculis
1963 3828 2262 3883 intellectus
2294 3830 2348 3882 id
2378 3832 2782 3900 perspiciamus.
2810 3835 3087 3907 [ntegrum
3118 3813 3320 3895 librum
3349 3856 3482 3897 con-

205 3912 451 3978 ﬁcerem,
483 3914 530 3969 si
563 3929 626 3968 ex
665 3913 1059 3986 Chrysostomo
1095 3918 1246 3973 locos
1276 3934 1467 3973 omnes
1491 3935 1862 3988 excerperem,
1893 3922 1947 3976 in
1971 3924 2170 3992 quibus
2199 3924 2266 3980 de
2295 3928 2670 3984 sacratissima
2711 3928 3054 3989 Encharistia
3101 3935 3353 3992 similiter
3396 3937 3482 3992 lo-

203 4005 432 4074 quitur;
465 4005 558 4060 sed
581 4007 759 4063 lautius
790 4023 854 4062 ac
879 4008 1156 4065 salubrius
1196 4010 1294 4065 tibi
1321 4011 1428 4065 erit
1454 4026 1549 4067 eos
1579 4012 1633 4066 in
1671 4011 1822 4068 fonte
1855 4014 2072 4085 legisse.

1978 4365 2348 4379 —-—————_.

2929 4379 3446 4415 ='==s

190 4529 474 4603 θωπί]
522 4569 548 4598 ι
578 4541 1081 4629 ΙΩΑΝΝΟΥ
1130 4541 2065 4634 ΑΡΧΙΕΠΙΣΚΟΠΟΥ
2101 4545 3467 4658 ΚΩΝΣΤΑΝΤΙΝΟΥΠΟΛΕΩΣ,

616 4894 684 4948 ἐκ
738 4894 844 4963 τῆς
889 4896 1038 4966 πρὸς
1091 4899 1417 4971 Καισάρων
1483 4903 1759 4972 μοναχὸν
1812 4904 2144 4976 ἐπιστολῆς
2192 4908 2343 4979 μετά
2383 4910 2494 4979 τὴν
2550 4911 2836 4984 δευτέραν
2878 4914 3067 4970 αὐτοῦ

1729 5001 1985 5070 ἐξορίαν.

1509 5331 1793 5400 (suos
1837 5336 2158 5410 oesunm

263 5850 534 5922 §Titulus_
557 5851 729 5922 Grece
755 5867 815 5903 ex
838 5869 946 5922 _r_us.
990 5856 1304 5914 bibliotheca
1337 5861 1553 5918 Colbert.
1583 5880 1643 5919 ex
1694 5879 1797 5921 tra-

198 5921 338 5966 ctatu
360 5913 632 5979 Nicephorl
653 5922 819 5968 contra
838 5915 1100 5972 Mammas.
