4152 6482
150 413 258 476 757

216 530 289 588 Et
316 530 465 588 dicas
506 528 733 586 fortasse
760 528 828 585 ab
853 540 1037 589 errore
1077 526 1143 584 ad
1185 526 1237 583 id
1261 525 1412 599 quod
1430 525 1623 582 melius
1661 535 1745 583 est

144 624 443 679 xenisse'te
465 664 481 686 .
514 631 569 677 et
593 621 815 691 gratiam
855 619 1099 677 confiteri
1131 618 1214 673 his
1240 618 1329 689 qui
1372 616 1745 672 admirabilem

142 713 467 785 protulerint
510 713 727 781 librum,
769 727 929 782 quem
961 725 1209 781 magnum
1260 722 1384 765 esse
1405 706 1605 779 optima
1654 715 1745 762 tua

142 805 429 860 nominant
494 805 744 875 scripta:
816 804 903 875 qui
958 802 1238 873 splendide
1303 801 1556 873 praedicat
1618 815 1748 857 con-

143 910 368 951 cursum
394 896 736 951 essentialem
763 905 819 952 et
855 895 1167 951 mixtionem
1206 908 1411 948 sacram
1457 892 1652 948 factam
1678 907 1746 947 ex

140 986 429 1044 divinitate
450 996 504 1043 et
531 1001 712 1043 carne.
739 986 912 1043 Unam
941 997 1119 1042 autem
1150 1001 1216 1042 ex
1242 984 1343 1041 hoc
1373 984 1556 1055 perfici
1586 995 1744 1040 natu-

142 1091 263 1132 ram
292 1077 432 1134 istud
456 1076 735 1132 mirabitur
765 1078 781 1110 ³
815 1077 1116 1149 insipientis
1144 1075 1459 1147 Apollinarii
1499 1074 1739 1131 inconsi-

140 1171 406 1227 deratio:
446 1170 546 1227 ista
592 1185 777 1227 eorum
831 1171 920 1241 qui
977 1169 1322 1225 introducunt
1375 1176 1748 1238 contempera-

140 1263 350 1320 tionem
373 1270 430 1319 et
454 1272 756 1337 συναλοιφὴν,
787 1262 838 1319 id
859 1272 940 1318 est
966 1262 1402 1318 commixtiouem
1430 1260 1744 1331 impiissima

143 1354 377 1410 intentio
426 1355 483 1421 ⁸,
537 1367 658 1424 qua:
702 1352 997 1424 procedens
1040 1353 1285 1408 immutat
1333 1351 1549 1423 quidem
1594 1350 1739 1415 Arii,

140 1444 488 1516 Apollinarii,
534 1444 775 1512 Sabellii,
823 1454 879 1500 et
933 1444 1156 1500 Manetis
1202 1445 1380 1499 nihil:
1439 1445 1743 1514 passionem

141 1545 331 1593 autem
362 1536 651 1607 excogitari
682 1545 734 1590 et
762 1534 957 1604 adponi
988 1534 1283 1591 secundum
1327 1534 1450 1589 illos
1475 1532 1742 1603 Unigeniti

140 1624 466 1698 imaginatur
487 1624 694 1692 deitati,
721 1624 862 1696 quod
885 1639 915 1679 a
944 1621 1261 1680 Christianis
1290 1624 1524 1679 alienum
1553 1632 1657 1679 est.

216 1736 445 1795 Posside
470 1738 629 1811 igitur
654 1738 995 1809 temetipsum
1022 1737 1241 1803 iterum,
1272 1736 1621 1793 dilectissime
1644 1777 1660 1802 ,
1690 1742 1748 1790 et

142 1831 215 1888 ad
259 1832 494 1903 priorem
534 1831 821 1903 regredere
856 1830 1222 1897 ordinem,-ab
1248 1828 1611 1894 abominabili,
1645 1829 1745 1883 ista

140 1922 424 1978 abstinens
471 1923 742 1993 Opinione,
792 1937 913 1993 qua:
958 1930 1043 1978 est
1086 1920 1409 1991 Apollinaris
1460 1928 1516 1975 et
1557 1934 1744 1975 eorum

140 2013 236 2083 qui
277 2011 608 2085 Synusiastze
656 2012 678 2045 ⁸
725 2012 995 2069 dicuntur.
1029 2011 1192 2083 Impia
1238 2009 1488 2083 cogitatio
1528 2010 1747 2067 assidue

141 2104 298 2176 puris
324 2103 555 2161 inﬂuens
593 2118 788 2161 nocere
814 2105 978 2171 not-it,
1018 2105 1108 2175 qui
1159 2103 1452 2161 secundum
1496 2118 1595 2159 nos
1623 2112 1749 2159 sunt

140 2194 475 2264 simplicitati
523 2196 882 2251 conviventes.
944 2195 1189 2251 Doctoris
1235 2196 1379 2251 enim
1424 2208 1610 2250 eorum
1665 2202 1749 2249 est

143 2285 284 2342 liber
305 2326 319 2352 ,
352 2286 664 2355 Apollinarii
691 2305 705 2342 :
738 2287 837 2342 etsi
880 2290 1021 2342 hunc
1048 2286 1150 2341 sibi
1182 2296 1267 2341 tua
1309 2286 1608 2342 reverentia
1638 2301 1744 2341 non

141 2384 295 2432 recte
332 2376 530 2431 faciens
561 2376 827 2448 negotiata
860 2386 964 2433 est.
992 2375 1373 2432 Verumtamen
1416 2391 1518 2431 nos
1558 2391 1743 2433 recor-

140 2468 336 2523 dantes
374 2477 478 2523 tuae
507 2468 784 2523 nobiscum
823 2468 1285 2523 conversationis:
1320 2466 1609 2523 sentientes
1649 2482 1743 2523 au-

144 2569 255 2614 tem
283 2574 351 2615 ex
393 2559 477 2617 his
505 2576 626 2631 qua:
662 2559 973 2632 scripsisti‘
1011 2575 1248 2617 errorem
1295 2560 1588 2617 subsistere
1614 2576 1742 2632 erga

143 2658 291 2704 tuam
318 2649 680 2717 dilectionem,
713 2666 784 2707 ex
812 2649 1024 2707 illorum
1054 2650 1389 2722 insipientia;
1420 2666 1526 2706 non
1568 2651 1741 2707 solum

142 2757 271 2813 erga
306 2743 717 2814 dispensationis
748 2744 1097 2816 mysterium:
1137 2744 1305 2817 magis
1331 2754 1508 2802 autem
1538 2755 1592 2800 et
1618 2759 1743 2815 erga

143 2835 426 2891 nominum
479 2837 909 2906 conjunctionem
938 2877 954 2904 ,
1004 2836 1461 2908 excogitavimus,
1518 2836 1746 2892 Domino

141 2936 474 2999 cooperante
518 2938 714 2983 nostrae
769 2928 1086 2995 infirmitati,
1145 2927 1214 2984 de
1270 2929 1519 2985 omnibus
1569 2928 1743 2983 mani-

142 3016 337 3076 festam
401 3021 812 3077 ostentationem
882 3021 903 3053 ³
954 3020 1133 3078 facere
1191 3021 1258 3076 ad
1316 3021 1744 3092 redargutionem

141 3113 364 3185 quidem
406 3115 560 3170 malae
607 3114 874 3185 opinionis
914 3129 1099 3170 eorum
1158 3116 1247 3186 qui
1296 3115 1606 3172 haereticum
1652 3115 1746 3172 tibi

144 3206 486 3275 protulerunt
529 3208 763 3273 librum;
790 3207 1176 3264 correctionem
1220 3217 1399 3264 autem
1436 3216 1543 3263 tua:
1581 3225 1746 3264 vene-

143 3300 395 3356 rationis.

219 3415 391 3470 Deum
412 3431 541 3486 ergo
578 3415 792 3486 quando
818 3414 980 3481 dicis,
1004 3414 1369 3481 dilectissime,
1401 3412 1661 3485 agnoristi
1696 3414 1744 3469 id

143 3507 288 3578 quod
320 3507 545 3577 simplex
576 3517 659 3562 est
686 3516 888 3562 natura:
907 3507 949 3570 ⁸,
977 3507 1118 3578 quod
1145 3506 1581 3577 incompositum,
1603 3506 1744 3576 quod

145 3599 577 3667 inconvertibile,
601 3600 741 3670 quod
768 3599 1056 3667 invisibile,
1088 3600 1228 3671 quod
1255 3600 1577 3668 immortale,
1601 3598 1747 3671 quod

144 3692 707 3763 incircumscriptibile
730 3734 744 3759 ,
776 3693 918 3764 quod
947 3692 1515 3764 incomprehensibile,
1550 3702 1605 3749 et
1631 3694 1746 3749 istis

138 3785 365 3840 similia.
398 3784 677 3842 Hominem
706 3796 884 3842 autem
912 3786 1117 3852 dicens,
1140 3786 1447 3857 signiﬁcasti
1478 3786 1618 3857 quod
1647 3803 1745 3841 na-

142 3888 284 3933 tura:
312 3886 397 3932 est
439 3877 730 3941 infirmum.
760 3878 1106 3933 esuritionem
1130 3920 1145 3945 ,
1176 3878 1316 3933 sitim
1338 3918 1353 3945 ,
1387 3893 1550 3949 super
1575 3878 1745 3933 Laza-

144 3982 265 4023 rum
309 3966 593 4039 lacrymas,
636 3978 859 4036 metum,
903 3969 1116 4025 sudoris
1163 3970 1503 4039 ejectionem,
1555 3979 1611 4027 et
1662 3971 1747 4025 his

142 4057 364 4124 similia,
392 4058 586 4130 quibus
610 4058 661 4114 id
682 4058 823 4129 quod
852 4058 1093 4114 divinum
1122 4070 1205 4116 est
1226 4069 1373 4117 extra
1402 4070 1504 4117 cst.

217 4168 491 4228 Christum
530 4180 707 4228 autem
737 4172 954 4244 quando
979 4173 1113 4231 dicis
1133 4217 1148 4243 ,
1177 4175 1499 4246 conjunxisti
1539 4185 1749 4233 utrum-

231 4308 249 4340 ι
286 4306 371 4357 ulc
407 4314 605 4375 stupeas
643 4310 831 4359 veteris
864 4312 1150 4375 Interpretis
1181 4313 1528 4375 ignorantiam,
1551 4316 1759 4367 oscitan-

154 4370 371 4442 tiamye,
408 4370 525 4431 qui,
564 4382 766 4479 Quartana.
802 4382 859 4420 ac
894 4372 935 4421 si
971 4370 1162 4434 ista...
1186 4370 1475 4445 l'egerctur,
1499 4370 1756 4447 mirabitur

157 4437 325 4479 vertit.
351 4432 424 4479 sic
441 4438 606 4479 autem
650 4444 769 4479 erras
790 4440 988 4479 Oportet
1012 4448 1025 4479 :
1053 4442 1169 4479 Hmc
1191 4442 1280 4479 est.
1299 4448 1327 4479 ο
1350 4449 1422 4479 mr
1444 4437 1752 4479 ιιιίηυιιηπιίι

157 4432 325 4501 uertit.
351 4432 424 4501 sic
441 4438 606 4501 autem
631 4432 769 4501 legas
790 4440 988 4501 oportet
1012 4432 1169 4485 :ch
1191 4432 1280 4501 esi,
1299 4448 1327 4485 ο
1350 4435 1422 4501 vir
1444 4432 1755 4501 admirtmde,

452 4490 735 4561 ᾼνριιιῃᾳῆᾀ
753 4490 1060 4561 absurdius,
1085 4504 1140 4561 ut
1170 4490 1448 4549 observavit
1483 4515 1526 4549 ν.
1552 4500 1614 4551 cl.
1640 4490 1756 4552 Har:

154 4552 361 4626 duilius,
385 4552 585 4626 quiuit
603 4556 679 4626 hic
714 4557 762 4626 in
784 4558 955 4626 C_odice
988 4571 1079 4609 suo
1118 4558 1218 4626 legi
1241 4561 1537 4626 Ᾰιολιναφιωτὸ
1564 4576 1757 4626 ἀσίεγμ,

158 4613 445 4689 ιφθιιῇῃᾳτ-ἳὶ
465 4615 703 4689 iaspidas.
728 4618 1091 4689 Sedlnterpres
1113 4613 1303 4672 latinus
1326 4613 1414 4685 qui
1434 4613 1758 4689 vertitgtp'ot:

154 4676 326 4751 tinarii
346 4676 736 4751 inconsideratio,
763 4680 957 4751 videtur
977 4676 1164 4747 legisse
1187 4676 1372 4751 ἀτάπιμρί.
1398 4692 1497 4735 Mox
1526 4676 1606 4735 ubi
1630 4676 1759 4751 legi-

157 4746 237 4813 tur
257 4746 755 4813 fomemperationem
773 4777 788 4801 ,
821 4750 986 4794 Graece
1003 4778 1018 4803 ,
1042 4746 1482 4810 wvssmphauus
1503 4753 1565 4798 Le
1589 4746 1755 4813 Moyiie

157 4799 332 4861 edidit,
356 4799 818 4865 contemplationem.

220 4866 242 4937 ξ
269 4864 324 4915 in
348 4864 585 4937 (ἔκ-δᾳ)ίή
612 4870 969 4937 successuram
989 4871 1185 4934 αἵρεσις,
1213 4869 1506 4937 impiissima
1523 4872 1745 4931 hteresis.

156 4924 419 4995 lutei-pres
438 4924 683 4995 imperite
712 4944 800 4993 pro
833 4924 972 4995 more
995 4924 1255 4995 sequentia
1277 4924 1541 4985 convertit.

220 4989 587 5059 'Synysiastaa,
628 4989 987 5059 ξυγόυσιαρτᾳί,
1029 4989 1326 5059 vocabantur
1362 4996 1746 5059 Apollinarisla.

157 5052 327 5123 Grex;
342 5052 466 5123 Nam
482 5055 615 5123 Orat.
643 5054 741 5123 ιβη
764 5068 814 5123 p_.
856 5057 948 5104 722
972 5052 995 5123 ἐ.
1014 5058 1380 5123 Διαόεϐᾳιοῦτᾳι
1409 5052 1521 5123 apis
1540 5059 1628 5123 τρῖ)
1655 5078 1745 5110 κα-

152 5114 334 5179 τιλβεῖν
360 5116 502 5164 αὐτὸν
538 5118 639 5165 υἱὸν
664 5114 913 5179 ἀνθρώπου
955 5118 1092 5177 εἶναι,
1122 5122 1203 5168 καὶ
1229 5114 1469 5170 κατελθιῖὖ
1510 5121 1635 5170 ἰδίαν
1664 5123 1747 5172 ἐπ-

152 5178 569 5247 αγόμεγονησάρκα
593 5178 793 5247 enimio,
828 5182 885 5237 ἣν
918 5180 966 5227 ἐν
986 5182 1086 5247 τρῖς
1109 5183 1323 5247 οὑρᾳνοῖς
1350 5184 1473 5247 ἔχων
1501 5183 1744 5247 ἐεύγχανε,

151 5240 443 5311 spectans»,
480 5240 702 5311 ῖτιναβαὶ
740 5240 1284 5311 σγγουᾳιιιξμᾷνην..ὐοε;
1308 5240 1421 5311 esi}
1446 5240 1745 5311 _Aﬁiriittlliai

153 5312 268 5350 eum
301 5307 555 5366 antequam
582 5303 924 5364 descendisset,
953 5303 1111 5367 litium
1139 5304 1351 5357 hominis
1385 5303 1553 5370 fuisse,
1589 5313 1634 5358 et
1658 5308 1747 5359 de-

152 5360 403 5432 scendisse
422 5376 619 5432 cantem
654 5365 1300 5432 proprianradducentem,
1324 5366 1480 5422 illam.
1516 5382 1664 5432 quam
1695 5368 1745 5421 in

152 5404 301 5475 23a;
308 5404 645 5476 ῐιῖθὲῖὰἱῗιὲἱὶε
654 5404 935 5486 ’ἓὶέἕιὶιῖὲ
945 5404 1305 5480 sesima»
1313 5404 1664 5483 mare?
1672 5404 1746 5482 ιῖἱ

154 5486 455 5553 guunt.
491 5489 566 5539 De
600 5488 691 5553 bac
716 5504 850 5553 Avoce
885 5491 986 5553 jam
1007 5489 1066 5553 in
1094 5491 1279 5543 Monito
1304 5501 1467 5542 actum
1493 5502 1588 5545 est.
1616 5494 1739 5545 Ibid.

156 5548 273 5597 Mss.
302 5550 519 5619 assidua
546 5551 688 5619 pur_i_s
709 5548 933 5619 inﬂuens.
957 5552 1187 5619 Bigotius
1213 5553 1287 5604 sic
1311 5556 1504 5619 posuit,
1539 5555 1743 5607 assidua

152 5610 345 5683 epatris
632 5610 1168 5683 Harduinus,__as}idu_e
1207 5610 1603 5683 pariam/luens.
1629 5619 1742 5683 Mox

157 5672 388 5744 Bigotius
407 5672 783 5744 etnilarduiuus,
808 5676 1082 5741 Apollinari
1101 5672 1232 5741 dico',
1249 5679 1336 5744 sed
1358 5672 1463 5730 haec
1477 5695 1588 5744 vox,
1613 5679 1742 5744 dico,

156 5747 252 5783 non
275 5742 355 5785 est
378 5739 428 5784 in
452 5734 565 5796 his,
589 5749 683 5787 nec
707 5734 910 5799 prers'us
934 5734 1229 5793 necessaria
1249 5739 1459 5795 videtur.

220 5798 243 5865 ξ
270 5796 321 5865 [ῃ
348 5798 458 5857 11s.,
488 5796 777 5865 scripsistis.

220 5860 241 5890 ⁵
271 5859 420 5909 Forte
440 5859 775 5914 adsensionem.

221 5921 241 5951 ‘
264 5920 557 5988 Legendum
590 5923 809 5992 videtur,
831 5933 1023 5980 natura.

1260 412 1361 470 AD.
1389 410 1761 471 ωεευΑιιιωι
1797 407 2206 468 HONACBUII.

3353 400 3457 459 758

1852 541 1995 596 que:
2025 522 2170 580 unde
2194 529 2253 579 et
2286 520 2550 593 passibilis
2570 520 2783 578 dicatur
2810 519 2955 579 idem
2986 521 3105 593 ipse
3128 527 3184 579 et
3208 521 3467 596 impassi-

1852 614 2011 671 biiis:
2054 612 2320 685 passibilis
2366 610 2581 684 quidem
2623 609 2823 680 carne;
2879 612 3224 685 impassibilis
3267 621 3451 671 autem

1852 704 2069 761 deitate.
2099 704 2299 761 Eadem
2322 704 2437 776 ipa
2464 714 2519 760 et
2538 702 2607 760 de
2619 701 2781 773 Filio,
2807 712 2861 761 et
2882 703 2950 761 de
2968 703 3208 772 Christo,
3234 714 3289 761 et
3303 703 3454 772 Jesu,

1854 809 1908 855 et
1934 800 2159 853 Domino
2184 797 2581 868 praedicantur:
2610 796 2918 853 communia
2945 796 3093 853 enim
3120 804 3176 853 et
3202 798 3465 868 suscepti-

1854 890 1979 945 bilia
2002 888 2226 945 duarum
2253 890 2608 946 essentiarum
2638 889 2856 946 nomina
2882 897 3040 955 sunt,
3072 905 3296 961 quarum
3328 903 3466 945 con-

1847 979 2056 1051 junctio
2084 981 2137 1035 in
2167 979 2433 1037 bzereticis
2452 979 2668 1051 quidem
2695 995 2934 1037 errorem
2966 981 3090 1038 facit
3118 982 3339 1053 proprio
3366 996 3468 1052 pio

1853 1072 2128 1127 communi
2158 1080 2369 1127 utentes
2407 1072 2626 1128 nomine
2653 1071 2873 1128 Christi.
2914 1072 3064 1131 Unos
3094 1082 3273 1130 autem
3309 1087 3465 1130 com-

1856 1164 2107 1219 munibus
2136 1165 2251 1220 istis
2280 1165 2606 1232 nominibus,
2639 1164 2856 1236 quando
2880 1165 3300 1237 dispensationis
3326 1182 3465 1223 con-

1859 1255 2117 1313 ﬁtendum
2149 1267 2233 1314 est
2257 1258 2575 1330 mysterium
2606 1259 2645 1312 ί.
2678 1257 2735 1315 Si
2756 1260 2900 1315 enim
2928 1259 3096 1315 Deum
3123 1258 3325 1316 dixeris
3345 1274 3468 1331 per-

1856 1348 2046 1404 tulisse
2070 1349 2448 1420 qnalicumque
2471 1349 2816 1420 cogitatione,
2848 1348 2993 1421 quod
3023 1348 3355 1421 impossibile
3379 1358 3465 1405 est

1856 1438 2073 1493 dixisti:
2110 1439 2160 1493 id
2199 1440 2343 1510 quod
2374 1438 2744 1509 blasphemum
2769 1448 2853 1496 est
2887 1449 2944 1496 et
2978 1440 3209 1497 immane
3237 1457 3251 1494 :
3280 1439 3378 1497 sed
3406 1439 3461 1493 in

1855 1530 2080 1584 aliorum
2113 1529 2377 1585 haeresum
2404 1529 2686 1586 declinasti
2718 1530 3050 1601 impietatem
3078 1532 3102 1564 '
3134 1548 3149 1587 :
3181 1532 3227 1588 si
3266 1531 3466 1587 iterum

1858 1621 2128 1678 hominem
2170 1621 2370 1678 dixeris
2395 1621 2485 1692 qui
2516 1621 2769 1692 pertulit,
2799 1614 3060 1678 inveniris
3090 1637 3282 1693 purum
3325 1620 3462 1677 2di-

1857 1714 2021 1770 ﬁrans
2057 1714 2316 1786 templum
2336 1756 2351 1781 ,
2381 1714 2638 1787 templum
2668 1714 2847 1771 carnis
2876 1715 2921 1771 ³.
2951 1716 3112 1770 Extra
3160 1714 3466 1772 inhabitari.

1856 1813 1963 1861 tem
1993 1820 2287 1877 numquam
2313 1805 2527 1874 dicitur,
2556 1807 2677 1877 quia
2700 1807 2811 1878 jam
2842 1821 2949 1863 non
2979 1815 3063 1864 est
3088 1807 3368 1879 templum.
3392 1806 3463 1863 Et

1857 1896 2079 1951 forsitan
2107 1896 2329 1965 dicunt,
2363 1896 2435 1952 Et
2458 1897 2727 1968 quomodo
2757 1898 3014 1953 Dominus
3038 1897 3209 1967 dixit,
3246 1897 3463 1971 Utun

1854 2006 1934 2045 me
1972 1989 2125 2045 vultis
2171 1990 2417 2058 occidere,
2462 1990 2717 2046 hominem
2759 1993 2845 2062 qui
2892 1993 3153 2047 veritatem
3196 1994 3336 2048 vobis
3378 1994 3462 2048 lo-

1853 2092 2043 2153 quutus
2071 2099 2186 2137 sum
2209 2099 2361 2154 quam
2386 2084 2564 2138 audivi
2588 2099 2620 2137 a
2648 2083 2757 2138 Deo
2784 2082 2968 2156 (Jaan.
3000 2084 3053 2141 8.
3079 2084 3174 2157 40)
3195 2087 3218 2141 7
3239 2087 3384 2143 Bene
3405 2094 3464 2144 et

1855 2176 2076 2231 omnino
2104 2177 2375 2246 sapienter
2402 2176 2507 2232 hoc
2534 2176 2832 2233 dicendum
2864 2186 2975 2233 est:
3005 2193 3179 2250 neque
3207 2179 3350 2235 enim
3392 2194 3463 2236 ex

1856 2266 2176 2322 inhabitanti
2205 2266 2622 2324 defraudabatur
2644 2267 2881 2335 deitate;
2914 2268 3009 2325 scd
3035 2267 3340 2341 signiﬁcem
3366 2284 3465 2327 vo-

1856 2359 1971 2415 lens
2000 2358 2021 2390 ‘
2052 2359 2342 2430 patientem
2373 2372 2642 2429 naturam,
2675 2360 2911 2417 hominis
2940 2362 3254 2419 memoriam
3286 2362 3411 2420 fecit
3445 2384 3460 2421 :

1857 2458 2075 2520 propter
2096 2450 2239 2521 quod
2265 2460 2319 2507 et
2345 2451 2489 2508 Deus
2515 2462 2570 2508 et
2599 2454 2761 2508 homo
2785 2450 3051 2510 Christus.
3080 2454 3221 2510 Deus
3240 2466 3465 2527 propter

1855 2541 2379 2612 impassibilitatem,
2435 2543 2599 2601 homo
2647 2555 2870 2616 propter
2922 2545 3250 2617 passionem.
3309 2546 3463 2604 Unus

1856 2634 2043 2702 Filius,
2077 2652 2216 2693 unus
2252 2636 2536 2705 Dominus,
2569 2637 2712 2695 idem
2740 2639 2855 2709 ipse
2882 2638 3067 2710 procul
3096 2638 3258 2695 dubio
3281 2640 3461 2695 unita-

1854 2742 1973 2782 rum
2002 2738 2316 2783 naturarum
2344 2743 2507 2784 unam
2535 2728 2957 2785 dominationem
2978 2772 2994 2796 ,
3032 2745 3195 2785 unam
3224 2722 3457 2800 potesta.

1857 2829 1965 2875 tem
1983 2819 2285 2890 possidens,
2299 2822 2511 2877 etiamsi
2528 2836 2633 2878 non
2650 2822 3131 2881 consuhsmntiales
3143 2822 3165 2855 '
3177 2824 3461 2891 exsistunt,

1856 2923 1910 2968 et
1960 2928 2289 2984 unaquaeque
2339 2913 2740 2968 incommixtam
2786 2913 3129 2983 proprietatis
3181 2924 3466 2972 conservat

1856 3008 2203 3077 agnitionem,
2246 3014 2467 3077 propter
2509 3006 2611 3063 hoc
2657 3006 2801 3077 quod
2847 3006 3126 3063 inconfusa
3166 3016 3291 3062 sunt
3332 3008 3465 3066 duo.

1857 3099 2007 3156 Sicut
2036 3100 2181 3156 enim
2207 3108 2492 3171 antequam
2520 3100 2886 3155 sanctilicetur
2914 3100 3067 3171 panis
3090 3142 3103 3167 ,
3137 3117 3329 3172 panem
3362 3118 3465 3157 no—

1858 3192 2164 3246 minamus:
2205 3190 2384 3246 divina
2432 3202 2611 3248 autem
2658 3192 2807 3247 illum
2862 3191 3231 3249 sanctificante
3271 3196 3459 3264 gratia,

1857 3283 2125 3339 mediante
2150 3283 2460 3349 sacerdote,
2492 3284 2749 3339 liberatus
2774 3293 2857 3340 est
2885 3285 3100 3356 quidem
3124 3285 3191 3341 ab
3217 3287 3460 3356 appella-

1859 3374 2002 3428 tione
2029 3374 2209 3443 panis;
2243 3373 2435 3443 dignus
2465 3384 2643 3431 autem
2688 3375 2899 3431 habitus
2937 3376 3192 3431 dominici
3218 3378 3463 3448 corporis

1856 3467 2236 3537 appellatione,
2268 3468 2478 3523 etiamsi
2509 3478 2696 3523 natura
2724 3469 2875 3540 panis
2909 3468 2959 3523 in
2995 3470 3111 3539 ipso
3142 3471 3458 3540 permansit,

1856 3570 1911 3615 ct
1940 3574 2045 3615 non
2076 3559 2186 3615 duo
2214 3576 2440 3631 corpora
2460 3603 2473 3627 ,
2506 3562 2601 3617 sed
2632 3578 2795 3618 unum
2826 3577 3024 3635 corpus
3049 3563 3173 3619 Filii
3204 3564 3463 3635 przedica-

1856 3668 1995 3709 mus.

1932 3748 2021 3804 Sic
2048 3759 2100 3803 et
2127 3747 2213 3804 hic
2238 3747 2420 3804 divina
2435 3752 2738 3821 ἐνιδρυσάσης
2769 3748 2810 3815 ⁸,
2845 3748 2898 3804 id
2930 3757 3013 3805 est
3041 3749 3306 3806 insidente
3338 3765 3463 3807 cor-

1859 3842 1973 3912 pori
2004 3850 2212 3909 natura,
2263 3856 2426 3896 unum
2452 3840 2669 3904 Filium,
2700 3856 2858 3895 unam
2908 3856 3192 3912 personam
3236 3852 3464 3913 utraque

1858 3932 1974 3987 hanc.
1999 3934 2258 3988 fecerunt.
2286 3932 2698 4004 Agnoscendum
2722 3940 2899 3988 tamen
2928 3932 3261 3989 inconfusam
3290 3946 3343 3989 et
3372 3936 3460 3989 in-

1856 4025 2178 4081 divisihilem
2205 4026 2467 4081 rationem
2488 4067 2503 4093 ,
2536 4041 2640 4081 non
2674 4025 2726 4081 in
2759 4041 2861 4081 una
2894 4028 3066 4082 solum
3106 4038 3296 4083 natura
3320 4070 3335 4093 ,
3367 4029 3461 4084 sed

1857 4118 1910 4171 in
1940 4117 2143 4173 duabus
2172 4117 2438 4188 perfectis.
2469 4117 2525 4173 Si
2554 4118 2697 4173 enim
2729 4118 2904 4181 unius,
2937 4118 3207 4189 quomodo
3232 4119 3284 4174 id
3316 4119 3459 4190 quod

1857 4209 2192 4265 inconfusum
2222 4220 2324 4273 est,
2357 4210 2625 4281 quomodo
2646 4209 2787 4281 quod
2816 4209 3157 4279 indivisibile,
3188 4214 3461 4284 quomodo

1923 4322 1937 4351 ⁸
1964 4320 2509 4385 Δξῑθιιιηιιιιιις),ιιεξιῃοῖῐιθ
2526 4358 2541 4379 ,
2559 4333 2687 4385 unos
2709 4326 2874 4385 autem
2898 4322 3227 4385 communibus
3247 4323 3351 4375 istis
3374 4337 3461 4375 no-

1854 4380 2083 4449 minibus,
2097 4380 2291 4444 quando
2304 4380 2674 4449 dispensationis
2685 4381 3013 4448 conﬁtendwn
3022 4391 3093 4449 est
3103 4385 3408 4449 mysterium;
3417 4391 3459 4438 si

1854 4442 2030 4511 liceret
2055 4442 2168 4511 pro,
2185 4456 2336 4511 _un_os,
2363 4442 2570 4511 legere,
2597 4452 2733 4504 utor,
2767 4442 3015 4511 Sententia
3055 4442 3187 4511 bene
3221 4442 3458 4511 haberet;

1854 4507 2069 4575 Bigotius
2092 4508 2164 4556 sic
2185 4505 2341 4575 habet
2364 4521 2378 4575 :_
2404 4505 2497 4575 [iis
2514 4512 2675 4557 autem
2698 4508 3032 4575 communibus
3054 4507 3161 4560 istis
3192 4511 3262 4563 uti
3278 4505 3459 4575 oportel

1855 4566 2146 4639 nominibus,
2161 4574 2279 4639 etc.,
2294 4569 2397 4639 ubi,
2417 4567 2538 4629 istis,
2568 4570 2842 4632 superﬂuit.
2864 4569 3070 4631 Mallem,
3089 4577 3215 4633 utor,
3240 4566 3388 4636 ut'su;
3408 4588 3459 4625 ra

1851 4629 1983 4693 dixi,
2012 4637 2065 4680 et
2087 4632 2243 4693 omnia
2268 4629 2583 4693 quadrareut.

1908 4692 1936 4763 f
1968 4693 2140 4764 Bigot.,
2167 4691 2221 4741 id
2237 4691 2369 4764 quod.
2409 4691 2740 4764 b'tasplu’nmm
2761 4700 2833 4764 est
2861 4700 2948 4744 :et
2993 4694 3043 4745 in
3083 4696 3284 4748 Manetis
3322 4705 3369 4749 et
3401 4713 3454 4750 in

1851 4751 2060 4803 aliorum
2074 4751 2309 4811 ,hreresim
2335 4751 2590 4806 declinasti
2611 4754 2925 4815 impiaatem.

1910 4821 1933 4854 ³
1957 4816 2127 4882 fin-Ms.
2153 4826 2262 4871 erat
2278 4817 2509 4882 templum
2531 4815 2709 4882 crucis.
2737 4819 2886 4882 C_ujus
2901 4821 3010 4868 loco
3032 4816 3202 4882 posuit
3228 4816 3451 4879 liigotius

1850 4881 2033 4943 carnis,
2061 4890 2114 4933 et
2146 4881 2218 4933 sic
2237 4877 2723 4943 sententiaquadrat.
2746 4877 2823 4943 De
2839 4877 3451 4943 templocarnissicntha-

1850 4941 2195 5007 nasius'Epist.
2217 4945 2279 4994 ad
2301 4941 2609 5007 Adelphium
2631 4955 2677 5007 p_.
2701 4941 2816 5007 816ἶ
2839 4942 2903 4992 de
2927 4941 3222 5006 quihusdam
3255 4942 3451 4992 Ariauis

1851 5008 2062 5069 loquens
2082 5003 2096 5056 Ξ
2125 5008 2198 5057 Οὐ
2222 5003 2483 5069 ﬂouiovrat
2496 5006 2579 5053 τὸν
2599 5003 2774 5067 Κύριον
2799 5005 2849 5053 ἐν
2876 5003 3019 5068 capiti
3042 5009 3107 5062 ὡς
3138 5007 3186 5069 ἐν
3208 5007 3308 5069 ναῷ
3334 5006 3450 5054 ὄντα

1848 5065 2129 5133 πρὸσχυνιῖν
2143 5082 2155 5094 ·
2183 5065 2446 5119 Dominum
2466 5065 2519 5117 in
2540 5065 2687 5117 carne
2708 5065 3015 5137 tanquam'in
3040 5068 3219 5129 templo
3238 5068 3453 5118 adorare

1850 5131 2035 5181 nulum.
2069 5131 2135 5181 Et
2167 5145 2281 5194 pag.
2321 5143 2429 5192 seq.
2457 5142 2657 5179 carnem
2686 5128 2896 5190 Christi,
2930 5133 3170 5193 templum
3195 5133 3451 5192 appellare

2025 5171 2035 5181 ι
2069 5165 2135 5181 μὶ
2169 5165 2281 5190 γωδ·
2321 5165 2429 5190 υυῚο
2458 5165 2657 5179 ιιι-ηνιυ
2689 5165 2896 5190 uel-eun,

1851 5194 2041 5325 ρεξξέἶὲ
2061 5256 2110 5325 in
2133 5256 2223 5306 Ms.
2245 5251 2700 5325 _legitur:Digotiu§
2718 5260 2887 5325 autem
2910 5256 2977 5325 ita
2998 5253 3253 5325 restituit:
3282 5255 3337 5325 ᾼζ,
3333 5266 3453 5318 eque

1850 5315 1983 5385 enim
2002 5330 2066 5369 ea:
2092 5318 2183 5369 hoc
2195 5316 2266 5385 ab
2289 5314 2581 5385 inhabitari-ti
2603 5314 2992 5385 deli-nudabatur
3015 5329 3033 5367 :
3055 5316 3141 5385 sed
3171 5314 3453 5385 signiﬁcare

1851 5379 2034 5438 volens,
2062 5388 2162 5431 etc.
2190 5382 2377 5430 Sensus
2399 5388 2505 5428 est:
2526 5378 2631 5427 Etsi
2654 5377 2878 5429 Christus
2896 5391 2951 5428 se
2976 5377 3235 5428 hominem
3246 5377 3451 5439 dixerit,

1850 5443 2043 5492 deltate
2072 5450 2239 5492 tamen
2262 5454 2357 5490 non
2385 5441 2626 5501 privatur,
2653 5454 2741 5489 seu
2768 5439 3107 5491 defraudatur.

1913 5505 1934 5537 ⁸
1961 5505 2143 5556 Petrus
2165 5500 2503 5565 Martyrlegit.
2523 5500 3011 5565 consubstantiatiter.
3029 5503 3213 5553 Locum
3236 5515 3455 5563 sequen-

1853 5573 1957 5631 tem
1983 5582 1995 5614 τ
2023 5563 2308 5631 δὶωεγςηὶηὶ
2326 5563 2586 5630 antequam
2606 5563 2936 5631 sanctiﬁcetur
2959 5566 3118 5630 panis,
3147 5573 3267 5625 etc.,
3290 5566 3457 5626 expli-

1852 5628 2069 5680 cavimus
2091 5630 2140 5678 in
2166 5630 2370 5679 Monito.

1917 5691 1938 5722 ⁸
1966 5692 2198 5756 Sichlegit
2222 5698 2366 5740 vetus
2390 5688 2880 5756 interpresLatinus,
2896 5697 3047 5756 atque
3070 5686 3138 5756 ita
3156 5688 3455 5756 Aetiamgapud

1853 5754 2032 5804 Joann.
2053 5750 2411 5803 Damascenum
2438 5750 2607 5815 contra
2632 5750 3129 5815 Apollinaristas,qui
3154 5753 3288 5801 hunc
3300 5750 3452 5813 Chry-

1853 5767 2032 5804 Joann.
2053 5767 2411 5803 uamascenum
2438 5767 2607 5802 contra
2632 5767 2669 5801 Α
2711 5767 3129 5815 oumartsuas,qtu
3154 5767 3288 5801 nunc
3300 5767 3451 5813 ωινγ-

1851 5818 2055 5865 sostomi
2085 5816 2253 5866 locum
2278 5816 2436 5864 refert
2470 5814 2564 5863 hoc
2585 5767 3262 5878 lilu€0:T05_Xpuaom'6p-ou,
3289 5815 3342 5862 ἐκ
3364 5816 3451 5878 τοῦ

1855 5880 1979 5944 mea:
2012 5878 2434 5944 ’ᾼπολεναρισςῷψ
2462 5876 2857 5944 A_pud_veterem
2882 5876 3208 5944 interpretem
3247 5876 3447 5944 legeba-

1856 5944 1938 5990 tur
1962 5936 2288 6003 ἑνιδρυσάσηξ,
2311 5936 2363 5991 id
2385 5943 2457 5994 est
2481 5936 2765 6003 inundantia,
2791 5936 3029 5991 mendose
3056 5953 3162 6003 pro,
3187 5936 3443 5991 insidrnte.
