4152 6486
736 448 850 508 τω

739 564 908 622 Initio
922 561 1115 619 dicitur
1132 557 1411 632 aliquando
1429 553 1743 626 slbimetipsi
1763 553 1900 610 uniri
1921 566 2040 624 quae
2069 565 2170 607 una
2199 556 2311 613 est;

739 663 831 712 st
865 651 1148 717 confundi,
1179 661 1271 706 aut
1309 648 1472 705 dividi
1507 646 1833 716 impossibile
1873 652 1974 699 est.
2007 641 2158 710 Quod
2187 653 2315 710 ergo

741 743 1003 800 infernum
1031 741 1266 798 evomuit
1290 755 1446 796 unam
1477 739 1528 794 in
1558 737 1769 794 Christo
1797 745 2036 790 naturam
2057 733 2236 788 dicere
2257 731 2315 786 'i

741 844 987 904 putamus
1011 831 1245 889 divinam
1289 829 1457 886 solam
1488 830 1822 883 nominantes
1864 842 1968 880 non
2005 822 2316 879 omnimodo

739 938 897 981 unum
924 933 1151 995 ngam,
1191 933 1427 978 nostram
1455 921 1574 975 dico
1599 921 1822 974 salutem
1842 960 1857 985 ,
1897 928 1988 972 aut
2031 918 2314 972 humanam

739 1013 1028 1069 retinentes
1054 1022 1256 1067 naturae
1290 1011 1482 1066 divinae
1521 1009 1922 1079 abnegationem
1960 1006 2177 1062 faciunt.
2221 1005 2313 1059 Di-

737 1111 882 1170 eant,
926 1119 1046 1174 qum
1094 1101 1320 1173 perdidit
1361 1100 1499 1172 quod
1542 1100 1810 1171 proprium
1860 1097 2016 1154 erat?
2062 1095 2117 1153 8i
2172 1097 2314 1152 enim

739 1210 878 1250 unus
900 1206 1001 1262 est,
1025 1195 1166 1250 salva
1195 1194 1345 1250 nobis
1367 1203 1446 1249 est
1478 1193 1644 1248 unitio
1663 1193 1805 1246 omni
1830 1190 2010 1255 modo,
2038 1200 2086 1244 et
2111 1204 2173 1245 ea
2193 1203 2314 1259 qua!

739 1286 962 1343 Initioni
980 1297 1102 1341 sunt
1128 1285 1337 1357 propria
1367 1285 1558 1339 salvari
1586 1298 1805 1339 necesse
1827 1282 1991 1339 est.8i
2013 1282 2154 1338 enim
2183 1296 2312 1347 non,

739 1391 840 1434 nou
866 1377 1066 1444 unltio,
1108 1377 1200 1432 sed
1230 1375 1472 1431 confusio
1509 1383 1564 1430 et
1586 1375 1826 1433 abolitio.
1870 1373 1988 1428 Nox
2027 1383 2204 1428 autem
2247 1370 2314 1425 ad

739 1470 1162 1541 interrogationis
1189 1469 1505 1525 ﬁuctuantes
1546 1468 1942 1538 responsionem
1965 1508 1978 1530 ,
2011 1466 2076 1520 sd
2116 1465 2312 1534 aliquid

735 1561 876 1616 aliud
903 1561 1170 1625 exsiliunt,
1213 1559 1355 1630 quod
1381 1575 1484 1614 non
1515 1560 1585 1614 sit
1611 1559 1882 1628 proprium
1909 1556 1974 1612 ad
2013 1557 2314 1626 interroga-

737 1651 959 1717 tionem,
989 1661 1045 1707 et
1073 1652 1434 1706 inconstantes
1459 1650 1706 1704 emittunt
1727 1663 1901 1704 voces.
1928 1646 2150 1702 Pertulit
2177 1647 2316 1702 Deus

730 1751 791 1800 et
839 1757 944 1798 non
993 1744 1230 1814 pertulit,
1280 1742 1405 1798 etsi
1451 1750 1698 1813 petantur
1739 1739 1952 1794 modum
1999 1737 2199 1806 dicere,
2247 1738 2314 1793 ad

736 1833 1088 1902 ignorantiam
1118 1832 1372 1888 recedunt
1403 1834 1747 1902 proferemus,
1781 1830 2048 1900 quomodo
2069 1831 2232 1885 voluit
2253 1832 2310 1884 ’ς

734 1923 931 1979 Christi
969 1921 1107 1992 apud
1133 1923 1276 1992 ipsos
1304 1923 1560 1978 memoria
1597 1921 1846 1992 fugiente.
1876 1922 2002 1976 Post
2032 1922 2146 1976 haec
2173 1922 2311 1975 vitu-

737 2015 902 2084 perati
933 2015 985 2069 in
1020 2015 1136 2081 hoc,
1170 2030 1296 2070 mox
1325 2014 1524 2077 dicunt,
1552 2015 1615 2070 Et
1641 2013 1885 2069 Christus
1914 2029 2016 2069 non
2039 2023 2122 2070 est
2151 2016 2309 2080 Deus,

743 2103 840 2159 sed
869 2116 922 2160 et
952 2105 1130 2160 homo.
1157 2105 1224 2160 Et
1247 2106 1435 2160 iterum
1461 2105 1678 2160 dicunt'
1702 2123 1716 2159 :
1765 2105 1890 2160 Post
1915 2106 2168 2161 unitatem
2209 2121 2312 2161 non

734 2205 947 2264 oportet
988 2195 1166 2251 dicere
1191 2195 1324 2250 duas
1348 2205 1583 2251 naturas.
1619 2196 1848 2251 Attende
1874 2197 2313 2266 signiﬁcationem

737 2283 884 2340 dicti.
917 2283 1214 2342 Unitionem
1237 2285 1449 2341 dixisti?
1470 2286 1637 2342 Unius
1667 2288 1955 2342 unitionem
1983 2301 2088 2341 non
2111 2287 2315 2342 invenis

737 2376 872 2443 ﬁeri,
903 2378 1168 2448 quomodo
1210 2380 1594 2448 pmvenienles
1631 2379 1884 2446 diximus,
1942 2377 2158 2434 Verbum
2196 2397 2315 2436 caro

737 2474 928 2541 factum
956 2480 1029 2526 est
1055 2469 1232 2544 (Icari.
1261 2473 1312 2528 ί.
1356 2472 1480 2542 ﬂ):
1505 2472 1599 2529 sed
1635 2481 1689 2528 et
1716 2473 2153 2543 speculaneornm
2180 2488 2312 2540 que-

735 2571 921 2617 rentur
967 2562 1328 2618 subtilitatem.
1375 2562 1558 2618 Intulit
1597 2563 1774 2631 enim,
1823 2563 1892 2616 Et
1931 2565 2227 2619 inhabitavit
2260 2565 2314 2619 in

735 2654 896 2710 nobis.
933 2654 1195 2726 Numquid
1241 2671 1344 2710 non
1377 2656 1470 2711 tibi
1509 2656 1717 2713 videtur
1739 2657 1862 2728 quia
1890 2657 2033 2712 aliud
2063 2667 2145 2714 est
2171 2657 2311 2728 quod

737 2747 995 2804 inhabitat
1021 2759 1214 2820 prtetcr
1243 2748 1658 2805 habitationem?
1689 2749 1751 2806 Si
1770 2752 2130 2822 cognouissent,
2166 2768 2315 2806 nunt-

734 2858 886 2910 quam
923 2839 1194 2895 Dominum
1241 2843 1418 2913 gloria!
1457 2842 1823 2912 cruciﬁxissent
1853 2843 1940 2914 (1.
1965 2841 2082 2898 Cor.
2121 2843 2177 2897 2.
2218 2842 2310 2914 8).

739 2932 1016 2986 Dominum
1043 2932 1232 2987 iterum
1269 2933 1480 3003 quando
1508 2933 1727 3000 dixeris,
1757 2949 1862 2988 non
1895 2935 2188 3005 proprium,
2220 2933 2315 2990 sed

737 3035 1018 3076 commune
1038 3021 1360 3092 significatur
1389 3038 1580 3077 nomen
1611 3023 1872 3093 passionis
1895 3033 1949 3080 et
1973 3025 2314 3095 impassibili-

740 3113 861 3168 tatis
887 3113 1242 3181 susceptibile.
1268 3115 1673 3170 Consueverunt
1691 3115 1713 3148 ‘
1731 3124 1907 3176 autem
1933 3126 1987 3173 et
2013 3117 2150 3173 istud
2175 3132 2315 3188 prte-

739 3205 989 3261 tendere:
1020 3206 1272 3262 Putamus
1308 3222 1412 3262 non
1443 3222 1637 3278 corpus
1665 3209 1760 3264 Dei
1786 3219 1843 3266 et
1877 3211 2186 3282 sanguinem
2218 3227 2313 3267 ac-

735 3299 972 3368 cepimus
995 3298 1220 3368 ﬁdeliter
1245 3315 1309 3356 ac
1338 3301 1420 3369 pie
1449 3301 1862 3372 suscipiendum,
1895 3317 2000 3358 non
2041 3303 2163 3374 quia
2189 3318 2312 3359 cor-

801 3418 818 3451 ί
843 3415 1136 3466 Athanasius
1157 3420 1324 3464 contra
1353 3411 1630 3475 Epictetum
1657 3425 1704 3474 p.
1728 3410 1847 3460 902:
1863 3411 2008 3475 110205
2027 3411 2143 3475 ᾅδης
2161 3409 2303 3475 ἠρώ-

801 3427 818 3451 ι
843 3427 1136 3488 Athanasius
1157 3427 1324 3464 contra
1353 3427 1630 3484 nptctetum
1657 3427 1704 3474 p.
1729 3427 1847 3460 wz:
1864 3427 2008 3466 uoto;
2027 3427 2143 3472 ᾳοης
2161 3427 2303 3521 ηεν-

739 3483 867 3536 εατο,
889 3479 1140 3546 ὸμορυᾳιρν
1160 3476 1301 3524 ιῑπιίν
1322 3491 1377 3522 το
1400 3476 1454 3523 ἐκ
1473 3474 1656 3546 glaciet;
1677 3475 1895 3546 Galla-:li
1909 3471 2004 3546 ,τοῦ
2027 3473 2182 3546 Λέγω
2251 3473 2303 3520 ό-

737 3533 843 3600 am
858 3533 876 3598 ';
901 3533 1015 3601 Quis
1037 3535 1248 3601 infernus
1271 3533 1502 3601 eructant}
1521 3533 1696 3601 corpus
1715 3533 1778 3584 ea:
1793 3533 1950 3584 Maria
1971 3535 2182 3596 genitum
2200 3547 2304 3584 esse

742 3593 886 3653 Verbi
908 3593 1148 3648 divinitati
1169 3593 1730 3654 cormbmtialefonc
1740 3593 2011 3658 sequuntur
2022 3602 2148 3658 post,
2160 3608 2305 3658 unum

739 3662 791 3714 in
813 3660 1006 3713 Christo
1027 3667 1250 3709 naturam
1275 3658 1596 3720 dicerejpiav
1623 3656 1925 3720 ἐπὶ-Κρίξπῷ
1948 3656 2098 3718 λέῂιν
2123 3656 2302 3719 φύσιν),

773 3739 848 3775 usa
875 3736 969 3772 nou
991 3731 1128 3770 erant
1152 3723 1202 3770 in
1233 3717 1394 3782 Bigot.
1428 3717 1579 3782 Edit,
1605 3717 1840 3782 ex_losn.
1875 3717 2096 3782 Damasc.
2134 3717 2304 3782 contra

773 3741 848 3775 ue
875 3741 969 3772 non
991 3741 1128 3770 erant
1153 3741 1202 3770 In
1233 3741 1394 3782 υιδυι.
1428 3741 1579 3778 nun”,
1605 3741 1665 3766 ex
1699 3741 1840 3767 δυιιι.
1875 3741 2096 3768 usuusu.
2134 3741 2304 3767 contra

737 3741 983 3854 gacobitas
999 3785 1253 3843 desumpta
1273 3778 1633 3854 sunt.‘lbidem,
1657 3779 1891 3854 Putamus
1915 3777 2305 3854 diuinamsolam

738 3846 1052 3899 nominantes.
1072 3857 1163 3894 non
1175 3840 1461 3893 omnimodo
1480 3854 1624 3891 unum
1647 3845 1838 3903 negant,
1852 3846 2068 3903 nostram
2094 3840 2204 3891 dico
2226 3854 2306 3891 sa-

738 3911 904 3960 lutem.
934 3908 1095 3958 Graeca
1133 3904 1204 3954 sic
1228 3904 1464 3953 vertenda
1493 3918 1504 3952 :
1533 3908 1626 3954 Aut
1661 3901 1789 3953 enim
1823 3901 2042 3953 divinum
2081 3908 2306 3952 naturam

739 3976 949 4034 tenentes
967 3967 1226 4018 humanam
1241 3972 1436 4034 negant,
1453 3970 1662 4034 nostram
1682 3965 1793 4034 dico
1816 3965 2120 4034 salutemmut
2135 3967 2308 4034 [auma-

739 4024 1321 4096 namretinattesmtura?
1336 4026 1514 4096 diuina:
1531 4024 1890 4096 denegatioan
1906 4025 2106 4096 faciunt.
2133 4025 2307 4096 Latine

740 4095 1020 4188 legebatur,
1041 4087 1134 4140 non
1157 4087 1339 4158 diuina:
1359 4087 1721 4157 abnegalioném
1744 4087 1957 4150 faciunt;
1979 4088 2068 4136 sed
2094 4093 2238 4158 male.

853 4154 986 4188 lnior
1008 4154 1368 4188 nmnnellmnm
1394 4149 1519 4188 Illae,
1543 4163 1653 4188 nun
1673 4150 1733 4188 ah
1761 4155 2023 4188 Annnvmn-
2046 4163 2130 4188 mn
2157 4151 2238 4188 ΔΗ

851 4154 986 4223 inter
1008 4147 1522 4223 propositiones‘illas,
1543 4163 1653 4223 quae
1673 4147 2026 4223 ab'Anouymo,
2046 4147 2132 4212 qui
2153 4151 2306 4223 _At_ba7

741 4215 867 4267 nasli
893 4210 1466 4267 nomine‘circumfertur,
1480 4210 1806 4269 confutantur,
1818 4217 1985 4260 octava
2005 4210 2133 4260 hunc
2157 4211 2305 4262 habet

741 4276 939 4342 titulum
972 4290 983 4325 ζ
1018 4275 1143 4338 Πρὸς
1181 4272 1794 4342 τοὺςλξγοντςιςςεπαθιν
1827 4274 1993 4342 ρξιὸς
2034 4276 2097 4342 ὡς
2136 4275 2304 4342 hosta.

737 4352 822 4387 σε·
866 4333 1205 4389 Adversuseos
1229 4333 1314 4398 qui
1325 4333 1520 4398 dicunt,
1553 4333 1738 4384 Passus
1768 4338 1837 4382 at
1869 4336 2014 4394 Deus,
2047 4340 2099 4384 ut
2132 4335 2299 4387 voluit.

737 4400 918 4450 Athan.
940 4399 1078 4446 'l‘om.
1104 4399 1148 4452 2,
1174 4409 1226 4452 ι).
1241 4397 1357 4447 ΒἹῢ.

793 4455 817 4488 ³
849 4460 905 4505 ει
1135 4453 1878 4527 ςίςισιιο.ςῖςεεφω.ειλιν,ιις,ελλο
1900 4461 2169 4527 Mm
2201 4478 2310 4518 τωο

737 4518 1001 4588 Bursusfzd
1025 4514 1159 4566 aliud
1191 4515 1512 4588 transiliam
1547 4515 1730 4588 dictant.
1766 4517 1847 4564 uie
1877 4514 1996 4588 vero
2019 4514 2312 4588 locusnunc

733 4577 888 4639 primo
907 4582 1082 4639 Graece
1093 4577 1249 4639 prodit
1271 4590 1332 4628 ex
1350 4585 1534 4627 Joanne
1557 4585 1850 4628 Damasceno
1867 4584 2033 4627 contra
2054 4578 2310 4626 Jawbitas.

797 4638 929 4712 ‘_Iiic_
939 4638 1213 4712 imminens
1226 4652 1355 4688 nunc
1376 4642 1529 4712 primo
1551 4640 1711 4712 prodit
1735 4645 2005 4712 exAJoanne
2020 4645 2313 4712 Damasceuo

735 4706 899 4747 contra
909 4699 1144 4748 Jacobitas
1157 4713 1168 4749 :
1184 4708 1340 4749 artem
1351 4697 1420 4750 sic
1428 4697 1754 4751 convertimus
1765 4714 1778 4748 :
1795 4700 1948 4750 solent
1962 4705 2121 4749 autem
2130 4705 2174 4748 et
2183 4697 2313 4750 istud

737 4760 1038 4831 praeualere
1068 4773 1085 4809 :
1113 4773 1277 4831 {noon
1301 4775 1472 4826 corpus
1487 4762 1827 4831 et_sanguinem
1843 4759 1932 4811 Dei
1948 4759 2156 4831 ﬁdeliter
2173 4767 2314 4824 atque

737 4815 814 4882 'pie
836 4820 1139 4894 aceipimuso?
1162 4823 1317 4894 Etiam
1344 4815 1727 4894 respondendum
1755 4835 1884 4894 :non
1906 4815 2032 4894 quod
2058 4830 2187 4894 Deus
2206 4815 2314 4872 car-

737 4895 846 4954 nam
868 4883 1214 4954 et_sanguinem
1235 4892 1344 4954 ante
1382 4883 1760 4954 (uenationum
1781 4883 2001 4954 habuerit
2019 4896 2085 4954 ea:
2107 4891 2282 4954 natura
2295 4897 2314 4945 ,°

738 4945 823 5016 sed
846 4945 960 5016 rei“
981 4945 1040 4996 οά
1071 4957 1178 5016 om
1199 4946 1361 5016 cernis
1381 4955 1492 5016 ειεηι
1509 4947 1828 5016 Myronis
1853 4946 1998 5016 ῖαςίιο
2023 4945 2313 5016 ἀφανὴς·

735 5001 977 5082 ρξε’ίιέαε
1002 5016 1041 5057 ο
1058 5001 1432 5082 αδκιιῖᾴμαιείηέ
1453 5001 1700 5082 simae"
1715 5001 2078 5082 summa»!
2111 5007 2313 5082 Pericli-

735 5067 1012 5178 lvlggrienim
1058 5071 1191 5135 apud
1211 5071 1319 5123 illos
1343 5071 1432 5123 Dei
1455 5067 1682 5136 dignitas.
1723 5067 1904 5124 (itera
1934 5078 1990 5121 ut
2012 5073 2061 5122 in
2083 5073 2314 5123 versione

1449 446 1508 499 6.
1547 437 1824 498 JOANNIS
1849 428 2327 495 CllRYSOSTOIﬂ
2364 425 2680 487 ARCHIEP.
2719 423 3252 484 CONSTANTINOP.

3903 417 4001 474 700

2422 558 2519 615 pus
2547 550 2602 599 et
2625 541 2933 614 sanguinem
2959 537 3228 612 possidet,
3256 536 3309 592 id
3347 535 3489 608 quod
3517 533 3760 591 divinum
3789 540 3868 587 est
3898 545 3993 586 na-

2421 644 2579 692 tura:
2622 634 2718 691 sed
2767 634 2888 706 quia
2934 646 3053 704 qua
3097 629 3275 687 carnis
3319 635 3442 685 sunt
3493 626 3707 697 propria
3753 623 3916 679 facit!
3953 622 3995 678 ο

2420 725 2868 784 inconsideratiol
2897 723 2942 781 0
2979 723 3136 794 impia
3163 719 3446 792 cogitatio!
3489 717 3826 775 Periclitatur
3851 715 3990 771 enim

2419 817 2559 890 apud
2606 818 2749 889 ipsos
2784 813 3195 885 dispensationis
3223 810 3565 883 mysterium,
3591 815 3647 863 et
3675 807 3866 862 iterum
3900 804 3995 860 do-

2419 909 2668 964 minicum
2694 920 2889 977 corpus
2913 906 3048 960 sicut
3077 918 3258 958 verum
3286 915 3481 972 corpus
3499 897 3746 958 conﬁteri
3775 911 3881 952 non
3907 910 4001 966 pa-

2420 1001 2641 1054 tiuntur.
2669 999 2773 1055 Per
2812 997 3189 1067 cogitationem
3229 993 3371 1049 enim
3401 991 3505 1047 dici
3529 1003 3851 1046 conversum
3880 1001 3998 1044 esse

2421 1091 2521 1146 hoc
2548 1090 2599 1145 in
2624 1089 2873 1145 deitatem
2900 1087 3272 1158 imaginantur,
3296 1097 3454 1138 unam
3484 1082 3609 1136 hinc
3628 1087 3998 1137 construentes

2420 1192 2660 1240 naturam
2680 1224 2696 1248 ,
2727 1191 2783 1238 et
2807 1181 2974 1249 ipsam
3000 1178 3152 1249 cujus
3181 1178 3249 1234 sit
3276 1190 3382 1232 non
3422 1175 3756 1230 invenienta
3783 1171 3962 1227 dicere
3984 1209 4000 1236 ,

2420 1286 2477 1332 ut
2507 1275 2806 1346 passionem
2845 1271 3107 1328 divinitati
3133 1268 3365 1340 undique
3397 1265 3691 1322 secundum
3723 1263 3997 1334 Apollina-

2419 1368 2554 1424 rium
2585 1364 2965 1436 excogitantes,
2992 1362 3239 1418 decidant
3260 1375 3290 1415 a
3319 1358 3597 1430 promissis
3629 1356 3806 1411 bonis.
3841 1355 4000 1409 Puta-

2417 1472 2537 1513 mus
2579 1471 2682 1512 non
2725 1454 3137 1510 contremiscent
3177 1453 3276 1507 ista
3314 1449 3492 1504 dicere
3531 1445 3852 1502 audientes?
3897 1459 3999 1500 non

2416 1548 2650 1618 cogitant
2665 1556 2920 1602 teternum
2936 1543 3216 1616 judicium,
3232 1549 3289 1597 et
3306 1539 3514 1595 Domini
3533 1553 3723 1594 vocem
3741 1536 3997 1592 dicentis:

2420 1639 2532 1711 Ego
2568 1655 2697 1706 sum,
2727 1647 2774 1692 et
2817 1653 2918 1691 non
2953 1643 3118 1690 mutor
3142 1633 3370 1705 (Halac.
3403 1633 3456 1686 '5.
3487 1630 3567 1701 6).
3600 1629 3734 1683 Caro
3758 1629 3999 1699 inﬁrm,

2415 1732 2624 1802 spiritus
2655 1741 2825 1786 autem
2865 1737 3146 1800 promptus.
3178 1725 3358 1792 Pater,
3388 1724 3432 1777 si
3457 1722 3694 1793 possibile
3730 1732 3826 1785 est,
3858 1731 4000 1774 trar-

2417 1836 2524 1881 seat
2564 1843 2595 1878 a
2636 1841 2713 1879 me
2753 1824 2889 1877 ralia:
2913 1823 3022 1876 iste.
3045 1818 3227 1874 Tristis
3264 1826 3336 1871 est
3371 1816 3544 1870 animo
3587 1831 3699 1867 mea
3741 1829 3900 1884 usque
3937 1813 3999 1864 ad

2417 1927 2626 1970 mortem
2655 1913 2863 1985 (Matth.
2890 1911 2980 1968 26.
3002 1911 3091 1966 ιι.
3120 1909 3210 1965 39.
3238 1908 3352 1978 58).
3379 1904 3598 1975 Palpate
3621 1915 3668 1960 et
3693 1904 3861 1957 uidete
3887 1903 4000 1974 quia

2417 2008 2622 2077 spiritus
2651 2021 2852 2060 carnem
2886 2014 2934 2058 et
2962 2019 3077 2058 ossa
3099 2019 3199 2057 non
3228 2000 3394 2066 litabat,
3435 2007 3565 2059 sicut
3593 2016 3674 2055 me
3699 1999 3880 2053 uidetis
3908 1998 3997 2050 bu-

2417 2102 2532 2154 bere
2555 2097 2704 2168 (Luc.
2741 2096 2830 2152 ει.
2868 2095 2982 2167 59).
3026 2096 3278 2151 Putamus
3319 2096 3503 2151 deitati
3540 2096 3642 2150 ista
3680 2101 3809 2162 apta
3840 2088 3999 2146 sunt!

2418 2191 2648 2246 Audiam
2675 2198 2731 2244 et
2769 2189 2981 2244 Petrum
3010 2186 3274 2243 dicentem
3292 2227 3307 2252 ,
3335 2184 3532 2241 Christo
3561 2201 3654 2256 pro
3679 2183 3827 2238 nobis
3855 2196 4000 2253 parm

2417 2300 2569 2338 came
2588 2283 2664 2354 (l.
2688 2280 2828 2336 Petr.
2849 2281 2903 2335 ι.
2931 2280 2985 2351 t)
3006 2295 3020 2344 ;
3039 2289 3092 2335 et
3118 2295 3222 2332 non
3244 2278 3399 2344 dixit,
3427 2277 3664 2342 Deitate;
3691 2282 3747 2331 et
3774 2275 3996 2329 iterum:

2420 2375 2498 2430 Tu
2525 2391 2577 2430 es
2606 2373 2832 2429 Christus
2857 2371 3020 2425 Filius
3045 2369 3140 2424 Dei
3160 2370 3254 2423 sivi
3272 2367 3481 2439 (Matth.
3505 2367 3593 2422 16.
3622 2364 3738 2439 16).
3768 2361 3999 2419 Viventis

2417 2468 2570 2532 dixit,
2603 2482 2707 2522 non
2754 2464 3057 2529 Morientis;
3105 2470 3158 2518 et
3183 2475 3529 2534 quacumque
3572 2457 3660 2516 his
3683 2457 3882 2513 similia
3917 2455 3995 2510 di-

2417 2563 2536 2616 vina
2565 2574 2662 2614 nos
2687 2557 2876 2613 edocet
2901 2554 3196 2626 Scriptura,
3227 2551 3313 2609 cui
3354 2551 3570 2608 violenti
3597 2563 3719 2607 esse
3763 2546 3997 2604 heretici

2417 2670 2523 2711 non
2548 2653 2828 2709 desistunt.

2488 2744 2689 2801 ﬂorum
2736 2742 2866 2798 istas
2913 2739 3174 2796 novitates
3217 2750 3408 2793 vocum
3439 2734 3796 2800 declinantes,
3833 2732 3999 2790 caris-

2414 2839 2572 2904 sime,
2601 2836 2667 2890 ad
2696 2834 2748 2890 id
2777 2832 2920 2905 quod
2949 2833 3194 2902 prtejaeet
3219 2839 3563 2894 revertamur,
3597 2829 3744 2898 pium
3771 2835 3825 2883 et
3851 2826 4000 2881 valde

2420 2930 2562 3001 pium
2589 2927 2856 2984 Christum
2886 2924 2975 2994 qui
2997 2932 3172 2979 morte
3196 2919 3556 2978 circumdatus
3573 2927 3656 2975 est
3680 2918 3928 2974 conﬁteri
3948 2915 3998 2972 in

2417 3025 2690 3082 divinitate
2737 3020 3028 3093 perfectum
3081 3027 3136 3075 et
3185 3018 3238 3072 in
3288 3014 3618 3072 humanitate
3672 3012 3997 3084 perfectum,

2418 3131 2581 3172 unum
2603 3115 2794 3170 Filium
2820 3111 3168 3184 unigenitum,
3198 3123 3301 3163 non
3327 3105 3671 3162 dividendum
3699 3105 3756 3159 in
3778 3103 4000 3159 ﬁliorum

2416 3205 2757 3261 dualitatem:
2803 3210 3101 3274 portantem
3145 3210 3318 3254 tamen
3349 3197 3402 3252 in
3430 3195 3720 3266 semetipso
3749 3193 4000 3249 indivisa-

2419 3313 2532 3354 rum
2546 3297 2768 3352 duarum
2791 3303 3098 3349 naturarum
3123 3286 3590 3346 inconvertibiliter
3619 3286 4002 3357 proprietates;

2416 3406 2524 3446 non
2558 3389 2783 3445 alterum
2814 3398 2868 3444 et
2891 3388 3142 3451 alterum,
3164 3383 3318 3447 absit,
3353 3382 3448 3438 sed
3477 3396 3643 3436 unum
3672 3390 3729 3435 et
3753 3377 3997 3435 eumdem

2417 3483 2698 3539 Dominum
2726 3479 2908 3536 lesum
2940 3478 3107 3533 Deum
3154 3475 3404 3540 Verbum,
3447 3487 3610 3529 carne
3647 3479 3830 3526 nostra
3868 3468 3999 3523 ami-

2417 3586 2558 3633 ctum
2581 3617 2596 3643 ,
2629 3583 2703 3630 et-
2722 3573 2833 3643 ipsa
2863 3586 2967 3626 non
2996 3570 3281 3625 inanimata
3320 3578 3410 3621 aut
3440 3563 3790 3620 irrationabili
3809 3605 3826 3627 ,
3871 3560 4002 3616 sicut

2418 3669 2613 3739 impius
2648 3663 3005 3736 Apotlinarius
3031 3660 3176 3716 dicit.
3207 3659 3323 3714 Isu‘s
3361 3666 3595 3712 mentem
3628 3653 3996 3709 intendamus:

2418 3761 2678 3831 fugiamus
2706 3771 2800 3812 eos
2825 3754 2912 3826 qui
2937 3751 3178 3808 dividunt
3206 3761 3467 3805 naturam.
3495 3745 3609 3802 Etsi
3635 3745 3780 3800 enim
3809 3743 3999 3814 duplex

2420 3862 2630 3918 natura,
2661 3856 3024 3903 verumtamen
3055 3841 3389 3898 indivisibilis
3409 3849 3464 3895 et
3484 3836 3863 3907 indissipabilis
3888 3835 3999 3890 uni-

2421 3947 2514 4010 tio,
2549 3944 2599 3998 in
2628 3956 2729 3996 una
2757 3937 3026 3995 ﬁliationis
3054 3933 3356 3990 conﬁtenda
3389 3945 3636 4002 persona,
3668 3938 3722 3985 et
3750 3943 3855 3983 una
3875 3926 4000 3982 sub-

2418 4035 2676 4094 sistentia.
2698 4033 2982 4104 Fugiamus
3005 4029 3096 4102 qui
3123 4041 3279 4083 unam
3303 4035 3544 4079 naturam
3567 4029 3684 4093 post
3711 4022 3998 4076 unitionem

2422 4127 2781 4199 prodigialiter
2805 4126 3023 4179 dicunt:
3055 4121 3212 4176 unius
3233 4117 3376 4173 enim
3401 4113 3724 4185 cogitatione
3757 4110 4000 4182 impassi-

2419 4221 2509 4277 bili
2557 4221 2667 4274 Deo
2694 4216 2995 4286 passionem
3039 4211 3328 4280 adjungere
3368 4205 3734 4276 impelluntur,
3781 4201 3988 4270 dispen-

2417 4314 2677 4370 sationem
2706 4311 3031 4378 abnegantes
3050 4346 3066 4370 ,
3092 4311 3146 4358 et
3174 4300 3372 4356 diaboli
3401 4299 3700 4369 gehennam
3740 4295 4000 4364 arripien-

2421 4419 2522 4462 tes.
2548 4404 2651 4459 Ista
2675 4410 2889 4474 propter
2910 4411 3210 4454 mensuram
3240 4393 3481 4464 epistola:
3505 4389 3754 4446 sufﬁcere
3775 4388 3998 4443 arbitror

2419 4497 2484 4552 ad
2516 4492 2971 4550 conﬁrmationem
3001 4497 3102 4543 tute
3126 4485 3444 4548 dilectionis,
3471 4479 3808 4552 ontagniﬁce
3834 4479 3925 4548 (a).

2492 4585 2722 4658 Explicit
2749 4581 2974 4653 epistula
3017 4577 3136 4651 (sic)
3170 4577 3308 4633 beati
3338 4573 3560 4631 Joannis
3594 4572 3832 4644 episcopi
3868 4571 4003 4626 Con-

2421 4673 2875 4748 stantinopolitani
2897 4672 2960 4727 ad
2987 4670 3270 4726 Ctesarium
3298 4664 3619 4722 monachum
3649 4672 3891 4733 tempore
3920 4676 4002 4717 se-

2421 4769 2578 4827 cundi
2608 4767 2780 4826 exsilii
2811 4764 2911 4821 sui.
2945 4765 3143 4819 Amen:
3170 4762 3239 4816 ita
3263 4759 3456 4829 legitur
3476 4756 3725 4812 ﬁdeliter.

2485 5039 2558 5102 (a)
2590 5044 2701 5087 Hec
2723 5050 2750 5086 a
2773 5035 2988 5094 vocibus,
3010 5040 3189 5083 Harum
3370 5023 3730 5102 exausta“,
3743 5017 4001 5082 Nicephoro

2425 5111 2475 5154 et
2490 5090 2678 5152 ‘Jo'anue
2702 5090 2991 5149 Damasceuo
3011 5102 3174 5146 Grece
3196 5090 3501 5156 prodierunt.
