4152 6486
178 456 284 515 ’161

1344 441 1412 497 ΙΝ
1452 436 1783 497 1)ιοῦοῆυὲ

1899 431 2264 491 ARSENSEM
2273 476 2286 487 .
3363 420 3465 479 162

182 596 403 666 integra
448 592 592 664 apud
627 589 943 646 Facundum
986 582 1438 640 Hermianensem
1479 580 1801 651 episcopum
1830 578 2104 635 extitisset
2126 571 2393 629 Orationis
2435 570 2599 641 hujus
2637 567 3038 639 interpretatio.
3086 564 3225 621 Cum
3261 565 3451 615 autem

188 739 265 795 ibi
305 735 625 809 imperfecta
656 734 748 797 sit,
770 734 933 787 verba
965 743 1085 784 mea
1118 726 1303 783 verbis
1336 723 1543 796 antiqui
1583 723 1898 794 interpretis
1927 722 2160 781 miscere
2182 719 2319 777 mihi
2353 715 2545 788 religio
2570 713 2694 770 fuit.
2720 713 2789 767 At
2811 724 2941 766 vero
2966 723 3036 765 ne
3059 715 3174 763 tam
3209 701 3455 765 Metios!

184 887 245 933 et
283 888 395 934 tam
420 888 655 944 vetusta,
684 882 744 929 ut
768 874 841 929 ita
867 873 1080 943 loquar,
1112 867 1415 940 fragmenta
1448 865 1539 922 hic
1570 864 2033 930 desiderarentur,
2058 876 2122 919 ea
2149 857 2450 929 unicuique
2479 852 2690 927 pagina:
2713 847 2989 919 subjicere
3007 855 3189 915 operae
3217 837 3459 911 pretium

188 1016 346 1073 duxi.
364 1037 382 1071 ι

262 1167 484 1214 Annum
530 1170 641 1227 quo
678 1153 821 1209 banc
856 1150 1177 1210 concionem
1211 1146 1404 1204 habuit
1435 1144 1888 1217 Cluysostomus,
1928 1140 2121 1198 statuit
2162 1134 2547 1195 Tillemontius
2596 1131 2724 1195 δοῖ,
2776 1141 2941 1199 quam
2978 1117 3238 1192 temporis
3270 1126 3461 1175 notam

189 1311 293 1352 nec
323 1294 663 1366 impugnare,
694 1304 797 1348 nec
831 1299 893 1345 ut
919 1286 1147 1345 omnino
1171 1293 1376 1343 certam
1401 1282 1692 1340 defendere
1723 1282 1868 1339 licet.
1900 1278 2219 1337 Orationem
2243 1276 2357 1347 jam
2394 1272 2665 1329 habuerat
2691 1265 2963 1322 Diodorus
2992 1260 3049 1317 in
3072 1254 3462 1330 quaJoannem

187 1434 649 1506 Cbrysostomum
690 1429 944 1487 laudibus
986 1427 1275 1495 extulerat,
1315 1433 1379 1482 ut
1408 1438 1574 1496 supra
1613 1421 1819 1478 dictum
1864 1428 1967 1477 est.
2012 1417 2439 1487 Cbrysostomus
2493 1422 2624 1466 vero
2662 1403 2887 1462 laudum
2940 1395 3172 1454 minime
3200 1388 3456 1458 cupidus.

193 1593 329 1635 suas
372 1579 474 1650 ipsi
514 1576 703 1633 laudes
734 1574 982 1646 [reddidit
1022 1581 1077 1630 et
1112 1571 1417 1629 orationem
1463 1567 1638 1624 texuit
1677 1563 2081 1627 brevissimam,
2126 1558 2255 1628 quia
2307 1563 2432 1627 post
2477 1553 2630 1608 illum
2682 1546 2818 1604 eade

2822 1559 2873 1599 m
2910 1541 2999 1597 die
3026 1535 3459 1595 concionaturus

193 1714 378 1772 denuo
407 1721 526 1769 erat
570 1710 859 1773 Diodorus.
891 1717 951 1763 ut
980 1708 1128 1764 clare
1148 1706 1267 1776 ipse
1291 1703 1472 1760 innuit
1499 1702 1555 1758 in
1597 1699 1705 1757 fine
1738 1696 2022 1767 ἐγκωμίου
2061 1695 2179 1752 sive
2218 1688 2597 1748 oratiunculm-
2647 1683 2798 1739 Μοτθ
2838 1678 3037 1750 quippe
3069 1676 3349 1740 τθεειιιυσι
3381 1662 3467 1718 Ὑί·

194 1845 383 1901 dtmus
435 1841 760 1907 Antiochiae,
815 1847 876 1895 ut
919 1838 1110 1895 eadem
1167 1836 1258 1893 die
1300 1836 1355 1891 in
1405 1834 1709 1905 eademque
1739 1830 1974 1888 ecclesia
2003 1829 2114 1885 duo
2144 1825 2627 1884 concionarentur.
2672 1817 2945 1872 Diodorus
2992 1823 3123 1865 vero
3172 1803 3467 1876 episcopus

192 1980 512 2045 Tarsensis,
541 1979 632 2051 qui
672 1978 802 2035 olim
834 1977 1011 2034 fuerat
1042 1976 1271 2034 Joannis
1306 1973 1687 2047 Cbrysostomi
1728 1973 2014 2045 magister,
2060 1969 2295 2026 libenter
2323 1964 2393 2022 ad
2434 1963 2488 2020 id
2522 1958 2688 2018 ofilcii
2724 1952 3137 2013 admittebatur,

3170 1941 3302 2015 quia
3328 1940 3462 1997 olim

191 2117 479 2189 presbyter
509 2084 971 2172 Antiochenussid
1002 2109 1245 2168 muneris
1280 2108 1373 2164 diu
1408 2114 1730 2165 exercuerat
1756 2123 1773 2161 :
1803 2120 1916 2177 quo
1954 2112 2201 2173 tempore
2230 2095 2423 2154 Ariani
2455 2110 2581 2153 cum
2621 2088 2952 2147 auctoritate
2989 2078 3285 2154 plurimum
3314 2070 3468 2129 vale-

802 2204 829 2235 Ο

190 2263 339 2319 rent,
376 2252 529 2327 [πῖ]
556 2219 867 2308 Catholicos
892 2250 1243 2307 infestabant.
1272 2246 1346 2303 lis
1373 2260 1502 2303 cum
1534 2244 1752 2301 fortiter
1787 2241 2086 2299 obsisteret
2110 2237 2403 2303 Diodorus,
2450 2233 2521 2288 ab
2554 2227 2797 2293 Arianis,
2829 2220 3007 2295 inquit
3033 2219 3464 2289 Chrysostomus

190 2385 362 2451 infra,
388 2400 531 2457 saepe
549 2385 740 2457 pulsus
765 2391 871 2450 est,
901 2398 1044 2455 saepe
1075 2381 1131 2436 in
1156 2378 1459 2452 periculum
1482 2376 1680 2448 capitis
1713 2375 1885 2443 venit,
1909 2389 1973 2431 ac
1993 2374 2039 2429 si
2072 2388 2179 2429 non
2210 2386 2293 2438 re,
2322 2370 2517 2427 saltem
2543 2364 2829 2438 preposito
2854 2367 3059 2435 martyr
3082 2354 3209 2418 fuit.
3238 2359 3298 2408 ιιι
3330 2349 3462 2405 die“

189 2522 316 2592 ipse
338 2518 785 2591 Chrysostomus,
819 2527 933 2573 tum
970 2516 1023 2572 in
1055 2516 1308 2573 oratione
1334 2514 1610 2585 sequenti,
1657 2522 1773 2569 tum
1805 2511 1861 2566 in
1885 2509 2201 2582 fragmento
2232 2507 2378 2577 quod
2404 2505 2482 2560 llli
2526 2502 2901 2575 subiungitur.
2939 2497 3158 2553 Partem
3184 2490 3456 2549 orationis

189 2657 396 2713 Latine
435 2671 756 2715 conversam
785 2657 972 2714 retulit
1013 2656 1308 2713 Facundus
1341 2652 1756 2713 Hermianensis
1778 2652 2069 2723 episcopus
2100 2648 2196 2703 lib.
2229 2647 2283 2713 4,
2319 2662 2369 2702 c.
2399 2643 2455 2709 2,
2480 2658 2646 2714 quam
2670 2654 2773 2697 nos
2803 2640 2856 2694 in
2887 2639 2995 2693 ima
3025 2634 3225 2707 pagina
3257 2628 3463 2687 consti-

191 2796 427 2862 tuimus,
456 2805 518 2851 ut
537 2797 651 2867 jam
684 2794 927 2866 Bigotius
955 2793 1175 2851 fecerat.

267 2931 514 2989 Orationi
547 2931 676 2986 huic
700 2929 1063 3002 fragmentum
1102 2926 1251 2983 aliud
1279 2925 1687 2997 subiungimus,
1711 2938 1741 2976 a
1760 2920 2021 2976 Facundo
2044 2916 2423 2974 llermiancnsi
2447 2914 2648 2970 ibidem
2684 2914 2935 2969 allatum.
2958 2912 3205 2967 Pertinet
3239 2924 3370 2965 vero
3401 2910 3472 2965 ad

192 3075 489 3134 Homiliam
507 3072 781 3145 quandam
798 3070 1177 3143 Chrysostomi
1210 3071 1265 3125 in
1294 3067 1639 3125 solemnitate
1663 3066 1961 3137 Martyrum
1999 3082 2015 3119 :
2047 3077 2279 3135 quorum
2313 3059 2604 3117 occasione
2651 3058 2945 3115 Diodorum
2977 3057 3157 3128 ipsum
3181 3062 3475 3126 martyrem

190 3204 449 3276 appellat,
486 3217 551 3259 ac
576 3217 673 3272 pro
705 3216 857 3257 more
881 3202 1084 3257 laudat.

207 3469 3451 3507 Μ

1060 3758 1358 3850 LAUS
1455 3752 1974 3848 DIODORI
2066 3752 2610 3848 EPISCOPI

745 4018 852 4071 ρυι
894 4015 1080 4063 PRIOR
1127 4020 1567 4066 CONCIONATUS
1606 4019 1783 4064 ιΑω)

1899 4020 1947 4062 ,τ
2014 4016 2316 4061 ιολωκειι
2355 3992 2930 4072 cnarsos'roswu).

256 4620 310 4675 f.
335 4617 566 4689 Sapiens
596 4617 685 4675 ille
710 4634 772 4675 ac
796 4634 1091 4691 generosus
1113 4619 1319 4685 doctor,
1343 4634 1514 4688 nuper
1541 4616 1782 4687 deposita

182 4712 500 4769 infirmitate
528 4714 788 4783 corporis,
811 4728 933 4769 cum
962 4713 1027 4768 ad
1058 4714 1240 4769 sedem
1264 4714 1403 4768 hanc
1431 4711 1782 4777 ascendisset,

180 4819 212 4857 a
241 4821 330 4862 me
362 4807 625 4864 sermonis
651 4806 1072 4863 fecitexordium
1094 4849 1109 4872 ,
1152 4807 1412 4862 Joannem
1454 4806 1743 4876 Baptistam
1765 4846 1781 4870 ,

185 4907 241 4951 et
263 4912 451 4953 vocem
485 4897 739 4955 Ecclesia:
760 4942 774 4967 ,
803 4910 856 4955 ct
882 4901 1081 4971 virgam
1109 4900 1270 4954 Mosis
1288 4942 1304 4966 ,
1332 4909 1386 4955 et
1423 4900 1524 4954 alia
1551 4914 1671 4953 cum
1703 4897 1785 4952 bis

185 4990 353 5044 multa
384 5007 469 5047 me
496 4992 786 5061 appellans.
820 4992 911 5048 ille
943 5004 1067 5047 tunc
1096 4993 1353 5054 laudavit.
1386 5007 1481 5047 vos
1510 4992 1783 5047 exclama-

186 5084 332 5138 stis:
371 5099 470 5154 ego
519 5086 703 5154 procul
761 5086 956 5141 sedens
1003 5100 1185 5141 amare
1236 5085 1469 5155 ingemui
1521 5085 1619 5154 (a).
1669 5084 1788 5153 Ipse

185 5189 424 5245 namque
453 5174 722 5244 laudabat,
745 5192 982 5233 amorem
1003 5192 1129 5249 erga
1153 5177 1350 5233 liberos
1375 5176 1663 5241 exhibens;
1690 5190 1784 5230 vos

245 5343 321 5408 (α)
363 5345 491 5412 Apud
504 5349 773 5396 Facundum
792 5349 1194 5412 llermianensem
1217 5351 1389 5412 episc.,
1411 5349 1443 5399 Ι.
1458 5349 1791 5411 t\',fragmen-

184 5410 233 5453 ta
274 5407 503 5473 quadam
540 5416 671 5473 suut_
694 5412 881 5460 veteris
902 5410 1048 5472 hujus
1092 5407 1299 5461 Enconiii
1340 5407 1784 5473 interpretationis;

184 5470 693 5545 quaquuonlammab
738 5470 1144 5545 interpretatione
1183 5487 1329 5537 quam
1366 5470 1565 5536 damus,
1612 5475 1787 5525 saltem

184 5530 540 5599 quoadjerha.
564 5531 823 5599 differunt.
839 5530 915 5583 hic
933 5530 1231 5599 referimus}

247 5589 448 5661 Sapiens
468 5589 552 5661 ille
574 5598 617 5661 et
642 5593 929 5661 fortissimus
948 5596 1152 5661 doctor,
1185 5610 1340 5661 πυρα
1360 5595 1644 5661 inﬁrmitate
1678 5611 1787 5649 cor-

247 5611 448 5653 olrpwus
468 5611 552 5642 utc
574 5611 617 5641 ει
642 5611 929 5655 ιοΐιιδδιιηηδ
966 5611 1152 5656 aocwr,
1185 5611 1250 5647 nu
1286 5611 1340 5647 er
1362 5611 1644 5661 mprmuate
1678 5611 1787 5649 cor-

186 5648 318 5725 gqris
340 5651 987 5725 expositaliueadelwsita),
1006 5671 1151 5721 super
1168 5611 1333 5725 ngZm
1350 5659 1492 5710 istam
1504 5662 1787 5725 ascendens,

193 5708 1038 5793 ἷίέ.⁷ῐ¹ςμ⁶ἐτ1’ἐεί²,ιὲέξ,[βείέ.εὲονάίάθῐτρ
1065 5708 1330 5793 baptista!!!
1350 5708 1787 5793 maria-eas:

192 5776 684 5848 ςιᾼεςειςξὶᾳι,
706 5783 752 5828 et
771 5778 958 5848 virgam
984 5776 1171 5848 pransi,
1194 5789 1242 5833 et
1262 5782 1359 5834 alia
1382 5781 1556 5835 horum
1578 5776 1791 5848 plurimo

192 5832 249 5903 de
275 5850 349 5886 me
372 5835 522 5903 dixit.
549 5844 603 5888 ει
626 5832 730 5903 ipse
757 5832 947 5901 νιάᾶεηι
979 5832 1209 5903 (auitam,
1250 5832 1329 5895 vos
1348 5832 1766 5898 autemest-aha

190 5902 286 5945 sm.
318 5899 410 5948 Sed
432 5911 541 5962 ego,
561 5900 728 5962 procul
749 5899 939 5967 Sedens,
963 5899 1265 5959 mantissam
1287 5906 1540 5971 aspirati.

1814 4240 1877 4250 ..-

1898 4609 2314 4674 exelamabatis.
2360 4610 2653 4667 fraternum
2700 4626 2939 4669 amorem
2989 4613 3371 4681 ostendentes;
3402 4630 3505 4687 ego

1901 4704 2340 4776 ingemiscebam,
2364 4706 2506 4775 quod
2531 4707 2745 4760 laudum
2779 4708 2922 4763 mole
2952 4708 3232 4764 obruerer.
3260 4708 3501 4765 laudum

1899 4799 2044 4852 enim
2072 4798 2405 4867 magnitudo,
2440 4815 2544 4854 non
2578 4800 2756 4855 minus
2786 4817 2945 4871 quam
2980 4813 3220 4871 peccata,
3255 4803 3505 4859 mordere

1898 4890 2037 4944 solet
2081 4891 2500 4956 conscientiam;
2550 4902 2602 4946 et
2650 4908 2770 4948 cum
2818 4894 2937 4962 quis
2986 4894 3086 4948 sibi
3138 4894 3333 4949 nullius
3380 4895 3502 4950 boni

1897 4984 2146 5037 conscius
2170 4985 2305 5038 alios
2332 4986 2480 5040 audit
2511 4987 2674 5039 multa
2706 5002 3004 5057 magnaque
3030 4987 3167 5041 bona
3192 4987 3259 5043 de
3284 5003 3343 5042 se
3366 5004 3469 5059 pra.
3486 5019 3507 5031 ο

1896 5076 2165 5138 dieantes,
2198 5087 2253 5131 et
2283 5086 2602 5147 pratsentcm
2634 5079 2940 5148 Opinionem
2962 5121 2975 5142 .
3006 5090 3060 5134 et
3091 5078 3328 5136 futurum
3357 5082 3498 5136 diem

1902 5177 2113 5239 reputat
2144 5168 2195 5223 in
2237 5185 2344 5239 quo
2374 5171 2551 5224 omnia
2585 5170 2725 5225 nuda
2755 5178 2810 5225 et
2839 5181 3021 5240 aperta
3050 5181 3209 5227 erunt
3228 5172 3505 5243 :qnodque

1902 5260 1946 5314 is
1966 5259 2053 5330 qui
2076 5260 2491 5327 tuncjudieahit,
2512 5277 2615 5316 non
2634 5278 2699 5317 ex
2730 5264 2865 5332 vulgi
2882 5263 3156 5331 opinione.
3177 5262 3269 5319 sed
3297 5279 3363 5319 ex
3386 5264 3499 5333 ipsa

1899 5365 2079 5405 rerum
2109 5352 2335 5406 veritate
2361 5351 2623 5421 iudicabit
2647 5371 2659 5406 :
2692 5352 2811 5405 Non
2834 5354 2969 5405 enim
2995 5354 3273 5406 secundum
3298 5355 3501 5424 opinio-

1899 5459 2014 5495 nem
2032 5442 2305 5512 judicabit,
2339 5443 2529 5513 inquit,
2564 5460 2720 5513 neque
2744 5445 3023 5498 secundum
3048 5461 3299 5498 rumorem
3327 5456 3502 5515 arguit

1900 5534 2055 5605 (Isai.
2089 5537 2171 5590 if.
2206 5536 2427 5603 5):hmc
2457 5538 2636 5591 omnia
2665 5539 2905 5607 cogitans
2925 5578 2940 5601 ,
2984 5537 3198 5593 crucior
3228 5537 3501 5601 laudibus,

1898 5638 1955 5683 et
1996 5628 2135 5683 bona
2181 5630 2434 5699 opinione
2475 5631 2616 5700 vulgi
2653 5650 2665 5686 :
2700 5647 2949 5701 magnum
2996 5630 3327 5701 perspiciens
3358 5632 3499 5685 illam

1901 5721 2040 5777 inter
2092 5732 2146 5778 et
2196 5724 2428 5779 futurum
2480 5724 2740 5795 judicium
2792 5725 3103 5780 discrimen.
3154 5724 3305 5780 Nunc
3358 5726 3500 5779 enim

1902 5814 2300 5871 existimatione
2347 5816 2490 5887 vulgi
2531 5831 2629 5871 ccu
2675 5815 2992 5887 quihusdam
3038 5816 3200 5871 larvis
3241 5816 3500 5887 tegimur:

1905 5906 1957 5960 in
1991 5907 2082 5965 illo
2108 5917 2286 5963 autem
2318 5908 2428 5980 die,
2458 5909 2602 5965 nudo
2628 5912 2801 5982 capite
2822 5952 2837 5979 ,
2868 5910 3161 5982 positisque
3188 5906 3354 5963 larvis
3382 5914 3507 5962 ante
