4218 6574
246 432 349 489 765
402 497 433 529 .

1416 445 1482 501 IN
1533 444 1896 504 mommum
1937 442 2379 506 TARSENSERL

3452 416 3557 476 ’ἶϐίν

244 542 511 612 ἑστῶτες,
573 544 727 599 οὐδὲν
779 544 888 600 ἀπδ
934 547 1035 620 τῆς
1088 546 1342 603 ἐντεῦθέν
1400 548 1561 620 δόξης
1614 552 1696 614 εἰς
1739 550 1841 622 τὴν
1943 555 2079 630 εἶχε,
2107 555 2198 611 διά
2230 552 2392 608 τοῦτο
2422 553 2518 605 καὶ
2538 548 2639 620 τῆς
2664 550 3041 621 προσηγορίας
3078 540 3230 614 αὐτῷ
3270 541 3546 614 μετέδωκε

243 633 364 686 ἐκεῖ
401 635 589 704 ψῆφον
628 636 980 708 ὠφεληθῆναι
1023 637 1392 710 δυνησόμεθα,
1435 640 1574 694 ἀλλά
1594 641 1681 695 δι’.
1709 641 1844 695 αὐτὸ
1948 655 2197 726 ταύτης·
2248 648 2438 719 ἐπειδὴ
2490 647 2554 701 τὸ
2609 644 2829 716 πνεῦμα
2875 642 3057 697 Ἰίλίου
3113 640 3424 711 ἐκτήσατο,
3457 636 3549 691 διὰ
3640 686 3645 693 .

242 727 406 781 τοῦτο
461 728 910 801 κολασθησόμεοα
975 730 1243 801 μειζόνως
1263 769 1276 795 ο
1334 732 1418 784 δτι
1484 732 1580 785 καὶ
1629 733 1843 786 πολλῶν
1944 752 2106 806 τοῦτο
2136 749 2229 803 καὶ
2255 748 2317 800 τὸ
2344 746 2518 816 ὀνομα
2555 743 2759 796 Ἡλίου.
2784 741 2896 795 Kal
2936 741 3045 809 γάρ
3085 740 3330 809 ἐρήμους
3362 734 3551 808 χώρας
3586 812 3591 813 ν

243 823 489 919 ἐπαίνων
542 824 636 877 καὶ
692 824 896 919 πολλῇς
935 825 1213 919 εὐφημίας
1267 825 1423 899 παρά
1480 825 1588 878 τῶν
1628 825 1841 919 πολλῶν
1948 845 2174 919 ᾤκησαν
2207 844 2512 915 ἀμφότεροι
2548 858 2562 873 ·
2600 840 2697 896 καὶ
2743 840 2773 893 ὀ
2828 839 2925 910 μὲν
2961 835 3239 908 μηλωτὴν,
3264 837 3293 888 6
3323 835 3381 888 δὲ
3433 834 3555 904 τρί-

244 914 678 981 ἀπολαύσαντες,
731 916 856 970 οὐδὲ
902 915 1053 989 αὐτῷ
1103 917 1280 989 τούτῳ
1339 918 1685 989 γεγενήμεθα
1723 917 1843 985 βελ-

244 1004 394 1044 τίνιυιο

242 1020 413 1066 τιους.

314 1223 382 1295 β’.
398 1222 563 1278 Ταῦτ’
584 1219 679 1277 οὖν
695 1220 911 1277 ἅπαντα
933 1220 1150 1284 ἐννοῶν,
1175 1219 1372 1290 πικρὸν
1388 1214 1670 1281 ἐστέναξον
1691 1214 1836 1285 (sic).

242 1322 335 1391 Διὸ
373 1323 469 1375 καὶ
524 1319 758 1390 ἀνέστην
802 1317 1014 1388 ταχέως
1055 1317 1328 1388 σήμερον,
1365 1314 1508 1368 ὥστε
1559 1314 1644 1382 ἐφ’
1687 1310 1842 1381 ὑμῶν

241 1417 355 1470 τῶν
381 1419 567 1470 ἐκεῖνα
606 1414 922 1486 ἀκηκοότων
948 1412 1048 1483 τὴν
1089 1412 1347 1483 τοιαύτην
1391 1407 1843 1483 ἀποκρούσασθαι

241 1512 425 1577 δόξαν.
458 1511 568 1566 Kal
598 1511 707 1582 γάρ
732 1510 999 1580 στέφανος
1017 1511 1147 1564 ὅταν
1177 1509 1381 1581 μείζων
1414 1505 1573 1582 ᾖτῆς
1597 1504 1693 1559 τοῦ
1726 1520 1847 1557 στε-

242 1611 592 1682 φανουμένου
646 1609 914 1679 κεφαλῆς,
943 1608 1006 1661 οὐ
1055 1606 1410 1680 περισφίγγει
1464 1607 1591 1670 τοὺς
1644 1603 1846 1677 κροτά-

244 1728 403 1781 φους,
434 1702 536 1762 οῦκ
579 1706 816 1770 ἐνιζάνει
839 1708 905 1776 τῇ
948 1705 1196 1778 κεφαλῇ’
1226 1703 1362 1757 ἀλλὰ
1412 1702 1743 1775 χαυνότερος
1769 1698 1848 1769 τῷ

248 1806 473 1878 μεγέθει
532 1804 839 1874 γινόμενος,
874 1801 964 1855 διὰ
1004 1800 1113 1855 τῶν
1155 1799 1452 1871 ὀφθαλμῶν
1500 1798 1848 1852 καταϐαίνων

244 1901 632 1971 περιαυχένιος
661 1901 892 1968 γίνεται,
918 1899 1011 1971 καὶ
1036 1898 1136 1968 τὴν
1169 1896 1412 1967 κεφαλὴν
1435 1895 1660 1966 ἀφίησιν
1688 1896 1849 1949 ἁστεο

248 1998 521 2066 φάνωτον.
566 1999 632 2050 ’0
674 1996 741 2067 δὴ
787 1994 934 2067 [718]
977 1995 1074 2048 καὶ
1120 1995 1280 2065 ἡμεῖς
1324 1993 1708 2064 πεπόνθαμεν,
1754 1988 1849 2044 τοῦ

249 2095 525 2164 στεφάνου
547 2094 655 2147 τῶν
685 2093 979 2164 ἐγκωμίων
1008 2090 1161 2164 [748]
1185 2089 1431 2161 μείζονος
1456 2092 1555 2161 τῆς
1575 2089 1852 2162 ἡμετέρας

248 2193 515 2262 φανέντος
544 2190 701 2256 ἀξίας
748 2189 1014 2259 κεφαλῆς.
1052 2188 1192 2243 Ἀλλ’
1214 2190 1365 2260 ὅμως
1402 2188 1498 2241 καὶ
1523 2187 1730 2241 τούτων
1756 2186 1851 2240 οῦ-

245 2309 361 2353 τως
396 2290 651 2361 ἐχόντων,
677 2288 767 2341 διὰ
795 2289 893 2360 τὴν
915 2287 1212 2355 ’παροῦσαν
1252 2285 1315 2357 (ί.
1352 2283 1675 2357 περιοῦσαν)
1704 2283 1854 2355 αὐτῷ

249 2390 664 2461 φιλοστοργίαν,
688 2390 717 2442 ὀ
749 2387 934 2459 πατὴρ
956 2387 1058 2441 οὐκ
1086 2385 1299 2456 ἀπέστη
1329 2384 1459 2457 πρὶν
1492 2384 1656 2439 αὑτὸν
1678 2386 1858 2437 ὀπωσ-

248 2490 454 2560 δήποτε
518 2485 785 2540 ἐπιθεῖναι
843 2487 998 2556 ἡμῖν.
1073 2483 1231 2537 Οὕτω
1304 2500 1406 2535 που
1467 2483 1564 2536 καὶ
1614 2480 1857 2551 βασιλεῖς

250 2584 474 2640 ποιοῦσι
524 2582 805 2649 πολλάκις,
846 2582 938 2635 καὶ
982 2582 1043 2634 τὸ
1088 2581 1273 2644 αὐτοῖς
1323 2579 1565 2650 ἁρμόζον
1621 2578 1859 2650 διάδημα

251 2684 536 2748 λαϐόντες,
574 2683 695 2744 ταῖς
747 2679 857 2733 τῶν
910 2678 1142 2732 παιδίων
1196 2677 1502 2731 ἐπιτιθέασι
1536 2676 1803 2745 κεφαλαῖς
1840 2694 1854 2708 ο

253 2778 376 2834 εἶτα
414 2776 632 2831 ἐπειδάν
689 2776 869 2829 ἴδωσιν
906 2774 1114 2829 ἐλάττω
1145 2774 1242 2846 τὴν
1273 2774 1531 2846 παιδικὴν
1566 2770 1733 2828 οὖσαν
1771 2791 1860 2827 κο-

256 2877 440 2949 ρυφὴν
486 2874 581 2928 τοῦ
635 2874 934 2942 στεφάνου,
992 2871 1143 2942 αύτῷ
1186 2872 1362 2941 τούτῳ
1415 2872 1495 2942 τῷ
1554 2870 1861 2944 περιθεῖναι

254 2973 447 3035 ἁπλῶς
486 2970 582 3023 καὶ
612 2969 687 3033 ὼς
712 2968 869 3039 ἐτυχε
902 2969 1434 3041 πληροφορηθέντες,
1466 2968 1723 3032 λαϐόντες
1749 2968 1863 3021 λοι-

258 3071 364 3123 πὸν
401 3070 618 3130 ἑαυτοῖς
648 3066 1044 3134 περιτίθενται.

323 3290 393 3351 γ’.
429 3281 581 3335 Ἐπεὶ
601 3275 694 3334 οὖν
712 3280 851 3333 καιό
882 3280 1062 3352 πατὴρ
1088 3275 1170 3327 τὸ]
1188 3274 1339 3344 αὐτῷ
1365 3274 1645 3344 πρέποντα
1672 3273 1873 3341 στέφαο

258 3397 354 3434 νον
390 3376 828 3448 ήμῖνέπέθηκε,
864 3374 961 3426 καὶ
1009 3372 1209 3443 μείζων
1245 3370 1403 3442 ῶφθη
1447 3372 1547 3440 τῆς
1584 3370 1861 3441 ἡμετέρας

262 3477 535 3549 κορυφῆς,
567 3473 748 3544 ἐαυτῷ
776 3474 878 3527 οὑκ
924 3474 991 3527 ἂν
1038 3473 1211 3526 ἕλοιτο
1264 3470 1573 3541 περιθεῖναι
1595 3488 1608 3501 ο
1634 3470 1767 3541 φέρε
1798 3470 1864 3540 δὴ

262 3576 432 3631 αὐτὸν
462 3572 618 3645 ήμῶν
647 3570 994 3640 ἀφελόμενοι,
1028 3572 1093 3640 τῇ
1147 3568 1460 3641 ἁρμοζούσῃ
1516 3566 1610 3620 τοῦ
1658 3568 1867 3638 πατρὸς

264 3676 432 3747 ἡμεῖς
464 3670 742 3741 ἐπιθῶμεν
773 3667 980 3740 κεφαλῇ
1012 3668 1196 3722 πάλιν.
1230 3667 1337 3721 Τοῦ
1362 3666 1473 3738 γὰρ
1517 3667 1769 3722 Ἰωάννου
1810 3668 1873 3720 τὸ

264 3773 446 3841 δνομα
480 3769 609 3838 παρ’
643 3768 797 3837 ἡμῖν,
841 3765 902 3819 τὸ
948 3765 1007 3817 δὲ
1047 3766 1307 3836 φρόνημα
1339 3765 1491 3836 παρὰ
1535 3765 1711 3835 τούτῳ
1732 3781 1746 3795 ⁸
1776 3765 1875 3817 καὶ

266 3868 372 3937 τὴν
397 3867 495 3937 μὲν
531 3862 905 3936 προσηγορίαν
933 3863 1095 3933 ἡμεῖς
1129 3862 1431 3932 ἐδεξάμεθα
1452 3903 1466 3921 .
1502 3862 1603 3934 τὴν
1630 3863 1687 3916 δὲ
1720 3862 1873 3932 φιλο-

272 3964 472 4033 σοφίαν
504 3957 659 4025 οὗτος
691 3961 982 4031 ἐκτήσατο.
1016 3959 1115 4013 Διά
1158 3959 1318 4013 τοῦτο
1348 3961 1443 4014 καὶ
1469 3962 1569 4031 τῆς
1600 3977 1876 4031 προσηγο-

276 4055 401 4125 ρίας
456 4050 661 4113 δίκαιος
715 4050 782 4103 ἂν
830 4050 915 4119 εἴη
970 4048 1378 4119 κληρονομῆσαι
1417 4050 1619 4120 μᾶλλον
1676 4048 1873 4119 ήμῶν·

274 4151 598 4223 συνώνυμον
643 4148 753 4218 γάρ
798 4148 900 4218 οὐχ
932 4149 965 4217 ἡ
1014 4146 1118 4198 τῶν
1146 4146 1428 4217 ὀνομάτων
1454 4145 1729 4211 κοινωνία,
1761 4146 1875 4199 ἀλλ’

275 4251 312 4319 ἠ
343 4248 453 4303 τῶν
495 4248 841 4320 πραγμάτων
890 4245 1183 4314 συγγένεια
1217 4247 1392 4298 ποιεῖν
1445 4244 1631 4303 εἴωθε,
1680 4244 1781 4299 κάν
1810 4246 1880 4299 τά

274 4346 525 4415 ὀνόματα
550 4346 806 4417 διαφέρῃ.
842 4343 918 4396 Οὐ
950 4343 1057 4409 γάρ
1089 4342 1279 4414 ὥσπερ
1298 4344 1344 4395 οί
1378 4343 1477 4412 τῆς
1513 4342 1712 4407 ἔξωθεν
1739 4344 1882 4412 φιλο-

282 4444 485 4514 σοφίας
537 4444 879 4514 μετέχοντες,
914 4441 1057 4495 οὓτω
1091 4442 1187 4495 καὶ
1220 4443 1253 4512 ή
1292 4442 1487 4513 Γραφὴ
1514 4442 1643 4513 περὶ
1677 4441 1883 4497 τούτων

280 4542 595 4614 φιλοσοφεῖν
618 4540 831 4594 εἴωθεν.
879 4538 1109 4592 Ἐκεῖνοι
1157 4539 1256 4611 μὲν
1280 4538 1387 4609 γάρ
1418 4539 1484 4593 ἂν
1516 4539 1592 4610 μὴ
1626 4539 1766 4609 μετά
1785 4538 1884 4609 τῆς

279 4638 472 4702 οὐσίας
501 4638 595 4691 καὶ
645 4639 678 4708 ἡ
717 4636 828 4692 τῶν
861 4636 1144 4707 ὀνομάτων
1196 4634 1473 4708 συμϐαίνῃ
1528 4636 1783 4690 κοινωνία
1822 4636 1884 4689 οὓ

283 4754 421 4808 φασι
451 4735 695 4805 γίνεσθαι
733 4734 1106 4806 συνωνύμους.
1148 4736 1211 4786 Ἦ
1241 4734 1432 4806 Γραφὴ
1465 4734 1522 4787 δὲ
1549 4735 1648 4805 οὐχ
1673 4733 1845 4798 οὕτως
1868 4750 1881 4763 ·

283 4835 405 4891 ἀλλ’
432 4837 561 4888 ὅταν
595 4833 677 4905 ἴδῃ
704 4833 907 4905 πολλήν
932 4834 1031 4903 τῆς
1062 4832 1385 4904 φιλοσοφίας
1418 4834 1517 4902 τὴν
1541 4832 1887 4902 συγγένειαν,

284 4933 395 4987 κᾶν
416 4931 579 5002 ἕτερα
599 4931 839 5002 ὀνόματα
964 4931 1196 5002 κείμενα
1232 4932 1346 4993 τοῖς
1376 4930 1518 4984 κατὰ
1566 4931 1657 4984 τὸν
1687 4932 1890 5003 τρόπον

288 5031 642 5088 κοινωνοῦσιν
676 5032 946 5103 ἀλλήλοις,
980 5031 1089 5084 ἀπὸ
1132 5032 1230 5101 τῆς
1258 5030 1431 5101 αὐτῆς
1481 5032 1680 5096 αὐτοὺς
1719 5050 1890 5103 προσ⁶

289 5129 523 5201 ηγορίας
544 5129 718 5184 καλεῖ.
754 5130 867 5183 Kal
911 5128 1104 5183 τούτου
1146 5130 1207 5182 οὐ
1242 5129 1526 5202 πόρρωθέν
1566 5132 1683 5185 ἐστι
1715 5149 1893 5203 παρα-

292 5230 448 5300 σχεῖν
478 5227 578 5297 τὴν
613 5224 892 5292 ἀπόδειξιν
910 5267 926 5292 ,
950 5225 1066 5279 ἀλλ’
1096 5226 1259 5281 αὐτὸν
1284 5226 1473 5281 τοῦτον
1504 5228 1598 5281 τὸν
1638 5229 1895 5303 Ἰωάννην

291 5326 389 5379 τὸν
450 5324 747 5395 Ζαχαρίου,
772 5322 1195 5396 παραγαγόντες
1251 5326 1332 5389 είς
1386 5327 1572 5396 μέσον.
1618 5327 1741 5382 Τῶν
1787 5330 1897 5400 γάρ

298 5420 565 5493 μαθητῶν
592 5420 989 5491 ἐρωτησάντων
1012 5458 1028 5484 ,
1061 5420 1110 5472 εί
1144 5419 1327 5491 μέλλοι
1352 5423 1755 5493 παραγίνεσθαι
1792 5426 1899 5480 πά.

295 5521 385 5573 λιν
408 5518 620 5582 Ἠλίας,
651 5518 1003 5590 ἀπεκρίνατο*
1029 5518 1141 5573 Καὶ
1167 5518 1257 5572 ὅτι
1283 5522 1335 5573 εί
1360 5520 1565 5576 θέλετε
1584 5523 1901 5592 δέξασθαι;

1948 947 2096 1002 χινον
2130 932 2344 1002 ἱμάτιον
2364 929 2777 999 περιεϐέϐλητο’
2815 927 2909 981 καὶ
2936 924 3188 997 τράπεζα
3217 921 3421 995 ὁμοίως
3450 921 3552 975 αύ-

1951 1024 2066 1085 τοῖς
2101 1021 2324 1093 εὐτελὴς
2344 1022 2439 1074 καὶ
2468 1019 2591 1091 λιτὴ
2626 1015 2716 1090 ἦν.
2748 1018 2860 1072 Kal
2909 1019 2938 1071 6
2978 1016 3080 1087 μὲν
3123 1015 3224 1086 τῆς
3274 1010 3551 1084 προτέρας
3583 1040 3589 1046 ι

1954 1113 2259 1183 παρουσίας
2288 1112 2536 1175 διάκονος
2574 1112 2820 1180 γέγονεν,
2854 1111 2882 1163 6
2919 1108 2977 1163 δὲ
3004 1107 3159 1161 ἔσται
3192 1105 3294 1176 τῆς
3326 1103 3555 1175 μελλού-

1956 1220 2057 1274 σης
2085 1200 2261 1269 αὖθις.
2296 1205 2451 1258 Ἐπεὶ
2483 1201 2577 1259 οὖν
2608 1206 2703 1259 καὶ
2729 1202 2941 1274 διαίτης
2970 1202 3173 1271 τρόπος
3196 1199 3292 1251 καὶ
3320 1196 3555 1269 ἱματίων

1958 1296 2243 1368 περιϐολὴ.
2279 1298 2374 1351 καὶ
2423 1296 2604 1350 τόπων
2640 1294 2940 1365 διατριϐαὶ,
2984 1292 3081 1347 καὶ
3127 1289 3377 1345 διακονία
3436 1290 3555 1361 μία,

1958 1388 2056 1442 καὶ
2106 1388 2286 1442 πάντα
2331 1388 2422 1443 ἴσα
2464 1384 2534 1458 ἦν
2573 1387 2754 1452 αὐτοῖς
2784 1406 2798 1421 ο
2834 1386 2922 1439 διὰ
2959 1384 3117 1439 τοῦτο
3162 1382 3261 1439 καὶ
3296 1381 3469 1448 ὄνομα
3502 1379 3561 1433 ἓν

1959 1497 2297 1569 ἀμφοτέροις
2336 1497 2618 1569 ἐπέθηκε,
2665 1497 2881 1558 δεικνὺς
2938 1495 3021 1548 ὅτι
3079 1492 3183 1547 κᾶν
3236 1489 3426 1563 ἕτερόν
3479 1506 3565 1551 τις

1959 1590 2132 1663 ὄνομα
2157 1593 2278 1665 ἐχη,
2299 1593 2526 1648 δύναται
2566 1589 2705 1648 εῖναι
2742 1593 2940 1663 ἐκείνῳ
2991 1588 3334 1660 συνώνυμος,
3368 1582 3432 1641 οὗ
3474 1585 3567 1644 τὸν

1960 1691 2164 1763 τρόπον
2190 1692 2486 1762 ἐζήλωσεν.

2037 1800 2188 1875 [749]
2227 1802 2291 1859 δ’.
2329 1803 2483 1857 Ἐπεὶ
2507 1798 2599 1858 οῦν
2625 1800 3112 1873 ἀναμφισϐήτητος
3148 1793 3306 1863 οὗτός
3345 1801 3495 1853 ἐστιν
3534 1813 3565 1851 ο

1963 1900 2167 1965 κανὼν,
2193 1900 2288 1954 καὶ
2331 1900 2569 1972 ἀκριϐὴς
2597 1895 2753 1963 οὗτος
2791 1899 3124 1970 συνωνύμων
3158 1899 3284 1970 ὅρος
3318 1895 3473 1967 παρά
3496 1897 3563 1966 τῇ

1965 2000 2088 2071 θείᾳ
2135 1999 2350 2069 Γραφῇ,
2396 1999 2552 2069 φέρε,
2584 1998 2851 2069 δείξωμεν
2892 1998 3042 2059 ὅπως
3090 1996 3188 2050 καὶ
3226 1994 3320 2048 τὸν
3364 1995 3569 2065 τρόπον

1965 2097 2207 2168 ἐζήλωσε
2247 2096 2340 2149 τὸν
2401 2096 2649 2150 Ἰωάννου
2678 2097 2707 2148 ὀ
2747 2094 2911 2163 σοφὸς
2951 2088 3107 2157 οὗτος
3140 2091 3298 2164 ήμῶν
3348 2090 3569 2162 πατὴρ,

1966 2196 2057 2248 ἵνα
2088 2193 2300 2265 μάθητε
2335 2193 2419 2246 ὄτι
2443 2193 2541 2248 καὶ
2573 2192 2673 2262 τῆς
2702 2190 3079 2263 προσηγορίας
3122 2182 3278 2253 οὗτος
3309 2187 3575 2241 δικαιότε-

1970 2308 2063 2362 ρον
2080 2291 2149 2345 ἂν
2171 2290 2603 2363 κληρονομήσειε
2624 2289 2724 2359 τῆς
2747 2289 2982 2343 ἐκείνου.
3009 2289 3124 2343 Ούκ
3146 2282 3214 2358 ἦν
3232 2286 3425 2355 ἐκείνῳ
3445 2284 3579 2357 τρά-

1970 2388 2145 2455 πεζα,
2183 2389 2306 2442 οὐδὲ
2361 2389 2544 2457 κλίνη,
2590 2387 2712 2442 οὐδὲ
2767 2387 2916 2441 οἰκία
2965 2387 3061 2440 ἐπὶ
3114 2385 3221 2457 γῆς
3255 2402 3269 2415 ·
3303 2383 3420 2438 ἀλλ’
3450 2381 3579 2435 οὐδὲ

1971 2487 2147 2557 τούτῳ
2185 2487 2316 2539 ποτὲ
2369 2484 2610 2552 ἐγένετο.
2646 2484 2758 2539 Kal
2805 2483 3001 2537 τούτου
3063 2482 3343 2553 μάρτυρες
3396 2482 3577 2551 ὑμεῖς,

1973 2585 2093 2648 πῶς
2122 2584 2214 2637 τὸν
2247 2582 2467 2638 ἅπαντα
2498 2581 2690 2653 χρόνον
2717 2580 3042 2645 διετέλεσεν,
3071 2578 3432 2634 ἀποστολικδν
3467 2578 3581 2630 ἐπι-

1973 2681 2327 2751 δεικνύμενος
2358 2677 2494 2751 βίον,
2531 2679 2700 2749 μηδὲν
2741 2679 2873 2733 ίδιον
2918 2677 3239 2750 ἔχων,ἀλλά
3286 2678 3417 2748 παρ’
3459 2675 3581 2729 ἐτέ-

1979 2799 2089 2853 ρων
2145 2779 2509 2850 τρεφόμενος,
2543 2777 2710 2841 αὐτὸς
2741 2780 2807 2849 τῇ
2842 2779 3121 2848 προσευχῇ
3168 2777 3264 2830 καὶ
3308 2777 3375 2847 τῇ
3432 2774 3583 2828 διδα-

1980 2879 2181 2949 σκαλίᾳ
2212 2876 2307 2931 τοῦ
2340 2876 2500 2945 λόγου
2536 2875 2990 2946 προσκαρτερῶν.
3025 2875 3324 2947 Ἐκήρυξεν
3354 2875 3583 2938 ἐκεῖνος,

1978 2977 2155 3049 πέραν
2185 2973 2282 3027 τοῦ
2323 2972 2574 3043 ποταμοῦ
2614 2971 2910 3044 διατρίϐων
2943 2974 3001 3025 ἐν
3026 2975 3146 3035 ταῖς
3174 2970 3464 3044 ἐρημίαις’
3493 2972 3589 3022 καὶ

1980 3070 2136 3139 οὗτος
2164 3074 2339 3144 πέραν
2372 3070 2466 3124 τοῦ
2497 3070 2747 3141 ποταμοῦ
2798 3088 2931 3124 ποτε
2964 3070 3062 3143 τήν
3093 3071 3248 3125 πόλιν
3284 3072 3469 3124 πᾶσαν
3498 3070 3592 3122 λαμ

1982 3172 2229 3245 ϐὼν,τὴν
2258 3174 2386 3243 ὑγιῆ
2420 3170 2772 3224 διδασκαλίαν
2808 3170 3154 3227 ἐπαίδευσεν,
3180 3172 3421 3241 ᾯκησεν
3445 3171 3593 3224 ὲκεί-

1983 3290 2074 3337 νος
2101 3273 2187 3335 είς
2214 3271 2592 3342 δεσμωτήριον
2626 3270 2720 3322 καὶ
2746 3268 2845 3339 τήν
2891 3270 3136 3341 κεφαλὴν
3167 3268 3472 3339 ἀπετμήθη
3503 3267 3594 3320 διά

1984 3368 2083 3441 τὴν
2107 3369 2250 3441 ὑπὲρ
2271 3368 2366 3423 τοῦ
2399 3368 2567 3440 νόμου
2595 3367 2910 3440 παρρησίαν
2933 3383 2946 3397 ο
2971 3365 3107 3421 ἀλλά
3144 3366 3240 3419 καὶ
3279 3357 3437 3427 οὗτος
3463 3346 3618 3419 πολέ

1985 3467 2146 3530 λάκις
2170 3466 2271 3536 τῆς
2288 3467 2549 3539 πατρίδος
2571 3464 2799 3532 ἐξέπεσε
2827 3465 2912 3520 διὰ
2933 3467 3032 3538 τὴν
3065 3464 3207 3535 ὑπὲρ
3231 3463 3331 3535 τῆς
3359 3464 3598 3526 πίστεως

1990 3567 2330 3639 παρρησίαν,
2361 3567 2625 3632 πολλάκις
2656 3568 2713 3621 δὲ
2750 3566 2845 3620 καὶ
2881 3566 2979 3637 τὴν
3023 3564 3266 3635 κεφαλὴν
3300 3563 3599 3634 ἀπετμήθη

1988 3666 2077 3719 διὰ
2110 3665 2207 3737 τὴν
2256 3665 2430 3737 αὐτὴν
2462 3663 2669 3735 ταύτην
2718 3664 2991 3727 αἱτίαν,εί
3036 3662 3133 3715 καὶ
3168 3661 3243 3733 μὴ
3290 3663 3359 3732 τῇ
3409 3649 3599 3733 πείρᾷξ

1990 3762 2129 3816 ἀλλά
2154 3765 2222 3834 τῇ
2258 3761 2537 3833 προθέσει.
2576 3761 2651 3814 Οὐ
2686 3759 2799 3831 γάρ
2845 3759 3105 3832 φέροντες
3137 3759 3188 3812 οἱ
3219 3759 3318 3829 τῆς
3340 3756 3603 3828 ἀληθείας

1992 3859 2180 3931 ἐχθροὶ
2208 3858 2307 3931 τὴν
2344 3858 2447 3929 τῆς
2476 3859 2725 3928 γλώττης
2758 3857 2925 3912 αὐτοῦ
2948 3858 3202 3929 δύναμιν,
3236 3856 3438 3929 μυρίας
3468 3857 3605 3911 πάν-

1991 3957 2147 4011 τοθεν
2170 3956 2443 4028 ἔρραπτον
2479 3955 2793 4022 ἐπιϐουλάς,
2818 3956 2915 4010 καὶ
2936 3957 3001 4009 ἐκ
3031 3955 3223 4010 πασῶν
3247 3955 3410 4010 αὐτὸν
3440 3952 3605 4025 ἐρῤύ-

1996 4073 2130 4112 cato
2158 4054 2386 4125 Κύριος.
2418 4053 2557 4124 Φέρε
2591 4049 2686 4107 οὖν
2726 4052 2977 4124 γλώττης
3007 4053 3334 4123 ἀκούσωμεν
3372 4053 3603 4123 ταύτης,

1993 4154 2061 4207 δι’
2082 4153 2147 4224 ἢν
2173 4153 2270 4205 καὶ
2293 4150 2637 4204 ἐκινδύνευσε
2669 4151 2766 4204 καὶ
2784 4150 2989 4221 ἐσώθη.
3029 4152 3163 4219 Περὶ
3188 4146 3258 4221 ἧς
3292 4150 3393 4205 οὐκ
3422 4153 3488 4207 ἀν
3517 4168 3608 4215 τις

1995 4251 2235 4321 ἁμάρτοι
2259 4247 2420 4302 τοῦτο
2444 4248 2637 4312 είπὼν,
2668 4247 2696 4299 δ
2729 4248 2860 4318 περὶ
2891 4248 2993 4316 τῆς
3031 4249 3135 4319 γῆς
3172 4247 3319 4321 [τῆς]
3359 4250 3607 4318 ἐπαγγε-

1995 4347 2117 4410 λίας
2149 4347 2340 4417 εἴρηκε
2383 4345 2610 4413 Μωσῆς.
2630 4345 2696 4397 Τί
2724 4345 2781 4397 δὲ
2815 4346 2946 4415 περὶ
2980 4346 3197 4414 ἐκείνης
3242 4341 3437 4410 εἷπεν;
3474 4345 3609 4414 Γῆν

1989 4447 2265 4518 ῥέουσαν
2298 4445 2455 4517 γάλα
2488 4442 2586 4497 καὶ
2616 4441 2776 4513 μέλι.
2819 4422 2994 4496 Τοῦτο
3022 4444 3116 4496 καὶ
3151 4445 3408 4514 περὶτῆς
3440 4445 3609 4514 γλώτ-

1996 4564 2099 4618 της
2156 4545 2304 4599 ἕστιν
2354 4544 2564 4597 εἰπεῖν·
2617 4539 2840 4609 γλῶττα
2895 4540 3095 4612 ῥέουσα
3142 4540 3286 4609 γάλα
3330 4542 3426 4595 καὶ
3483 4543 3607 4614 μέλι

1999 4645 2217 4699 τούτου.
2247 4643 2345 4697 ’Ὶν’
2365 4638 2459 4696 οῦν
2489 4640 2585 4694 καὶ
2600 4638 2875 4707 γάλακτος
2920 4638 3346 4711 ἀπολαύσωμεν,
3379 4642 3475 4695 καὶ
3510 4643 3607 4697 τοῦ

2005 4742 2220 4814 μέλιτος
2259 4737 2667 4811 ἐμφορηθῶμεν
2713 4734 2952 4790 ἐνταῦθα
2990 4736 3081 4789 τὸν
3146 4736 3412 4807 ἡμέτερον
3444 4752 3611 4788 κατα-

2004 4839 2307 4901 παύσαντες
2405 4836 2584 4906 λόγον,
2636 4832 2964 4905 ἀκούσωμεν
3014 4834 3111 4905 τῆς
3153 4833 3326 4906 λύρας
3376 4838 3471 4891 καὶ
3512 4839 3612 4903 τῆς

2006 4938 2329 5005 σάλπιγγος.
2354 4935 2527 4988 Ὅταν
2570 4931 2669 5003 μὲν
2712 4930 2823 5001 γάρ
2852 4931 2952 5004 τὴν
2996 4932 3192 5004 ἡδονὴν
3232 4934 3471 5005 ἐννοὴσω
3503 4934 3612 4987 τῶν

2008 5033 2293 5105 ῥημάτων,
2338 5030 2509 5101 λύραν
2538 5028 2690 5082 καλῶ
2714 5026 2814 5099 τὴν
2853 5028 3045 5081 τούτου
3072 5030 3276 5101 φωνήν·
3298 5030 3428 5083 ὅταν
3464 5029 3521 5083 δέ
3553 5030 3616 5084 τὸ

2006 5131 2234 5185 δυνατὸν
2296 5129 2405 5184 τῶν
2456 5128 2768 5199 νοημάτων,
2801 5126 3084 5196 σάλπιγγά
3133 5145 3256 5182 τινα
3287 5128 3613 5203 πολεμικὴν,

2008 5230 2104 5284 καὶ⁵
2131 5226 2389 5297 τοιαύτην
2412 5265 2425 5290 ,
2466 5226 2583 5279 οἷαν
2622 5222 2769 5296 εἶχον
2802 5225 2852 5278 οί
2900 5225 3160 5291 Ἰουδαῖοι,
3195 5226 3357 5297 ήνίκα
3397 5227 3465 5282 τά
3515 5229 3617 5299 τῆς

2018 5324 2231 5398 Ἰεριχὼ
2280 5323 2437 5395 τείχη
2490 5320 2815 5376 κατέϐαλον.
2854 5322 3125 5395 Καθάπερ
3151 5324 3262 5395 γὰρ
3288 5299 3409 5379 τότε
3451 5326 3618 5396 ήτῶν

2012 5423 2332 5493 σαλπίγγων
2354 5421 2486 5494 ἠχὴ,
2513 5420 2687 5491 πυρὸς
2719 5421 3078 5493 σφοδρότερον
3109 5426 3222 5487 τοῖς
3244 5422 3415 5486 λίθοις
3445 5441 3618 5495 προσ-

2011 5523 2311 5584 πίπτουσα,
2347 5519 2527 5573 πάντα
2576 5518 2836 5590 ἀνήλισκε
2874 5520 2971 5573 καὶ
3018 5520 3294 5575 ἐδαπάνα·
3344 5520 3487 5575 οῦτω
3522 5526 3621 5576 καὶ

302 5612 499 5683 Οὗτός
533 5616 709 5670 ἐστιν
744 5616 944 5681 Ἠλίας
971 5619 1003 5671 ό
1043 5616 1281 5683 μέλλων
1317 5617 1621 5687 ἔρχεσθαι.
1658 5621 1768 5675 Kal
1795 5620 1901 5693 μὴν
2014 5622 2049 5693 ἡ
2086 5618 2279 5673 τούτου
2306 5617 2460 5688 φωνὴ
2490 5615 2611 5683 νῦν,
2632 5616 2731 5687 οὐχ
2758 5611 2923 5690 ἦττον
2946 5616 3045 5688 τῆς
3070 5615 3372 5686 σάλπιγγος
3401 5617 3618 5689 ἐκείνης,

315 5714 573 5780 Ἰωάννης
617 5713 835 5783 ἐλέγετο
866 5730 879 5744 ·
924 5711 1041 5766 ἀλλ’
1076 5712 1263 5785 ἐπειδὴ
1326 5714 1506 5770 Ἰιλίου
1557 5718 1647 5774 τὸν
1701 5720 1901 5791 τρόπον
2017 5720 2131 5783 τοῖς
2184 5717 2294 5771 τῶν
2349 5712 2644 5787 αίρετικῶν
2679 5712 3035 5785 ὀχυρώμασιν
3067 5713 3419 5786 ἐμπεσοῦσα,
3474 5714 3611 5782 λογι-

640 5815 915 5875 Ρλτιιοι..
965 5815 1084 5875 Gn.
1140 5813 1261 5875 LII.

3225 5819 3301 5879 21$
