4152 6498
144 459 257 514 785

143 583 251 634 que
275 568 346 622 de
378 568 537 638 hujus
561 568 736 639 lingua
777 566 1060 624 dicendum
1088 587 1099 623 :
1129 568 1305 638 lingua
1345 566 1515 624 ﬂuens
1539 566 1680 625 lacte
1703 577 1758 624 et

145 661 333 714 molle.
369 661 438 716 Ut
485 663 645 731 igitur
669 670 723 715 et
750 662 883 716 lacte
906 662 1161 727 fruamur,
1194 671 1250 716 et
1289 660 1448 716 melle
1476 663 1754 728 satientur,

143 751 232 804 hic
284 751 439 807 [inita
480 755 722 808 oratione
749 765 949 818 nostra,
976 753 1144 826 lyram
1173 765 1227 809 et
1252 755 1432 810 tubam
1454 756 1753 810 audiamus.

139 843 279 898 Cum
324 847 471 901 enim
517 848 802 901 verborum
848 848 1160 902 suavitatem
1215 846 1534 910 eonsidcro,
1590 848 1757 918 lyram

141 935 264 998 ejus
312 951 503 991 vocem
553 941 766 1008 appello
801 957 813 994 :
846 940 932 994 ubi
982 949 1159 994 autem
1204 940 1312 996 vim
1351 941 1752 1012 cogitationum,

139 1028 403 1084 bellicam
427 1032 712 1100 quamdam
737 1033 916 1088 tubam
946 1047 1097 1098 voco,
1131 1032 1343 1102 qualem
1374 1033 1642 1089 habebant
1663 1034 1758 1090 Ju-

137 1117 269 1186 daei,
301 1135 432 1176 cum
462 1121 789 1177 Jerichuntis
814 1138 997 1178 muros
1036 1123 1368 1198 dejert'erunt.
1394 1125 1758 1192 Quemadmo-

136 1210 269 1264 dum
299 1214 452 1266 enim
482 1222 608 1267 tunc
647 1215 894 1269 tubarum
927 1229 1092 1273 sonus
1137 1219 1256 1288 igne
1303 1218 1672 1272 vehementius
1705 1218 1755 1273 iu

139 1302 354 1372 lapides
388 1303 647 1371 incidens,
690 1307 869 1361 omnia
899 1309 1254 1365 consumebat
1278 1319 1332 1364 et
1359 1309 1747 1365 labefactabat:

162 1653 291 1707 quae
316 1647 452 1694 sunt
485 1638 745 1703 hominis,
777 1649 830 1696 et
854 1654 1076 1696 sensum
1105 1640 1389 1697 habentem
1431 1640 1760 1712 angelicum.

162 1727 235 1782 Et
252 1745 379 1799 post
393 1730 666 1801 aliquanta
680 1747 698 1784 :
717 1729 822 1786 Sed
841 1741 1180 1786 revertamur
1196 1732 1261 1785 ad
1287 1741 1574 1803 martyrem
1595 1736 1758 1790 istum

162 1821 412 1887 iterum,
459 1831 677 1893 propter
712 1837 872 1891 quem
922 1830 978 1876 et
1024 1821 1127 1876 ista
1169 1823 1427 1880 diximus.
1473 1824 1759 1890 Quomodo

159 1912 360 1982 itaque
389 1923 634 1968 mortuus
664 1922 744 1968 est
773 1913 1106 1969 mortilicans
1135 1916 1380 1970 membra
1401 1931 1526 1982 sua,
1553 1926 1607 1972 et
1627 1931 1761 1972 con-

160 2005 402 2060 culcans
431 2017 638 2060 naturae
664 2006 986 2076 cupiditates
1031 2008 1086 2061 in
1133 2008 1373 2062 humano
1418 2023 1667 2075 corpore,
1705 2018 1761 2066 et

161 2096 475 2166 angelicam
499 2097 657 2154 nobis
683 2099 1066 2155 demonstrans
1088 2100 1290 2155 vitam?
1313 2099 1369 2155 Si
1396 2113 1576 2156 autem
1599 2103 1763 2158 vultis

161 2186 378 2254 videre,
401 2187 531 2257 quia
550 2197 604 2242 et
625 2189 801 2258 reipsa
825 2198 1073 2244 mortuus
1097 2201 1200 2251 est.
1225 2192 1588 2246 recordamini
1613 2193 1760 2248 illius

163 2280 458 2350 temporis,
490 2281 712 2351 quando
741 2281 956 2336 bellum
976 2298 1231 2353 asperum
1265 2285 1531 2340 adversus
1567 2286 1758 2342 Eccle-

163 2371 308 2425 siam
338 2383 742 2437 exsurrexerat,
758 2382 810 2428 et
833 2375 1110 2430 exercitus
1133 2377 1512 2442 movebantur,
1531 2386 1586 2432 et
1603 2392 1756 2433 arma

162 2464 642 2533 pneparabantur,
672 2467 894 2536 quando
922 2478 1073 2523 trans
1101 2467 1326 2523 ﬂuvium
1345 2468 1361 2499 ¹
1393 2482 1588 2524 omnes
1616 2485 1750 2524 con-

1276 452 1507 511 HOMIL.
1553 451 1621 510 IN
1659 450 1983 511 SANCTUM
2023 451 2316 508 PASCHA.

3374 447 3478 506 766

1866 568 1946 624 sic
1975 576 2030 623 et
2063 567 2179 637 ejus
2224 581 2325 622 vox
2375 580 2535 634 nunc,
2579 581 2686 620 non
2733 567 2910 622 minus
2941 581 3102 638 quam
3134 565 3258 623 tuba
3301 566 3392 622 illa
3424 567 3478 622 in

1867 659 2243 717 haereticorum
2276 660 2605 716 munitiones
2646 660 2909 725 incidens,
2937 660 3217 715 ratiocinia
3246 659 3480 716 destruit

1865 764 1921 808 et
1947 768 2163 808 omnem
2191 752 2525 808 altitudinem
2552 769 2673 825 qua)
2699 768 2759 808 se
2788 752 2997 808 extollit
3018 753 3278 809 adversus
3303 753 3479 808 scien-

1867 846 1993 899 tiam
2041 845 2134 899 Dei
2163 842 2184 918 (
2203 846 2258 899 2.
2290 845 2407 900 Cor.
2439 845 2526 901 10.
2556 846 2638 915 5).
2679 845 2872 900 Verum
2901 854 2958 900 ut
2984 860 3053 900 ne
3095 859 3196 917 per
3238 844 3478 915 linguam

1869 949 2130 1006 nostram,
2176 935 2274 993 sed
2316 951 2412 1006 per
2463 936 2630 1008 ipsius
2696 935 2816 994 hinc
2860 935 3137 1005 ediscatis,
3185 935 3275 991 hie
3314 937 3477 990 tinent

1865 1029 2053 1086 orandi
2102 1028 2378 1094 faciamus,
2421 1029 2648 1100 gloriam
2705 1028 3004 1084 referentes
3055 1027 3167 1083 Deo
3208 1026 3301 1099 qui
3343 1027 3480 1082 tales

1865 1125 2116 1181 doctores
2142 1122 2371 1194 prmbuit
2398 1141 2412 1178 :
2439 1122 2564 1194 quia
2605 1120 2704 1193 ipsi
2743 1121 2914 1194 gloria
2955 1121 3008 1176 in
3052 1119 3254 1177 saecula
3299 1133 3477 1177 seacu-

1866 1222 2063 1276 lorum.
2111 1221 2306 1275 Amen.

1868 1641 2252 1714 gregabantur.
2284 1641 2440 1698 Tunc
2469 1644 2586 1715 ipse
2607 1645 2818 1710 exiens.
2851 1654 2906 1701 et
2934 1647 3083 1701 velut
3114 1647 3284 1703 turris
3309 1656 3462 1705 ante-

1867 1737 2068 1806 posita,
2098 1735 2183 1791 vel
2215 1735 2473 1806 scopulus
2516 1738 2742 1807 quidam
2779 1739 2923 1794 altus
2956 1750 3010 1794 et
3057 1755 3290 1811 magnus
3327 1753 3459 1798 ante

1867 1826 2004 1881 alios
2033 1838 2206 1892 stans,
2236 1834 2290 1882 et
2316 1829 2719 1883 contrariorum
2745 1830 3053 1899 suscipiens
3069 1830 3268 1888 ﬂuctus
3291 1840 3347 1887 et
3371 1848 3459 1888 re-

1865 1920 2104 1986 solvens,
2134 1920 2189 1975 in
2234 1921 2626 1992 tranquillitate
2659 1931 2914 1978 caeterum
2961 1939 3164 1996 corpus
3201 1925 3459 1983 Ecclesiae

1863 2012 2179 2076 custodivit,
2235 2014 2609 2083 repercutiens
2645 2024 3046 2087 tempestatem,
3091 2029 3146 2075 et
3190 2029 3459 2091 praestans

1864 2102 2023 2156 nobis
2054 2102 2300 2172 quietum
2330 2117 2570 2174 portum.

1932 2297 1946 2326 ί
1973 2296 2053 2361 Sic
2064 2303 2118 2345 et
2135 2297 2187 2361 in
2201 2296 2436 2348 Oratione
2450 2298 2771 2361 praecedenti.
2793 2294 2845 2349 In
2867 2301 3023 2351 altera
3037 2300 3275 2354 videlicet
3295 2304 3460 2357 Oron-

1867 2357 1932 2408 tis
1959 2356 2080 2422 ripa,
2106 2357 2190 2408 ubi
2213 2373 2270 2409 ea
2298 2373 2412 2422 pars
2436 2356 2575 2410 urbis
2599 2370 2854 2422 erat,qua3
2880 2365 3036 2414 Palam
3058 2378 3148 2414 seu
3174 2376 3318 2415 vetus
3341 2356 3458 2416 urbs

1862 2420 2226 2491 appellabatur,
2255 2420 2338 2491 tibi
2365 2431 2475 2491 erat
2500 2420 2720 2491 ecclesia
2750 2420 2909 2491 Palaea
2942 2426 3062 2476 item
3098 2426 3328 2491 dictatin
3358 2443 3454 2491 qua

1862 2483 2134 2532 convenire
2144 2483 2370 2535 solebant
2383 2483 2511 2547 iiqui
2526 2486 2786 2536 Meletium
2797 2487 3085 2552 episcopum
3097 2483 3454 2553 sequebantur.

628 3177 733 3237 AD
773 3177 1155 3241 HOMILIAM
1197 3179 1278 3241 IN
1322 3179 1624 3242 PASCHA
1715 3180 1883 3254 QUAE
1927 3179 2275 3242 GENUINA
2317 3183 2497 3245 ESSE
2537 3185 2975 3250 PROBATUR.

173 3427 321 3484 locis
347 3429 791 3485 consarcinatum
833 3450 846 3486 :
879 3446 987 3487 non
1036 3437 1288 3505 cogitans
1328 3436 1786 3508 Cltrysostomum
1827 3442 2020 3497 eadem
2072 3442 2189 3511 ipse
2234 3457 2359 3512 quae
2397 3443 2609 3513 pridem
2655 3445 2871 3501 dixerat
2909 3460 3053 3517 szepe
3095 3457 3360 3519 repetere,
3385 3458 3441 3506 et

160 3543 470 3614 aliquando
505 3545 762 3602 homilias
794 3548 1036 3620 integras
1071 3559 1396 3611 retractatas
1439 3559 1776 3629 mutatisque
1805 3559 1979 3617 initiis
2019 3562 2085 3616 ad
2124 3563 2425 3619 conciones
2457 3563 2721 3620 adhibere
2749 3579 2899 3621 suas.
2935 3564 3054 3620 Non
3082 3567 3272 3623 dubito
3297 3581 3449 3626 certe

164 3666 316 3720 hanc
353 3663 635 3719 homiliatu
669 3683 698 3721 a
723 3667 1116 3742 Cbrysostomo
1150 3691 1276 3732 vere
1299 3677 1542 3732 habitam
1582 3679 1896 3750 dictamque
1927 3681 2115 3737 fuisse.
2158 3680 2299 3737 Cum
2345 3683 2491 3738 enim
2533 3684 2696 3738 annis
2736 3683 3040 3740 octodecim
3084 3686 3449 3740 concionatus

161 3788 262 3847 sit,
303 3797 622 3844 recurrente
645 3786 928 3848 Paschalis
959 3795 1302 3852 solemnitate
1327 3799 1516 3853 eadem
1553 3800 1666 3869 ipsa
1701 3801 1996 3872 aliquando
2033 3803 2311 3874 repetierit
2337 3820 2352 3856 :
2379 3819 2558 3874 neque
2601 3789 2748 3860 enim
2782 3805 2836 3859 in
2867 3816 3120 3876 promptu
3160 3813 3247 3860 est
3275 3802 3454 3859 cuivis

162 3905 572 3969 concionatori,
599 3908 692 3976 qui
720 3917 828 3962 tam
857 3910 1018 3980 longo
1049 3915 1311 3982 temporis
1343 3916 1619 3972 curriculo
1645 3917 1697 3971 in
1729 3916 1996 3974 Paschate
2024 3921 2324 3990 quotannis
2339 3920 2599 3986 oraverit,
2641 3931 2781 3975 nova
2811 3935 3028 3991 semper
3059 3919 3276 3985 efferre,
3304 3929 3358 3976 et
3385 3935 3455 3977 ex

164 4020 328 4092 prius
367 4021 530 4077 dictis
559 4022 692 4078 nihil
734 4040 971 4096 unquam
1002 4029 1326 4086 admiscue.

240 4132 756 4202 lnterpretationcm
793 4136 1046 4196 Latinam
1073 4157 1270 4197 novatn
1297 4143 1710 4203 adornavimus.

873 4730 999 4818 IN
1075 4730 1624 4821 SANCTUM
1699 4731 2145 4822 PASCHA
2263 4727 2750 4822 CONCIO.

1749 4977 1850 4990 hu.“

214 5235 268 5288 1.
310 5229 457 5285 Mors
485 5229 615 5282 victa
649 5243 681 5280 a
722 5225 908 5280 Christi
937 5240 1161 5293 tempore
1185 5241 1286 5278 non
1307 5225 1445 5279 ultra
1469 5240 1604 5277 mors
1625 5265 1640 5289 ,
1666 5225 1755 5276 sed

138 5340 353 5381 somnus
375 5332 422 5376 et
443 5320 679 5374 dormitio
704 5329 930 5373 vocatur.
958 5347 1032 5358 —
1050 5317 1361 5386 Opportune
1382 5316 1543 5371 hodie
1567 5330 1755 5371 omnes

140 5431 269 5471 cum
303 5415 461 5470 beato
483 5411 682 5466 Davide
709 5411 1005 5464 clamemus
1041 5424 1053 5463 :
1086 5408 1212 5475 Quis
1249 5408 1478 5476 loquetur
1503 5407 1754 5477 potentias

150 5505 384 5570 Domini,
413 5503 616 5556 auditas
643 5502 792 5574 faciet
835 5518 1008 5554 omnes
1046 5501 1223 5554 laudes
1271 5501 1380 5571 ejus
1421 5498 1752 5570 (Psal.105.

149 5597 270 5667 13)?
296 5595 440 5650 Ecce
461 5595 604 5649 enim
631 5593 846 5649 advenit
868 5592 1020 5647 nobis
1048 5591 1207 5647 hodie
1227 5591 1584 5646 desideratum
1616 5592 1755 5646 salu-

145 5692 373 5751 tareque
403 5680 596 5734 festum
623 5720 638 5743 ,
677 5678 793 5733 dies
821 5678 1071 5732 nimirum
1102 5677 1517 5733 resurrectionis
1545 5677 1754 5736 Domini

147 5773 320 5829 nostri
349 5771 479 5829 Jesu
505 5771 737 5835 Christi;
768 5771 914 5842 pacis
944 5781 1336 5841 argumentum,
1363 5771 1753 5826 reconciliatio-

155 5870 237 5924 nis
260 5881 443 5934 causa,
475 5880 595 5936 quae
625 5864 759 5921 bella
790 5864 1038 5931 sustulit,
1070 5873 1296 5922 mortem
1330 5863 1605 5933 dissolvit,
1639 5863 1756 5920 dia-

1866 5207 2048 5262 bolum
2082 5209 2386 5277 prostravit.
2422 5208 2592 5264 llodie
2635 5209 2881 5265 homines
2919 5225 3042 5268 cum
3086 5215 3294 5283 angelis
3322 5229 3480 5272 com-

1865 5303 2018 5358 mixti
2058 5311 2202 5368 sunt,
2235 5311 2291 5358 et
2317 5303 2408 5374 qui
2439 5319 2668 5374 corpore
2697 5313 2824 5359 sunt
2851 5305 3042 5371 induti,
3069 5322 3193 5362 cum
3225 5309 3479 5379 incorpo-

1864 5397 1974 5452 reis
2001 5397 2354 5464 potestatibus
2384 5397 2615 5469 hymnos
2645 5398 2980 5469 persolvunt.
3023 5401 3191 5456 llodie
3213 5397 3478 5460 evertitur

1865 5489 2061 5546 diaboli
2107 5492 2382 5562 tyrannis;
2436 5491 2595 5547 hodie
2640 5493 2847 5548 vincula
2891 5494 3083 5551 ntortis
3125 5495 3299 5551 soluta
3327 5509 3472 5561 sunt,

1864 5583 2058 5639 inferni
2089 5585 2309 5640 victoria
2343 5585 2548 5640 sublata
2571 5597 2652 5641 est
2668 5602 2689 5651 ;ν
2713 5585 2873 5641 hodie
2899 5596 3199 5656 opportune
3227 5587 3474 5656 proferri-

1865 5686 1953 5732 tur
1979 5676 2289 5748 prophetica
2319 5692 2420 5734 vox
2459 5677 2545 5733 illa
2576 5695 2588 5731 :
2625 5678 2724 5734 Ubi
2747 5688 2840 5745 est,
2869 5695 3029 5743 mors,
3053 5679 3288 5734 stimulus
3309 5691 3426 5734 mus
3451 5683 3477 5734 Ρ

1865 5769 1950 5825 ubi
1973 5813 1988 5836 ,
2032 5770 2231 5841 inferne
2252 5811 2266 5836 ,
2310 5770 2520 5824 victoria
2563 5779 2651 5824 tua
2695 5768 2865 5839 (Osca
2890 5771 2976 5826 15.
3013 5772 3113 5838 H;
3146 5773 3197 5827 1.
3229 5771 3348 5827 Cor.
3380 5773 3471 5828 15.

1866 5865 2011 5935 53)?
2057 5865 2224 5920 llodie
2265 5871 2448 5934 portas
2484 5874 2654 5920 terens
2691 5861 2954 5933 confregit
2999 5863 3255 5919 Dominus
3295 5873 3477 5921 noster
