4152 6496
751 450 853 505 7οἹ

747 565 1024 625 Christus,
1072 559 1344 630 ipsamque
1388 554 1573 609 mortis
1616 563 1897 621 personam
1934 543 2149 599 delevit.
2190 538 2327 606 Quid

748 658 868 711 dico
895 649 1215 725 personam?
1246 650 1413 721 Ipsius
1431 659 1639 715 quoque
1662 656 1853 696 nomen
1876 639 2096 693 mutavit
2120 653 2133 689 :
2158 646 2330 702 neque

750 722 1043 801 enim'ultra
1067 758 1209 798 mors
1230 750 1468 800 vocatur,
1492 737 1585 791 sed
1610 734 1860 790 dormitio
1883 740 1936 785 et
1960 740 2178 784 somnus
2205 722 2282 795 (a)
2312 740 2327 777 :

751 836 1013 908 siquidem
1056 843 1176 888 ante
1205 831 1400 887 Christi
1430 828 1712 882 adventum
1738 866 1752 891 ,
1800 822 2077 890 crucisque
2111 830 2329 873 oecono-

752 931 934 993 miam,
980 928 1149 997 ipsum
1194 938 1403 994 quoque
1448 920 1635 975 mortis
1677 931 1869 972 nomen
1914 911 2153 968 terribile
2193 916 2327 964 erat.

750 1020 906 1074 Certe
934 1018 1134 1088 primus
1156 1014 1318 1069 homo
1343 1012 1519 1081 magni
1546 1006 1785 1078 supplicii
1824 1005 1940 1060 loco
1967 1003 2102 1057 hanc
2128 999 2331 1054 audivit

747 1109 1069 1165 sententiam
1114 1126 1127 1161 :
1180 1106 1503 1173 Quacumque
1541 1102 1622 1155 die
1660 1099 1932 1153 comederis
1956 1139 1970 1163 ,
2016 1105 2177 1150 morte
2221 1109 2332 1147 mo-

750 1202 897 1255 rir'rt's
938 1199 1087 1271 (Gen.
1123 1200 1177 1253 2.
1220 1197 1328 1267 t7).
1366 1194 1503 1262 Quin
1529 1203 1579 1247 et
1607 1191 1792 1246 beatus
1818 1188 1918 1243 Joh
1947 1187 2081 1240 hanc
2118 1186 2209 1239 illo
2234 1198 2332 1239 no-

752 1293 895 1345 mine
939 1288 1262 1359 appellavit:
1297 1285 1438 1339 Mors
1480 1284 1587 1337 uiro
1625 1281 1817 1351 requies
1857 1277 1981 1349 (Job
2029 1278 2081 1331 3.
2111 1276 2223 1345 εδ).
2266 1275 2334 1329 Et

754 1382 1010 1453 propheta
1052 1378 1212 1435 David
1256 1377 1462 1433 dicebat
1507 1394 1520 1429 :
1566 1372 1710 1427 llors
1758 1381 2071 1441 peccatorum
2118 1367 2332 1438 pessima

756 1472 924 1542 (Psal.
954 1470 1176 1537 53.9.1).
1207 1468 1319 1524 Non
1356 1466 1514 1522 modo
1548 1465 1737 1519 animm
1776 1462 2003 1517 divulsio
2040 1475 2068 1514 a
2106 1473 2333 1529 corpore

757 1575 900 1617 mors
929 1561 1240 1621 vocabatur;
1286 1559 1392 1613 imo
1428 1555 1584 1610 etiam
1613 1552 1867 1608 infernus.
1899 1551 2034 1605 Audi
2064 1551 2203 1604 enim
2233 1564 2330 1619 pa-

758 1656 1041 1710 triarcham
1096 1652 1261 1709 Jacob
1329 1652 1591 1707 dicentem
1648 1666 1660 1701 ε
1716 1646 1981 1700 Πειιηεειὶι
2034 1651 2332 1697 senectutem

756 1763 917 1801 meam
942 1762 1056 1799 cum
1082 1744 1255 1798 dolore
1274 1744 1341 1795 ad
1363 1742 1548 1811 inferos
1578 1739 1727 1809 (Gen.
1756 1738 1845 1792 42.
1874 1735 1995 1805 58);
2026 1743 2079 1787 et
2105 1730 2334 1802 prophe-

760 1849 865 1891 tam
907 1850 1118 1905 quoque
1147 1852 1159 1887 :
1187 1832 1426 1905 Infernus
1453 1830 1681 1883 dilatavit
1724 1845 1779 1881 os
1820 1843 1963 1880 suum
1993 1822 2091 1895 (Is.
2120 1824 2173 1877 5.
2206 1823 2330 1891 H);

758 1929 892 1983 alius
914 1929 1037 1982 item
1061 1926 1312 1997 propheta
1337 1940 1350 1978 :
1376 1922 1572 1993 Eripiet
1593 1936 1669 1973 me
1692 1922 1753 1974 de
1774 1920 1885 1973 lacu
1907 1915 2131 1983 infcriori
2158 1914 2328 1983 (Psal.

757 2022 847 2075 85.
875 2016 994 2090 t3);
1024 2018 1074 2072 in
1106 2016 1390 2086 multisque
1415 2013 1623 2069 Veteris
1646 2009 1975 2067 Testamenti
2003 2008 2134 2062 locis
2162 2016 2336 2061 trans-

761 2114 889 2167 itum
916 2126 983 2167 ex
1012 2111 1109 2165 hac
1134 2109 1259 2172 vita,
1288 2116 1511 2162 mortem
1557 2115 1609 2161 et
1650 2102 1912 2157 infernum
1938 2100 2112 2155 vocari
2140 2098 2333 2168 deprc-

760 2202 979 2258 hendes.
1011 2200 1271 2269 Quoniam
1301 2214 1430 2255 vero
1457 2197 1699 2253 Christus
1728 2196 1864 2248 Dens
1886 2201 2066 2247 noster
2088 2193 2139 2246 in
2170 2190 2335 2244 sacri-

762 2296 940 2350 iieium
969 2294 1180 2349 oblatus
1217 2302 1298 2349 est
1330 2300 1384 2347 et
1422 2289 1740 2345 resurrectio
1766 2295 2089 2355 consequuta
2114 2292 2215 2346 est,
2248 2282 2334 2337 illa

762 2387 975 2441 nomina
1004 2385 1262 2455 benignus
1293 2382 1545 2437 Dominus
1572 2379 1808 2443 sustulit,
1842 2390 2141 2445 novumque
2166 2382 2219 2429 et
2246 2388 2337 2427 ex-

762 2490 1001 2534 traneum
1028 2477 1236 2532 vivendi
1264 2476 1558 2529 institutum
1590 2473 1640 2526 in
1672 2469 1923 2525 mundum
1953 2467 2188 2530 induxit;
2220 2464 2336 2521 exi-

762 2582 845 2625 tus
867 2585 930 2626 ex
960 2570 1058 2623 hac
1082 2569 1186 2622 vita
1207 2567 1314 2637 jam
1340 2581 1444 2619 non
1471 2577 1636 2627 mors,
1659 2562 1752 2616 sed
1780 2560 2028 2615 dormitio
2047 2568 2101 2614 et
2122 2571 2338 2613 somnus

764 2670 1001 2719 vocatur.
1048 2660 1319 2717 Undenam
1351 2659 1451 2711 hoc
1482 2654 1681 2725 liquet?
1710 2654 1844 2708 Audi
1868 2650 2131 2705 Christum
2154 2649 2338 2705 dicen-

763 2766 868 2811 tem
892 2757 908 2808 ἐ
931 2754 1149 2809 Lazarus
1170 2753 1357 2806 amicus
1382 2759 1544 2804 noster
1563 2748 1765 2809 dormit,
1782 2746 1870 2802 sed
1889 2744 2016 2799 vado
2037 2754 2091 2797 ut
2111 2760 2143 2799 α
2162 2758 2338 2797 somno

761 2850 993 2902 snscitem
1034 2863 1146 2901 eum
1191 2846 1379 2912 (Joan.
1411 2844 1496 2897 11.
1529 2842 1653 2911 11).
1692 2837 2147 2906 Quemadmodum
2194 2835 2337 2890 enim

764 2941 916 2993 facile
940 2938 1091 2993 nobis
1108 2947 1188 2993 est
1203 2936 1552 2992 dormientem
1574 2931 1975 3002 expergefacerc
1994 2938 2047 2984 et
2066 2927 2303 2984 excitare
2324 2942 2336 2978 :

767 3032 845 3087 sic
871 3039 919 3084 ct
949 3028 1213 3083 communi
1241 3027 1475 3081 omnium
1506 3023 1727 3077 Domino
1754 3037 1782 3075 a
1811 3020 2035 3074 mortuis
2062 3019 2337 3073 suscitare.

768 3120 900 3186 Quia
923 3134 1047 3175 vero
1068 3132 1258 3172 novum
1283 3125 1698 3184 extranenmque
1719 3120 1832 3166 erat
1862 3109 1935 3176 id,
1961 3110 2099 3179 quod
2130 3110 2197 3163 ab
2224 3108 2340 3178 ipso

768 3212 964 3265 dictum
990 3210 1180 3274 fuerat,
1213 3222 1383 3277 neque
1427 3205 1523 3276 ipsi
1569 3201 1809 3272 discipuli
1840 3201 2033 3255 dictum
2063 3199 2338 3254 intellexe-

765 3312 911 3368 runt,
934 3301 1104 3355 donec
1140 3298 1207 3353 ad
1244 3298 1451 3352 illorum
1482 3294 1840 3350 infirmitatem
1872 3306 1930 3346 se
1951 3290 2255 3354 demittens,
2288 3288 2338 3341 id

764 3394 961 3449 clarius
994 3392 1214 3447 diceret.
1258 3386 1565 3445 Communis
1600 3399 1727 3439 vero
1752 3382 1898 3438 orbis
1934 3381 2119 3436 doctor
2156 3380 2341 3434 beatus

767 3486 962 3541 Paulus
1006 3484 1072 3538 ad
1120 3481 1619 3539 Thessalonicenses
1661 3476 1900 3533 scribens
1942 3473 2057 3529 ait:
2089 3470 2229 3527 Nolo
2257 3486 2342 3525 ros

764 3579 999 3648 ignorare
1022 3575 1085 3630 de
1107 3572 1484 3635 dormientibus,
1516 3578 1573 3623 ut
1606 3584 1706 3622 non
1738 3563 2116 3627 contristemini,
2140 3563 2267 3617 sicut
2293 3571 2342 3616 et

763 3669 928 3723 calori
950 3666 1035 3737 qui
1057 3682 1195 3736 spem
1218 3681 1318 3718 non
1339 3662 1518 3717 habent
1542 3661 1621 3729 (l.
1646 3658 1821 3714 Thess.
1844 3657 1897 3713 4.
1922 3656 2031 3726 12).
2065 3654 2132 3711 Et
2156 3668 2343 3709 rursus

764 3759 887 3813 alibi
923 3775 935 3809 :
970 3756 1107 3827 Ergo
1151 3757 1235 3825 qui
1280 3754 1589 3808 dormierunt
1632 3752 1686 3805 in
1726 3749 1958 3827 Christo,
1987 3748 2237 3817 perierunt
2264 3746 2340 3815 (l.

769 3850 887 3904 Cor.
916 3849 1001 3903 15.
1038 3822 1241 3919 18).Ἐι
1266 3847 1455 3900 iterum
1484 3861 1498 3897 ς
1533 3841 1644 3897 Nos
1668 3842 1752 3911 qui
1777 3822 2003 3905 vivimus,
2034 3838 2119 3909 qui
2156 3836 2343 3891 residui

768 3957 961 4002 sumus,
994 3955 1093 3992 non
1131 3937 1486 4007 prteoeniemus
1510 3952 1593 3989 eos
1611 3935 1697 4003 qui
1721 3933 2029 3987 dormierunt
2053 3930 2127 4001 (Ι.
2158 3928 2341 3983 Thess.

770 4036 822 4087 4.
852 4035 870 4085 i
894 4034 954 4102 ι).
989 4032 1053 4085 Et
1080 4030 1205 4085 alibi
1232 4044 1439 4083 rursum
1470 4045 1483 4081 :
1514 4026 1571 4081 Si
1598 4026 1731 4080 enim
1751 4025 2017 4087 credimus,
2040 4022 2173 4090 quod
2195 4018 2343 4073 Iesus

769 4134 991 4178 mortuus
1012 4130 1144 4177 esrct
1166 4121 1454 4182 resurrexit,
1480 4120 1549 4171 ita
1576 4127 1621 4171 et
1646 4116 1783 4172 Deus
1802 4134 1885 4170 eos
1905 4116 1988 4185 qui
2010 4112 2340 4177 dormierunt,

769 4216 981 4268 adducet
1011 4229 1124 4266 cum
1152 4229 1207 4265 eo
1229 4208 1341 4282 (Ib.
1372 4227 1418 4265 ti.
1451 4211 1557 4277 13).

839 4307 891 4359 Ξ.
926 4304 1127 4359 Videtis
1169 4313 1393 4358 mortem
1435 4300 1628 4371 passim
1660 4300 1831 4354 vocari
1874 4297 2245 4352 domuitionem
2287 4304 2341 4350 et

771 4412 1036 4462 somnum,
1064 4404 1117 4450 et
1145 4410 1262 4451 eam
1292 4408 1409 4464 qua:
1437 4402 1588 4448 antea
1621 4391 1870 4447 terribilis
1896 4399 2029 4453 erat,
2059 4404 2198 4442 nunc
2222 4396 2343 4457 post

770 4488 1217 4545 resurrectionem
1265 4485 1417 4540 facile
1456 4483 1760 4539 contemni?
1810 4482 1965 4535 Vides
2008 4478 2343 4549 splendidum

771 4580 1176 4637 resurrectionis
1220 4578 1518 4647 trepmnm?
1567 4578 1669 4633 Per
1710 4576 1843 4630 hanc
1884 4574 2025 4629 enim
2072 4574 2345 4627 innumera

775 4671 928 4725 nobis
957 4672 1093 4725 bona
1118 4670 1451 4740 obtigerunt;
1492 4683 1586 4738 per
1624 4667 1760 4722 hanc
1800 4666 2099 4720 daemonum
2142 4663 2344 4718 fallacia

775 4764 945 4817 soluta
979 4771 1089 4825 est;
1141 4774 1235 4830 per
1279 4758 1415 4814 banc
1454 4766 1677 4813 mortem
1722 4756 2031 4820 irridentes;
2073 4768 2168 4824 per
2212 4753 2349 4808 hanc

774 4861 1091 4924 prtesentem
1122 4851 1281 4905 vitam
1307 4848 1711 4911 contemnimus,
1742 4861 1835 4915 per
1865 4846 2001 4899 hanc
2024 4846 2088 4898 ad
2142 4844 2346 4899 futuro-

775 4959 891 4997 rum
912 4941 1229 4997 desiderium
1250 4940 1568 5004 excitamur;
1598 4953 1691 5007 per
1716 4937 1851 4990 banc
1869 4936 1990 4992 licet
2014 4950 2235 5004 corpore
2262 4936 2347 4989 in-

775 5034 1022 5098 duamur,
1049 5029 1213 5085 nihilo
1243 5028 1491 5084 inferiore
1518 5027 1820 5082 conditione
1848 5040 2050 5093 sumus,
2078 5040 2233 5095 quam
2266 5027 2346 5079 in-

773 5138 1053 5197 corporea,
1074 5123 1120 5177 si
1142 5132 1316 5176 tamen
1334 5120 1576 5176 velimus.
1600 5116 1767 5171 llodic
1790 5119 2093 5185 pra-clarum
2116 5115 2349 5170 victoria:

780 5215 1101 5284 triumphum
1138 5212 1342 5284 agimus
1374 5228 1387 5264 :
1417 5210 1574 5264 hodie
1616 5208 1869 5262 Dominus
1913 5217 2111 5273 noster,
2149 5217 2351 5277 tropmo

776 5318 963 5363 contra
988 5314 1212 5361 mortem
1238 5313 1416 5360 erecto
1433 5344 1449 5369 ,
1483 5301 1864 5373 tyrannideque
1889 5299 2083 5354 diaboli
2112 5300 2306 5355 calcata
2332 5339 2348 5365 ,

781 5412 877 5465 per
913 5395 1351 5452 resurrectionem
1379 5394 1517 5448 viam
1554 5392 1706 5447 nobis
1743 5391 1810 5445 ad
1847 5390 2069 5445 salutem
2111 5391 2347 5444 munivit.

783 5488 980 5545 Omnes
1024 5486 1245 5559 proinde
1286 5486 1642 5557 gaudeamus,
1671 5482 1995 5539 exsultemus
2014 5490 2069 5536 ct
2096 5481 2350 5536 laetemur.

786 5580 913 5635 Nam
935 5580 1036 5637 etsi
1059 5578 1308 5634 Dominus
1329 5578 1441 5648 ipse
1461 5576 1531 5631 sit
1551 5576 1638 5646 qui
1659 5575 1784 5631 vicit
1805 5583 1861 5630 et
1886 5584 2140 5643 tropreum
2161 5573 2352 5633 erexit.

785 5672 1079 5727 communis
1101 5681 1276 5725 tamen
1302 5669 1500 5734 laetitia,
1522 5681 1803 5723 commune
1822 5665 2068 5736 gaudium
2090 5673 2191 5720 est.
2224 5662 2355 5720 Nam

790 5774 1003 5833 propter
1040 5771 1273 5818 nostram
1320 5764 1540 5816 salutem
1586 5759 1761 5815 omnia
1804 5759 1928 5815 fecit
1960 5777 1971 5809 :
2005 5767 2059 5812 et
2105 5772 2200 5827 per
2239 5770 2359 5827 qua:

837 5855 912 5917 (α)
934 5854 1041 5903 ttae
1057 5853 1225 5904 iisdem
1249 5864 1375 5916 pene
1396 5852 1557 5902 verbis
1578 5851 1732 5902 habes
1751 5862 1896 5913 supra
1916 5857 2046 5901 Tom.
2065 5848 2115 5910 2,
2134 5846 2228 5898 col.
2243 5847 2353 5900 395.

1520 438 1577 495 S.
1619 433 1893 493 JOANNIS
1927 420 2404 489 CHBVSOSTOMI
2450 420 2765 479 ARCUIEP.
2808 414 3344 477 CONSTANTINOP.

3926 412 4025 465 ’ἱεὶὸ

2438 534 2677 589 diabolus
2704 549 2802 589 nos
2830 532 3188 602 expugnavit,
3224 545 3320 601 per
3348 544 3411 585 ea
3437 542 3548 599 ipsa
3577 526 3834 581 Christus
3861 526 4029 594 ipquu

2436 626 2721 693 superavit.
2752 624 2830 679 Ea
2862 626 2970 694 ipsa
2998 638 3145 678 arma
3165 624 3387 693 accepit,
3414 637 3477 677 ac
3508 637 3604 691 per
3628 620 3825 675 eadem
3860 620 4028 687 ipsum

2437 716 2719 785 prostravit
2744 733 2759 771 :
2780 715 3048 786 quomodo
3074 723 3251 769 autem
3274 756 3291 779 ,
3330 714 3474 767 audi.
3516 712 3709 782 Virgo,
3746 711 3949 779 lignum
3974 720 4025 762 et

2438 820 2580 859 mors
2608 814 2803 859 nostra:
2823 804 2995 859 cladis
3022 802 3263 873 symbola
3291 811 3462 856 erant.
3495 801 3709 855 Etenim
3739 800 3895 865 virgo
3917 812 4026 851 erat

2439 898 2543 951 Eva
2587 916 2598 949 :
2634 897 2864 951 nondum
2909 898 3051 951 enim
3091 895 3261 949 virum
3302 904 3538 957 noverat,
3567 891 3785 962 quando
3807 888 4027 943 seducta

2436 998 2549 1051 est;
2589 989 2783 1058 lignum
2810 998 2927 1042 erat
2964 987 3159 1045 arbor:
3203 1000 3348 1039 mors
3375 984 3695 1055 supplicium
3723 981 3794 1035 de
3826 981 4029 1035 Adamn

2435 1093 2721 1150 sumptum.
2752 1078 2933 1133 Viden‘
2962 1076 3231 1147 quomodo
3250 1076 3419 1146 virgo,
3444 1075 3644 1145 lignum
3664 1082 3724 1127 et
3750 1086 3902 1126 mors
3926 1074 4027 1125 cla-

2437 1169 2517 1225 dis
2548 1170 2698 1225 nobis
2724 1169 2964 1241 symbola
2991 1168 3216 1223 fuerint?
3248 1166 3365 1222 Jam
3396 1167 3514 1220 vide
3534 1164 3811 1236 quomodo
3839 1163 4025 1218 eadem

2438 1262 2549 1329 ipsa
2585 1261 2738 1315 nobis
2764 1260 2997 1315 victoriae
3024 1274 3183 1315 causa
3213 1261 3337 1313 sint.
3384 1258 3489 1313 Pro
3533 1259 3641 1312 Eva
3685 1256 3893 1321 Maria;
3934 1268 4026 1325 pro

2439 1352 2579 1422 ligno
2606 1352 2838 1407 scientiae
2863 1350 2987 1405 boni
3018 1360 3071 1405 et
3098 1348 3241 1416 mali,
3265 1349 3461 1419 lignum
3492 1349 3705 1411 crucis;
3736 1362 3839 1417 pro
3860 1358 4026 1401 morte

2437 1442 2645 1504 Adami,
2680 1456 2823 1495 mors
2863 1441 3089 1495 Domini.
3130 1439 3314 1493 Viden‘
3345 1454 3467 1495 eum
3513 1438 3707 1493 iisdem
3753 1439 3923 1491 armis
3950 1438 4026 1489 vi-

2438 1534 2596 1596 cisse,
2629 1542 2681 1586 et
2710 1532 2894 1587 iisdem
2923 1531 3254 1602 proﬂigatum
3284 1530 3459 1586 esser
3483 1530 3586 1585 Per
3613 1531 3817 1598 lignum
3843 1529 4024 1584 diaboc
4114 1522 4115 1525 “

2441 1624 2520 1676 lus
2542 1625 2739 1678 vicerat
2761 1621 3042 1686 Adanunn,
3076 1635 3169 1689 per
3206 1635 3422 1675 crucem
3459 1620 3710 1674 Christus
3755 1619 4022 1673 diabolum

2439 1713 2737 1768 debellavit.
2768 1712 2833 1766 Et
2861 1711 2985 1765 illud
3013 1710 3225 1781 quidem
3241 1709 3308 1765 ad
3326 1708 3590 1765 infernum
3617 1709 3903 1770 mittebat;
3929 1708 4023 1764 huc

2439 1814 2615 1861 autem
2638 1806 2810 1860 crucis
2840 1805 3039 1875 lignum
3069 1802 3345 1887 defunctos
3361 1818 3430 1859 ex
3462 1803 3673 1859 inferno
3703 1800 4021 1858 reducebat:

2440 1900 2568 1955 illud
2608 1898 2755 1969 quasi
2790 1899 3056 1968 captivum
3092 1904 3147 1951 et
3186 1896 3384 1951 nudum
3427 1911 3551 1950 cum
3589 1896 3682 1966 qui
3731 1904 4024 1965 prostratus

2443 1991 2610 2047 fuerat
2629 1990 2943 2061 obtegebat;
2987 1990 3088 2045 boc
3115 1998 3293 2044 autem
3321 1989 3578 2044 victorem
3607 1989 3814 2043 nudum
3842 1990 3894 2043 in
3923 1990 4024 2041 alto

2442 2083 2668 2137 deﬁxum
2709 2082 2955 2137 omnibus
2988 2080 3324 2136 ostendebat.
3370 2080 3440 2135 Et
3480 2095 3628 2134 mors
3673 2081 3763 2135 illa
3811 2082 4021 2151 quidem

2442 2174 2585 2243 prior
2608 2188 2796 2228 omnes
2824 2174 2873 2227 in
2901 2173 3295 2228 damnationem
3322 2171 3595 2236 trahebat;
3626 2170 3744 2226 hnc
3774 2186 3907 2226 vero
3933 2188 4023 2240 po-

2441 2265 2635 2320 sterior
2670 2265 2829 2320 etiam
2872 2278 2990 2330 eos,
3033 2264 3123 2333 qui
3164 2272 3288 2319 ante
3328 2278 3388 2318 se
3427 2262 3668 2328 fuerant,
3716 2264 4022 2318 suscitabat.

2446 2357 2572 2424 Quis
2615 2358 2841 2425 loquetur
2875 2358 3122 2425 potentias
3159 2353 3386 2421 Domini,
3415 2355 3620 2410 auditas
3660 2357 3819 2426 faciet
3861 2371 4025 2409 omnes

2443 2451 2617 2504 laudes
2650 2451 2759 2519 ejus
2794 2447 2964 2522 (Psal.
2994 2448 3115 2504 105.
3143 2446 3241 2516 9.)?
3284 2446 3387 2502 Per
3424 2460 3654 2501 mortem
3701 2446 4024 2500 immortales

2445 2544 2564 2596 iacti
2590 2557 2793 2608 stunus,
2820 2556 2917 2611 per
2943 2541 3147 2611 lapsum
3189 2541 3543 2604 surreximus,
3583 2554 3679 2608 per
3709 2538 3919 2594 cladem
3949 2539 4022 2590 vi-

2444 2645 2617 2691 ctores
2646 2636 2867 2689 fuimus.

2514 2727 2566 2781 3.
2616 2727 2740 2781 Hzec
2768 2726 2942 2781 crucis
2970 2725 3219 2796 prmclara
3248 2738 3431 2794 opera,
3474 2724 3589 2778 hcce
3618 2725 3911 2779 maximum
3943 2740 4022 2777 re-

2445 2820 2789 2874 surrectionis
2840 2827 3232 2889 argumentum.
3276 2817 3443 2872 llodic
3482 2818 3654 2886 angeli
3695 2820 3892 2871 choros
3928 2817 4016 2870 du-

2447 2920 2592 2974 cunt,
2613 2924 2798 2965 omnes
2823 2910 3066 2965 eazlestes
3096 2910 3316 2963 virtutes
3341 2910 3627 2969 exsultant.
3646 2909 3946 2978 gaudentes
3965 2908 4024 2961 de

2446 3001 2712 3055 communi
2750 3000 2920 3055 salute
2958 3000 3229 3053 hominum
3267 2999 3499 3069 generis.
3544 2998 3677 3053 Nam
3719 3000 3764 3053 si
3809 3000 3877 3055 de
3922 3014 4024 3052 uno

2450 3100 2723 3160 peccatore
2752 3090 3113 3159 penitentiam
3141 3100 3326 3159 agente
3350 3089 3601 3160 gaudium
3627 3099 3711 3144 est
3736 3091 3788 3143 in
3818 3089 3950 3143 cado
3976 3100 4024 3142 et

2448 3182 2498 3235 in
2532 3192 2667 3237 terra
2701 3181 2851 3251 (Luc.
2881 3182 2965 3237 15.
2998 3182 3073 3250 7),
3106 3182 3272 3237 multo
3298 3182 3462 3251 magis
3500 3181 3567 3235 de
3610 3179 3784 3234 salute
3827 3181 4023 3234 mundi.

2448 3274 2615 3330 Hodie
2645 3275 2926 3329 humanam
2955 3285 3215 3340 naturam,
3246 3290 3274 3327 a
3301 3274 3494 3329 diaboli
3524 3274 3804 3345 tyrannide
3834 3273 4023 3328 liber.»-

2448 3377 2579 3433 tam,
2601 3369 2665 3421 ad
2696 3370 2923 3436 priorem
2946 3365 3271 3421 nobilitatem
3295 3364 3525 3421 reduxit.
3553 3365 3686 3420 Cum
3710 3366 3855 3421 enim
3877 3364 4024 3418 video

2449 3457 2703 3526 primitias
2732 3472 2876 3512 meas
2914 3456 2981 3511 de
3022 3465 3192 3511 morte
3224 3456 3498 3511 victoriam
3530 3458 3799 3520 retulisse,
3826 3472 3933 3511 non
3963 3457 4025 3510 ti-

2450 3563 2600 3615 meo,
2634 3565 2737 3604 non
2777 3548 2969 3604 horreo
3003 3549 3233 3613 bellum;
3266 3563 3439 3617 neque
3467 3550 3831 3603 inﬁrmitatem
3858 3564 4024 3604 meam

2448 3639 2749 3705 considero,
2778 3640 2869 3695 sed
2903 3641 3215 3694 immensam
3245 3640 3493 3693 virtutem
3525 3654 3621 3709 pro
3652 3655 3739 3694 me
3767 3652 4022 3709 pugnatu~

2450 3744 2563 3785 ram
2591 3730 2837 3800 respicio.
2866 3730 2995 3785 Nam
3018 3732 3105 3800 qui
3135 3732 3319 3786 mortis
3347 3730 3682 3803 tyrannidem
3711 3731 3925 3798 devicit,
3958 3742 4028 3785 lo-

2452 3833 2665 3892 tamque
2692 3822 2832 3877 illius
2861 3823 2965 3876 vim
2995 3822 3227 3884 sustulit.
3256 3823 3380 3891 quid
3409 3824 3463 3876 in
3494 3834 3769 3892 posterum
3814 3838 3918 3878 non
3962 3828 4027 3877 la-

2451 3926 2631 3971 cturus
2656 3925 2737 3970 est
2762 3930 2856 3985 pro
2880 3930 3074 3985 genere
3099 3930 3214 3979 suo,
3244 3916 3393 3985 cujus
3420 3915 3641 3969 formam
3670 3915 3739 3970 ob
3764 3917 4025 3987 ingentem

2450 4008 2784 4063 clementiam
2823 4023 2973 4062 suam
3017 4008 3261 4077 accipere
3298 4007 3544 4076 dignatus
3570 4016 3681 4073 est,
3710 4020 3762 4063 et
3791 4024 3886 4078 per
3916 4026 4026 4063 eaut

2450 4111 2631 4155 contra
2660 4099 2927 4153 diabolum
2955 4101 3006 4153 in
3036 4113 3253 4153 arenam
3283 4098 3593 4154 descendit?
3639 4099 3809 4153 llodie
3844 4100 4028 4168 ubique

2451 4201 2711 4246 terrarum
2739 4190 2987 4260 gaudium
3020 4199 3073 4245 et
3111 4190 3288 4244 laetitia
3317 4199 3398 4244 est
3426 4189 3719 4259 spiritualis
3738 4192 3835 4259 (α).
3868 4189 4027 4244 Ιίυύεε

2450 4294 2505 4340 et
2523 4286 2828 4355 angelorum
2853 4295 3041 4347 costus,
3072 4292 3126 4339 et
3145 4283 3380 4339 omnium
3407 4296 3753 4352 supernamm
3781 4284 4026 4337 virtutum

2453 4378 2649 4431 chorus
2690 4387 2905 4446 prop‘er
2946 4374 3220 4429 hominum
3266 4375 3490 4428 salutem
3515 4374 3806 4428 exsultant.
3854 4373 4027 4443 Cogita

2456 4470 2632 4540 igitur,
2678 4469 2903 4533 dilecte,
2944 4468 3119 4534 gaudii
3161 4466 3608 4536 magnitudinem,
3652 4465 3901 4535 quoniam
3950 4480 4029 4517 su-

2458 4578 2635 4631 perna:
2683 4576 2890 4631 quoque
2940 4570 3227 4631 potestates
3276 4559 3468 4615 festum
3512 4559 3790 4614 nobiscum
3833 4571 4026 4630 agunt:

2457 4652 2789 4723 congaudent
2812 4652 3006 4723 quippe
3024 4653 3226 4706 nostris
3249 4650 3424 4706 bonis.
3453 4650 3674 4704 Etiamsi
3700 4650 3843 4705 enim
3870 4656 4029 4720 gratia

2457 4746 2546 4799 illa
2592 4744 2797 4801 Domini
2845 4759 2941 4799 nos
2992 4746 3204 4813 proprie
3249 4744 3517 4812 respiciat,
3547 4743 3601 4797 in
3626 4751 3829 4812 partem
3860 4753 4028 4798 tamen

2458 4837 2631 4907 gaudii
2672 4837 2746 4891 illi
2783 4836 3024 4892 veniunt.
3068 4834 3423 4904 Quamobrem
3454 4849 3560 4889 non
3592 4834 3919 4890 erubescunt
3947 4850 4032 4887 ηο-

2462 4932 2662 4987 biscum
2690 4931 2881 4986 festum
2903 4929 3195 4985 celebrare.
3230 4926 3296 4981 Et
3319 4926 3445 4997 quid
3465 4926 3609 4993 dico,
3630 4940 3924 4982 conservos
3948 4942 4033 4980 no.

2459 5034 2597 5079 stros
2626 5038 2729 5078 non
2764 5022 3080 5078 erubescere
3108 5018 3380 5073 nobiscum
3406 5016 3598 5073 festum
3628 5018 3944 5074 celebrare?
3966 5017 4033 5073 Ne

2462 5114 2715 5169 Dominus
2738 5112 2949 5183 quidem
2980 5121 3161 5167 noster
3184 5118 3238 5164 et
3263 5124 3449 5163 eorum
3482 5109 3711 5179 idipsnm
3734 5124 3892 5181 agere
3919 5126 4033 5164 eru-

2462 5206 2648 5262 bescit.
2691 5203 2823 5272 Quid
2850 5203 3000 5270 dico,
3032 5219 3137 5257 non
3166 5200 3462 5256 erubescit?
3506 5201 3680 5255 Etiam
3719 5201 4034 5272 concupiscit

2463 5298 2738 5352 nobiseum
2765 5297 2953 5350 festum
2980 5294 3271 5349 celebrare.
3302 5291 3579 5348 Undenam
3604 5292 3655 5347 id
3683 5293 3885 5364 liquet?
3910 5290 4033 5348 Audi
4114 5282 4115 5287 “

2464 5390 2633 5459 ipsum
2661 5389 2925 5443 dicentem
2952 5404 2964 5439 :
2994 5384 3255 5441 Desiderio
3276 5383 3555 5438 desideravi
3574 5384 3665 5437 hoc
3690 5384 3880 5454 pascha
3906 5401 4035 5437 meno

2464 5484 2650 5535 ducare
2674 5481 2924 5533 vobiscum
2954 5478 3102 5549 (Luc.
3130 5477 3225 5532 ἓξ.
3256 5477 3343 5547 15)
3376 5495 3389 5530 :
3419 5479 3465 5532 si
3497 5476 3696 5546 pascha
3727 5474 4031 5532 mandumre

2466 5572 2819 5638 desideravit,
2874 5572 3056 5640 utique
3087 5579 3140 5626 et
3183 5568 3376 5624 festum
3430 5568 3710 5624 nobiscum
3756 5568 4031 5625 celebrare.

2465 5668 2597 5722 Cum
2624 5680 2750 5737 ergo
2772 5664 2951 5720 videas
2979 5680 3083 5720 non
3120 5661 3339 5734 angelos
3369 5668 3575 5716 tantum
3602 5668 3657 5716 et
3683 5660 3922 5717 omnium
3945 5675 4032 5715 cm-

2529 5780 2601 5843 (a)
2636 5785 2747 5829 Haec
2769 5777 2911 5842 longa
2933 5778 3064 5829 serie
3085 5777 3328 5829 habentur
3348 5784 3495 5838 supra
3515 5781 3666 5826 τοίω
3687 5773 3739 5836 2,
3761 5772 3857 5826 col.
3880 5774 3972 5827 ιω
3992 5778 4033 5824 ct

2468 5842 2807 5899 sequentibus.
