4182 6484
194 440 306 496 767

204 562 390 625 πύλας
442 559 768 615 συνέθλασεν
796 560 825 611 6
877 558 1156 628 Δεσπότης
1206 558 1365 628 ήμῶν
1419 546 1675 628 Χριστὸς,
1707 557 1803 609 καὶ

202 647 342 700 αὐτὸ
365 644 461 699 τοῦ
494 644 730 697 θανάτου
758 642 820 695 16
850 642 1145 712 πρόσωπον
1182 640 1439 711 ἠφάνισε.
1471 638 1537 691 Τί
1576 638 1633 691 δὲ
1660 638 1805 706 λέγω

200 731 269 784 16
301 728 629 800 πρόσωπον;
677 724 853 779 Αὐτοῦ
881 725 982 795 τὴν
1034 723 1413 795 προσηγορίαν
1462 720 1801 792 μετέϐαλεν⁸

203 816 306 868 οὐκ
342 812 424 866 ἔτι
476 812 585 881 γὰρ
629 811 859 873 θάνατος
912 809 1167 877 λέγεται,
1213 807 1354 861 ἀλλὰ
1391 807 1649 877 κοίμησις
1710 805 1805 859 καὶ

203 895 378 960 ὕπνος
398 913 413 927 ο
448 894 554 966 πρὸ
585 895 683 964 μὲν
705 893 813 964 γὰρ
840 892 939 962 τῆς
969 890 1208 961 Χριστοῦ
1232 889 1558 961 παρουσίας,
1586 888 1679 943 καὶ
1706 890 1805 959 τῆς

201 978 299 1033 τοῦ
326 978 564 1049 σταυροῦ
592 977 925 1046 οἰκονομίας,
952 976 1046 1028 καὶ
1076 974 1209 1029 αὐτὸ
1223 973 1321 1028 τοῦ
1349 972 1583 1028 θανάτου
1612 971 1675 1025 τὸ
1690 972 1807 1026 δνο-

205 1080 287 1133 μα
317 1061 553 1133 φοϐερὸν
583 1058 873 1131 ἐτύγχανε.
911 1059 1026 1139 Kal
1056 1057 1168 1130 γάρ
1206 1058 1235 1109 6
1262 1056 1485 1129 3101310;
1516 1054 1805 1139 ἄνθρωπος

200 1146 498 1216 γενόμενος
530 1143 653 1198 άντί⁵
710 1138 947 1214 μεγάλου
985 1140 1266 1212 ἐπιτιμίου
1312 1140 1477 1194 τοῦτο
1512 1138 1805 1193 κατεδικά-

200 1229 329 1295 ζετο
352 1227 589 1281 άκούωψ
622 1219 708 1299 ⁷ῌ
737 1225 790 1279 δ’
820 1224 900 1281 ἂν
918 1224 1110 1294 ἡμέρᾳ
1146 1223 1344 1296 φανῇ,
1392 1222 1627 1290 θανάτῳ
1652 1223 1803 1277 ἀπο-

199 1310 383 1381 θανῇ.
414 1310 525 1363 Kal
549 1311 578 1363 6
602 1308 873 1381 μακάριος
900 1308 957 1362 δὲ
1001 1306 1122 1362 Ἰὼϐ
1154 1308 1335 1379 τούτῳ
1357 1307 1436 1377 τῷ
1462 1307 1687 1378 ὀνόματι
1707 1306 1805 1359 αύ-

201 1395 299 1450 τδν
329 1394 766 1467 προσηγόρευσε,
795 1394 1000 1463 λέγων’
1030 1394 1302 1460 Θάνατος
1330 1391 1505 1460 ἀνδρί
1531 1389 1805 1445 ἀνάπαυ-

198 1496 325 1545 σις.
363 1477 477 1533 Kal
503 1479 533 1531 6
560 1479 847 1549 προφήτης
874 1476 1041 1531 Δαυτδ
1077 1477 1233 1546 ἔλεγε
1257 1492 1272 1506 ·
1316 1475 1585 1541 Θάνατος
1613 1477 1800 1543 αμαρ-

197 1559 414 1615 πωλῶν
462 1561 749 1627 πονηρός.
797 1559 875 1613 Οὐ
935 1561 1098 1630 μόνον
1131 1560 1188 1613 δὲ
1228 1558 1458 1622 θάνατος
1488 1558 1801 1628 ὲκαλεῖτοὴ

196 1644 447 1706 διάλυσις
474 1642 576 1713 τῆς
598 1643 777 1713 ψυχῆς
803 1642 911 1695 άπὸ
933 1641 1026 1695 τοῦ
1057 1642 1332 1713 σώματος,
1358 1641 1495 1695 ἀλλὰ
1525 1642 1618 1695 καὶ
1644 1640 1797 1713 ᾅδης.

202 1732 409 1782 ’Λκουε
441 1727 552 1799 γὰρ
597 1726 692 1780 τοῦ
729 1727 829 1797 μὲν
882 1727 1226 1798 πατριάρχου
1279 1725 1478 1780 Ἰακὼϐ
1510 1725 1799 1795 λέγοντος·

196 1811 508 1875 Καταξετε
557 1810 623 1864 τὸ
653 1809 844 1880 γῆράς
873 1828 995 1880 μου
1041 1809 1196 1881 μετὰ
1244 1810 1451 1880 λύπης
1492 1812 1584 1876 είς
1612 1809 1761 1877 ᾅδου
1785 1826 1798 1840 ·

193 1895 293 1949 τοῦ
333 1894 393 1948 δὲ
419 1895 704 1966 προφήτου
738 1894 902 1949 πάλιν
921 1910 935 1924 '
968 1895 1227 1963 Ἕχανεν
1256 1896 1291 1947 ὁ
1322 1893 1479 1961 ᾅδης
1511 1892 1579 1947 τὸ
1606 1894 1803 1963 στόμα

191 1978 389 2034 αὑτοῦ
410 1995 424 2008 ·
455 1978 552 2031 καὶ
578 1977 743 2031 πάλιν
775 1976 965 2047 ἐτέρου
994 1977 1278 2048 προφήτου
1329 1975 1584 2045 λέγοντος
1608 1993 1622 2006 ·
1670 1976 1802 2029 Ῥύ-

192 2064 374 2119 asta!
393 2080 472 2132 με
492 2063 563 2127 ἐξ
593 2060 745 2129 ᾅδου
778 2060 1123 2115 κατωτάτου
1143 2078 1158 2091 ·
1192 2061 1288 2114 καὶ
1334 2060 1607 2132 πολλαχοῦ
1634 2060 1800 2132 εὑρήα

194 2164 315 2211 σεις
339 2148 434 2201 ἐπὶ
450 2146 550 2216 τῆς
582 2145 827 2206 Παλαιᾶς
861 2144 1091 2197 θάνατον
1142 2144 1240 2197 καὶ
1286 2142 1422 2215 ᾅδην
1452 2144 1801 2215 καλουμένην

190 2232 297 2302 τὴν
326 2228 579 2289 ἐντεῦθεν
610 2229 965 2299 μετάστασιν.
998 2227 1226 2300 Ἐπειδὴ
1253 2227 1312 2280 δὲ
1346 2227 1581 2300 Χριστὸς
1610 2230 1639 2281 6
1667 2227 1800 2291 Θεὸς

196 2313 359 2385 ἡμῶν
401 2312 562 2367 θυσία
601 2310 950 2383 προσηνέχθη
980 2351 996 2376 ,
1046 2311 1144 2365 καὶ
1192 2311 1261 2365 τά
1294 2311 1395 2382 τῆς
1443 2311 1799 2374 ἀναστάσεως

191 2395 591 2471 προεχώρησε,
641 2395 877 2467 περιῆρε
928 2395 988 2448 δὲ
1031 2394 1132 2458 τὰς
1160 2394 1542 2467 προσηγορίας
1568 2394 1739 2459 αὐτάς
1771 2397 1800 2449 6

193 2482 587 2551 φιλάνθρωπος
618 2482 922 2550 Δεσπότης,
954 2480 1050 2533 καὶ
1082 2478 1277 2550 καινὴν
1313 2480 1409 2532 καὶ
1440 2478 1603 2550 ξένην
1645 2478 1800 2532 πολι-

190 2565 349 2619 τείαν
372 2566 454 2627 είς
485 2565 578 2617 τὸν
616 2563 730 2633 βίον
759 2563 1021 2633 εἰσήγαγε
1064 2562 1159 2615 τὸν
1188 2561 1460 2634 ἡμέτερον
1480 2578 1493 2593 ’
1533 2561 1657 2615 ἀντὶ
1688 2561 1799 2632 γάρ

191 2649 432 2704 θανάτου
454 2647 641 2701 λοιπὸν
657 2646 915 2716 κοίμησις
941 2645 1036 2698 καὶ
1057 2644 1225 2708 ὕπνος
1249 2644 1468 2715 λέγεται
1492 2646 1525 2715 ή
1547 2643 1798 2697 ἐντεῦθεν

194 2734 556 2805 μετάστασις.
588 2731 699 2784 Kal
735 2729 900 2783 πόθεν
926 2727 1089 2782 τοῦτο
1141 2727 1343 2798 δῆλον;
1379 2727 1581 2782 ’Λκουε
1631 2726 1797 2783 αὐτοῦ

189 2814 293 2871 τοῦ
334 2813 575 2886 Χριστοῦ
605 2813 857 2882 λέγοντος
878 2830 892 2843 ·
920 2810 1184 2881 Λάζαρος
1216 2815 1250 2867 ό
1290 2812 1474 2882 φίλος
1502 2810 1675 2882 ἡμῶν
1701 2829 1799 2866 κε-

190 2900 475 2970 κοίμηται
504 2939 520 2964 ,
586 2897 752 2952 ἀλλὰ
813 2897 1142 2966 πορεύομαι
1194 2896 1539 2960 ἐξυπνίσαιι
1584 2897 1792 2951 αὐτόν.

190 2985 412 3054 Ὠσπερ
439 2983 548 3054 γάρ
585 2983 719 3052 ἡμῖν
750 2980 972 3035 εὔκολον
1008 2979 1102 3033 τὸν
1137 2978 1473 3034 καθεύδοντα
1519 2980 1796 3034 διυπνίσαι

188 3069 291 3123 καὶ
327 3067 616 3137 διεγεῖραι,
649 3063 796 3118 οὕτω
825 3064 919 3117 καὶ
955 3062 1034 3134 τῷ
1067 3062 1237 3133 κοινῷ
1263 3064 1485 3118 πάντων
1514 3062 1670 3136 ήμῶν
1698 3068 1795 3116 Δε-

190 3152 375 3224 σπότῃ
403 3150 463 3203 16
484 3151 812 3221 ἀναστῆσαι.
843 3149 955 3202 Kal
975 3147 1167 3219 ἐπειδὴ
1194 3147 1382 3201 καινὸν
1419 3143 1491 3219 ἦν
1529 3150 1624 3202 καὶ
1645 3148 1798 3215 ξένον

186 3237 256 3290 1.6
286 3235 419 3308 παρ’
442 3234 610 3288 αὑτοῦ
634 3233 950 3305 εἰρημένον,
979 3232 1100 3286 οὐδὲ
1129 3234 1177 3285 οἱ
1204 3231 1448 3304 μαθηταὶ
1472 3233 1714 3303 συνῆκαν
1736 3234 1797 3287 16

186 3319 405 3389 λεχθὲν,
439 3317 635 3388 μέχρις
666 3318 789 3371 ὅτου
822 3316 1280 3383 συγκαταϐαίνων
1322 3315 1505 3370 αὐτῶν
1528 3319 1595 3385 τῇ
1632 3317 1797 3369 ἀσθε-

188 3403 333 3473 νείᾳ,
369 3400 752 3473 φανερώτερον
784 3398 914 3453 αὐτὸ
957 3399 1172 3471 εἴρηκε.
1212 3398 1327 3452 Kal
1364 3401 1393 3453 6
1418 3398 1519 3470 τῆς
1542 3399 1797 3469 οἰκουμέ-

187 3502 289 3553 νης
316 3485 375 3537 δὲ
398 3484 723 3546 διδάσκαλος
756 3486 785 3536 6
818 3482 1092 3553 μακάριος
1126 3481 1361 3547 Παῦλος,
1386 3484 1617 3551 γράφων
1659 3483 1795 3536 Θεσ-

188 3566 537 3622 σαλονικεῦσί
556 3584 722 3639 φησιν
739 3583 754 3598 ·
785 3567 871 3620 Οὐ
887 3565 1042 3620 θέλω
1064 3563 1223 3633 ὑμᾶς
1248 3566 1495 3635 ἀγνοεῖν
1517 3567 1650 3634 περὶ
1677 3565 1795 3619 τῶν

184 3650 663 3721 κεκοιμημένων,
692 3650 894 3718 ἵναμὴ
921 3645 1235 3715 λυπῆσθε,
1260 3649 1341 3714 ὠς
1369 3650 1470 3703 καὶ
1502 3653 1556 3704 οἰ
1588 3650 1793 3703 λοιποὶ

181 3739 243 3791 οἱ
288 3734 378 3805 μὴ
425 3736 675 3803 ἔχοντες
702 3732 943 3787 ἐλπίδα.
977 3733 1087 3785 Καὶ
1119 3732 1284 3786 πάλιν
1328 3732 1565 3804 ἀλλαχοῦ
1585 3752 1598 3765 ’
1644 3737 1795 3803 Ἀρα

182 3822 242 3875 οἱ
269 3818 658 3888 κοιμηθέντες
690 3817 762 3871 ἐν
790 3814 1025 3884 Χριστῷ
1044 3857 1059 3883 ,
1087 3815 1424 3872 ἀπώλοντο.
1451 3819 1565 3872 Kal
1597 3818 1790 3872 πάλιν·

197 3902 395 3973 Ἡμεῖς
426 3905 481 3955 οι
508 3899 741 3965 ζῶντες,
773 3901 827 3952 οι
875 3900 1381 3969 περιλειπόμενοι,
1414 3902 1489 3955 οὐ
1526 3902 1614 3971 μὴ
1645 3903 1793 3970 φθά-

182 4002 395 4055 σωμεν
426 3984 568 4050 τοὺς
602 3982 1020 4052 κοιμηθέντας.
1055 3983 1166 4036 Kal
1197 3983 1426 4055 ἑτέρωθι
1461 3987 1626 4039 πάλιν
1649 4004 1661 4016 ·
1725 3988 1793 4039 Εἰ

182 4071 299 4137 γὰρ
316 4068 702 4136 πιστεύομεν.
723 4066 814 4119 ὅτι
843 4066 1085 4133 Ἰησοῦς
1105 4066 1393 4132 ἀπέθανε,
1412 4069 1509 4121 καὶ
1539 4068 1789 4134 ἀνέστη,

180 4154 343 4209 οὓτω
361 4156 461 4206 καὶ
491 4155 522 4205 ό
542 4151 680 4216 Θεὸς
710 4149 855 4216 τοὺς
882 4148 1281 4218 κοιμηθέντας
1296 4150 1427 4216 ἄξει
1456 4152 1579 4205 σὺν
1606 4151 1787 4217 αὐτῷ.

247 4307 310 4377 β’.
334 4303 491 4368 Εἶδες
512 4304 792 4375 πανταχοῦ
808 4304 994 4358 λοιπὸν
1011 4305 1270 4373 κοίμησιν
1286 4305 1382 4358 καὶ
1406 4303 1574 4357 ὕπνον
1593 4306 1685 4359 τὸν
1702 4306 1793 4361 θά-

179 4408 347 4445 νατον
376 4387 713 4459 καλούμενον
733 4406 747 4454 ;
771 4390 863 4442 καὶ
887 4388 977 4441 τὸν
1005 4388 1107 4458 πρὸ
1124 4386 1316 4439 τούτου
1342 4388 1571 4459 φοϐερὸν
1594 4389 1790 4459 ἔχοντα

182 4476 244 4529 τὸ
279 4474 598 4547 πρόσωπον,
634 4472 728 4525 νῦν
750 4473 1233 4543 εὐκαταφρόνητον
1263 4471 1405 4541 μετὰ
1425 4472 1525 4542 τὴν
1551 4475 1788 4528 ἀνάστα-

178 4576 272 4613 σιν
323 4558 644 4627 γινόμενον;
702 4552 853 4619 Εἶδες
910 4556 1163 4629 λαμπρὸν
1191 4556 1291 4625 τῆς
1338 4556 1686 4621 ἀναστάσεως
1726 4561 1788 4613 τὸ

176 4644 479 4715 τρόπαιονς
510 4642 609 4694 Διὰ
640 4640 847 4709 ταύτην
867 4642 999 4711 ἡμῖν
1032 4640 1103 4693 τά
1148 4640 1320 4711 μυρία
1355 4640 1540 4709 ἀγαθὰ
1570 4644 1785 4713 εἰσενή-

175 4742 403 4781 νεκται’
441 4723 595 4798 [752]
652 4724 740 4777 διὰ
772 4724 978 4795 ταύτην
1012 4726 1045 4794 ή
1110 4723 1220 4776 τῶν
1273 4722 1546 4794 δαιμόνων
1597 4726 1782 4799 ἀπάτη

175 4809 490 4878 κατελύθη·
547 4808 635 4861 διὰ
686 4806 894 4879 ταύτην
946 4806 1343 4877 καταγελῶμεν
1394 4806 1662 4862 θανάτου·
1696 4809 1784 4863 διά

173 4894 386 4963 ταύτην
411 4893 771 4965 ύπερορῶμεν
800 4892 902 4962 τῆς
933 4891 1218 4962 παρούσης
1245 4890 1423 4963 ζωῆς·
1456 4892 1547 4946 διὰ
1577 4893 1783 4965 ταύτην

173 4979 319 5048 πρὸς
336 4978 433 5047 τὴν
459 4977 569 5028 τῶν
609 4975 914 5045 μελλόντων
943 4975 1243 5044 ἐπιθυμίαν
1270 4975 1610 5046 ἐπειγόμεθα
1637 4994 1650 5008 ⁸
1692 4977 1783 5031 διά

169 5061 383 5130 ταύτην
407 5100 421 5125 ,
461 5060 621 5129 σῶμα
645 5060 1041 5129 περικείμενοι,
1073 5060 1225 5112 οῦδὲν
1255 5060 1477 5113 ἔλαττον
1500 5061 1609 5113 τῶν
1638 5062 1782 5116 ἀσω-

175 5146 370 5216 μάτων
424 5142 623 5213 έχομεν
648 5182 663 5207 ,
698 5143 795 5195 ἐὰν
835 5142 1178 5213 βουλώμεθα.
1234 5144 1484 5215 Σήμερον
1516 5144 1673 5214 ήμῶν
1712 5145 1781 5199 τά

169 5228 408 5300 λαμπρά
437 5228 735 5299 νικητήρια
769 5227 959 5296 γέγονε
980 5245 993 5259 ο
1030 5230 1272 5300 σήμερον
1305 5227 1468 5299 ἡμῶν
1493 5229 1522 5281 ὁ
1568 5230 1779 5282 Δεσπό-

169 5330 277 5380 της
302 5312 365 5365 16
396 5312 541 5365 κατὰ
583 5312 681 5366 τοῦ
707 5312 941 5364 θανάτου
988 5313 1252 5383 τρόπαιον
1284 5315 1509 5383 στήσας,
1540 5312 1634 5364 καὶ
1683 5313 1777 5366 τοῦ

167 5396 424 5451 διαϐόλου
449 5398 549 5467 τὴν
576 5396 869 5469 τυραννίδα
892 5396 1229 5462 καταλύσας,
1260 5397 1361 5467 τὴν
1382 5396 1473 5451 διά
1511 5398 1610 5469 τῆς
1641 5398 1777 5453 ἁνα-

168 5484 421 5544 στάσεως
446 5482 565 5536 ὁδὸν
588 5485 667 5546 εἰς
703 5482 980 5554 σωτηρίαν
1012 5483 1329 5554 ἐχαρίσατο.
1356 5484 1569 5548 Πάντες
1596 5485 1777 5537 τοίνυν

1317 438 1555 495 1⁷103111..
1597 437 1664 495 IN
1708 438 1793 493 SA

1897 436 2040 493 TUM
2083 434 2354 492 I’ASCH'A
2371 469 2403 487 .1
3398 426 3509 479 ’ῐτέεϊ

1912 553 2078 607 αὑτοῦ
2106 552 2455 621 περιεγένετο
2493 550 2521 601 6
2552 547 2806 618 Χριστός.
2854 546 2998 600 Λύτά
3035 543 3106 599 1‘1
3149 545 3291 599 ὅπλα
3324 542 3510 609 ἔλαϐε,

1910 639 2003 690 καὶ
2037 637 2252 697 τούτοις
2286 633 2450 687 αὑτὸν
2488 632 2935 701 κατηγωνίσατο·
2982 631 3075 683 καὶ
3125 630 3267 693 πῶς,
3320 628 3510 683 ἄκουε.

1909 722 2187 791 Παρθένος
2212 720 2310 773 καὶ
2342 717 2498 782 ξύλον
2530 717 2626 769 καὶ
2659 716 2892 785 θάνατος
2915 715 3015 784 τῆς
3037 715 3313 785 ἡμετέρας
3340 714 3512 783 ἥττης

1862 802 1865 805 ’
1907 807 2100 875 γέγονε
2129 804 2199 857 τὰ
2224 802 2495 871 σύμϐολα.
2555 796 2666 853 Kal
2716 798 2828 869 γάρ
2876 797 3147 870 παρθένος
3176 794 3245 869 ἦν
3296 800 3330 869 ή
3364 798 3509 852 Εὔα·

1907 890 2121 943 ούδέπω
2145 888 2257 959 γὰρ
2290 887 2462 958 ἄνδρα
2489 885 2811 951 ἐγίνωσκεν,
2861 884 2952 937 ὅτε
2990 881 3089 954 τὴν
3135 882 3359 953 άγάπην
3410 883 3516 936 ὐπ-

1908 975 2121 1045 έμεινε·
2157 973 2313 1039 ξύλον
2335 968 2404 1044 ἦν
2430 972 2491 1024 16
2520 966 2758 1041 δένδρον·
2793 968 3025 1032 θάνατος
3053 968 3116 1021 16
3146 969 3426 1039 ἐπιτίμιον
3453 970 3515 1022 τὸ

1908 1056 2053 1111 κατὰ
2078 1056 2174 1111 τοῦ
2208 1055 2400 1126 ’Δδάμ.
2438 1049 2592 1117 Εἶδες
2618 1052 2738 1117 πῶς
2788 1052 3063 1124 παρθένος
3094 1053 3190 1105 καὶ
3225 1050 3385 1117 ξύλον
3417 1053 3515 1106 καὶ

1908 1140 2141 1205 θάνατος
2165 1140 2395 1209 γέγονεν
2418 1141 2553 1211 ἡμῖν
2585 1137 2686 1209 τῆς
2708 1137 2883 1210 ἥττης
2930 1135 3003 1190 τά
3048 1135 3336 1207 σύμϐολα;
3369 1136 3514 1208 Ὅρα

1906 1224 2089 1278 τοίνυν
2114 1224 2235 1289 πῶς
2268 1223 2367 1279 καὶ
2399 1223 2501 1293 τῆς
2527 1222 2685 1291 νίκης
2710 1219 2854 1276 αὐτὰ
2887 1220 3050 1276 πάλιν
3075 1222 3269 1289 γέγονε
3305 1221 3513 1292 παραί-

1906 1326 2019 1364 τια.
2066 1310 2213 1364 Ἀντί
2253 1308 2352 1379 τῆς
2388 1305 2537 1371 Εὔας
2566 1308 2599 1377 ἡ
2635 1304 2829 1376 Μαρία
2852 1322 2865 1335 ·
2900 1306 3024 1360 ἀντ’.
3055 1304 3150 1359 τοῦ
3197 1303 3361 1372 ξύλου
3416 1304 3515 1359 τοῦ

1909 1391 2109 1446 εἰδέναι
2164 1391 2412 1460 γνωστὸν
2462 1388 2629 1445 καλοῦ
2684 1391 2778 1445 καὶ
2810 1387 3078 1459 πονηροῦ,
3128 1387 3191 1441 16
3232 1388 3390 1453 ξύλον
3418 1387 3516 1442 τοῦ

1909 1474 2149 1546 σταυροῦ
2169 1490 2183 1505 ·
2215 1475 2339 1529 ἀντὶ
2371 1474 2469 1528 τοῦ
2498 1471 2733 1527 θανάτου
2757 1472 2853 1526 τοῦ
2897 1471 3094 1543 Ἀδὰμ,
3121 1474 3151 1525 6
3183 1472 3518 1537 Δεσποτικδς

1908 1558 2160 1622 θάνατος.
2200 1555 2356 1623 Εἶδες
2374 1559 2444 1613 δι’
2483 1554 2559 1612 ὧν
2594 1557 2838 1629 ἐνίκησε,
2868 1555 2959 1609 διὰ
2985 1556 3194 1611 τούτων
3223 1557 3389 1611 αὑτὸν
3418 1558 3516 1628 ήτ-

1906 1641 2183 1712 τώμενον;
2235 1642 2374 1714 Περὶ
2406 1642 2467 1695 16
2499 1640 2715 1711 δένδρον
2769 1639 3191 1709 κατηγωνίσατο
3209 1640 3302 1694 τὸν
3341 1640 3544 1712 Ἀδὰμ.

1905 1732 1934 1781 6
1961 1726 2207 1792 διάϐολος
2227 1745 2239 1758 ο
2266 1729 2397 1799 περὶ
2422 1728 2515 1782 τὸν
2546 1726 2782 1797 σταυρὸν
2813 1726 3189 1782 κατεπάλαισε
3207 1728 3302 1783 τὸν
3331 1728 3514 1784 διάϐο-

1906 1812 1996 1865 λον
2027 1815 2057 1865 6
2089 1812 2344 1882 Χριστός.
2373 1810 2607 1866 Κάκεϊνο
2633 1811 2733 1881 μὲν
2761 1810 2823 1863 16
2860 1810 3017 1876 ξύλον
3046 1812 3127 1876 είς
3168 1812 3303 1886 ᾅδην
3341 1813 3515 1884 έπεμ-

1906 1912 1997 1962 πε,
2027 1894 2189 1950 τοῦτο
2208 1895 2266 1948 δὲ
2299 1896 2361 1949 16
2386 1894 2563 1960 ξύλον,
2589 1895 2650 1947 16
2674 1894 2769 1948 τοῦ
2801 1894 3064 1966 σταυροῦ,
3085 1898 3329 1961 καὶτοὺς
3351 1897 3515 1951 άπελρ

1906 1980 2101 2045 θόντας
2129 1982 2195 2034 ὲκ
2227 1978 2323 2033 τοῦ
2355 1979 2481 2051 ᾅδου
2522 1978 2687 2032 πάλιν
2736 1978 3082 2033 ἀνεκαλεῖτο·
3136 1980 3363 2034 κάκεῖνο
3414 1981 3514 2051 μὲν
3551 2032 3560 2045 ,

1905 2064 2161 2135 καθάπερ
2195 2063 2549 2134 αἰχμάλωτον
2574 2062 2665 2117 καὶ
2694 2062 2904 2134 γυμνὸν
2942 2063 3185 2135 ἔκρυπτε
3215 2065 3307 2117 τὸν
3341 2068 3515 2138 ήττη-

1906 2146 2089 2211 θέντα,
2135 2146 2297 2201 τοῦτο
2329 2146 2385 2199 δὲ
2416 2146 2510 2200 τὸν
2544 2145 2771 2217 νικητήν
2818 2147 3027 2217 γυμνὸν
3080 2148 3514 2221 προσηλωμένον

1907 2231 1991 2299 ἐφ’
2023 2229 2231 2301 ὑψηλοῦ
2281 2232 2452 2284 πᾶσιν
2501 2231 2740 2285 ἐδείκνυ.
2784 2231 2894 2285 Kal
2948 2231 3181 2298 θάνατος
3214 2236 3243 2287 6
3284 2235 3384 2306 μὲν
3416 2240 3512 2291 καὶ

1903 2315 2033 2380 τοὺς
2066 2316 2185 2387 μετ’
2211 2316 2377 2371 αὑτὸν
2400 2316 2760 2388 κατέκρινεν·
2792 2318 2820 2370 6
2841 2315 2899 2371 δὲ
2930 2317 3175 2383 καὶτοὺς
3207 2320 3314 2391 πρὸ
3343 2322 3511 2376 αὑτοῦ

1904 2398 2205 2471 ἀνέστησεν
2244 2399 2486 2471 άληθῶς.
2528 2401 2628 2465 Τίς
2674 2398 2941 2467 λαλήσει
2995 2401 3104 2469 τὰς
3139 2401 3514 2473 δυναστείας

1903 2482 2013 2537 τοῦ
2035 2484 2283 2551 Κυρίου.
2309 2484 2623 2550 ἀκουστὰς
2669 2484 2913 2552 ποιήσει
2957 2485 3167 2553 πάσας
3213 2488 3323 2555 τὰς
3349 2491 3511 2543 αἰνέω

1902 2583 2037 2634 σεις
2060 2568 2283 2632 αὑτοῦ;
2332 2569 2467 2624 Ἀπὸ
2491 2569 2726 2624 θανάτου
2752 2570 3062 2642 γεγόναμεν
3087 2572 3373 2638 ἀθάνατοι,
3401 2576 3515 2629 άπὸ

1904 2651 2168 2717 πτώσεως
2195 2653 2527 2726 άνέστημεν,
2559 2654 2671 2708 άπὸ
2692 2655 3009 2729 ήττήματος
3041 2658 3394 2729 κατέστημεν
3432 2679 3514 2714 νι-

1903 2736 2091 2808 κηταί.

1975 2886 2044 2959 γ’.
2068 2888 2256 2943 Ταῦτα
2279 2888 2374 2943 τοῦ
2404 2889 2642 2961 σταυροῦ
2670 2890 2737 2943 τά
2756 2889 3184 2961 κατορθώματα,
3210 2893 3385 2948 ταῦτα
3410 2896 3513 2964 τῆς

1901 2973 2255 3038 ἀναστάσεως
2315 2974 2549 3045 μεγίστη
2621 2974 2918 3040 ἀπόδειξις.
2980 2975 3234 3046 Σήμερον
3285 2979 3514 3047 ἄγγελοι

1904 3056 2191 3127 σκιρτῶσι,
2229 3058 2326 3110 καὶ
2362 3059 2535 3111 πᾶσαι
2569 3058 2626 3111 αἱ
2660 3059 2911 3129 οὐράνιαι
2953 3059 3220 3131 δυνάμεις
3246 3062 3515 3131 ἀγάλλον-

1900 3161 2012 3205 ται,
2038 3144 2402 3213 συνηδόμεναι
2432 3144 2525 3196 ἐπὶ
2554 3146 2622 3215 τῇ
2656 3144 2907 3216 σωτηρία
2948 3144 3045 3198 τοῦ
3097 3146 3284 3201 κοινοῦ
3321 3149 3515 3217 γένους

1900 3227 2008 3281 τῶν
2032 3227 2132 3282 ἀνθ
2142 3227 2361 3299 ρώπων.
2380 3230 2445 3282 Et
2466 3227 2573 3301 γὰρ
2603 3230 2695 3283 ἐπὶ
2712 3230 2794 3284 ἑνὶ
2813 3230 3130 3302 ἁμαρτωλῷ
3156 3235 3514 3302 μετανοοῦντι

1900 3310 2049 3383 χαρὰ
2071 3311 2286 3380 γίνεται
2316 3314 2376 3366 ὲν
2408 3313 2627 3384 οὐρανῷ
2650 3313 2747 3367 καὶ
2777 3315 2870 3368 ἐπὶ
2904 3315 3030 3388 γῆς,
3068 3317 3254 3390 πολλῷ
3307 3321 3515 3391 μᾶλλον

1899 3396 1993 3449 έπὶ
2014 3398 2083 3467 τῇ
2108 3397 2357 3468 σωτηρίᾳ
2381 3396 2482 3466 τῆς
2506 3396 2854 3470 οἰκουμένης.
2892 3399 3146 3472 Σιήμερον
3171 3403 3273 3473 τὴν
3295 3406 3514 3479 ἀνθρώ-

1900 3481 2063 3534 πείαν
2093 3480 2279 3550 φύσιν,
2308 3482 2410 3551 τῆς
2438 3481 2535 3534 τοῦ
2556 3482 2809 3536 διαϐόλου
2843 3486 3166 3556 τυραννίδος
3203 3488 3511 3562 ἐλευθερώ-

1900 3582 2023 3629 σας,
2050 3565 2189 3636 πρὸς
2202 3565 2302 3636 τήν
2319 3566 2597 3638 προτέραν
2625 3568 2913 3637 εὐγένειαν
2944 3571 3320 3643 ἐπανήγαγεν.
3341 3575 3512 3631 Ὅταν

1898 3647 2009 3719 γάρ
2044 3648 2138 3701 ἴδω
2163 3649 2263 3720 τὴν
2315 3650 2573 3722 ἀπαρχὴν
2599 3651 2698 3722 τὴν
2732 3654 2873 3724 ἐμὴν
2928 3654 3073 3709 οὕτω
3116 3656 3213 3710 τοῦ
3274 3658 3510 3716 θανάτου

1899 3732 2414 3803 περιγεγενημένην
2439 3774 2453 3798 ,
2491 3736 2593 3787 οὐκ
2648 3736 2730 3790 ἔτι
2781 3737 3018 3803 δέδοικα,
3054 3740 3261 3794 οὐκετι
3298 3746 3510 3814 φρίττω

1896 3815 1989 3899 τὸν
2023 3815 2263 3899 πόλεμον
2285 3835 2297 3847 ·
2322 3817 2444 3869 οῦδὲ
2468 3818 2605 3889 πρὸς
2637 3819 2736 3890 τὴν
2760 3820 3049 3875 ἀσθένειαν
3070 3825 3184 3895 ὁρῶ
3207 3825 3309 3898 τὴν
3335 3830 3507 3899 ἐμαυ-

1896 3897 2017 3963 τοῦ,
2054 3897 2186 3983 άλλί
2210 3899 2378 3952 ἒννοῶ
2413 3899 2507 3954 τοῦ
2566 3902 2855 3972 μέλλοντός
2894 3922 2986 3974 μοι
3052 3897 3378 3979 συμμαχεῖν
3405 3915 3509 3983 τὴν

1858 3996 1861 3999 ‘
1896 3982 2105 4051 ἄφατον
2129 3982 2382 4054 δύναμιν.
2426 3984 2489 4039 ’0
2521 3986 2631 4056 γάρ
2665 3987 2764 4057 τῆς
2799 3987 2893 4041 τοῦ
2924 3989 3159 4046 θανάτου
3187 3982 3504 4066 τυραννίδος

1900 4066 2345 4151 περιγενόμενος,
2384 4070 2481 4121 καὶ
2510 4071 2695 4123 πᾶσαν
2712 4070 2881 4124 αὑτοῦ
2912 4073 3012 4143 τὴν
3048 4076 3505 4151 ἰσχὺν-ἀφελόμε-

1896 4166 2006 4229 νος,
2036 4149 2090 4202 τί
2119 4149 2306 4202 λοιπὸν
2353 4152 2455 4205 οὐκ
2490 4154 2787 4224 ἐργάσεται
2831 4157 2961 4227 περὶ
2985 4158 3047 4210 16
3090 4162 3374 4229 ὁμογενὲς,
3407 4149 3503 4219 καὶ

1894 4227 1957 4286 οὗ
1985 4233 2083 4304 τὴν
2119 4235 2338 4305 μορφὴν
2369 4236 2664 4290 ἀναλαϐεῖν
2697 4239 2786 4292 διά
2820 4241 3022 4313 πολλὴν
3082 4227 3502 4317 φιλανθρωπίαν

1896 4318 2047 4391 [755]
2080 4320 2416 4391 κατηξίωσε,
2445 4322 2539 4374 καὶ
2561 4322 2647 4376 διὰ
2681 4323 2886 4394 ταύτης
2904 4326 3005 4395 τὴν
3039 4329 3175 4398 πρὸς
3201 4330 3291 4383 τὸν
3320 4333 3503 4387 διάϐυυ

1893 4402 1983 4455 λον
2014 4402 2194 4473 πάλην
2225 4404 2600 4475 ποιήσασθαι;
2635 4408 2886 4479 Σήμερον
2919 4412 3063 4481 χαρά
3099 4415 3376 4484 πανταχοῦ
3403 4418 3500 4488 τῆς

1893 4488 2221 4558 οἰκουμένης
2250 4489 2345 4540 καὶ
2370 4489 2681 4561 εὐφροσύνη
2712 4495 3083 4564 πνευματική.
3121 4498 3373 4570 Σήμερον
3406 4502 3502 4555 καὶ

1891 4573 2000 4627 τῶν
2032 4573 2283 4641 ἀγγέλων
2306 4575 2334 4626 6
2366 4574 2539 4644 δῆμος
2573 4577 2668 4629 καὶ
2696 4578 2889 4631 πασῶν
2921 4578 3030 4631 τῶν
3069 4580 3184 4633 ἅνω
3210 4582 3501 4655 δυνάμεων

1894 4658 1923 4710 6
1950 4656 2110 4729 χορὸς
2141 4656 2229 4710 διὰ
2248 4658 2350 4729 τὴν
2371 4658 2480 4713 τῶν
2508 4658 2818 4731 ἀνθρώπων
2842 4662 3121 4733 σωτηρίαν
3145 4665 3494 4732 ἀγάλλονται.

1905 4741 2191 4810 Ἐννόησον
2231 4741 2434 4809 τοίνυν,
2463 4742 2739 4815 άγαπητὲ,
2766 4746 2944 4814 χαρᾶς
2987 4744 3238 4815 μέγεθος,
3285 4750 3369 4803 ὅτι
3405 4755 3502 4807 καὶ

1887 4824 1944 4877 αἱ
1976 4824 2091 4877 ἄνω
2130 4824 2394 4896 δυνάμεις
2445 4828 2583 4897 ἡμῖν
2625 4826 3087 4898 συνεορτάζουσι·
3136 4836 3499 4907 συγχαίρουσι

1886 4908 1997 4979 γάρ
2030 4910 2143 4972 τοῖς
2170 4910 2463 4979 ἡμετέροις
2486 4912 2735 4980 ἀγαθοῖς.
2766 4912 2878 4966 Kal
2912 4915 3022 4985 γὰρ
3052 4916 3101 4967 εἰ
3134 4924 3225 4970 καὶ
3254 4922 3500 4992 ἡμετέρα

1886 4992 2170 5078 ή-χάριςή
2202 4995 2357 5078 παρὰ
2382 4995 2477 5048 τοῦ
2516 4996 2813 5056 Δεσπότου,
2865 4998 3005 5052 ἀλλὰ
3036 5001 3132 5053 καὶ
3183 5002 3411 5057 ἐκείνων
3458 5012 3493 5078 η

1885 5076 2074 5145 ἡδονή.
2126 5077 2224 5129 Διὰ
2272 5079 2433 5131 τοῦτο
2464 5080 2565 5134 οὐκ
2590 5080 3015 5154 ἐπαισχύνονται
3045 5086 3178 5158 ἡμῖν
3203 5076 3497 5161 συνεορτάζ

1889 5175 2000 5212 σαι.
2028 5161 2139 5213 Kal
2167 5161 2220 5213 τί
2249 5160 2415 5230 λέγω,
2440 5163 2524 5216 ὅτι
2549 5166 2598 5217 οἰ
2627 5165 2905 5221 σύνδουλοι
2933 5169 3066 5240 ήμῖν
3095 5170 3195 5224 οὐκ
3227 5172 3497 5244 ἐπαισχύσ

1884 5261 2069 5297 νονται
2112 5248 2511 5316 συνεορτάσαι;
2546 5250 2721 5315 Αὐτὸς
2742 5253 3072 5324 όΔεσπότης
3102 5255 3287 5309 αὐτῶν
3312 5275 3372 5313 τε
3403 5263 3497 5314 καὶ

1884 5326 2042 5396 ήμῶν
2059 5329 2160 5381 οὐκ
2182 5330 2575 5402 ἐπαισχύνεται
2598 5335 2731 5405 ἡμῖν
2755 5338 3133 5408 συνεορτάσαι.
3158 5337 3223 5392 Τί
3240 5340 3297 5394 δὲ
3314 5336 3491 5408 εἷπον,

1881 5412 1984 5497 ούκ
2013 5413 2408 5497 ἐπαισχύνεται
2434 5432 2449 5481 ;
2478 5417 2592 5469 Kal
2622 5418 2887 5490 ἐπιθυμεῖ
2928 5424 3289 5494 συνεορτάσαι
3334 5426 3489 5497 ήμῖν.

1884 5494 2057 5550 Πόθεν
2086 5495 2247 5549 τοῦτο
2275 5497 2432 5568 δῆλον
2455 5518 2467 5561 ;
2495 5502 2697 5554 ’Ἄκουε
2726 5502 2894 5557 αὑτοῦ
2921 5503 3178 5572 λέγοντος
3198 5522 3211 5537 ·
3257 5494 3493 5565 Ἐάιθυα

168 5570 458 5662 χαίρωμεν
476 5607 492 5633 ,
513 5650 526 5662 .
543 5565 881 5662 σξιρτίὺμεν,
924 5566 1315 5662 ἀγαλλώιμεθα.
1370 5567 1436 5621 Εἰ
1467 5567 1577 5662 γάρ
1628 5571 1723 5622 καὶ
1748 5570 1777 5620 ὁ
1875 5577 1983 5645 μία
2004 5565 2361 5651 ἐπεθύμησα
2378 5582 2556 5638 τοῦτο
2582 5587 2644 5639 τὸ
2669 5586 2891 5656 Πάσχα
2905 5565 3123 5659 φαγεῖν
3144 5565 3274 5660 μεθ’
3299 5594 3489 5662 ὑμῶν’

168 5648 457 5719 Δεσπότης
503 5650 663 5720 ἡμῶν
700 5650 921 5720 ἐνίκησε
956 5653 1052 5703 καὶ
1107 5651 1169 5703 16
1200 5651 1466 5721 τρόπαιον
1521 5651 1772 5723 ἔστησεν,

172 5733 311 5788 ἀλλὰ
344 5733 501 5804 κοινὴ
540 5735 635 5787 καὶ
666 5734 825 5806 ήμῶν
856 5736 887 5805 ἡ
921 5734 1233 5805 εὐφροσύνη
1266 5735 1365 5789 καὶ
1409 5736 1443 5806 ή
1470 5735 1634 5807 χαρά.
1678 5737 1774 5790 Διὰ

168 5818 283 5888 γάρ
313 5816 413 5888 τὴν
448 5819 727 5889 ἡμετέραν
758 5818 1035 5889 σωτηρίαν
1078 5819 1259 5871 πάντα
1307 5818 1634 5891 εἰργάσατοο
1679 5820 1772 5871 καὶ

171 5903 233 5960 ἴτ’
269 5894 346 5958 ὧν
382 5903 532 5969 ἡμᾶς
586 5902 987 5958 κατεπάλαισεν
1037 5905 1066 5957 6
1120 5902 1391 5970 διάιὶολος,
1438 5903 1523 5956 δελ
1562 5903 1767 5959 τούτων

1880 5663 1929 5713 εἰ
1962 5662 2018 5715 δὲ
2051 5664 2112 5716 1‘0
2142 5665 2337 5735 Πάσχα
2375 5668 2696 5742 ἐπεθύμησε
2741 5676 2959 5741 φαγεῖν,
2998 5674 3093 5727 xal
3133 5678 3490 5746 συνεορτάσαι

1879 5746 2142 5816 δηλονότι.
2169 5749 2341 5804 Ὅταν
2374 5748 2470 5805 οὖν
2501 5754 2617 5827 ἴδῃς
2643 5756 2721 5825 μὴ
2751 5757 2914 5826 μόνον
2936 5758 3205 5825 ἀγγέλους
3228 5763 3323 5814 καὶ
3352 5762 3490 5816 πάν»

1880 5846 1994 5882 των
2029 5830 2139 5883 τῶν
2172 5832 2443 5905 οὐρανίων
2496 5837 2785 5909 δυνάμεων
2838 5842 2931 5895 τὸν
2962 5842 3159 5913 δῆμον,
3218 5843 3357 5897 ἀλλὰ
3393 5848 3491 5899 καὶ

1879 5914 1946 5967 ai:
1956 5913 2044 5970 τὸν
2067 5914 2157 5971 τὸν
2178 5919 2241 5972 Δε
2254 5918 2455 5991 σπότην
2477 5922 2583 5978 τῶν
2603 5924 2855 5995 ἀγγέλων
2880 5926 3010 5997 ἡμῖν
3033 5923 3485 5995 συνεορτάζοντα,
