4126 6514
126 442 231 498 769

133 550 347 606 testium
383 558 703 621 potestatum
728 556 926 606 emtum
948 591 963 616 ,
991 547 1085 605 sed
1115 547 1274 605 etiam
1305 547 1481 617 ipsum
1512 546 1731 617 angelo-

133 661 253 700 rum
283 645 568 701 Dominum
603 643 882 700 nobiscum
917 642 1113 699 festum
1142 655 1324 713 agere,
1353 639 1478 712 quid
1506 640 1602 696 tibi
1624 639 1735 711 jam

131 738 290 793 deest
329 736 397 792 ad
431 736 707 792 laetitiam?
730 734 900 792 Nemo
926 735 996 790 ob
1016 742 1389 808 paupertatem
1417 730 1579 788 hodie
1604 745 1738 787 mm-

131 841 253 885 stus
279 839 395 886 esto
428 848 443 884 :
473 829 764 900 spiritualis
785 830 981 900 quippe
1009 838 1092 885 est
1121 828 1424 884 celebritas.

207 920 396 976 Mensa
416 920 624 976 Domini
662 921 870 990 perinde
895 936 1142 990 pauperes
1170 929 1319 990 atque
1343 919 1521 973 divites
1544 917 1734 972 admit-

132 1014 210 1065 tit.
238 1042 311 1052 —
334 1011 506 1067 Nemo
542 1010 692 1066 dives
728 1010 799 1066 ob
837 1010 1140 1065 divitiarum
1169 1009 1378 1080 copiam
1405 1009 1690 1065 extollatur
1720 1025 1735 1063 :

134 1107 268 1161 nihil
294 1107 436 1162 enim
475 1105 817 1176 pecuniarum
857 1105 924 1181 ad
968 1104 1071 1160 hoc
1116 1103 1312 1160 festum
1354 1103 1547 1169 ail‘erre
1574 1102 1735 1157 valet.

134 1200 194 1256 In
221 1200 462 1255 externis
491 1199 686 1270 quippe
710 1197 1156 1262 solemnitatibus,
1199 1197 1288 1252 ubi
1331 1196 1497 1252 multa
1544 1210 1737 1265 pompa

133 1306 191 1348 et
237 1300 558 1362 apparatus,
611 1292 798 1362 ingens
839 1305 1045 1346 mensas
1086 1289 1288 1355 Iaalitia,
1311 1287 1433 1358 jure
1463 1302 1663 1357 pauper
1685 1286 1738 1340 in

133 1397 372 1438 maerore
407 1392 463 1438 et
504 1382 794 1448 anxietate,
827 1382 978 1437 dives
1023 1381 1077 1435 in
1119 1380 1390 1449 voluptate
1434 1389 1490 1434 et
1534 1377 1736 1432 laetitia.

136 1473 354 1538 Quare?
397 1473 531 1544 Quia
567 1474 657 1530 ille
688 1472 966 1544 splendida
995 1480 1145 1528 veste
1172 1471 1436 1536 amicitur,
1464 1479 1518 1525 et
1545 1468 1739 1524 lautio-

133 1582 254 1623 rem
286 1580 526 1621 mensam
553 1567 806 1637 apponit;
840 1579 1044 1636 pauper
1063 1578 1193 1619 vero
1224 1564 1400 1632 inopia
1429 1561 1736 1631 impeditur,

133 1659 428 1728 quominus
452 1658 703 1714 eumdem
731 1658 912 1712 luxum
943 1665 1195 1713 ostentet.
1229 1656 1328 1711 Hic
1357 1669 1487 1710 vero
1510 1653 1641 1708 nihil
1667 1653 1740 1708 si-

134 1749 304 1814 mile;
350 1747 445 1804 sed
490 1749 579 1803 illa
620 1749 796 1803 omnis
835 1747 1170 1818 inteq‘ualitas
1202 1747 1391 1812 abest;
1421 1761 1526 1801 una
1555 1757 1740 1800 mensa

132 1838 292 1895 diviti
321 1849 377 1895 et
405 1839 647 1909 pauperi,
676 1853 835 1895 servo
859 1849 914 1894 et
941 1839 1130 1894 libero.
1171 1837 1228 1893 Si
1276 1836 1427 1893 dives
1463 1837 1559 1901 sis,
1605 1833 1743 1889 nihil

134 1932 261 2003 plus
303 1930 523 1987 habebis
560 1945 719 2002 quam
760 1945 991 2001 pauper;
1042 1930 1087 1984 si
1132 1943 1352 1999 pauper,
1396 1927 1526 1982 nihil
1566 1928 1744 1984 minus

135 2021 302 2096 quam
323 2024 473 2081 dives
505 2041 522 2081 :
549 2035 969 2097 nequepropter
994 2024 1274 2094 penuriam
1294 2022 1586 2094 spiritualis
1614 2038 1744 2080 con-

137 2120 268 2175 vivii
296 2119 499 2174 lautitia
526 2119 821 2174 minuitur:
853 2118 1029 2173 divina
1053 2117 1252 2188 quippe
1277 2118 1446 2190 gratia
1475 2127 1595 2186 est,
1622 2133 1744 2188 quze

139 2225 496 2282 personarum
545 2209 830 2265 discrimen
872 2225 980 2264 non
1029 2210 1268 2280 respicit.
1317 2209 1387 2264 Et
1427 2209 1554 2280 quid
1595 2209 1738 2275 dico,

137 2303 388 2358 eamdem
429 2301 644 2373 pauperi
687 2309 744 2357 et
777 2301 929 2356 diviti
964 2302 1159 2373 apponi
1183 2303 1465 2357 mensam?
1491 2301 1557 2357 Ei
1582 2302 1744 2358 etiam

138 2395 231 2464 qui
264 2393 566 2449 diademate
590 2393 871 2449 redimitur
888 2402 943 2449 et
964 2408 1194 2464 purpura
1213 2394 1460 2458 vestitur,
1484 2404 1645 2465 atque
1666 2403 1747 2448 to-

140 2488 249 2542 tius
273 2486 422 2541 orbis
450 2486 732 2562 imperium
762 2484 1044 2552 obtinenti,
1070 2495 1126 2540 et
1153 2485 1377 2556 pauperi
1403 2484 1471 2540 ad
1497 2485 1738 2542 eleemo-

139 2592 333 2650 synam
371 2573 764 2644 sedenti/una
806 2577 1094 2648 apponitur
1120 2592 1330 2634 mensa.
1375 2577 1523 2634 Talia
1549 2578 1746 2649 quippe

141 2678 272 2724 sunt
300 2669 444 2724 dona
474 2669 799 2740 spiritualia;
848 2684 961 2725 non
1002 2670 1350 2742 dignitatibus
1375 2686 1563 2726 eorum
1593 2687 1748 2726 com-

143 2763 441 2817 municatio
461 2803 476 2828 ,
507 2763 602 2818 sed
632 2763 890 2819 voluntati
920 2772 975 2820 et
1007 2764 1280 2834 proposito
1314 2763 1586 2820 tribuitur.
1634 2764 1743 2819 Ea-

147 2855 272 2910 dem
305 2853 532 2920 ﬁducia,
567 2855 758 2910 eodem
803 2855 1009 2912 honore
1046 2854 1344 2926 Imperator
1368 2865 1424 2910 et
1453 2870 1655 2926 pauper
1680 2854 1748 2909 ad

149 2962 304 3000 nsum
333 2955 387 3000 et
420 2945 876 3016 participationem
916 2946 1218 3002 divinorum
1251 2948 1630 3017 mysteriorum
1659 2962 1752 3001 ac-

149 3039 366 3094 cedunt.
415 3037 482 3092 Et
520 3037 646 3108 quid
672 3038 816 3105 dico,
852 3038 1043 3094 eodem
1074 3038 1315 3094 honore?
1355 3038 1513 3109 Smpe
1549 3054 1754 3112 pauper

149 3146 274 3188 cum
311 3131 502 3202 majori
531 3129 742 3186 ﬁducia.
791 3130 1002 3200 Quare?
1041 3130 1301 3200 Quoniam
1329 3128 1624 3201 Imperator
1653 3148 1750 3187 ne-

149 3223 418 3294 gotiorum
460 3223 603 3278 curis
637 3220 922 3289 distentus,
951 3231 1007 3279 et
1049 3237 1270 3278 casuum
1306 3221 1608 3294 frequentia
1646 3225 1752 3280 cir-

150 3314 456 3380 cumdatus,
482 3314 635 3386 quasi
663 3315 714 3369 in
736 3315 869 3370 mari
892 3299 1136 3382 versans,
1159 3315 1236 3370 sic
1257 3314 1491 3385 undique
1509 3316 1754 3386 ingruen-

150 3407 299 3464 tibus
343 3404 594 3462 ﬂuctibus
631 3407 880 3475 agitatur,
911 3413 969 3462 et
996 3407 1231 3476 peccatis
1259 3406 1442 3461 multis
1480 3405 1750 3468 ftedatur;

152 3511 360 3570 pauper
399 3507 578 3554 autem
622 3494 701 3552 iis
732 3497 1036 3568 expeditus,
1079 3499 1255 3568 deque
1294 3498 1412 3552 solo
1447 3501 1756 3554 necessario

152 3591 412 3646 alimento
436 3590 719 3658 sollicitus,
751 3589 980 3662 negotiis
1006 3604 1228 3645 vacuam
1255 3599 1310 3645 et
1329 3591 1565 3661 quietam
1593 3592 1753 3646 vitam

153 3684 385 3751 ducens,
411 3683 563 3754 quasi
601 3683 653 3738 in
695 3693 849 3753 portu
884 3691 942 3738 et
979 3683 1033 3739 in
1075 3683 1362 3753 tranquillo
1387 3682 1507 3739 loco
1535 3683 1756 3752 sedens,

154 3793 279 3833 cum
305 3778 468 3833 multa
492 3777 690 3849 pietate
713 3777 782 3834 ad
799 3793 1041 3834 mensam
1071 3779 1270 3852 adstat.

227 3872 284 3928 4.
311 3870 500 3943 Neque
527 3886 658 3927 vero
684 3871 811 3929 inde
836 3873 1034 3940 solum,
1066 3874 1161 3928 sed
1188 3874 1350 3932 etiam
1377 3873 1595 3931 aliunde
1617 3889 1759 3931 mm-

155 3965 300 4022 roris
321 3949 632 4021 dccasiones
660 3964 954 4021 offeruntur
976 3966 1040 4021 iis
1062 3967 1151 4036 qui
1177 3968 1454 4023 saeuiat-ia
1491 3969 1622 4023 festa
1649 3967 1757 4024 fre-

155 4066 439 4128 quentant.
466 4055 579 4112 Illic
601 4057 747 4119 enim
774 4072 982 4118 rursum
1019 4073 1222 4129 pauper
1250 4058 1302 4113 in
1332 4060 1565 4125 tristitia,
1609 4060 1760 4115 dives

157 4150 216 4205 in
240 4150 436 4222 gaudio
462 4150 592 4222 agit,
624 4165 731 4205 non
763 4159 966 4206 tantum
993 4151 1064 4206 ob
1103 4167 1342 4206 mensam
1389 4152 1758 4223 ejusquelau-

156 4243 354 4309 titiam,
383 4242 476 4299 sed
498 4245 659 4298 etiam
684 4243 754 4298 ob
782 4244 1100 4299 vestimenta
1126 4244 1424 4315 splendida,
1452 4254 1505 4299 ct
1534 4247 1762 4302 amictus

159 4337 544 4407 prtestantiam.
571 4336 724 4406 Quod
751 4347 971 4408 propter
996 4353 1257 4402 mensam,
1279 4338 1508 4408 idipsum
1541 4349 1762 4410 propter

160 4428 489 4484 vestimenta
545 4429 836 4499 patiuntur.
890 4428 1025 4485 Cum
1071 4444 1276 4500 pauper
1319 4429 1537 4485 divitem
1568 4433 1764 4487 vestitu

159 4521 456 4593 fulgentem
479 4521 857 4589 videt,dolore
904 4524 1194 4589 cruciatur,
1236 4539 1296 4579 se
1343 4523 1598 4578 miserum
1647 4525 1762 4579 exi-

160 4613 369 4679 stimat,
387 4614 513 4670 etin
542 4613 820 4670 maledicta
842 4615 1094 4683 erumpit.
1114 4615 1248 4670 Ilinc
1260 4624 1438 4670 autem
1457 4614 1765 4686 hujusmodi

163 4720 370 4761 maeror
422 4706 728 4763 eliminatur
759 4723 773 4760 :
808 4721 913 4762 una
956 4708 1154 4780 quippe
1189 4708 1440 4762 omnibus
1489 4709 1654 4763 vestis
1684 4717 1768 4763 est

162 4798 401 4856 salutare
429 4797 796 4853 indumentum
823 4816 837 4853 :
865 4798 1061 4854 clamat
1089 4799 1285 4869 quippe
1306 4798 1503 4854 Paulus
1535 4799 1618 4854 his
1645 4815 1768 4855 ver-

163 4888 248 4944 his
281 4906 296 4943 :
327 4887 642 4959 Quicumque
681 4887 733 4941 iu
760 4886 1016 4943 Christum
1037 4889 1279 4960 baptizati
1317 4891 1455 4956 estis,
1509 4888 1767 4946 Christum

164 4980 406 5035 induisti:
447 4978 591 5050 (Gal.
620 4981 676 5036 5.
704 4980 774 5035 27
808 4979 852 5052 ).
879 4979 958 5036 Ne
986 4981 1167 5052 igitur,
1201 4996 1407 5051 quteso,
1463 4981 1769 5052 Itujusmodi

165 5072 365 5130 festum
401 5071 841 5137 dehonestemus,
884 5073 978 5128 sed
1015 5073 1177 5144 digne
1227 5073 1391 5128 animi
1440 5088 1600 5128 sensu
1648 5090 1769 5140 quae

167 5166 329 5220 nobis
352 5165 493 5221 dona
521 5175 551 5219 a
577 5165 755 5220 divina
799 5166 969 5237 gratia
1003 5166 1194 5220 collata
1226 5173 1379 5230 sunt,
1422 5167 1770 5235 accipiamus.

170 5259 251 5315 Ne
271 5257 519 5315 ebrietati
548 5268 602 5314 et
629 5260 767 5331 gulae
796 5274 893 5316 nos
923 5259 1203 5326 dedamus;
1233 5259 1326 5316 sed
1358 5261 1569 5315 Domini
1600 5261 1769 5315 nostri

169 5349 591 5406 muniﬁcentiam
621 5350 897 5406 nobiseum
950 5360 1282 5421 reputantes,
1339 5351 1481 5421 quod
1525 5352 1774 5408 videlicet

172 5443 287 5514 pari
342 5447 547 5500 honore
589 5443 784 5499 divites
827 5455 881 5500 et
924 5459 1207 5515 pauperes,
1254 5460 1438 5500 servos
1473 5455 1526 5500 et
1577 5447 1772 5502 liberos

172 5536 441 5600 habuerit,
464 5544 518 5590 et
543 5551 828 5593 commune
856 5537 1106 5597 omnibus
1147 5539 1346 5594 donum
1376 5537 1643 5604 eﬂttderit,
1676 5540 1772 5594 be-

174 5630 404 5684 neiicum
438 5627 585 5683 illum
613 5629 828 5699 paribus
850 5645 1255 5686 remuneremur
1270 5629 1482 5697 ofﬁciis,
1513 5632 1581 5688 ob
1606 5633 1773 5687 bene-

172 5721 464 5776 volentiam
507 5736 664 5792 quam
705 5721 947 5777 exhibuit
1009 5723 1161 5778 nobis
1195 5739 1210 5788 ;
1253 5738 1553 5795 congruens
1595 5736 1772 5781 autem

177 5827 372 5869 munus
395 5813 557 5870 fuerit
578 5814 698 5870 vita:
722 5814 1018 5870 institutum
1047 5816 1144 5886 ipsi
1166 5817 1439 5888 placitum,
1459 5819 1778 5891 animusque

176 5907 403 5980 vigilans
425 5916 480 5964 et
506 5906 807 5984 expeditus.
829 5906 940 5967 lloc
979 5906 1198 5980 festum,
1218 5909 1332 5970 hcce
1358 5909 1642 5970 celebritas
1670 5929 1772 5968 non

1369 429 1599 488 IIOMIL
1643 429 1708 486 IN
1747 428 2068 487 SANCTUM
2109 427 2397 485 PASCHA.

3353 433 3466 487 770

1852 547 2111 616 pecuniis,
2158 560 2263 600 non
2295 545 2597 615 sumptibus
2628 553 2766 616 eget,
2819 546 2917 603 sed
2949 545 3224 617 proposito
3253 554 3456 602 tantum

1847 647 1900 692 et
1946 652 2077 707 pura
2107 645 2308 692 mente.
2337 635 2478 691 Nihil
2505 637 2592 692 hic
2621 651 2944 707 corporeum
2989 639 3095 693 emi
3126 647 3322 708 potest,
3360 643 3457 695 sed

1847 729 2027 785 omnia
2075 729 2417 799 spiritualiaaz
2443 731 2778 802 eloquiorum
2821 731 3090 797 doctrina,
3137 748 3328 803 preces
3361 750 3459 803 pu-

1849 831 2013 888 trum,
2037 822 2338 878 benedictio
2358 822 2720 890 saccrdotum,
2741 824 3049 879 divinorum
3070 834 3124 880 et
3138 841 3458 881 arcanorum

1848 914 2230 986 mysteriorum
2267 915 2600 981 communio,
2628 929 2733 985 pax
2759 927 2816 972 et
2854 915 3168 984 concordia,
3195 925 3251 972 et
3298 916 3460 986 spiri-

1851 1005 2013 1061 tualia
2041 1003 2203 1072 dona,
2235 1005 2395 1077 digna
2448 1005 2717 1077 largitoris
2759 1006 3150 1062 muniﬁcentia.
3204 1008 3463 1065 Celebre-

1849 1111 1968 1152 mus
1997 1096 2157 1168 igitur
2179 1097 2279 1152 hoc
2309 1098 2523 1162 festum,
2556 1097 2609 1152 in
2636 1113 2744 1169 quo
2759 1099 2993 1154 surrexit
3015 1099 3297 1155 Dominus.
3327 1099 3457 1155 Sur.

1847 1189 2168 1256 rexitenim,
2191 1198 2245 1244 et
2270 1189 2460 1246 orbem
2479 1203 2663 1244 secum
2689 1189 2990 1244 suscitavit.
3027 1189 3095 1244 Et
3121 1189 3212 1245 ille
3239 1189 3471 1262 quidem.

1851 1283 2103 1347 surrexit,
2154 1283 2345 1338 mortis
2366 1283 2594 1337 vinculis
2620 1282 2881 1353 disruptis
2910 1301 2924 1338 :
2952 1297 3052 1338 nos
3078 1293 3260 1340 autem
3290 1285 3463 1340 susci-

1853 1376 2000 1438 tavit,
2033 1384 2378 1445 peccatorum
2404 1384 2715 1430 nostrorum
2737 1376 2945 1430 catenis
2977 1374 3188 1430 solutis.
3212 1375 3481 1433 PeecsviL

1848 1469 2042 1536 Adam,
2065 1478 2116 1524 et
2149 1479 2390 1523 mortuus
2406 1476 2520 1535 est;
2543 1466 2791 1524 Christus
2821 1483 2929 1524 non
2957 1470 3220 1540 peccavit,
3239 1478 3296 1526 et
3317 1485 3462 1526 morb

1851 1571 1974 1616 tuus
1995 1570 2096 1616 est.
2121 1560 2228 1615 Res
2255 1574 2390 1615 nova
2421 1569 2475 1616 et
2501 1559 2790 1631 singularis
2814 1578 2828 1614 :
2853 1560 2941 1616 ille
2967 1561 3229 1631 peccavit,
3247 1570 3463 1617 etmor-

1850 1660 1976 1706 tuus
1998 1660 2083 1706 est
2106 1668 2120 1716 ;
2154 1650 2242 1706 hic
2264 1667 2367 1707 non
2395 1652 2658 1722 peccavit,
2687 1660 2741 1706 et
2762 1660 3006 1706 mortuus
3021 1662 3125 1708 est.
3149 1651 3261 1708 Cur
3283 1661 3339 1710 et
3358 1669 3465 1724 qua

1850 1741 1918 1798 de
1939 1757 2100 1797 causa
2126 1743 2149 1796 ?
2177 1741 2248 1798 Ut
2275 1743 2364 1812 qui
2396 1743 2638 1812 peccavit
2685 1752 2740 1799 et
2797 1752 3047 1798 mortuus
3077 1751 3182 1812 est,
3212 1735 3315 1814 per
3336 1759 3463 1800 eum

1850 1837 1941 1907 qui
1973 1853 2079 1892 non
2115 1837 2356 1908 peccavit
2376 1845 2432 1891 et
2458 1845 2703 1892 mortuus
2727 1846 2827 1903 est,
2865 1846 3046 1907 posset
3066 1852 3095 1890 a
3127 1837 3320 1893 mortis
3336 1817 3463 1893 irin-

1850 1929 1986 1984 culis
2018 1928 2255 1983 liberari.
2285 1927 2359 1982 Ita
2390 1943 2604 1999 quoque
2632 1944 2777 2000 saepe
2816 1928 2869 1984 in
2895 1929 3225 2000 pecuniariis
3259 1929 3476 1986 debitis.

1853 2019 1970 2074 ﬁeri
2001 2020 2138 2074 solet
2173 2038 2186 2075 :
2242 2018 2404 2076 debet
2433 2020 2699 2091 quispiam
2729 2020 2892 2076 alicui
2920 2030 3222 2092 argentum,
3257 2031 3312 2077 et
3348 2023 3462 2077 sol-

1850 2127 1980 2167 vere
2011 2112 2214 2182 nequit,
2248 2111 2477 2182 ideoque
2508 2111 2933 2184 apprehenditur
2967 2132 2979 2167 :
3013 2113 3150 2169 alius
3177 2129 3307 2170 vero
3329 2115 3465 2171 nihil

1851 2203 2076 2271 debetis,
2104 2203 2195 2275 qui
2219 2203 2480 2259 solvendo
2500 2219 2597 2274 par
2641 2212 2780 2270 erat,
2809 2215 3090 2260 numerata
3114 2207 3342 2275 pecunia
3370 2206 3466 2262 de-

1853 2295 2080 2350 bitorem
2125 2309 2154 2348 a
2206 2293 2439 2349 vinculis
2490 2293 2759 2349 liberavit.
2814 2293 2947 2350 Tale
2993 2294 3265 2365 quidpiam
3329 2299 3473 2353 inter

1853 2386 2119 2442 Adamum
2141 2394 2197 2440 et
2214 2385 2490 2441 Christum
2519 2385 2846 2441 intercessit.
2870 2385 3112 2441 ﬁdamus
3131 2386 3472 2444 eratdebitor

1855 2485 1914 2533 ct
1930 2478 2085 2532 morti
2113 2478 2394 2542 obnoxius,
2431 2487 2488 2534 et
2523 2478 2851 2534 detinebatur
2885 2494 2913 2533 a
2936 2478 3189 2540 dialnlo:
3223 2479 3472 2536 Christus

1856 2592 1956 2633 nec
1976 2575 2226 2643 debebat,
2253 2591 2351 2632 nec
2373 2576 2715 2633 detinebatur
2741 2594 2755 2631 :
2787 2577 2935 2632 venit
2954 2586 3132 2631 tamen
3155 2583 3212 2631 et
3229 2575 3471 2632 debitum

1857 2669 2050 2725 mortis
2090 2669 2325 2739 explevit
2378 2684 2477 2740 pro
2521 2683 2586 2724 eo
2613 2670 2704 2740 qui
2742 2668 3087 2724 detinebatur
3131 2677 3190 2723 ut
3238 2669 3388 2724 illum
3439 2685 3471 2725 a

1856 2761 2046 2816 mortis
2083 2759 2312 2815 vinculis
2363 2760 2640 2816 liberaret.
2687 2759 2940 2816 Vidistin’
2993 2761 3254 2830 praeclara
3292 2763 3475 2816 resur-

1857 2852 2113 2907 rectionis
2160 2851 2362 2922 opera?
2395 2851 2633 2907 vidistin’
2674 2851 2887 2906 Domini
2930 2850 3362 2922 benignitatem?
3390 2853 3473 2907 vi-

1857 2945 2038 3001 distin’
2065 2945 2486 3016 magnitudinem
2513 2945 2910 3016 providentia}?

1934 3034 2085 3092 Cibus
2103 3037 2472 3091 immoderatus
2494 3037 2751 3092 vitandus.
2768 3065 2839 3078 -—-
2859 3035 2940 3094 Ne
2963 3037 3142 3109 itaque
3158 3038 3328 3096 simus
3347 3053 3475 3112 erga

1862 3137 1969 3182 tam
2004 3128 2304 3185 beneﬁcum
2344 3130 2560 3200 ingrati,
2595 3144 2767 3200 neque
2797 3126 2922 3202 qtiia
2952 3131 3214 3202 jejunium
3256 3142 3478 3203 praetu-

1861 3219 1977 3288 ivit,
2024 3221 2301 3291 segniores
2326 3221 2655 3288 evadamus;
2687 3221 2780 3277 sed
2809 3238 2952 3279 nunc
3003 3225 3262 3296 majorem
3310 3240 3474 3296 quam

1861 3312 2090 3367 antehae
2143 3313 2338 3368 anima:
2394 3322 2595 3369 nostra:
2640 3313 3061 3371 sollicitudinem
3109 3331 3381 3386 geramus,
3410 3334 3479 3374 no

1860 3404 2102 3475 saginata
2129 3419 2294 3461 carne
2341 3405 2522 3462 anima
2553 3405 2819 3462 inﬁrmior
2843 3408 2935 3476 sit,
2981 3423 3051 3464 ne
3093 3409 3345 3464 ancillam
3374 3425 3474 3465 eu-

1861 3508 2067 3566 rantes,
2112 3497 2383 3554 dominam
2437 3500 2793 3571 negligamus.
2821 3499 2953 3569 Quae
2998 3503 3224 3570 utilitas,
3259 3518 3467 3572 quzeso,

1863 3590 1907 3644 si
1939 3589 2092 3645 obesi
2144 3589 2522 3662 dirumpamur
2574 3601 2630 3648 et
2672 3592 2894 3651 modum
2925 3592 3298 3651 excedamus?
3340 3595 3476 3650 llinc

1864 3682 2010 3738 enim
2039 3691 2095 3739 et
2131 3698 2327 3754 corpus
2358 3682 2737 3753 labefactatur,
2784 3695 2841 3743 et
2884 3688 3062 3743 anima
3097 3688 3330 3746 laeditur.
3366 3689 3473 3745 Sed

1865 3785 2075 3833 tantum
2117 3792 2395 3834 sumamus
2427 3788 2686 3850 quantum
2718 3781 3019 3837 necessitas
3045 3783 3298 3852 postulat,
3343 3792 3403 3838 ut
3424 3793 3490 3842 et.

1864 3868 2060 3924 animae
2075 3877 2131 3925 et
2158 3871 2372 3941 corpori
2398 3881 2656 3941 quantum
2679 3873 2933 3928 convenit
2976 3872 3295 3942 tribuamus,
3321 3890 3387 3930 ne
3415 3890 3488 3930 ea

1866 3974 1987 4030 quze
2032 3975 2100 4016 ex
2123 3959 2328 4030 jejunio
2347 3961 2758 4032 eollegeramus,
2790 3961 3071 4017 confestim
3115 3962 3480 4020 eﬁ‘undamus.

1871 4053 2023 4107 Anne
2050 4051 2312 4121 prohibeo
2354 4053 2459 4108 cibi
2497 4064 2552 4110 et
2601 4055 2949 4110 recreationis
2978 4057 3179 4111 usum?
3217 4056 3333 4112 Non
3358 4073 3483 4128 pro—

1869 4144 2048 4211 hibeo,
2081 4145 2334 4216 inquam;
2381 4146 2477 4202 sed
2521 4146 2710 4202 hortor
2736 4155 2794 4203 ut
2822 4149 3198 4205 necessitatem
3228 4167 3297 4206 ne
3321 4167 3483 4208 exce-

1870 4238 2082 4306 damus,
2107 4240 2434 4310 nimiamque
2458 4241 2786 4312 voluptatem
2812 4257 3139 4311 resecemus,
3167 4261 3234 4300 ne
3260 4245 3481 4302 modum

1870 4330 2229 4396 excedentes,
2277 4332 2472 4386 animae
2511 4333 2798 4389 sanitatem
2845 4334 3246 4391 labefactemus.
3297 4337 3485 4409 Neque

1872 4422 2018 4477 enim
2057 4422 2334 4492 voluptate
2385 4423 2592 4479 fruetur
2645 4425 2736 4480 ille
2762 4426 2850 4497 qui
2889 4428 3229 4484 necessitatis
3286 4429 3486 4486 limites

1872 4516 2202 4586 przeteribit;
2231 4515 2393 4587 idque
2413 4517 2614 4586 optime
2643 4518 2822 4573 sciunt
2851 4518 2928 4572 illi
2958 4521 3049 4589 qui
3073 4521 3150 4576 rei
3183 4521 3480 4590 perieulum

1873 4607 2119 4663 fecerunt
2151 4627 2164 4662 :
2188 4608 2500 4664 innumeras
2525 4610 2667 4664 enim
2690 4610 2792 4665 sibi
2819 4613 3131 4668 morborum
3157 4616 3367 4685 species
3395 4633 3502 4686 pe~

1875 4711 2150 4772 pereruut,
2184 4702 2483 4774 ingensque
2513 4712 2641 4758 sunt
2688 4703 2961 4760 fastidium
2984 4709 3248 4777 perpessi.
3281 4708 3483 4765 Verum

1875 4810 1982 4850 non
2018 4795 2228 4864 dubito,
2256 4797 2382 4866 quin
2423 4795 2818 4855 hortationibus
2844 4801 2980 4855 meis
3009 4816 3214 4857 morem
3241 4805 3445 4874 geratis
3469 4824 3484 4860 :

1876 4887 2000 4943 novi
2029 4889 2172 4942 enim
2204 4903 2365 4958 quam
2395 4889 2753 4959 obsequentes
2781 4891 2918 4946 sitis.
2987 4935 2996 4938 -

1949 4981 2005 5038 5.
2028 4981 2390 5049 Quamobrem
2402 4981 2490 5038 hic
2507 4983 2665 5039 ﬁnem
2681 4983 2931 5040 hortandi
2957 4983 3164 5043 faciens
3173 5002 3486 5046 sermonem

1879 5085 2196 5129 convertere
2249 5073 2379 5129 libet
2431 5074 2499 5129 ad
2550 5089 2667 5140 eos,
2720 5077 2902 5147 quiin
2949 5077 3049 5134 hac
3079 5079 3301 5137 lucifera
3328 5093 3491 5139 nocte

1879 5169 2023 5220 dono
2067 5165 2240 5221 divini
2280 5165 2615 5236 baptismatis
2644 5167 3037 5238 dignati-sunt;
3067 5171 3132 5226 ad
3163 5171 3259 5226 has
3290 5190 3488 5246 nempe

1882 5258 2132 5328 pulchras
2170 5258 2428 5314 Ecclesia:
2481 5259 2738 5330 plantas,
2767 5260 2842 5315 ad
2862 5261 3026 5316 flores
3055 5263 3384 5333 spirituales,
3416 5269 3486 5324 ad

1883 5369 2051 5408 novos
2070 5352 2268 5409 Christi
2297 5353 2513 5408 milites.
2563 5353 2958 5412 Nudiustertius
3009 5357 3252 5413 Christus
3289 5361 3495 5429 pende-

1883 5429 2055 5500 bat‘in
2102 5446 2295 5512 Cruce,
2339 5444 2436 5500 sed
2480 5461 2622 5500 nunc
2669 5447 3003 5514 resurrexit;
3036 5449 3227 5504 eodem
3276 5467 3494 5523 quoque

1885 5536 2046 5592 modo
2103 5537 2156 5591 hi
2215 5536 2602 5595 nudiuStertius
2664 5551 2694 5590 a
2773 5548 2996 5607 peccato
3065 5540 3498 5613 detinebantur,

1885 5631 1980 5686 sed
2036 5645 2179 5689 nunc
2226 5645 2347 5685 cum
2394 5629 2611 5687 Christo
2651 5642 3100 5698 resurrexerunt;
3136 5635 3224 5690 ille
3258 5651 3493 5708 corpore

1886 5735 2129 5780 mortuus
2168 5732 2250 5779 est
2303 5735 2357 5779 et
2414 5724 2729 5791 resurrexit,
2772 5724 2825 5778 hi
2871 5740 2968 5794 per
3017 5737 3297 5797 peccatum
3342 5746 3488 5785 mor-

1889 5821 1962 5874 tui
2009 5825 2245 5875 erantet
2292 5831 2322 5872 a
2365 5825 2588 5888 peccato
2635 5809 3067 5875 resurrexerunt.
3102 5819 3267 5877 Terra
3317 5826 3496 5893 itaque

1892 5911 1993 5970 hoc
2045 5920 2285 5978 tempore
2337 5910 2478 5969 veris
2517 5923 2711 5981 rosas,
2763 5911 2871 5970 lilia
2899 5922 2953 5970 et
2998 5913 3135 5973 alios
3188 5916 3343 5975 nobis
3395 5917 3494 5976 ﬁc-
