4126 6496
650 583 734 622 res
789 561 990 634 profert
1031 577 1044 614 :
1085 572 1236 627 aqua:
1287 561 1463 608 autem
1519 549 1678 605 hodie
1718 549 1830 619 ipsa
1879 559 2018 602 terra
2077 545 2233 612 longe

649 656 910 712 amoenius
971 651 1120 705 nobis
1182 655 1388 718 pratum
1443 645 1750 699 ostendunt.
1808 640 1918 696 Nec
1975 637 2184 693 mireris
2214 677 2230 700 ,

648 752 862 813 dilecte,
913 744 956 800 si
1008 759 1071 799 ex
1123 741 1273 811 aquis
1297 749 1445 810 prata
1486 735 1706 791 ﬂoribus
1747 733 1996 789 distincta
2026 729 2237 799 prodie-

647 843 751 899 rint
771 838 846 913 (a)
872 858 885 892 :
907 850 1075 906 neque
1089 834 1232 890 enim
1256 842 1396 888 terra
1409 831 1475 885 ab
1492 829 1644 884 initio
1664 827 1954 882 secundum
1971 822 2236 893 pr0priam

648 953 674 970 ν’
723 949 893 990 turam
949 929 1231 986 herbarum
1281 924 1514 996 germina
1558 919 1830 984 fundebat,
1875 917 1971 973 sed
2023 913 2234 969 Domini

713 1028 808 1082 ssit
859 1024 1103 1094 imperio.
1137 1019 1270 1090 Ipsae
1323 1032 1475 1086 aqua:
1504 1025 1627 1069 tunc
1671 1023 1815 1068 motu
1870 1009 2090 1080 praedita
2117 1007 2234 1061 ani-

646 1117 805 1176 malia
829 1115 1128 1187 produxere
1147 1126 1268 1166 cum
1290 1108 1562 1162 audissent
1585 1122 1598 1159 :
1619 1102 1916 1158 Producant
1943 1115 2091 1169 aqua
2109 1115 2230 1166 rep-

649 1213 761 1267 titia
785 1209 1070 1263 animarum
1099 1205 1364 1259 viventium
1396 1197 1546 1267 (Gen.
1571 1197 1624 1251 l.
1650 1195 1744 1266 20)
1777 1213 1790 1248 :
1821 1208 1884 1248 ac
1915 1202 2237 1262 praeceptum

647 1302 703 1358 in
728 1313 863 1371 Opus
886 1297 1014 1354 exiit
1046 1315 1059 1349 :
1084 1295 1371 1350 inanimata
1396 1287 1687 1345 substantia
1703 1287 1821 1340 viva
1837 1283 2081 1338 animalia
2112 1294 2238 1351 pro-

647 1370 788 1447 tulit.
815 1391 892 1445 lta
923 1402 1064 1443 nunc
1098 1399 1309 1454 quoque
1354 1380 1482 1436 illud
1509 1381 1681 1448 ipsum
1710 1385 2030 1446 prmceptum
2059 1370 2238 1426 omnia

647 1489 922 1550 operatum
943 1485 1046 1532 est.
1068 1474 1216 1529 Tunc
1235 1471 1387 1533 dixit,
1424 1468 1717 1523 Producant
1743 1481 1886 1534 aqum
1898 1464 2099 1533 reptilia
2122 1463 2237 1513 ani-

651 1587 848 1624 marum
875 1566 1185 1623 viventium:
1215 1575 1355 1617 nunc
1385 1569 1562 1613 autem
1611 1572 1714 1612 non
1754 1555 1984 1624 reptilia,
2018 1552 2112 1606 sed
2129 1552 2239 1620 Spi-

653 1661 864 1718 ritualia
897 1659 1037 1714 dona
1071 1654 1315 1710 fundunt.
1349 1651 1500 1708 Tunc
1524 1664 1672 1720 aqum
1699 1649 1872 1719 pisces
1893 1645 2115 1699 rationis
2141 1659 2237 1696 cx-

649 1761 827 1823 pertes
887 1747 1281 1818 profuderunt;
1343 1757 1484 1796 nunc
1533 1751 1709 1796 autem
1781 1737 2123 1793 rationabiles
2185 1743 2240 1787 et

649 1841 952 1913 splrituales
1003 1839 1177 1910 pisces
1225 1835 1379 1891 nobis
1427 1841 1771 1903 pepererunt,
1825 1843 1960 1897 quos
2014 1823 2237 1895 apostoli

656 1927 843 2001 piscati
867 1934 1006 1977 sunt.
1035 1921 1231 1985 Venite,
1256 1923 1447 1990 inquit,
1473 1932 1582 1990 post
1613 1936 1710 1984 me,
1739 1929 1786 1972 et
1807 1919 1994 1986 faciam
2019 1935 2106 1973 vos
2127 1919 2232 1987 pis-

656 2026 854 2073 catores
873 2014 1134 2067 hominum
1159 2012 1372 2084 (Matth.
1401 2012 1454 2065 6.
1489 2010 1604 2080 19).
1635 2009 1811 2064 Novus
1841 2024 1969 2064 sane
1993 2009 2232 2078 piscandi

660 2107 870 2164 modus.
919 2106 1048 2158 Nam
1099 2105 1393 2172 piscatores
1433 2103 1664 2158 educunt
1708 2103 1880 2169 pisces
1908 2115 1971 2156 ex
2004 2102 2154 2172 aquis
2179 2111 2234 2156 et

658 2209 843 2268 captos
867 2205 1093 2252 enecant
1117 2213 1130 2249 :
1155 2210 1251 2250 nos
1276 2204 1450 2250 autem
1485 2196 1536 2247 in
1557 2208 1722 2263 aquas
1749 2193 2037 2261 injicimus,
2059 2203 2114 2248 et
2141 2194 2231 2262 qui

659 2287 940 2358 capiuntur
983 2286 1091 2340 vita
1122 2287 1404 2340 donantur.
1450 2285 1575 2337 Erat
1616 2285 1826 2351 quidem
1858 2285 1984 2338 olim
2013 2294 2066 2338 et
2094 2285 2235 2353 apud

651 2379 866 2437 Iudaeos
894 2377 1096 2450 piscina
1121 2390 1306 2445 aquai;
1337 2388 1522 2429 verum
1545 2372 1691 2426 disce
1718 2371 1845 2441 quid
1877 2372 1961 2426 illa
1990 2373 2240 2439 potuerit,

651 2480 711 2526 ut
735 2470 892 2540 plane
910 2464 1510 2568 per:picias1uda:orum
1530 2463 1782 2532 inopiam,
1801 2473 1853 2516 et
1876 2462 2032 2516 simul
2056 2461 2239 2517 videas
2273 2459 2278 2464 ’

649 2561 953 2615 ubertatem
1006 2554 1262 2612 nostram.
1290 2554 1654 2619 Descendebat,
1680 2554 1868 2622 inquit,
1911 2555 2140 2623 angelus,
2195 2562 2242 2607 et

651 2651 881 2707 turbabat
905 2665 1110 2720 aquam,
1128 2659 1174 2703 et
1197 2648 1282 2718 qui
1310 2649 1448 2717 prior
1463 2647 1788 2699 descendebat
1810 2657 1921 2716 post
1938 2662 2081 2715 aqua
2099 2662 2240 2700 com-

649 2744 968 2808 motionem,
1014 2741 1279 2795 sanitatem
1321 2739 1712 2807 consequebatur
1752 2737 1986 2809 (Joann.
2037 2739 2090 2794 5.
2135 2738 2170 2792 4
2195 2737 2239 2808 ).

651 2835 936 2892 Descendit
961 2835 1271 2906 angelorum
1299 2831 1554 2887 Dominus
1583 2833 1635 2887 in
1665 2832 1912 2888 Jordanis
1934 2831 2152 2897 ﬂuenta,
2189 2840 2244 2885 et

651 2942 805 2998 aqua:
845 2936 1089 2981 naturam
1128 2924 1488 2986 sanctilleaus,
1517 2923 1825 2978 universum
1854 2923 2039 2976 orbem
2082 2937 2242 2978 sana-

650 3018 750 3073 vit.
777 3015 902 3072 ldeo
923 3015 1031 3071 illic
1056 3015 1268 3084 quidem
1303 3014 1347 3068 is
1383 3015 1472 3083 qui
1522 3022 1643 3083 post
1679 3013 1909 3082 priorem
1947 3011 2243 3068 descende-

650 3109 779 3176 bat,
804 3124 908 3163 non
940 3107 1225 3162 sanabatur
1247 3123 1262 3171 ;
1288 3105 1489 3160 Judzeis
1528 3106 1724 3175 quippe
1766 3103 1992 3159 inﬁrmis
2018 3114 2072 3159 et
2099 3104 2244 3159 humi

654 3199 965 3270 repentibus
991 3196 1296 3266 huiusmodi
1328 3196 1553 3252 dabatur
1587 3197 1758 3267 gratia
1786 3213 1800 3261 ;
1851 3196 1938 3250 hic
1968 3210 2100 3251 vero
2125 3204 2246 3266 post

654 3293 889 3366 primum
927 3288 1195 3346 secundus
1219 3287 1528 3354 descendit,
1557 3296 1678 3358 post
1719 3286 2012 3342 secundum
2055 3287 2245 3342 tertius

656 3393 715 3440 et
735 3392 958 3454 quartas
985 3398 1001 3447 ;
1027 3381 1240 3437 etiamsi
1265 3390 1548 3436 sexcentos
1577 3379 1800 3447 dixeris,
1827 3379 2037 3434 etiamsi
2077 3389 2244 3434 totum

655 3475 844 3531 orbem
887 3484 1151 3530 terrarum
1203 3471 1257 3527 in
1287 3473 1399 3526 haec
1419 3471 1617 3527 ﬂuenta
1652 3471 1946 3542 spiritualia
1973 3471 2242 3540 inieceris,

656 3580 768 3622 non
793 3564 1081 3620 insumitur
1107 3564 1299 3633 gratia,
1323 3563 1521 3619 donum
1549 3578 1654 3618 non
1682 3561 2010 3629 exhauritur,
2044 3562 2244 3618 ﬂuenta

656 3672 765 3713 non
793 3655 1083 3722 laedantur,
1104 3655 1394 3711 liberalitas
1418 3670 1524 3711 non
1554 3655 1830 3711 minuitur.
1865 3654 2107 3711 Vidistin‘
2134 3671 2246 3711 ma-

656 3748 987 3820 gnitudinem
1011 3747 1136 3803 doni
1161 3745 1184 3798 τ
1206 3747 1400 3803 Audite
1432 3748 1522 3817 qui
1557 3746 1716 3804 hodie
1758 3745 1858 3803 hac
1897 3757 2052 3804 nocte
2077 3747 2131 3803 in
2159 3763 2247 3804 su-

658 3857 826 3912 perna
875 3839 1172 3896 Jerusalem
1213 3839 1360 3896 civcs
1408 3840 1660 3910 adscripti
1711 3841 1875 3909 estis,
1925 3850 1981 3898 et
2029 3841 2245 3912 dignam

659 3931 1026 4004 magnitudine
1071 3931 1335 3987 donorum
1379 3931 1674 3987 custodiam
1722 3931 2006 4000 exhibete,
2033 3942 2093 3987 ut
2119 3933 2248 3988 ube-

657 4027 858 4081 riorem
882 4023 1106 4095 gratiam
1125 4024 1404 4080 attrahatis
1421 4043 1433 4078 2
1453 4038 1576 4080 nam
1593 4033 1776 4095 gratus
1796 4024 1865 4080 de
1879 4025 1990 4094 jam
2017 4025 2246 4094 receptis

660 4115 872 4172 animus
918 4114 1128 4170 Domini
1173 4116 1588 4170 muniﬁcentiam
1632 4125 1905 4186 provocat.
1956 4114 2073 4171 Non
2126 4117 2249 4172 licet

721 4211 796 4273 (a)
813 4217 881 4260 De
905 4221 1083 4260 recens
1105 4209 1358 4272 baptizatis
1377 4209 1554 4272 agitur.

1423 440 1480 496 S.
1519 435 1796 495 JOANNIS
1821 429 2297 492 CllRYSOSTOMl
2339 427 2655 486 ARClllEP.
2696 426 3227 485 CONSTANTINOP.

3848 421 3951 476 772

2349 541 2464 607 tibi,
2495 540 2708 607 dilecte,
2737 556 2946 596 rursum
2985 539 3326 611 quoquolibet
3369 538 3528 594 modo
3566 526 3752 590 vivere
3795 554 3808 588 :
3853 535 3947 588 sed

2345 633 2493 703 leges
2525 634 2617 687 tibi
2651 641 2706 688 et
2750 633 2959 702 regulas
2998 633 3312 701 prmscribas
3339 672 3357 698 ,
3385 643 3444 686 ut
3474 641 3730 686 accurate
3761 632 3954 685 oninia

2346 726 2612 796 perlicias,
2647 735 2700 778 et
2722 741 2964 795 magnam
2988 726 3282 780 custodiam
3319 723 3575 778 adhibeas
3601 721 3770 776 etiam
3805 721 3954 776 circa

2346 833 2408 871 ea
2436 833 2555 887 qua:
2583 816 2717 870 levia
2757 826 3012 885 putantur
3049 830 3188 872 esse.
3225 817 3504 870 Certamen
3531 814 3734 883 quippe
3763 812 3952 866 lueta-

2343 923 2447 977 que
2473 917 2558 963 est
2577 909 2752 963 omnis
2778 909 2885 961 vita
2926 923 3180 978 presens,
3211 917 3265 962 et
3302 921 3396 961 eos
3435 905 3525 974 qui
3553 904 3726 958 semel
3749 903 3808 956 in
3841 903 3948 957 hoc

2346 1000 2560 1054 virtutis
2603 999 2777 1054 stadio
2813 1010 2936 1054 sunt
2970 999 3196 1068 ingressi
3241 1014 3362 1053 sese
3404 997 3624 1052 omuino
3655 997 3954 1051 continere

2344 1107 2442 1164 par
2467 1100 2551 1148 est
2577 1106 2595 1145 :
2627 1090 2805 1145 Omnis
2833 1091 2966 1144 enim
2989 1090 3076 1160 qui
3102 1091 3154 1142 in
3182 1105 3341 1160 agone
3371 1088 3651 1151 contendit,
3695 1088 3762 1140 ab
3785 1089 3954 1139 omni-

2343 1191 2433 1241 bus
2453 1204 2507 1241 se
2531 1187 2744 1241 abstinet
2777 1186 2797 1256 (
2833 1186 2885 1240 1.
2913 1185 3030 1239 Cor.
3063 1184 3120 1239 9.
3146 1183 3216 1238 25
3244 1185 3283 1252 ).
3327 1183 3442 1237 Non
3490 1181 3642 1235 vides
3687 1190 3956 1249 quantam

2346 1296 2401 1334 tu
2439 1281 2699 1351 gymnicis
2754 1277 3136 1333 certaminibus
3181 1277 3261 1330 sui
3301 1291 3485 1328 curam
3533 1273 3808 1342 habeant,
3863 1272 3954 1340 qui

2344 1386 2466 1425 cum
2520 1371 2827 1424 hominibus
2876 1379 3147 1424 certamen
3209 1376 3580 1434 suseeperunt,
3640 1373 3957 1432 quantaque

2344 1464 2664 1518 abstinentia
2694 1477 2888 1532 corpus
2916 1461 3238 1516 exerceant?
3261 1459 3333 1513 lta
3363 1469 3416 1514 et
3446 1459 3531 1512 hic
3561 1473 3620 1512 se
3648 1473 3736 1512 res
3762 1455 3955 1510 habet.

2344 1556 2474 1620 Quia
2534 1571 2638 1608 non
2693 1564 2774 1608 est
2841 1555 2994 1608 nobis
3044 1554 3351 1608 colluctatio
3397 1567 3518 1606 cum
3592 1549 3953 1616 hominibus:

2346 1647 2437 1700 sed
2523 1662 2642 1700 cum
2704 1646 3067 1715 spiritualibus
3136 1645 3425 1713 nequitiae,
3482 1653 3670 1696 nostra
3733 1641 3952 1695 exard-

2346 1740 2476 1792 tatio
2521 1750 2575 1793 et
2632 1739 2951 1793 abstinentia
3001 1737 3294 1809 spiritualis
3327 1737 3394 1790 sit
3440 1753 3453 1787 :
3500 1751 3622 1789 nam
3665 1744 3720 1789 et
3771 1749 3948 1796 arma,

2342 1833 2534 1908 quibus
2586 1849 2681 1888 nos
2739 1834 2906 1888 induit
2954 1833 3240 1896 Dominus,
3299 1830 3590 1900 spiritualia
3655 1839 3804 1880 sunt.
3850 1827 3947 1879 lla.

2345 1917 2466 1980 beat
2515 1924 2671 1994 igitur
2699 1924 2885 1978 oculus
2933 1937 3060 1978 suos
3108 1923 3363 1977 terminos
3394 1929 3448 1975 et
3500 1920 3737 1988 regulas,
3772 1933 3841 1972 ne
3867 1927 3947 1972 te»

2349 2033 2494 2072 mere
2544 2019 2723 2071 statim
2776 2018 2829 2072 in
2871 2018 3083 2088 qumvis
3125 2015 3282 2071 obvia
3323 2014 3525 2069 feratur
3565 2029 3580 2066 :
3631 2012 3844 2066 habeat
3895 2020 3948 2064 et

2346 2111 2518 2178 lingua
2549 2125 2702 2164 suum
2731 2117 2940 2178 septum
2963 2151 2979 2175 ,
3009 2118 3065 2163 ut
3095 2123 3161 2163 ne
3203 2117 3436 2162 mentem
3487 2113 3821 2158 antevertat.
3868 2101 3946 2156 ldo

2340 2200 2484 2254 circo
2514 2213 2658 2254 enim
2690 2208 2742 2250 et
2771 2198 2956 2249 dentes
3003 2206 3056 2249 et
3103 2193 3236 2246 labia
3277 2193 3343 2246 ad
3389 2194 3582 2261 lingua:
3627 2194 3932 2246 cusaodiam

2341 2298 2516 2345 creata
2541 2300 2683 2351 sunt,
2706 2303 2773 2342 ne
2799 2301 3049 2356 umquam
3080 2286 3378 2340 inconsulto
3403 2300 3497 2352 per
3520 2285 3718 2339 ostium
3749 2298 3933 2336 erum-

2345 2391 2465 2451 pat;
2497 2382 2588 2434 sed
2623 2391 2904 2448 postquam
2948 2379 3123 2433 omnia
3172 2393 3289 2446 quae
3329 2376 3394 2429 ad
3436 2391 3496 2428 se
3533 2376 3806 2444 pertinent
3834 2376 3934 2426 ritc

2343 2471 2690 2541 disposuerit,
2725 2482 2851 2526 tunc
2883 2486 3001 2525 cum
3033 2469 3178 2524 omni
3223 2478 3410 2522 ornatu
3441 2477 3496 2521 et
3520 2466 3722 2520 decoro
3745 2478 3932 2532 proce-

2345 2566 2461 2632 dat,
2483 2575 2536 2618 et
2565 2564 2869 2632 hujusmodi
2898 2565 3133 2632 proterat
3164 2563 3347 2624 verba,
3379 2569 3437 2613 ut
3457 2561 3549 2614 det
3577 2560 3809 2628 gratiam
3839 2571 3928 2610 au-

2351 2651 2618 2706 dientibus
2641 2690 2658 2717 ,
2680 2667 2849 2720 eaque
2889 2654 3172 2722 profundat
3196 2650 3337 2705 dicta
3367 2666 3487 2718 qum
3519 2650 3587 2702 ad
3619 2649 3836 2702 illorum
3867 2648 3944 2700 iu-

2347 2744 2685 2799 stitutionem
2722 2742 3019 2798 conferant.
3044 2743 3286 2797 Solutum
3308 2755 3435 2796 vero
3463 2741 3628 2795 risum
3665 2739 3944 2794 declinare

2347 2849 2570 2906 prorsus
2617 2844 2865 2906 oportet,
2898 2836 3216 2905 incessuque
3262 2833 3504 2888 modesto
3533 2845 3632 2886 nec
3679 2832 3944 2884 concitato

2351 2936 2507 2982 veste
2547 2927 2837 2981 constricta
2867 2926 3079 2996 prodire
3111 2941 3206 2998 par
3249 2933 3364 2990 est;
3393 2931 3446 2976 et
3475 2924 3555 2976 sic
3601 2922 3750 2976 omni
3785 2921 3941 2975 modo

2349 3028 2470 3071 sese
2516 3017 2807 3073 concinnet
2850 3026 3060 3086 oportet
3106 3018 3150 3072 is
3195 3015 3284 3085 qui
3336 3014 3463 3068 huic
3499 3013 3714 3068 virtutis
3769 3012 3945 3066 stadio

2350 3122 2547 3161 nomen
2598 3107 2744 3163 dedit
2787 3126 2799 3161 :
2844 3117 3098 3163 externus
3139 3108 3284 3162 enim
3335 3105 3702 3160 membrorum
3754 3104 3943 3159 medus

2350 3198 2682 3266 compositus
2712 3208 2795 3253 est
2821 3198 2971 3268 quasi
3005 3199 3178 3269 imago
3203 3197 3475 3252 interioris
3506 3197 3702 3250 animae
3727 3206 3921 3249 status.

2421 3289 2475 3344 6.
2501 3291 2556 3346 Si
2600 3289 2668 3347 ad
2703 3291 3006 3361 bujusmcdi
3049 3289 3486 3346 consuetudinem
3529 3302 3631 3343 nos
3676 3287 3744 3342 ab
3791 3287 3943 3341 initio

2347 3399 2807 3454 composuenmus
2832 3427 2847 3450 ,
2898 3384 3035 3440 facili
3072 3385 3326 3452 deinceps
3369 3381 3780 3454 progredientes
3821 3381 3938 3444 via,

2348 3477 2600 3531 virtutem
2630 3492 2845 3532 omnem
2887 3492 3288 3547 percurramus,
3329 3491 3427 3531 nec
3451 3474 3625 3530 multo
3665 3474 3942 3544 egebimus

2350 3566 2554 3635 labore,
2577 3569 2907 3638 multumque
2931 3566 3083 3622 nobis
3104 3566 3171 3622 de
3195 3568 3328 3622 ctelo
3350 3565 3645 3620 subsidium
3676 3565 3940 3620 adscisce-

2351 3675 2491 3715 mus.
2544 3660 2635 3716 Sic
2681 3662 2822 3716 enim
2867 3661 3150 3732 przesentis
3205 3660 3327 3714 vitae
3372 3659 3567 3714 ﬂuctus
3618 3666 3735 3712 tuto
3766 3657 3941 3714 licebit

2352 3752 2752 3815 transmittere,
2810 3751 3123 3822 laqueisque
3177 3749 3375 3805 diaboli
3422 3749 3693 3820 mperatis
3741 3758 3939 3805 aztcrna

2351 3845 2489 3900 bona
2527 3844 2780 3913 consequi
2804 3887 2819 3910 ,
2853 3843 3020 3913 gratia
3056 3853 3111 3900 et
3148 3842 3476 3913 benignitate
3520 3839 3731 3895 Domini
3771 3841 3936 3895 nostri

2352 3935 2477 3991 Jcsu
2505 3936 2736 4000 Christi,
2765 3952 2888 3990 cum
2918 3951 3024 4004 quo
3052 3935 3193 3989 Patri
3225 3934 3383 3988 simul
3413 3942 3467 3988 et
3499 3931 3718 4002 Spiritui
3758 3941 3936 3986 sancto

2352 4027 2550 4097 gloria,
2585 4027 2899 4096 imperium,
2931 4028 3100 4081 honor
3139 4039 3278 4082 nunc
3310 4033 3364 4080 et
3389 4039 3635 4095 semper,
3671 4036 3728 4081 et
3757 4023 3809 4078 in
3835 4036 3932 4076 sae-

2353 4118 2469 4171 cula
2501 4120 2844 4174 seculorum.
2877 4119 3068 4173 Amen.
