4182 6506
270 445 364 501 771
466 409 472 418 ’

260 555 356 614 οὖν
383 559 456 630 γῆ
485 560 625 612 κατά
654 558 745 610 τὸν
775 558 965 628 καιρὸν
990 554 1180 609 τοῦτον
1211 556 1306 610 τοῦ
1340 558 1499 630 ἔαρος
1521 558 1650 630 ῥόδα
1675 557 1769 610 καὶ
1802 558 1857 611 τα

267 643 362 697 καὶ
381 643 516 699 ἄλλα
546 645 681 713 ἡμῖν
715 641 994 694 ἐκδίδωσιν
1027 640 1193 710 ἀνθη·
1225 640 1296 693 τά
1326 641 1510 703 μέντοι
1555 641 1726 696 ὕδατα
1758 642 1857 712 σή-

264 743 433 798 μερον
462 727 563 795 τῆς
607 727 712 794 γῆς
738 726 1098 796 τερπνότερον
1133 726 1265 796 ἡμῖν
1307 724 1551 796 λειμῶνα
1595 725 1853 790 ἀνέδειξε.

260 811 374 864 Καὶ
405 810 481 881 μὴ
513 810 824 881 θαυμάσῃς,
856 809 1130 879 ἀγαπητέ,
1163 811 1213 862 εἰ
1241 810 1348 863 ἀπὸ
1371 809 1480 862 τῶν
1507 809 1718 863 ὑδάτων
1746 809 1857 862 λει-

265 893 446 964 μῶνες
474 892 654 948 ἀνθῶν
684 892 1074 964 ἀνεδείχθησαν
1093 910 1106 923 ·
1138 893 1260 946 ούδέ
1291 892 1402 964 γάρ
1432 893 1491 958 ἐξ
1510 893 1688 964 ἀρχῆς
1719 895 1751 962 ἡ
1782 893 1854 963 γῆ

263 976 407 1030 κατὰ
430 975 529 1048 τὴν
555 976 764 1029 οἰκείαν
787 977 952 1045 φύσιν
977 976 1079 1048 τὴν
1104 976 1342 1048 βλάστην
1371 975 1606 1041 ἐξέδωκε
1634 975 1745 1028 τῶν
1766 974 1854 1045 βο-

260 1062 462 1125 τανῶν,
495 1061 631 1114 ἀλλά
687 1061 767 1132 τῷ
801 1063 1136 1131 ἐπιτάγματι
1176 1063 1400 1114 είκουσα
1426 1061 1521 1114 τοῦ
1556 1061 1852 1114 Δεσπότου.

259 1145 372 1198 Καὶ
395 1143 462 1197 τά
489 1143 655 1196 ὕδατα
681 1143 738 1198 δὲ
770 1143 889 1195 τότε
914 1143 1026 1206 ζῶα
1048 1143 1290 1207 ἐξέδωκε
1327 1143 1642 1214 κινούμενα,
1663 1144 1852 1216 ἐπειδὴ

256 1227 510 1297 ἤκουσεν·
555 1226 925 1296 Ἐξαγαγέτω
946 1230 1019 1281 τὰ
1043 1227 1233 1280 ὕδατα
1259 1229 1476 1296 ἑρπετὰ
1507 1228 1726 1298 ψυχῶν
1754 1227 1856 1290 ζω-

254 1308 415 1363 σῶν·
451 1312 547 1364 καὶ
580 1310 640 1363 τὸ
673 1311 954 1380 ἐπίταγμα
988 1311 1149 1382 ἔργον
1177 1313 1414 1381 ἐγένετο·
1443 1315 1475 1382 ἡ
1522 1312 1726 1382 ἄψυχος
1762 1313 1856 1365 ού-

256 1393 348 1445 σία
376 1392 599 1462 ἔμψυχα
629 1392 744 1458 ζῶα
771 1394 1042 1459 ἐξέϐαλεν.
1069 1393 1224 1448 Οὕτω
1273 1394 1366 1448 καί
1386 1397 1479 1449 νῦν
1501 1395 1558 1464 τὸ
1579 1395 1708 1448 αὐτὸ
1729 1395 1852 1448 ἐπί-

255 1490 442 1545 ταγμα
483 1481 657 1532 πάντα
690 1479 1003 1548 εἰργάσατο.
1028 1477 1162 1530 Τότε
1192 1475 1368 1531 εἶπεν·
1395 1478 1756 1547 Έξαγαγέτω
1783 1497 1854 1533 τα

251 1559 448 1612 ὕδατα
479 1559 699 1627 ἑρπετὰ
720 1560 938 1628 ψυχῶν
975 1557 1178 1619 ζωσῶν
1201 1577 1213 1588 ·
1243 1560 1336 1612 νῦν
1382 1559 1437 1612 δὲ
1469 1562 1588 1631 οὐχὶ
1622 1563 1850 1632 ἑρπετά,

250 1643 388 1697 ἀλλά
424 1644 772 1713 πνευματικά
811 1644 1124 1714 χαρίσματα
1173 1643 1429 1697 ἀνέδωκε.
1481 1645 1615 1697 Τότε
1660 1645 1852 1715 ἰχθύας

251 1727 481 1794 ἀλόγους
515 1728 748 1798 ἐξήγαγε
783 1729 852 1782 τά
899 1728 1068 1781 ὕδατα
1090 1745 1102 1757 ·
1138 1726 1232 1782 νῦν
1283 1726 1336 1779 δὲ
1371 1726 1558 1797 ἰχθύας
1599 1727 1849 1796 λογικους

249 1813 346 1866 καὶ
376 1814 781 1882 πνευματικοὺς
813 1815 944 1882 ἡμῖν
973 1812 1241 1865 ἀπέτεκεν
1261 1812 1365 1864 ὑπὸ
1397 1812 1506 1864 τῶν
1533 1813 1848 1868 ἀποστόλων

247 1894 622 1958 ἀλιευθέντας.
660 1895 840 1949 Δεῦτε
888 1895 1017 1965 γάρ,
1053 1897 1253 1964 φησὶν,
1318 1896 1512 1947 ὀπίσω
1541 1913 1660 1964 μου
1683 1937 1696 1960 ,
1745 1899 1844 1951 καί

243 1976 486 2042 ποιήσω
517 1976 674 2048 ὑμᾶς
699 1977 890 2044 ἁλιεῖς
924 1977 1269 2046 ἀνθρώπων.
1322 1979 1523 2041 Καινδς
1547 1980 1715 2044 ὅντως
1749 1981 1848 2052 τῆς

245 2061 438 2124 ἀλείας
465 2061 669 2131 ταύτης
697 2064 725 2114 6
755 2062 977 2133 τρόπος.
1027 2063 1090 2114 UE
1147 2061 1256 2132 γάρ
1289 2061 1597 2127 ἁλιεύοντες
1639 2063 1704 2116 ἐκ
1737 2065 1846 2118 τῶν

243 2144 460 2198 ὑδάτων
494 2145 816 2199 ἐκϐάλλουσι
878 2145 1005 2208 τοὺς
1043 2145 1266 2215 ἰχθύας,
1314 2146 1408 2198 καὶ
1464 2147 1718 2218 νεκροῠσι
1775 2150 1844 2203 τά

241 2228 572 2297 ἀλιευόμενα
599 2244 612 2257 ·
642 2231 808 2298 ἡμεῖς
835 2228 892 2282 δέ
941 2229 1022 2292 είς
1052 2228 1119 2283 τά
1149 2227 1319 2281 ὓδατα
1353 2229 1718 2301 ἐμϐάλλομεν,
1750 2233 1845 2285 καὶ

242 2307 640 2378 ζωογονοῦνται
673 2314 722 2366 οί
758 2313 1118 2382 άλιευόμενοι.
1160 2307 1269 2366 Ἦν
1319 2312 1417 2381 μέν
1445 2331 1577 2368 ποτε
1625 2317 1720 2369 καὶ
1750 2318 1844 2370 ἐπὶ

238 2395 354 2449 τῶν
387 2393 656 2448 Ἰουδαίων
695 2395 1054 2468 κολυμϐήθρα
1087 2394 1236 2467 [756]
1269 2396 1490 2460 ὓδατος·
1529 2399 1668 2454 ἀλλά
1703 2401 1843 2469 μάθε

239 2478 296 2530 τί
331 2478 576 2548 ἴσχυσεν,
605 2480 691 2533 ἵνα
710 2480 853 2550 γνῷς
877 2480 1125 2552 ἀκριϐῶς
1158 2480 1255 2551 τὴν
1290 2481 1564 2552 πτωχείαν
1598 2484 1843 2554 τὴνῚου-

240 2561 462 2630 δαῖκὴν,
492 2561 585 2613 καὶ
621 2562 818 2616 ειδέναι
852 2562 983 2634 ἔχῃς
1010 2563 1100 2616 τὸν
1151 2563 1381 2617 πλοῦτον
1412 2564 1503 2617 τὸν
1549 2566 1838 2636 ἡμέτερον.

241 2642 591 2710 Κατήρχετο
610 2644 754 2710 ἐκεῖ,
795 2646 980 2717 φησιν,
1016 2646 1292 2715 ἄγγελος,
1316 2647 1415 2701 καὶ
1443 2647 1745 2715 ἐτάρασσε
1773 2651 1841 2703 τὸ

240 2725 422 2793 ὕδωρ,
448 2727 545 2780 καὶ
572 2730 604 2780 ό
626 2727 858 2796 πρῶτος
873 2731 1249 2783 καταϐαίνων
1264 2730 1416 2797 μετὰ
1438 2730 1553 2797 τὴν
1568 2730 1841 2801 ταραχὴν

239 2811 527 2880 ἀπήλαυε
549 2811 660 2879 τῆς
690 2814 1026 2881 θεραπείας.
1058 2814 1343 2883 Κατῆλθεν
1387 2816 1415 2867 6
1453 2814 1562 2868 τῶν
1591 2815 1840 2884 ἀγγέλων

240 2894 527 2964 Δεσπότης
552 2897 632 2957 εἰς
651 2895 720 2948 τὰ
755 2897 1049 2966 ἰορδάνεια
1091 2896 1303 2966 ῥεῖθρα,
1338 2897 1434 2950 καὶ
1471 2898 1704 2965 ἁγιάσας
1730 2899 1839 2951 τῶν

241 2978 457 3038 ὑδάτων
486 2977 584 3049 τὴν
610 2979 774 3048 φύσιν
798 2983 978 3035 πᾶσαν
1008 2981 1106 3052 τὴν
1133 2982 1459 3052 οἰκουμένην
1480 2981 1834 3050 ἐθεράπευσε.

238 3060 341 3114 Διά
375 3060 535 3114 τοῦτο
568 3064 687 3117 ἐκεῖ
722 3064 821 3133 μὲν
863 3064 1002 3134 μετὰ
1022 3065 1112 3118 τὸν
1139 3066 1356 3137 πρῶτον
1391 3067 1420 3118 ὁ
1447 3066 1688 3130 καταϐὰς
1736 3069 1838 3122 οὐκ

238 3143 323 3196 ἔτι
344 3143 746 3214 ἐθεραπεύετο·
794 3147 1068 3212 Ἰουδαίοις
1097 3149 1206 3220 γὰρ
1235 3149 1436 3202 ἐδίδοτο
1470 3149 1502 3219 ἡ
1539 3150 1697 3222 χάρις
1725 3153 1839 3214 τοῖς

238 3226 551 3294 ἀσθενοῦσι,
587 3232 704 3292 τοῖς
728 3233 904 3301 χαμαὶ
931 3233 1284 3302 συρομένοις·
1323 3231 1556 3287 ἐνταῦθα
1601 3233 1659 3287 δέ
1700 3234 1839 3304 μετὰ

236 3308 334 3363 τὸν
360 3311 578 3382 πρῶτον
614 3315 642 3365 6
674 3313 930 3385 δεύτερος
965 3315 1201 3381 κάτεισι,
1230 3315 1370 3385 μετά
1404 3315 1494 3370 τὸν
1527 3315 1779 3387 δεύτερον
1809 3319 1839 3371 6

234 3391 423 3463 τρίτος
455 3395 550 3448 καὶ
579 3395 868 3467 τέταρτος·
895 3398 1001 3452 κᾶν
1039 3398 1269 3469 μυρίους
1291 3396 1472 3472 εῐπῃς,
1505 3399 1610 3453 κᾶν
1639 3401 1739 3472 τὴν
1767 3402 1839 3454 ol-

236 3476 517 3548 κουμένην
538 3478 757 3533 ἃπασαν
787 3480 1034 3554 ἐμϐάλῃς
1060 3483 1142 3545 εἰς
1183 3482 1250 3536 τὰ
1298 3482 1516 3552 νάματα
1564 3481 1738 3537 ταῦτα
1765 3483 1838 3538 τὰ

238 3559 614 3630 πνευματικὰ,
638 3564 740 3615 οὐκ
773 3563 1127 3617 ἀναλίσκεται
1153 3567 1186 3634 ἡ
1219 3564 1398 3636 χάρις,
1433 3565 1495 3618 οὐ
1529 3564 1838 3622 δαπανᾶται

236 3641 273 3710 ἡ
301 3640 504 3712 δωρεὰ,
545 3644 625 3722 οὑν
647 3646 914 3714 ρυποῦται
941 3647 1012 3702 ἐἀ
1039 3648 1279 3719 νάματα,
1315 3649 1415 3702 οὐκ
1448 3650 1766 3704 ἐλαττοῦται
1799 3653 1833 3722 ἡ

240 3722 545 3793 φιλοτιμία.
574 3721 726 3791 Εἶδες
767 3727 998 3798 μέγεθος
1023 3730 1268 3802 δωρεᾶςς
1299 3732 1551 3786 Ἀκούετε
1581 3735 1632 3786 οί
1665 3721 1838 3804 σήμεὲ

242 3822 338 3874 ρον
366 3807 462 3859 καὶ
485 3807 625 3860 κατά
656 3809 756 3880 τὴν
786 3809 957 3866 νύκτα
983 3813 1189 3885 ταύτην
1243 3815 1323 3878 είς
1351 3814 1450 3886 τὴν
1494 3815 1606 3870 ἀνω
1647 3816 1840 3887 Ἰερου-

241 3887 429 3960 σαλὴμ
463 3890 1050 3965 πολιτογραφηθέντες,
1103 3897 1196 3951 καὶ
1233 3896 1392 3963 ἀξίαν
1421 3898 1516 3951 τοῦ
1566 3898 1833 3969 μεγέθους

237 3972 349 4026 τῶν
369 3972 591 4046 δωρεῶν
619 3976 719 4048 τὴν
745 3977 994 4050 φυλακὴν
1027 3979 1393 4045 ἐπιδείξασθε,
1426 3982 1515 4035 ἵνα
1544 3983 1639 4036 καὶ
1675 3982 1834 4052 δαψι-

239 4053 504 4127 λεστέραν
523 4057 623 4129 τὴν
649 4059 809 4130 χάριν
827 4061 1208 4134 ἐπισπάσησθε
1227 4081 1243 4097 ·
1261 4067 1296 4137 ὴ
1329 4064 1438 4136 γάρ
1470 4065 1561 4120 ἐπὶ
1595 4069 1707 4130 τοῖς
1728 4067 1829 4138 ἤδη

240 4138 620 4212 ὑπηργμένας
639 4144 1031 4220 εὐγνωμοσύνη
1059 4149 1160 4221 τὴν
1184 4149 1496 4222 φιλοτιμίαν
1517 4151 1831 4207 ἐκκαλεῖται

1436 439 1670 498 HOMIL.
1706 439 1773 496 IN
1814 441 2142 498 SAP‘CTUM
2180 442 2490 501 PASCHA»

3442 447 3547 502 77'}

1956 559 2052 612 τοῦ
2081 562 2376 618 Δεσπάτου;
2401 562 2514 618 Οὐκ
2545 563 2723 630 ἔξεστί
2758 580 2863 627 σοι,
2885 560 3158 630 ἁγαπητὲ,
3183 558 3368 614 λοιπὸν
3398 561 3546 614 ἀδια-

1957 642 2140 712 φόρως
2170 642 2301 713 ζῇν·
2339 645 2476 699 ἀλλά
2511 647 2602 710 θὲς
2654 646 2840 717 σαυτῷ
2896 645 3096 714 νόμους
3147 645 3244 697 καὶ
3291 644 3546 706 κανόνας,

1956 721 2100 776 ὥστε
2159 725 2297 794 μετά
2348 729 2635 798 ἀκριϐείας
2673 729 2887 783 ἅπαντα
2950 727 3401 798 διαπράττεσθαι,
3455 729 3548 781 καὶ

1959 806 2160 880 πολλὴν
2187 805 2295 878 τὴν
2316 809 2564 882 φυλακὴν
2606 811 2701 864 καὶ
2741 813 2871 880 περί
2900 810 2969 862 τὰ
3025 809 3296 880 ἀδιάφορα
3328 810 3544 880 νομιζό-

1960 905 2097 958 μενα
2125 883 2267 943 εἶναι
2292 893 2716 948 ἐπιδείκνυσθαι.
2779 893 2958 962 Ἀγὼν
2986 894 3097 964 γάρ
3124 894 3240 945 ἐστι
3273 895 3368 946 καὶ
3401 895 3549 963 πάλη

1956 975 2066 1032 πᾶς
2097 974 2124 1025 6
2153 973 2344 1044 παρὼν
2371 977 2504 1046 βίος,
2537 979 2631 1030 καὶ
2657 979 2785 1041 τοὺς
2813 980 2871 1030 ἐν
2902 977 2981 1048 τῷ
3011 976 3212 1047 σταδίῳ
3251 977 3429 1047 τούτῳ
3452 978 3551 1046 τῆς

1955 1056 2158 1127 ἀρετῆς
2181 1057 2326 1124 ἀπαξ
2353 1059 2694 1125 εἰσελθόντας
2722 1063 2990 1132 προσήκει
3019 1062 3196 1114 πάντα
3225 1061 3549 1130 ἐγκρατεύε-

1957 1140 2082 1193 σθαι
2101 1156 2115 1172 ·
2149 1139 2276 1206 Πᾶς
2305 1140 2416 1211 γὰρ
2444 1146 2478 1196 ό
2507 1142 2938 1212 ἀγωνιζόμενος
2969 1144 3169 1196 πάντα
3199 1143 3552 1212 ἐγκρατεύεο

1954 1240 2070 1278 ται.
2095 1223 2206 1294 Οὐχ
2234 1225 2368 1295 ὁρᾷς
2395 1229 2453 1280 ἐν
2481 1230 2594 1290 τοῖς
2623 1229 2910 1297 γυμνικοῖς
2932 1227 3140 1294 ἀγῶσιν
3165 1228 3318 1291 ὅπως
3349 1227 3552 1298 πολλὴν

1955 1305 2234 1360 ποιοῦνται
2262 1309 2361 1379 τὴν
2391 1309 2603 1362 ἑαυτῶν
2630 1311 2950 1381 ἐπιμέλειαν
2982 1311 3030 1363 οἰ
3057 1310 3196 1381 πρὸς
3227 1310 3552 1382 ἀνθρώπους

1953 1389 2052 1458 τὴν
2087 1389 2266 1460 πάλην
2292 1391 2697 1462 ἀναδεχόμενοι,
2727 1395 2821 1446 καὶ
2858 1394 2996 1462 μετά
3024 1396 3199 1464 πόσης
3221 1396 3552 1463 ἐγκρατείας

1953 1473 2053 1544 τὴν
2078 1474 2172 1526 τοῦ
2201 1477 2455 1542 σώματος
2495 1476 2733 1546 ἄσκησιν
2794 1477 3234 1542 ἐπιδείκνυνται;
3294 1478 3453 1532 Οὕτω
3485 1479 3551 1553 δὴ

1953 1555 2208 1608 ἐνταῦθα.
2254 1556 2471 1626 Ἐπειδὴ
2507 1559 2568 1611 ού
2609 1560 2748 1630 πρὸς
2783 1560 3110 1630 ἀνθρώπους
3159 1563 3293 1632 ἡμῖν
3331 1563 3481 1615 ἐστιν
3516 1565 3552 1617 ἡ

1954 1639 2123 1709 πάλη,
2154 1639 2289 1692 ἀλλά
2318 1640 2455 1711 πρὸς
2475 1641 2545 1694 τά
2576 1643 2926 1712 πνευματικά
2953 1645 3055 1712 τῆς
3075 1646 3361 1715 πονηρίας,
3397 1646 3550 1716 καὶὴ

1954 1723 2186 1791 ἄσκησις
2238 1722 2396 1794 ήμῶν
2441 1725 2536 1778 καὶ
2574 1727 2606 1796 ἡ
2639 1727 2937 1798 ἐγκράτεια
2968 1729 3320 1800 πνευματικὴ
3374 1728 3546 1781 ἔστω·

1952 1806 2142 1878 ἐπειδὴ
2181 1808 2275 1860 καὶ
2303 1807 2372 1860 τά
2417 1808 2560 1861 ὅπλα
2599 1811 2776 1880 ἡμῶν,
2836 1811 2981 1882 ᾰπερ
3019 1811 3169 1882 ἡμᾶς
3222 1811 3475 1864 ἐνέδυσεν
3521 1813 3552 1866 ὁ

1950 1891 2251 1960 Δεσπότης,
2280 1893 2630 1962 πνευματικά
2659 1893 2946 1964 τυγχάνει.
3012 1893 3216 1964 Ἐχέτω
3248 1894 3428 1948 τοίνυν
3457 1896 3550 1948 καὶ

1947 1973 2227 2043 ὀφθαλμὸς
2251 1975 2412 2044 ὅρους
2438 1977 2533 2028 καὶ
2564 1978 2819 2041 κανόνας,
2844 1977 2986 2031 ὥστε
3012 1976 3089 2048 μὴ
3119 1976 3308 2040 ἁπλῶς
3341 1979 3548 2048 ἐπιπη-

1946 2057 2043 2128 δᾷν
2072 2060 2207 2110 πᾶτι
2242 2059 2355 2120 τοῖς
2404 2060 2846 2129 προσπίπτουσι·
2887 2062 2984 2113 καὶ
3020 2063 3052 2131 ἠ
3089 2060 3313 2129 γλῶσσα
3344 2062 3549 2130 τειχίον

1947 2141 2139 2211 ἐχέτω,
2183 2141 2327 2195 ὥστε
2385 2148 2458 2216 μὴ
2493 2145 2818 2216 προτρέχειν
2857 2146 2957 2214 τῆς
2987 2145 3248 2208 διανοίας.
3288 2144 3388 2198 Διά
3435 2145 3546 2216 γὰρ

1945 2223 2108 2276 τοῦτο
2133 2227 2225 2279 καὶ
2251 2229 2299 2280 οί
2325 2229 2539 2290 ὀδόντες
2570 2230 2664 2280 καὶ
2689 2229 2758 2281 τά
2785 2228 2940 2299 χείλη
2969 2242 3108 2299 προς
3128 2228 3228 2298 τὴν
3255 2228 3354 2298 τῆς
3382 2228 3550 2297 γλώτ-

1944 2325 2045 2378 της
2072 2310 2378 2379 άσφάλειαν
2409 2311 2899 2383 δεδημιούργηται,
2933 2312 3022 2364 ἵνα
3062 2311 3335 2381 μηδέποτε
3358 2312 3547 2377 ἁπλῶς

1944 2394 2337 2448 ἀναπετάσασα
2370 2396 2469 2458 τὰς
2499 2395 2670 2466 θύρας
2706 2397 2736 2464 ή
2770 2393 2997 2463 γλῶσσα
3021 2395 3163 2464 ἐξίῃ,
3187 2393 3301 2446 ἀλλ⁵
3324 2395 3547 2450 ἐπειδὰν

1945 2474 2127 2540 καλῶς
2159 2478 2228 2530 τὰ
2258 2477 2378 2531 καθ’
2400 2477 2597 2548 ἑαυτὴν
2628 2478 2810 2547 διαθῇ,
2840 2477 2963 2529 τότε
3000 2478 3140 2546 μετὰ
3171 2477 3354 2549 πάσης
3387 2478 3547 2531 εὐκο-

1946 2558 2113 2626 σμίας
2147 2561 2332 2634 προΐῃ,
2370 2561 2464 2614 καὶ
2494 2560 2722 2614 τοιαῦτα
2751 2561 3007 2632 προφέρῃ
3057 2561 3299 2630 ῥήματα,
3351 2561 3436 2614 ἵνα
3469 2561 3546 2632 δῷ

1944 2641 2105 2711 χάριν
2158 2646 2272 2706 τοῖς
2334 2643 2616 2706 ἀκούουσι,
2684 2645 2916 2696 κάκεῖνα
2969 2644 3298 2714 φθέγγηται,
3340 2643 3377 2698 ἃ.
3409 2644 3545 2718 πρὸς

1942 2725 2232 2797 οξνκοδομὴν
2260 2729 2524 2780 συντείνει
2556 2726 2666 2779 τῶν
2693 2727 3027 2781 ἀκουόντων.
3053 2728 3163 2780 Καὶ
3187 2727 3279 2780 τὸν
3307 2727 3546 2781 ἄτακτον

1941 2810 1999 2862 δέ
2038 2810 2254 2878 γέλωτα
2285 2813 2462 2884 πάντη
2505 2812 2777 2865 ἐκκλίνειν
2805 2813 2905 2876 δεῖ,
2938 2812 3032 2865 καὶ
3052 2811 3112 2864 τὸ
3145 2811 3385 2881 βάδισμα
3415 2811 3545 2882 ἦρε-

1945 2911 2045 2965 μον
2069 2894 2214 2964 ἔχειν
2245 2898 2340 2948 καὶ
2374 2896 2619 2967 ἡσύχιον,
2653 2896 2747 2949 καὶ
2783 2896 2882 2965 τὴν
2935 2894 3129 2964 στολὴν
3174 2893 3545 2964 κατεσταλμέο

1943 2996 2062 3049 νην,
2095 2980 2188 3031 καὶ
2223 2981 2311 3033 διά
2352 2982 2571 3034 πάντων
2599 2979 2938 3044 ἁπαξαπλῶς
2979 2977 3338 3049 ῥυθμίζεσθαι
3380 2994 3544 3049 προσ-

1942 3063 2066 3133 ήκει
2096 3062 2187 3116 τὸν
2217 3065 2681 3137 ἀπογραψάμενον
2721 3067 2801 3128 είς
2831 3065 2892 3119 τὸ
2923 3065 3021 3134 τῆς
3051 3062 3256 3132 ἀρετῆς
3291 3061 3504 3116 στάδιον
3524 3078 3538 3094 ·

1941 3148 1975 3217 ἡ
2001 3147 2109 3217 γὰρ
2141 3148 2250 3202 τῶν
2284 3149 2464 3219 μελῶν
2491 3149 2600 3202 τῶν
2629 3148 2827 3212 ἔξωθεν
2855 3147 3080 3212 εὐταξία
3114 3144 3278 3199 εἰκών
3314 3146 3398 3209 τίς
3423 3146 3541 3200 ἐστι

1939 3231 2042 3300 τῆς
2069 3233 2128 3284 ἐν
2154 3235 2221 3302 τῇ
2256 3233 2404 3303 ψυχῇ
2437 3233 2846 3291 καταστάσεως.

2027 3314 2232 3378 ς’.Ἐάν
2248 3318 2324 3383 είς
2339 3319 2588 3391 τοιαύτην
2603 3313 2887 3383 συνήθειαν
2901 3317 2964 3374 ἐκ
2980 3313 3273 3390 προοιμίων
3314 3310 3543 3376 ἑαυτοὺς

1941 3400 2400 3470 καταστήσωμεν,
2434 3397 2540 3469 ὀδῷ
2563 3398 2874 3469 βαδίζοντες
2893 3395 3082 3449 λοιπὸν
3116 3394 3235 3464 μετ’
3262 3393 3538 3459 εὐκολίας,

1943 3482 2097 3557 [757]
2130 3484 2230 3554 τὴν
2262 3484 2467 3555 ἀρετὴν
2496 3484 2716 3537 ἃπασαν
2749 3479 3100 3548 διανύσομεν,
3129 3478 3224 3531 καὶ
3255 3477 3377 3531 οὐδὲ
3408 3477 3538 3531 πολ-

1942 3565 2036 3618 λοῦ
2072 3566 2236 3619 πόνου
2272 3564 2602 3636 δεησόμεθα,
2635 3567 2729 3618 καὶ
2756 3562 2956 3634 πολλὴν
2987 3560 3411 3630 ἐπισπασόμεθα
3439 3561 3540 3633 τὴν

1941 3649 2149 3703 ἀνωθεν
2180 3651 2375 3720 ῥοπήν.
2409 3648 2567 3702 Οὕτω
2594 3647 2705 3719 γὰρ
2731 3644 3074 3716 δυνησόμεθα
3105 3645 3199 3698 καὶ
3223 3644 3293 3697 τά
3316 3644 3540 3715 κύματα

1939 3731 2035 3786 τοῦ
2068 3734 2335 3804 παρόντος
2370 3733 2489 3803 βίου
2522 3733 2662 3804 μετὰ
2713 3731 3017 3801 ἀσφαλείας
3066 3729 3408 3799 διαδραμεῖν,
3442 3729 3538 3782 καὶ

1939 3815 2053 3870 τῶν
2077 3815 2174 3870 τοῦ
2230 3815 2477 3870 διαϐόλου
2528 3815 2772 3885 παγίδων
2823 3813 3086 3886 ἀνώτεροι
3140 3813 3535 3875 καταστάντες,

1941 3901 2050 3955 τῶν
2077 3900 2313 3955 αἰωνίων
2351 3899 2575 3970 ἀγαθῶν
2608 3901 2910 3969 ἐπιτυχεῖν,
2959 3897 3145 3967 χάριτι
3194 3895 3291 3949 καὶ
3342 3895 3536 3964 φιλαν-

1942 3985 2161 4056 θρωπίᾳ
2183 3985 2277 4037 τοῦ
2306 3985 2513 4056 Κυρίου
2539 3983 2698 4055 ἡμῶν
2736 3980 2910 4053 Ἰησοῦ
2936 3979 3195 4051 Χριστοῦ,
3228 3973 3429 4050 μεθόὖ
3457 3977 3536 4050 τῷ

1941 4069 2120 4140 Πατρὶ
2151 4068 2271 4140 ἅμα
2298 4068 2377 4139 τῷ
2410 4067 2554 4138 ἁγίῳ
2587 4065 2869 4135 Πνεύματι
2901 4063 3050 4131 δόξα,
3103 4065 3325 4135 κράτος,
3373 4062 3533 4135 τιμὴ,

1940 4149 2037 4208 νῦν
2061 4153 2157 4207 καὶ
2180 4152 2290 4221 ἀεὶ,
2316 4152 2412 4207 καί⁸
2439 4155 2520 4216 είς
2556 4151 2682 4215 τοὺς
2712 4149 2914 4212 αἰῶνας
2936 4147 3046 4202 τῶν
3073 4147 3312 4203 αἰώνων.
3335 4147 3532 4218 ’Δμήνο
