4126 6486
194 417 308 473 ’173
906 414 971 469 IN
1011 409 1494 473 ASCENSIONEM
1535 411 1596 468 Β.
1636 409 1703 466 N.
1743 408 1791 466 J.
1837 408 1901 467 C.
1945 407 2034 464 ET
2069 404 2135 461 IN
2173 403 2472 461 PRINCIP.
2514 392 2683 463 ACT.
2714 403 2781 461 ll.

3372 396 3480 464 77‘

197 557 3451 599 ψ

521 813 688 890 QUAE
730 812 828 873 DE
867 812 1391 875 ASSUMPTIONE
1432 811 1581 873 VEL
1636 808 1737 871 DE
1778 798 2244 871 ASCENSIONE
2285 804 2594 869 CHRISTI
2634 805 3139 867 lNSCRlBlTUR.

193 1024 403 1082 deinde
460 1023 710 1096 pluribus
737 1023 1063 1093 disquiritur
1096 1024 1224 1095 quis
1256 1024 1329 1081 sit
1362 1024 1526 1080 istius
1561 1022 1684 1079 libri
1721 1030 1932 1088 auctor,
1971 1021 2344 1093 probaturque
2375 1032 2500 1076 esse
2522 1018 2727 1074 Lucam
2764 1036 2780 1073 :
2809 1026 3003 1089 estque
3030 1016 3345 1074 dissertatio
3382 1014 3474 1071 illa

194 1130 334 1172 vere
368 1116 763 1188 Cltrysostomo
800 1118 1001 1190 digna;
1043 1130 1221 1187 neque
1250 1116 1504 1172 dubitare
1540 1114 1688 1181 licet,
1717 1114 1774 1169 ni
1828 1113 2010 1177 fallor,
2037 1129 2159 1169 eam
2193 1113 2261 1169 ad
2294 1111 2575 1167 homiliam
2614 1111 2729 1181 jam
2766 1118 3127 1166 memoratam
3160 1109 3457 1179 pertinere.

194 1210 488 1266 Articulus
509 1225 729 1281 quoque
756 1226 992 1281 sequens
1026 1224 1258 1266 numero
1294 1210 1362 1266 10
1390 1209 1711 1279 inscriptus,
1739 1206 1833 1263 ubi
1868 1207 2133 1277 quaeritur
2155 1204 2373 1276 quoties
2393 1202 2649 1261 Christus
2698 1213 2823 1274 post
2864 1202 3327 1259 resurrectionem
3376 1215 3463 1269 ap-

197 1301 471 1369 paruerit,
505 1301 752 1371 ejusdem
784 1302 1027 1358 bomiliae
1062 1302 1266 1359 lacinia
1303 1316 1425 1358 esse
1457 1300 1687 1357 omnino
1707 1298 1940 1363 videtur,
1977 1298 2081 1353 etsi
2111 1295 2253 1352 torte
2282 1310 2394 1351 non
2419 1296 2683 1352 continue
2710 1294 2890 1365 posita
2914 1292 3100 1349 fuerit.

278 1393 487 1447 Caetera
525 1395 712 1450 omnia
740 1410 807 1449 ex
835 1396 1004 1449 variis
1031 1392 1416 1464 scriptoribus,
1439 1403 1495 1449 et
1526 1392 1668 1447 forte
1702 1389 1966 1444 nonnulla
1993 1400 2059 1443 ex
2085 1386 2465 1458 Chrysostomi
2497 1385 2739 1441 bomiliis
2768 1383 3022 1453 decerpta
3057 1390 3206 1437 sunt.
3258 1379 3478 1437 Titulus

203 1482 263 1539 in
309 1484 680 1539 Ascensionent
712 1484 945 1548 Domini,
978 1500 1086 1540 non
1109 1483 1177 1539 ad
1206 1494 1372 1540 totam
1396 1482 1701 1539 orationem
1730 1480 2003 1550 quadrare
2030 1484 2228 1548 potest.
2261 1478 2358 1531 sed
2388 1477 2457 1533 ad
2485 1475 2753 1547 quasdam
2787 1485 2996 1530 tantum
3033 1473 3182 1528 illius
3235 1472 3479 1543 particu-

200 1581 308 1629 las.
364 1573 696 1630 Prommium
730 1591 837 1631 non
868 1576 1112 1645 ineptum
1145 1583 1247 1631 est.
1284 1575 1342 1629 ln
1383 1589 1537 1630 num.
1571 1572 1609 1626 2
1654 1581 1780 1627 cum
1806 1569 1939 1626 dicit
1967 1570 2322 1625 concionator
2358 1579 2413 1624 et
2458 1583 2518 1623 se
2550 1577 2605 1623 et
2631 1567 2913 1623 auditores
2966 1566 3111 1622 aeris
3150 1564 3475 1637 intemperie

201 1668 503 1737 impeditos
546 1666 716 1723 fuisse
735 1669 1032 1740 quominus
1070 1669 1430 1725 ascenderem
1472 1668 1527 1722 in
1572 1664 1811 1719 Montem
1864 1663 2153 1729 olivarum,
2208 1661 2413 1718 indicat
2457 1660 2770 1727 bomiliam,
2811 1668 2909 1715 aut
2943 1659 3051 1714 hoc
3085 1658 3279 1715 saltem
3318 1674 3485 1714 assu-

198 1768 478 1825 mentum,
499 1760 851 1833 Jerosolymte
870 1762 1075 1818 dictum
1099 1762 1290 1819 fuisse.
1308 1762 1367 1817 In
1390 1774 1619 1817 numero
1646 1759 1680 1814 '5
1709 1758 1932 1822 dicitur,
1970 1757 2168 1812 lectum
2201 1753 2371 1810 fuisse
2394 1753 2485 1811 illo
2508 1753 2599 1808 die
2641 1752 2772 1808 illud
2799 1768 2867 1808 ex
2899 1752 3185 1824 evangelio
3207 1749 3436 1807 Joannis
3462 1768 3477 1804 :

200 1848 346 1906 Cum
379 1866 496 1905 sero
528 1862 663 1906 esset
692 1852 779 1906 die
806 1852 916 1905 illa
948 1868 1057 1907 una
1090 1852 1440 1907 sabbatorum
1477 1859 1609 1915 etc.,
1641 1863 1763 1918 qua:
1796 1856 1947 1905 certe
1975 1848 2043 1902 ad
2076 1847 2432 1903 Ascensionis
2466 1847 2608 1902 diem
2637 1861 2750 1902 non
2785 1843 3102 1916 pertinent;
3158 1842 3215 1897 in
3250 1856 3489 1912 sequen-

198 1945 359 2004 tibus
389 1945 635 2000 numeris
668 1946 919 2017 usquead
944 1948 1235 2016 septimum
1261 1946 1331 2000 de
1356 1944 1461 2000 hoc
1486 1942 1763 2013 Evangelii
1785 1943 1905 1999 loco
1928 1941 2132 2012 agitur,
2154 1951 2209 1996 et
2231 1950 2417 2011 postea
2438 1941 2689 2011 pluribus
2720 1939 2790 1995 de
2830 1937 3212 1995 incredulitate
3237 1936 3487 1992 Thomas.

200 2039 453 2097 Numero
480 2040 512 2095 7
536 2041 724 2109 paucis
751 2041 820 2097 de
846 2041 1165 2099 ascensione
1190 2041 1405 2097 Domini
1426 2040 1627 2111 agitur.
1661 2036 1923 2102 Octavus,
1946 2052 2125 2094 nonus
2144 2045 2199 2092 et
2213 2036 2461 2093 decimus
2490 2050 2758 2092 numerus
2782 2034 2850 2090 ad
2874 2033 3160 2088 homiliam
3181 2031 3483 2089 secundam

203 2134 268 2188 in
316 2133 729 2203 inscriptionem
764 2136 998 2191 Actuum
1047 2135 1433 2207 Apostolorum
1466 2135 1721 2206 pertinet,
1753 2142 1811 2189 ut
1842 2134 2108 2189 diximus.
2136 2130 2443 2192 Undecimo
2481 2147 2715 2187 numero
2736 2133 2805 2187 de
2830 2130 3017 2186 divina
3052 2144 3239 2185 mensa
3282 2128 3487 2200 agitur.

222 2225 566 2282 Duodecimo
613 2225 681 2281 de
726 2224 962 2297 Spiritus
991 2228 1169 2284 sancti
1202 2228 1468 2285 descensu
1508 2228 1565 2285 in
1595 2227 1894 2298 apostolos.
1951 2225 2177 2282 Decimo
2223 2225 2387 2281 tertio
2433 2225 2703 2296 quaeritur
2758 2237 2871 2295 quo
2913 2222 3187 2293 baptismo
3232 2219 3494 2290 baptizati

204 2317 420 2371 fuerint
467 2318 702 2388 apostoli
739 2328 867 2375 ante
920 2320 1245 2376 descensum
1288 2318 1531 2390 Spiritus
1564 2320 1762 2385 sancti,
1811 2326 1868 2375 et
1910 2316 2262 2374 concluditur
2294 2317 2602 2388 baptizatos
2654 2316 2829 2373 fuisse
2861 2315 3192 2386 baptismate
3223 2310 3490 2367 Joannis.

206 2412 441 2469 Decimo
471 2422 670 2487 quarto
697 2415 841 2470 idem
876 2426 1260 2486 argumentum
1293 2408 1577 2481 tractatur,
1603 2426 1657 2470 et
1686 2414 1866 2483 agitur
1908 2413 2143 2485 carptim
2190 2422 2380 2469 contra
2416 2412 2739 2468 Anomosos.
2761 2412 2819 2467 ln
2852 2410 3064 2467 caneris
3097 2421 3314 2479 quoque
3353 2403 3492 2459 arti~

217 2502 366 2559 culis
394 2501 465 2558 de
495 2504 665 2560 variis
696 2503 881 2575 agitur
905 2506 1087 2573 rebus,
1111 2516 1161 2560 et
1181 2508 1261 2562 sic
1295 2505 1572 2561 clauditur
1600 2506 1691 2562 hic
1724 2516 1906 2572 cento,
1938 2520 1969 2560 a
2006 2504 2258 2560 Graeculo
2291 2504 2552 2575 quopiam
2580 2504 2751 2560 variis
2800 2518 2873 2569 es
2899 2498 3035 2558 locis
3056 2498 3493 2557 consarcinatus.

203 2598 484 2654 Caeterum
522 2596 653 2653 Mss.
683 2598 827 2654 inter
855 2614 915 2655 se
937 2602 1188 2667 variant;
1222 2602 1275 2655 in
1306 2600 1475 2671 Regio
1494 2601 1641 2657 enim
1687 2599 1798 2655 abl

1901 2598 2094 2664 verbis,
2129 2598 2226 2653 xui.
2254 2597 2577 2667 ἀναλήψεως
2611 2597 2707 2652 καὶ
2727 2595 2989 2668 δευτέρας
3021 2592 3347 2663 παρουσίας,
3372 2605 3498 2661 qua

205 2703 504 2744 numerum
541 2688 579 2742 2
606 2691 889 2758 claudunt,
942 2706 1116 2764 usque
1149 2693 1216 2748 ad
1254 2694 1368 2748 haec
1390 2693 1553 2748 verba
1580 2709 1637 2747 ιι.
1670 2692 1724 2760 7,
1763 2693 1798 2748 ἃ

1901 2710 1922 2746 ε
1949 2690 2243 2762 ἀναδῶμεν
2272 2692 2352 2754 εις
2383 2689 2447 2744 τὸ
2476 2688 2604 2761 ὅρος
2631 2687 2727 2743 τοῦ
2760 2688 2991 2760 Κυρίου,
3018 2685 3205 2744 omnia
3239 2684 3440 2741 absunt
3474 2693 3491 2732 :

207 2800 277 2841 ac
305 2784 551 2841 vicissim
588 2785 731 2841 idem
762 2785 961 2857 Regius
982 2797 1105 2859 post
1146 2792 1261 2845 haec
1308 2788 1477 2843 verba
1511 2804 1740 2845 numero
1775 2790 1794 2842 l

1911 2787 2028 2842 ἀλλ’
2077 2786 2269 2858 ὥσπερ
2291 2786 2391 2857 τῆς
2419 2787 2777 2850 ἀναστάσεως
2821 2785 2979 2856 ἔσχεν
3030 2784 3317 2857 μάρτυρας
3362 2783 3491 2847 τοὺς

206 2867 532 2947 ὀφθαλμοῖις
570 2878 682 2931 τῶν
746 2880 1026 2951 μαθητῶν,
1072 2882 1246 2949 οὕτως
1301 2883 1499 2949 αὐτοὺς
1551 2884 1796 2938 αὑτόπτα

1901 2886 2016 2939 ςοιεῖ
2060 2885 2161 2956 τῆς
2207 2882 2553 2957 ἀναλήψεως,
2603 2894 2816 2957 septem
2846 2894 3038 2943 octove
3070 2885 3293 2959 paginas
3336 2885 3494 2957 quis-

208 2967 403 3042 quiliis
449 2968 641 3039 plenas
687 2973 894 3043 adjicit,
935 2989 1059 3045 quae
1084 2990 1190 3031 non
1224 2978 1429 3033 suntin
1464 2975 1851 3033 Ottoboniano.

1096 3630 1217 3714 IN
1269 3626 2087 3714 ASCENSIONEM
2138 3621 2574 3707 DOMINI

820 3805 1044 3851 κοετιιι
1086 3805 1237 3850 ιεευ
1267 3805 1545 3863 CHRISTI,
1592 3804 1673 3847 ΕΤ
1717 3804 1782 3847 IN

1901 3799 2202 3845 taetrum
2246 3797 2547 3843 scroauu
2581 3797 2628 3840 tt
2662 3789 2677 3820 ι
2722 3781 2824 3853 (α).

1670 3926 2037 3983 om

276 4064 325 4116 Ι.
350 4057 564 4113 Divitiae
577 4053 755 4120 nobis,
772 4067 834 4109 ac
850 4047 1641 4126 thesaurus,aeterna:quevitze
1673 4048 1795 4102 l'on-

201 4161 286 4205 tes
313 4157 439 4203 sunt
468 4145 773 4201 Servatoris
796 4144 1108 4198 oeconomiae
1135 4184 1147 4209 ,
1176 4157 1309 4213 quas
1334 4152 1390 4197 et
1412 4155 1666 4197 enarrare
1695 4155 1758 4195 cu
1775 4168 1791 4180 -

204 4241 384 4311 pimus
428 4247 481 4291 et
524 4233 817 4306 prmdicare
855 4233 1199 4296 l'estinnnus;
1244 4247 1341 4301 pro
1381 4234 1574 4287 merito
1614 4239 1792 4284 autem

200 4329 481 4385 celebrare
518 4341 623 4379 non
650 4324 905 4378 valemus.
936 4323 1133 4377 Verum
1157 4321 1423 4376 desiderio
1450 4321 1610 4390 capti,
1632 4329 1688 4375 et
1713 4321 1797 4373 in-

204 4420 518 4474 ﬁmitatem
541 4416 856 4469 conﬁtentes
882 4425 1137 4475 nostram,
1159 4412 1226 4466 ad
1255 4410 1619 4481 propheticatn
1647 4411 1791 4465 illam

202 4524 417 4573 vocem,
441 4522 538 4562 ceu
560 4505 627 4559 ad
648 4504 989 4574 tranquillum
1018 4512 1229 4573 portum
1254 4502 1589 4573 conﬂigimus
1620 4519 1633 4555 :
1667 4501 1793 4567 Quis

204 4601 441 4669 loquetur
469 4595 716 4665 poientias
738 4594 945 4649 Domini
962 4637 976 4660 ,
1013 4595 1215 4647 auditas
1245 4594 1396 4663 faciet
1425 4609 1596 4646 omnes
1619 4592 1794 4645 laudes

203 4700 315 4755 eius
350 4687 524 4756 (Psal.
551 4686 671 4741 105.
699 4684 785 4754 2)?
809 4685 941 4739 Nam
968 4686 1011 4739 si
1037 4699 1261 4754 magnus
1286 4684 1374 4738 ille
1403 4682 1681 4753 propheta,
1709 4682 1794 4736 cui

205 4780 520 4834 abscoodita
560 4786 614 4831 et
639 4776 847 4831 occulta
877 4776 1156 4846 sapientiae
1182 4789 1292 4831 suae
1323 4776 1580 4831 revelavit
1609 4776 1749 4830 Deus
1774 4815 1788 4840 ,

208 4869 299 4938 qui
344 4868 591 4937 dignatus
616 4874 699 4920 est
722 4864 916 4919 Christi
958 4874 1110 4934 pater
1138 4866 1359 4929 vocari,
1406 4864 1568 4921 David
1609 4865 1796 4919 beatus

208 4960 298 5013 ille
324 4966 380 5013 et
407 4970 630 5025 magnus
662 4956 713 5008 in
743 4955 1035 5024 prophetis,
1063 4954 1327 5023 gloriosus
1357 4955 1409 5009 in
1436 4955 1673 5024 regibus,
1699 4955 1795 5010 Dei

208 5050 436 5110 amicus,
464 5048 617 5117 cujus
640 5062 736 5102 cor
760 5046 898 5115 apud
932 5048 1103 5116 ipsum
1136 5049 1425 5115 pretiosum
1450 5057 1566 5103 erat
1592 5089 1608 5115 ,
1639 5049 1710 5102 ita
1739 5057 1798 5102 nt

209 5142 326 5211 ipse
356 5140 493 5193 Deus
518 5138 722 5193 diceret
751 5154 764 5190 :
795 5135 975 5190 Inveni
1007 5136 1173 5189 David
1213 5136 1378 5205 ﬁlium
1414 5136 1606 5205 Jessw,
1634 5141 1796 5192 virum

213 5232 488 5289 secundum
515 5246 602 5284 cor
624 5246 791 5283 meum
821 5229 959 5299 (Act.
997 5230 1084 5284 l5.
1112 5229 1236 5299 29.);
1268 5229 1313 5285 si
1346 5230 1436 5285 ille
1463 5231 1582 5284 talis
1608 5246 1668 5285 ac
1690 5239 1799 5284 tan-

212 5334 299 5377 tus.
319 5363 334 5386 ,
371 5318 785 5389 magnitudinem
822 5318 1016 5373 divina:
1042 5320 1362 5388 cognitionis
1391 5308 1682 5390 respiciens
1718 5320 1799 5374 di-

212 5413 369 5467 cebat
398 5428 410 5461 :
445 5410 694 5462 Mirabilis
718 5411 858 5480 facta
884 5420 954 5462 est
975 5410 1183 5463 scientia
1204 5420 1292 5462 tua
1313 5426 1375 5464 ea:
1393 5426 1489 5472 me,
1512 5415 1797 5480 conformat

218 5513 294 5557 est
322 5542 337 5565 ,
372 5517 471 5554 non
509 5511 681 5569 potero
714 5500 780 5551 ad
818 5516 927 5552 eam
974 5498 1144 5568 (l’sal.
1177 5502 1298 5557 158.
1328 5502 1382 5571 6)
1410 5519 1424 5566 ;
1465 5503 1510 5555 si
1543 5503 1797 5571 propheta

283 5597 293 5623 ι
314 5590 427 5639 md.
446 5598 560 5651 Reg.
582 5588 703 5639 “86
716 5590 784 5637 sic
800 5588 945 5637 effert
962 5588 1175 5639 titulum:
1198 5589 1403 5640 Honts'lia
1418 5591 1468 5641 in
1491 5590 1800 5643 incredulita-

213 5664 309 5723 ωτι
341 5650 543 5711 Ilionae,
563 5656 608 5700 et
628 5650 952 5705 Ακεηδίοηευι
976 5651 1163 5701 Dontini
1200 5652 1347 5702 nostri
1370 5659 1486 5704 Jesu
1508 5652 1685 5706 Christi
1701 5652 1801 5705 veri

212 5722 351 5833 Μ’ἕῖι)
375 5776 616 5835 Exscrir-ta
642 5785 702 5821 ex
740 5773 844 5835 cod.
890 5773 1206 5824 Ottoboniano
1240 5786 1291 5827 et
1321 5774 1492 5826 collata
1526 5790 1635 5828 cum
1658 5777 1797 5829 codd.

220 5846 315 5919 Ἄρει
361 5837 481 5885 22030
516 5834 682 5895 (initio
714 5834 822 5883 1H7
849 5836 887 5897 ),
914 5844 963 5885 et
982 5834 1095 5885 20.37
1126 5837 1292 5899 (nunc
1318 5838 1433 5889 [186
1454 5839 1495 5901 ).

1904 4043 2085 4100 delicit
2120 4046 2176 4111 ¹,
2228 4044 2354 4099 dum
2404 4046 2698 4115 potentiam
2746 4046 2862 4117 ejus
2912 4048 3159 4116 respicit;
3205 4050 3249 4105 si
3298 4050 3497 4107 Paulus

1898 4136 2178 4205 theologus
2202 4139 2539 4207 caclestisque
2564 4138 2650 4193 illa
2680 4139 2803 4193 tuba
2836 4138 3063 4205 clamat,
3095 4138 3139 4193 0
3168 4142 3381 4196 altitudo
3402 4146 3487 4197 di-

1895 4230 2132 4283 vitiarum
2165 4241 2213 4285 et
2238 4232 2503 4301 sapientiae
2528 4240 2575 4285 et
2608 4233 2830 4285 scientia:
2872 4230 3000 4298 Dei,
3029 4249 3180 4301 quam
3211 4234 3491 4305 incompre-

1898 4322 2163 4375 hensibilia
2200 4332 2318 4376 sunt
2335 4323 2536 4391 judicia
2569 4324 2679 4393 ejus
2704 4363 2719 4386 ,
2760 4332 2806 4377 et
2832 4321 3202 4393 invéstigabiles
3241 4326 3335 4378 via:
3379 4328 3494 4397 ejus

1898 4412 2076 4482 (Rom.
2107 4414 2195 4467 Η.
2236 4412 2359 4481 53)!
2392 4416 2435 4467 si
2464 4414 2844 4482 prophetarum
2879 4423 2933 4467 et
2973 4416 3336 4483 apostolorum
3378 4417 3482 4472 lin-
3513 4435 3527 4449 ⁸

1897 4517 2047 4573 gnte,
2082 4512 2159 4558 tot
2186 4502 2384 4557 ﬂuenta
2417 4504 2725 4558 emittentes
2745 4543 2760 4567 ,
2789 4505 2983 4572 quibus
3015 4506 3218 4575 repleta
3256 4516 3339 4561 est
3367 4511 3489 4561 uni-

1898 4608 2057 4648 versa
2088 4603 2230 4649 terra
2256 4594 2561 4665 cognitione
2592 4595 2822 4660 Domini,
2850 4596 2919 4649 ita
2944 4605 3000 4649 ut
3023 4612 3159 4666 aqua
3186 4599 3350 4653 multa
3374 4616 3489 4655 ma-

1899 4688 1977 4739 ria
2007 4695 2241 4755 tegeret;
2274 4686 2319 4741 si
2349 4695 2492 4740 tanta
2523 4687 2753 4757 taliaque
2782 4686 3000 4741 ﬂumina
3028 4688 3297 4743 inﬂuentis
3320 4732 3335 4755 ,
3370 4706 3490 4762 qum

1900 4776 2116 4846 pietatis
2160 4792 2309 4833 mare
2352 4777 2701 4842 constituunt,
2745 4789 2803 4832 se
2843 4780 3084 4847 superari
3116 4782 3346 4835 fatentur
3373 4823 3388 4845 ,
3435 4792 3490 4840 ut

1901 4867 2185 4921 ostendant
2222 4868 2339 4937 ejus
2367 4868 2456 4936 qui
2502 4867 2821 4937 praedicatur
2859 4869 3149 4938 potentiam
3185 4887 3198 4923 :
3230 4880 3376 4927 tanto
3402 4887 3490 4926 sa-

1902 4958 2116 5027 pientiae
2146 4959 2335 5030 pelago
2374 4960 2651 5029 proposito
2675 5000 2689 5024 ,
2736 4959 2862 5029 quid
2910 4974 3031 5015 esse
3074 4962 3339 5017 videbitur
3366 4979 3488 5034 per-

1902 5064 2060 5118 quam
2092 5050 2281 5120 exigua
2304 5051 2451 5106 verbi
2479 5051 2658 5105 stilla?
2692 5050 2885 5106 Verum
2908 5062 3124 5122 torpere
3149 5070 3257 5109 non
3294 5055 3447 5110 decet
3472 5098 3487 5121 ,

1903 5139 2111 5194 etiamsi
2137 5140 2205 5195 ad
2225 5141 2646 5212 magnitudinem
2680 5141 2962 5211 theologia:
2986 5144 3367 5213 respiciamus;
3395 5148 3488 5202 sed

1905 5229 2001 5284 Dei
2032 5231 2367 5300 pr0positum
2401 5230 2764 5301 spectantibus
2792 5231 2970 5286 divina
2996 5232 3239 5288 doctrina
3266 5236 3489 5295 ﬁdenter

1903 5330 1986 5375 est
2013 5320 2279 5375 adeunda.
2308 5322 2534 5377 Praemia
2562 5322 2759 5392 quippe
2780 5336 2876 5377 sua
2902 5323 3041 5377 Deus
3066 5323 3355 5391 distribuit,
3385 5344 3489 5385 non

1905 5426 2002 5480 pro
2046 5411 2305 5482 dignitate
2353 5428 2539 5467 eorum
2586 5428 2704 5483 quae
2749 5413 3029 5478 dicuntur,
3068 5415 3161 5470 sed
3197 5419 3488 5475 secundum

1905 5502 2306 5571 praedicandum
2332 5502 2603 5568 allectum,
2631 5510 2686 5558 et
2713 5502 3008 5557 secundum
3034 5505 3333 5562 auditorum
3356 5510 3487 5563 cari-

1905 5603 2089 5649 tatem.
2119 5594 2197 5649 Ac
2216 5593 2663 5665 quemadmodum
2691 5602 2867 5664 patres
2891 5594 3058 5665 prolis
3077 5607 3341 5663 amantes,
3367 5615 3485 5655 cum

1905 5685 2042 5742 lilios
2066 5700 2193 5741 suos
2220 5685 2403 5742 vident
2420 5685 2800 5752 balbutientes,
2830 5694 2883 5743 et
2907 5687 3085 5744 verbis
3108 5688 3494 5764 claudicantes,

1972 5842 1989 5875 ι
2018 5849 2197 5901 negtiis
2212 5855 2355 5904 unus,
2382 5842 2519 5905 liii,
2546 5841 2707 5908 drﬁt’it
2730 5851 2774 5894 et
2801 5849 2973 5907 tanta.
