4126 6488
654 435 763 493 775

654 567 762 623 rion
791 551 948 607 verba
972 550 1146 607 minus
1165 549 1441 605 articulate
1460 549 1665 619 prolata
1692 547 2005 617 respiciunt,
2028 547 2120 603 sed
2146 546 2221 603 al-

651 640 849 697 lectum
879 652 1102 709 naturae,
1131 643 1363 714 ipsisque
1389 642 1533 696 omni
1560 640 1828 696 rhetorice
1853 650 2107 711 apparatu
2125 682 2141 706 ,
2169 650 2225 696 et

654 733 1019 806 philosophica
1059 734 1384 789 sublimitate
1407 732 1687 803 jucundior
1705 744 1790 787 est
1818 731 1906 786 illa
1936 746 2224 802 puerorum

658 824 920 879 balbuties
950 838 969 880 :
994 823 1072 879 sic
1094 833 1254 879 etiam
1282 824 1425 879 Deus
1446 837 1551 878 non
1592 823 1798 893 linguas
1836 832 2045 877 nostras
2080 822 2221 877 circa

653 915 974 987 theologiam
1011 915 1405 981 balbutientcs,
1452 915 1546 971 sed
1590 929 1826 971 amorem
1872 913 2223 984 an‘ectumque

651 1016 893 1060 nostrum
918 1006 1154 1075 respicit,
1184 1006 1435 1076 quoniam
1468 1005 1570 1060 fide
1592 1003 1939 1075 prmdicamus
1963 1012 2019 1059 et
2039 1017 2222 1059 amore

648 1096 1008 1152 celebramus.
1064 1095 1177 1151 Non
1207 1104 1383 1166 potest
1415 1096 1557 1151 enim
1605 1095 1836 1151 humana
1873 1094 2049 1165 lingua
2078 1095 2223 1150 clare

646 1186 789 1258 loqui
815 1228 831 1251 ,
877 1186 971 1241 sed
1012 1184 1272 1256 quidquid
1315 1185 1383 1241 de
1426 1186 1533 1240 Deo
1568 1184 1799 1240 dicimus
1880 1184 2223 1240 balbutiendo

646 1278 983 1347 proferimus.
1028 1276 1241 1345 Quare?
1283 1277 1543 1344 Quoniam
1593 1277 1789 1332 Paulus
1831 1276 1946 1346 ipse
1980 1276 2219 1331 clamat:

648 1371 732 1426 Es
755 1380 897 1442 parte
917 1371 1258 1442 cognoscimus
1286 1379 1335 1424 et
1362 1386 1424 1425 ea:
1451 1378 1592 1439 parte
1617 1368 1970 1441 prophetarum
1999 1370 2076 1439 (1.
2098 1375 2218 1425 ων.

646 1464 732 1519 15.
763 1463 843 1534 9).
872 1465 1121 1517 Attamen
1141 1462 1350 1518 etiamsi
1380 1460 1754 1529 balbutiamus,
1786 1460 2220 1532 pradicationem

646 1556 795 1626 pacis
823 1555 979 1610 nobis
1012 1555 1152 1611 Deus
1184 1554 1473 1610 commisit.
1504 1554 1859 1622 Quamobrem
1890 1554 2083 1608 clamat
2113 1553 2222 1609 lle-

642 1646 782 1701 saias
808 1663 822 1699 :
846 1646 915 1699 Et
936 1646 1122 1716 lingua
1137 1646 1395 1699 bulborum
1415 1645 1602 1701 discent
1624 1644 1761 1713 loqui
1778 1661 1952 1716 pacem
1973 1642 2023 1713 (1
2028 1643 2219 1700 sai.32.

642 1739 722 1807 4).
756 1737 995 1807 Agedum
1036 1751 1377 1792 communem
1429 1735 1641 1790 Patrem
1689 1735 2075 1804 Dominumque
2120 1749 2221 1789 no-

641 1839 811 1883 atrum
840 1827 1197 1883 balbutientes
1225 1827 1407 1897 paucis
1436 1826 1774 1895 alloquamur
1797 1867 1812 1892 ,
1838 1825 1928 1895 qui
1966 1823 2218 1894 dignatus

640 1927 725 1975 est
748 1918 1018 1989 discipulis
1041 1917 1245 1985 dicere,
1280 1916 1497 1972 Pueruli
1526 1916 1701 1991 (Joan.
1731 1917 1820 1971 13.
1851 1915 1942 1987 35)
1984 1932 1999 1970 :
2029 1930 2152 1970 nam
2175 1915 2221 1970 si

642 2024 835 2081 pueros
871 2019 1069 2076 vocat,
1117 2008 1478 2065 balbutientes
1523 2022 1713 2077 pueros
1759 2007 1915 2063 feret.
1957 2007 2219 2075 Quoniam

641 2115 768 2155 vero
792 2100 925 2154 dixit
952 2114 1073 2155 eum
1103 2108 1431 2168 assumptum
1458 2112 1581 2153 esse
1606 2100 1657 2152 in
1695 2098 1877 2165 cados,
1901 2107 1957 2153 et
1991 2098 2076 2152 illa
2106 2096 2223 2167 ejus

639 2193 953 2248 celebranda
975 2192 1235 2247 Ascensio
1256 2192 1542 2263 praedicata
1566 2201 1669 2258 est,
1692 2208 1798 2247 non
1829 2200 2070 2260 tempore
2092 2207 2222 2248 con-

639 2284 872 2340 cluditur
897 2284 1089 2356 gratia,
1121 2298 1297 2355 neque
1319 2283 1509 2339 diebus
1535 2283 1989 2341 circumscribitur
2011 2283 2221 2341 theolo-

708 2470 761 2523 2.
793 2467 1228 2539 Quandoquidem
1273 2476 1449 2523 autem
1475 2482 1597 2523 cum
1632 2466 1922 2524 ascendere
1954 2466 2221 2522 vellemus

640 2560 693 2614 in
720 2559 950 2615 Montem
992 2560 1251 2614 olivarum
1275 2599 1291 2624 ,
1320 2558 1594 2629 prapediti
1622 2573 1805 2613 sumus
1829 2598 1844 2624 ,
1876 2567 1934 2613 ut
1977 2559 2223 2615 Christus

638 2652 805 2716 novit,
836 2660 890 2705 et
913 2648 1240 2720 prapositum
1267 2657 1506 2704 nostrum
1532 2649 1772 2704 cohibuit
1791 2649 1930 2704 aeris
1956 2649 2221 2718 intempe-

636 2742 743 2797 ries
779 2750 832 2797 et
862 2740 1042 2811 populi
1084 2738 1378 2809 frequentia
1408 2738 1562 2810 (haec
1588 2755 1749 2810 porro
1766 2739 1887 2794 dico
1914 2749 1970 2794 ut
1996 2754 2177 2795 eortnn
2201 2779 2222 2807 ,

637 2835 725 2904 qui
764 2833 815 2888 id
847 2833 974 2887 mihi
1003 2833 1131 2888 vitio
1153 2841 1363 2888 vertere
1392 2832 1620 2898 vellent,
1654 2833 2012 2902 suspicionem
2039 2832 2226 2903 prmci-

638 2923 806 2997 dam),
828 2924 1076 2997 [cumque
1096 2924 1357 2979 dictorum
1380 2924 1771 2980 multitudinem
1796 2924 2221 2991 considerantes,

638 3015 847 3070 dicendi
874 3015 980 3071 cito
1005 3014 1161 3069 linem
1182 3013 1484 3080 fecerimus,
1508 3030 1574 3069 ne
1602 3014 1863 3069 dictorum
1890 3015 2224 3071 multitudine

637 3106 947 3160 memoriam
966 3114 1197 3160 vestram
1212 3105 1582 3170 obrucremus,
1603 3104 1761 3161 hodie
1781 3104 2015 3160 debitum
2044 3104 2224 3161 reddi-

637 3210 775 3251 mus.
794 3196 1003 3251 Etenim
1026 3196 1281 3265 lexjussit
1297 3197 1313 3228 ⁸
1332 3194 1352 3269 ]
1382 3210 1503 3251 eum
1518 3196 1609 3267 qui
1632 3197 1802 3267 primo
1821 3212 2003 3253 mense
2019 3197 2222 3254 Pascha

638 3304 748 3342 non
796 3288 1167 3355 celebrasset,
1197 3288 1433 3343 secundo
1478 3304 1664 3343 mense
1714 3289 1947 3345 debitum
1992 3291 2220 3346 solvere.

636 3377 781 3447 Opus
804 3386 978 3431 autem
1005 3384 1089 3431 est
1114 3387 1169 3431 ut
1188 3376 1387 3443 sciatis,
1410 3378 1628 3433 verbum
1642 3379 1732 3433 Dei
1750 3395 1854 3435 non
1872 3380 2218 3450 temporibus,

639 3482 744 3523 non
769 3468 955 3523 diebus
981 3467 1382 3533 circumscribi;
1415 3468 1506 3524 sed
1534 3469 1767 3539 quotidie
1794 3469 2221 3540 medicationem

640 3559 921 3614 admittere
945 3559 1014 3615 de
1039 3574 1219 3626 cruce,
1240 3558 1308 3614 de
1335 3561 1603 3629 passione,
1624 3560 1693 3617 de
1718 3563 2130 3625 resurrectione.
2153 3561 2222 3618 de

638 3650 969 3714 ascensione,
1000 3648 1069 3704 de
1095 3648 1329 3705 secundo
1365 3650 1614 3705 adventu.

708 3741 763 3795 3.
802 3740 1041 3811 Cumque
1066 3741 1087 3773 '
1119 3755 1283 3810 pauca
1326 3755 1392 3795 ex
1439 3741 1632 3797 divinis
1685 3742 1863 3798 verbis
1896 3758 2015 3814 quae
2062 3744 2221 3801 hodie

635 3829 771 3886 lecta
821 3840 944 3885 sunt
982 3838 1107 3884 ante
1155 3830 1648 3900 prrelibaverimus,
1677 3846 1849 3903 exque
1902 3834 2222 3904 evangelicis

636 3921 869 3975 fontibus
894 3920 1245 3986 hauserimus,
1268 3921 1347 3976 sic
1365 3921 1432 3977 ad
1450 3923 1855 3993 promissionem
1878 3926 2215 3982 accedamus.

641 4012 767 4067 Cum
786 4029 897 4066 sero
922 4022 1067 4080 esset,
1089 4012 1170 4067 die
1196 4013 1313 4079 illa,
1338 4030 1441 4067 una
1469 4014 1813 4082 sabbatorum,
1844 4032 1957 4069 cum
1982 4016 2115 4085 [ores
2138 4034 2217 4071 es-

636 4112 745 4157 sent
780 4103 967 4157 claim
1005 4103 1088 4157 ubi
1117 4113 1260 4157 eram
1284 4105 1524 4173 discipuli
1567 4106 1888 4177 congregati,
1913 4110 2044 4161 venit
2070 4108 2221 4164 Jesus

634 4192 812 4262 (Joan.
833 4193 923 4249 20.
952 4192 1061 4264 19).
1083 4193 1157 4247 Ex
1185 4209 1292 4264 quo
1318 4194 1569 4250 Servatur
1594 4198 2038 4253 resurrectionem
2066 4200 2220 4254 nobis

634 4284 866 4354 paravit,
899 4298 1021 4339 raro
1054 4294 1276 4355 apparet
1305 4304 1317 4341 :
1346 4286 1568 4357 aliisque
1619 4301 1649 4341 a
1702 4287 1974 4343 Dominica
2030 4290 2219 4345 diebus

632 4375 907 4444 discipulis
934 4389 1054 4430 sese
1081 4376 1320 4432 exhibet.
1352 4376 1806 4445 Quemadmodum
1829 4380 1970 4435 enim
1996 4381 2218 4452 singulis

632 4464 866 4518 sabbatis
912 4478 1232 4535 synagogam
1260 4465 1476 4533 adibat,
1503 4477 1561 4523 ut
1605 4468 1850 4538 impleret
1893 4470 2061 4539 legem
2096 4489 2110 4525 :
2139 4472 2217 4527 sic

635 4570 699 4608 ex
727 4568 834 4623 quo
858 4556 1297 4610 resurrectionem
1326 4557 1552 4626 paravit,
1573 4567 1624 4613 et
1648 4560 1836 4629 pignus
1862 4560 2059 4614 tnundo
2080 4570 2219 4615 attu-

634 4642 711 4707 lit,
738 4643 824 4697 die
845 4644 1113 4698 Dominica
1138 4661 1396 4715 apparere
1417 4650 1640 4714 curavit,
1658 4664 1763 4703 una
1778 4647 2141 4715 sabbatorum,
2162 4665 2219 4707 ut

634 4742 833 4787 sancta:
855 4733 1144 4789 Dominica:
1173 4735 1576 4792 fundamentum
1595 4749 1832 4806 poneret.
1856 4739 1989 4795 Nam
2015 4757 2133 4812 qua:
2149 4742 2214 4797 ad

629 4824 845 4879 sabbata
879 4826 1206 4893 spectabant,
1229 4827 1386 4882 linem
1409 4826 1693 4893 habebant,
1712 4839 1764 4884 et
1779 4830 2046 4885 Dominica
2076 4832 2213 4897 dies,

629 4914 831 4969 scilicet
854 4916 1289 4982 resurrectionis,
1324 4917 1527 4971 initium
1567 4919 1824 4985 ducebat,
1856 4931 1915 4975 ut
1955 4921 2022 4977 de
2050 4939 2216 4993 nuper

626 5006 781 5061 dictis
796 5008 847 5061 in
867 5008 1119 5063 memoria
1142 5010 1332 5063 tenetis
1348 5008 1501 5065 '.Cur
1517 5011 1698 5066 beatus
1711 5012 1987 5069 Matthazus
1998 5016 2215 5070 sabbata

631 5099 950 5167 inscribens,
972 5108 1026 5153 et
1048 5100 1217 5155 sacris
1244 5100 1533 5156 Dominicis
1562 5102 1695 5157 dans
1722 5104 1949 5170 initium,
1980 5107 2209 5173 dicebat,

642 5189 851 5259 Vespere
865 5189 1209 5243 sabbatorum?
1227 5191 1360 5257 Quia
1377 5192 1499 5247 ﬁnis
1516 5202 1648 5259 erat,
1667 5203 1719 5248 et
1736 5210 1953 5265 vespera
1976 5198 2209 5266 priorum

628 5282 989 5348 sabbatorum,
1019 5282 1145 5349 Qua:
1178 5284 1379 5338 lucescit
1420 5285 1473 5338 in
1511 5301 1612 5338 una
1651 5288 1968 5343 sabbatorum
1994 5290 2208 5357 (Matth.

626 5372 717 5429 28.
751 5374 828 5442 1).
856 5373 1115 5443 Apparuit
1134 5373 1292 5443 igitur
1316 5390 1438 5430 cum
1468 5379 1869 5445 resurrexisset,
1891 5396 1995 5435 una
2022 5383 2210 5437 sabba-

692 5482 969 5553 ‘IOttubon.
997 5491 1049 5533 et
1070 5490 1185 5553 Heg.
1214 5485 1351 5553 lin,
1378 5486 1483 5536 loco
1513 5486 1702 5553 illorum
1738 5504 1849 5553 qua:
1886 5495 2073 5545 uncinis
2093 5509 2209 5547 con-

624 5543 903 5621 Q9994“;
918 5543 1173 5621 Ϊδὲξὲμθψβ
1196 5543 1438 5621 Ῡθῖθῗιίηίέ
1465 5543 1811 5621 Μυαξίιιιιίηεὶιέ
1841 5543 2069 5621 PII/cule};
2094 5543 2207 5619 ῥέῖ.

1090 5614 1141 5657 ut
1184 5608 1266 5671 qui
1304 5609 1514 5661 homines
1553 5612 1702 5667 simus
1724 5652 1737 5673 ,
1778 5604 1955 5677 (uilitas
1979 5604 2205 5682 olims.

696 5728 1385 5807 1timeLouiniawdesiderantur
1418 5733 1592 5807 in_cod.
1618 5739 1761 5802 Regio
1801 5738 1940 5798 3030,
1967 5754 2121 5807 usque
2144 5745 2203 5796 ad

634 5787 737 5837 hmo.
755 5787 921 5847 verba,
941 5802 991 5839 n.
1023 5790 1072 5846 7,
1103 5792 1281 5850 Venite,
1307 5798 1637 5847 αδευηαιυηιιδ.

705 5852 724 5880 ³
745 5850 823 5899 Sic
846 5863 872 5899 ρ
892 5856 1005 5911 ht‘g.
1035 5851 1167 5901 1089.
1197 5860 1245 5901 In
1279 5861 1341 5900 Β..
1374 5861 1597 5907 (curatus;

1443 436 1500 493 8.
1538 433 1815 494 JOANNIS
1850 432 2327 491 ωιίἴδύειτυὶίι
2365 432 2680 491 ARClilEP.
2708 431 3243 491 CONSTANI'INOP.

3828 433 3931 489 776

2333 556 2509 603 torum
2540 548 2655 619 ipso
2680 548 2768 605 die
2793 559 2991 606 sanctze
3013 548 3311 605 festivitatis
3343 550 3802 619 Resurrectinnis,
3832 555 3924 606 la.

2330 643 2445 695 nuis
2463 641 2669 707 clausis,
2687 641 2771 695 ubi
2787 652 2931 696 eram
2946 641 3185 709 discipuli
3202 646 3489 715 congregati
3509 657 3719 716 propter
3737 658 3927 702 metam

2329 730 2648 801 luditur-um,
2669 734 2801 787 venit
2815 731 2989 796 lesus,
3010 743 3058 788 et
3078 733 3214 788 stetit
3233 734 3287 787 in
3306 736 3471 789 medio
3489 733 3670 808 (Joan.
3689 737 3779 793 ‘20.
3808 739 3927 807 19).

2323 825 2536 897 Quippe
2562 828 2651 883 ubi
2679 836 2853 883 metus
2872 829 3046 897 adest,
3066 829 3281 884 advenit
3304 830 3369 897 is,
3393 830 3483 900 qui
3508 839 3708 886 metum
3736 830 3926 895 solvit;

2330 918 2419 973 ubi
2448 928 2735 989 tempestas
2758 919 2985 991 ingruit,
3013 919 3220 991 fulgent
3246 935 3311 976 ea
3333 937 3453 991 qua:
3481 920 3929 991 tranquillitatem

2329 1020 2549 1082 parant;
2577 1010 2666 1066 ubi
2690 1011 2837 1067 videt
2864 1012 3113 1080 scapham
3142 1010 3391 1068 ﬂuctibus
3416 1014 3693 1082 agitatam,
3727 1011 3928 1081 guber-

2329 1102 2576 1157 naculum
2620 1102 2856 1157 scientize
2902 1101 3096 1159 affert:
3129 1102 3417 1172 procellam
3447 1102 3639 1169 sedat,
3668 1103 3926 1173 scapham

2332 1209 2387 1249 tu
2417 1194 2761 1263 tranquillum
2793 1194 2968 1250 locum
2998 1195 3146 1251 ducit
3166 1236 3182 1259 ,
3213 1194 3479 1266 ingruenti
3504 1195 3927 1251 timoris'morbo

2329 1282 2623 1339 remedium
2651 1283 2888 1339 adhibet.
2913 1283 3063 1340 Stetit
3090 1284 3145 1338 in
3170 1284 3426 1350 medio;et
3451 1285 3579 1355 quid
3609 1284 3774 1341 dicit?
3810 1284 3929 1339 Pa:

2327 1372 2484 1429 ~obis.
2515 1372 2593 1428 Ne
2616 1371 2833 1429 ﬂuctuet
2874 1388 3028 1429 mens
3054 1384 3267 1443 vestra,
3304 1391 3373 1431 ne
3406 1376 3688 1431 turbentur
3720 1376 3927 1446 cogita-

2332 1464 2506 1518 tiones
2533 1503 2549 1530 ,
2594 1478 2664 1519 ne
2711 1463 3069 1521 formidulosis
3114 1466 3525 1536 cogitationibus
3577 1468 3730 1539 quasi
3778 1470 3935 1523 bello

2328 1556 2650 1612 moveamini
2679 1573 2694 1610 :
2724 1555 2840 1611 Pax
2880 1558 3037 1613 nobis.
3066 1557 3175 1612 Pax
3204 1556 3399 1614 bellum
3430 1559 3499 1615 de
3528 1560 3711 1615 ntedio
3752 1562 3925 1622 tollit,

2327 1660 2529 1704 metum
2571 1649 2765 1715 solvit,
2793 1649 3122 1705 inimicitiam
3163 1650 3445 1706 eliminat’:
3474 1649 3596 1705 Pas:
3624 1653 3781 1705 vobis.
3815 1652 3928 1707 Pax

2328 1754 2359 1794 a
2386 1740 2495 1795 Deo
2523 1755 2667 1811 saepe
2711 1740 2836 1797 data
2882 1740 3188 1798 hominibus
3212 1752 3293 1798 est
3316 1784 3334 1811 ,
3358 1755 3415 1798 at
3458 1760 3565 1799 non
3605 1746 3927 1800 auctoritate

2328 1836 2626 1903 patientiae
2652 1841 2707 1891 et
2727 1849 2974 1905 persona:
2996 1850 3127 1903 suae,
3156 1836 3251 1892 sed
3280 1851 3376 1907 per
3397 1837 3640 1908 angelos,
3675 1854 3771 1908 per
3797 1852 3923 1907 pro-

2329 1924 2534 1996 phetas,
2564 1941 2659 1996 per
2680 1925 2855 1995 justus
2879 1944 2894 1981 :
2917 1926 3065 1983 solus
3087 1927 3355 1995 Servatur,
3387 1929 3501 1998 ipse
3521 1943 3763 1999 praeeris
3785 1968 3802 1995 ,
3830 1943 3925 1997 pa-

2327 2030 2445 2071 cem
2470 2015 2637 2073 dedit.
2669 2017 2871 2073 Danieli
2912 2033 3016 2089 pax
3058 2018 3183 2074 data
3222 2030 3343 2085 est,
3373 2021 3470 2076 sed
3512 2036 3608 2091 per
3648 2021 3921 2091 angelum.

2331 2105 2485 2162 Visus
2514 2116 2596 2162 est
2628 2107 2833 2163 Danieli
2872 2109 3092 2179 angelus
3119 2119 3176 2164 et
3197 2110 3331 2165 dixit
3356 2128 3370 2166 :
3403 2109 3521 2166 Pax
3541 2110 3652 2175 tibi,
3682 2113 3757 2165 sit
3786 2113 3924 2165 desi-

2328 2201 2583 2256 deriorum
2608 2242 2625 2269 ,
2671 2202 2867 2272 fortiter
2914 2204 3223 2272 uiriliterque
3267 2219 3363 2275 age
3387 2244 3404 2270 ,
3453 2204 3708 2258 Dominus
3760 2215 3926 2259 rem»

2330 2293 2492 2365 (Dan.
2523 2292 2610 2348 10.
2643 2292 2755 2364 19).
2790 2292 2948 2348 Visus
2976 2303 3059 2350 est
3082 2310 3294 2366 quoque
3324 2294 3563 2352 Gedeoni
3590 2297 3850 2367 angelus,
3871 2306 3929 2351 et

2329 2384 2465 2441 dixit
2493 2402 2507 2439 :
2543 2382 2659 2439 Pax
2683 2385 2770 2439 tibi
2800 2382 2953 2455 (Jud.
2980 2383 3034 2440 6.
3062 2385 3181 2455 25).
3202 2386 3388 2457 Angeli
3418 2387 3597 2457 itaque
3623 2402 3807 2456 pacem
3832 2388 3923 2441 de.

2328 2477 2542 2545 derunt,
2565 2479 2659 2535 sed
2681 2480 2917 2533 nondum
2944 2478 3203 2535 Dominus
3222 2480 3555 2550 angelorum;
3588 2496 3686 2551 per
3711 2482 3924 2535 nuntios

2328 2570 2493 2637 misit,
2519 2570 2660 2641 quod
2691 2571 3052 2643 evangelicum
3083 2586 3268 2643 pacem
3312 2572 3412 2629 sibi
3443 2584 3767 2630 reservaret.
3796 2573 3924 2629 Pru-

2328 2661 2504 2730 phetze
2525 2676 2655 2716 vero
2683 2676 2803 2716 cum
2834 2675 2978 2732 ωερε
2999 2662 3068 2717 ab
3090 2663 3295 2732 angelis
3322 2678 3509 2733 pacem
3546 2665 3883 2733 accepissent
3902 2706 3918 2730 ,

2330 2766 2513 2821 pacem
2553 2752 2806 2808 sitiebant
2833 2753 2997 2823 ipsius
3026 2768 3253 2824 persona
3285 2764 3341 2810 et
3373 2757 3694 2812 auctoritate
3716 2757 3918 2811 datanu

2331 2843 2454 2900 Ideo
2474 2845 2740 2901 clamabat
2768 2846 3008 2913 Hesaias,
3030 2845 3249 2901 Domine
3274 2846 3411 2902 Deus
3437 2858 3629 2915 noster,
3662 2866 3837 2921 pacem
3855 2853 3920 2903 de

2331 2937 2474 2991 nobis
2505 2935 2655 3009 (lsai.
2687 2937 2776 2992 26.
2811 2937 2904 3008 12)
2934 2958 2949 2995 :
2975 2952 3081 2993 non
3114 2954 3209 3008 per
3234 2939 3397 3003 alios,
3429 2939 3524 2994 sed
3557 2954 3655 3010 per
3686 2942 3912 3011 teipsum

2330 3041 2514 3096 pacem
2561 3028 2627 3083 da
2666 3028 2842 3083 nobis.
2875 3028 3076 3084 Deinde
3102 3030 3395 3085 secundum
3426 3032 3792 3099 precationem
3832 3048 3916 3087 re-

2328 3119 2548 3187 sponsio
2575 3116 2843 3188 profertur
2866 3136 2881 3173 :
2908 3118 3096 3174 Pacem
3120 3137 3281 3174 meum
3302 3121 3368 3175 do
3392 3122 3549 3177 vobis.
3582 3121 3790 3177 Etcum
3816 3124 3917 3177 har:

2329 3208 2574 3275 dixisset,
2604 3211 2821 3263 ostendit
2847 3210 2919 3263 eis
2946 3227 3128 3264 manus
3170 3221 3218 3265 et
3249 3212 3382 3265 latus
3412 3211 3604 3282 (Joan.
3636 3214 3727 3268 M.
3756 3213 3846 3268 27.
3871 3225 3921 3266 et

2327 3297 2418 3352 20.
2444 3298 2557 3367 20).
2583 3299 3041 3367 Quemadmodum
3083 3302 3225 3356 enim
3267 3301 3373 3356 dux
3403 3317 3435 3357 e
3458 3302 3600 3358 bello
3626 3318 3875 3359 reversus
3896 3348 3911 3366 ,

2329 3391 2637 3445 victricibus
2660 3391 2829 3461 plagis
2848 3400 3092 3459 ornatus,
3116 3394 3335 3448 vulnera
3362 3409 3469 3448 non
3499 3395 3788 3456 erubescit;
3801 3406 3920 3451 sunt

2328 3483 2471 3537 enim
2518 3481 2604 3536 illa
2633 3482 2847 3537 coronis
2893 3484 3019 3553 ipsis
3044 3484 3404 3553 splendidiora
3432 3500 3447 3538 :
3479 3488 3559 3541 sic
3594 3498 3646 3541 et
3675 3487 3920 3542 Set’Vatut'

2330 3574 2549 3628 vulnera
2601 3588 2698 3642 pro
2735 3574 2990 3640 veritate,
3023 3585 3077 3629 et
3102 3590 3197 3646 pro
3224 3578 3493 3632 communi
3519 3594 3714 3648 genere
3739 3596 3921 3634 DOSIrtI

2328 3672 2546 3732 accepta
2586 3677 2693 3717 non
2722 3663 2890 3733 tegit,
2917 3665 3010 3719 sed
3058 3666 3258 3721 revelat
3281 3708 3296 3732 ,
3326 3676 3381 3722 ut
3408 3682 3558 3723 suam
3596 3668 3923 3726 demonsuet

2330 3754 2716 3811 fortitudinem.
2766 3756 3011 3812 Ostendit
3046 3774 3236 3815 manus
3281 3761 3332 3814 in
3372 3760 3565 3829 quibus
3602 3774 3719 3818 erat
3756 3768 3920 3820 lixura

2327 3848 2631 3914 clavormn;
2660 3848 2895 3904 ostendit
2917 3858 2973 3904 et
3011 3850 3150 3905 latus
3173 3891 3187 3914 ,
3214 3852 3356 3905 unde
3382 3852 3538 3909 nobis
3567 3852 3688 3908 fons
3714 3865 3910 3925 myste-

2329 3936 2529 3991 riorum
2571 3938 2871 3994 scaturivit.
2908 3941 3151 3995 Ostendit
3187 3957 3411 4011 manus,
3439 3954 3498 3999 ut
3544 3950 3917 4003 resurrectioni

2327 4028 2486 4083 fidem
2519 4029 2736 4095 faceret,
2755 4040 2813 4085 ut
2838 4034 3095 4087 certiores
3118 4032 3315 4088 faceret
3339 4050 3456 4102 eos,
3482 4036 3575 4106 qui
3592 4036 3911 4099 dubitarent.

2326 4134 2447 4173 eum
2475 4120 2563 4189 qui
2602 4136 2790 4191 passus
2821 4121 2992 4177 fuerat
3031 4125 3391 4181 resurrexisse
3414 4166 3430 4191 ,
3459 4142 3762 4199 corpuslue
3791 4147 3915 4185 vere

2326 4223 2595 4267 mortuum
2617 4224 2671 4268 et
2690 4214 2955 4284 sepultum
2977 4217 3255 4271 revixisse.

2397 4306 2450 4359 4.
2482 4304 2654 4359 (invisi
2677 4316 2794 4359 sunt
2819 4308 3057 4377 discipuli
3081 4310 3187 4363 uiso
3214 4309 3433 4366 Domino
3458 4311 3641 4379 (Joan.
3674 4316 3766 4371 20.
3799 4317 3909 4388 21)).

2327 4392 2435 4447 Pax
2466 4393 2587 4448 data
2616 4407 2700 4450 est
2719 4437 2735 4461 ,
2764 4405 2940 4452 metus
2962 4397 3165 4454 solutus
3194 4411 3277 4455 est
3299 4443 3314 4468 ,
3341 4404 3511 4473 gratia
3542 4404 3740 4463 ﬂoruit.
3777 4409 3913 4464 Dixit

2328 4500 2446 4554 ergo
2484 4486 2588 4539 illis
2620 4487 2837 4552 iterum,
2873 4487 2986 4544 l’aa:
3026 4492 3161 4547 vobis
3182 4492 3299 4565 (Ib.
3330 4511 3379 4549 υ.
3410 4495 3523 4567 21).
3556 4498 3666 4553 Cur
3701 4502 3913 4557 iterum?

2332 4573 2428 4630 Ubi
2479 4576 2592 4629 vult
2637 4575 2775 4631 dona
2814 4581 2998 4649 gratiae
3026 4580 3281 4649 fundare,
3310 4585 3473 4641 etiam
3517 4587 3916 4648 benedictionis

2327 4666 2519 4721 iterat:
2542 4670 2983 4739 quemadmodum
3010 4674 3135 4729 fecit
3156 4686 3209 4731 et
3234 4678 3542 4735 Ahrahamo
3568 4698 3583 4735 :
3608 4680 3913 4740 Benediccus

2327 4757 2611 4813 benedicam
2634 4761 2719 4813 tibi
2728 4803 2741 4824 ,
2765 4772 2811 4815 et
2830 4763 3172 4835 multiplicans
3199 4768 3547 4837 multiplicabo
3576 4782 3625 4825 te
3647 4773 3801 4844 (Gen.
3824 4775 3910 4830 23.

2325 4847 2414 4918 17)
2443 4866 2455 4901 :
2483 4850 2562 4904 sic
2589 4860 2698 4903 tum
2731 4852 3002 4921 proximis,
3028 4866 3137 4909 tum
3164 4859 3348 4928 procul
3371 4862 3557 4931 positis
3587 4867 3705 4933 paci
3734 4882 3910 4936 pacem

2325 4938 2527 5008 adjicit.
2559 4941 2703 4996 Sicut
2738 4943 2870 4999 misit
2908 4962 2990 5001 me
3026 4946 3218 5016 Pater,
3245 4960 3293 5005 et
3318 4968 3410 5023 ego
3449 4955 3590 5009 mitto
3620 4962 3708 5013 eos
3734 4959 3908 5029 (Joau.

2319 5029 2410 5085 20.
2427 5030 2544 5101 21).
2573 5034 2819 5103 Attemle,
2840 5052 3053 5107 quaeso;
3080 5040 3202 5097 vide
3230 5046 3503 5113 quomodo
3529 5049 3596 5103 ad
3627 5051 3904 5109 humanam

2323 5123 2545 5217 [urinam
2588 5129 2941 5185 meorumniam
2986 5134 3177 5203 rapiat.
3203 5134 3319 5192 Non
3357 5138 3491 5194 dixit
3513 5182 3528 5206 ,
3560 5142 3711 5199 Sicut
3731 5152 3905 5217 genuit

2319 5230 2405 5270 me
2435 5215 2594 5271 Pater
2623 5237 2635 5273 :
2663 5219 2846 5276 missio
2874 5224 3016 5279 enim
3058 5224 3341 5285 humanam
3390 5231 3616 5291 formam
3657 5215 3901 5300 ostniulil.

2318 5305 2375 5361 ιιι
2412 5322 2539 5363 vero
2582 5309 2886 5380 frequenter
2926 5314 3254 5385 indicamus,
3288 5322 3412 5391 quia
3458 5324 3510 5378 id
3552 5332 3899 5388 (economiatn

2315 5396 2569 5455 declarat.
2598 5400 2713 5467 Ubi,
2741 5403 2929 5474 inquit,
2960 5408 3155 5463 nudam
3181 5420 3427 5468 naturam
3447 5416 3673 5488 profert,
3696 5420 3897 5479 Patrem

2314 5502 2472 5561 atque
2490 5494 2679 5551 Filium
2708 5499 2980 5568 praedicat.
3005 5501 3151 5558 Sicut
3175 5507 3309 5560 misit
3335 5526 3431 5564 me.
3458 5510 3741 5579 Quomodo
3764 5516 3900 5574 misit

2316 5586 2409 5639 te?
2436 5588 2689 5656 Attende,
2718 5607 2917 5660 qutuso.
2946 5594 3134 5651 Missus
3164 5612 3223 5652 es
3246 5597 3498 5656 Dominus
3521 5602 3591 5659 de
3617 5605 3774 5671 caelo;
3797 5622 3897 5677 quo

2314 5688 2467 5748 pacto
2497 5682 2511 5713 ’
2543 5683 2615 5736 ita
2654 5684 2864 5741 mittere
2896 5696 3133 5756 potesut
3159 5689 3315 5746 Pater
3352 5701 3405 5749 te
3434 5695 3616 5750 misit?
3636 5697 3752 5755 Non
3781 5715 3894 5757 ωας

2382 5813 2395 5842 ι
2432 5813 2551 5886 Cod.
2570 5821 2688 5886 ueg.
2717 5817 2840 5886 1186
2863 5821 2933 5886 sic
2955 5819 3107 5871 habet
3133 5835 3143 5867 :
3170 5822 3339 5874 Missus
3362 5833 3432 5876 cst
3471 5828 3700 5884 Dmniraus
3722 5833 3782 5885 de
3801 5846 3890 5886 tto-

2317 5872 2359 5922 ίθ
2384 5887 2393 5917 δ
2420 5876 2615 5935 "Vo-5m“
2634 5872 2726 5929 ἦριι
2745 5883 2803 5931 de
2829 5880 2947 5933 (mlo
2980 5890 3090 5932 smn
3115 5897 3131 5940 ;
3160 5872 3253 5939 σιω
3274 5872 3433 5948 Ριξάᾷ
3471 5872 3495 5878 ’⁵
3513 5872 3700 5884 ”’”””“““’
3722 5872 3775 5885 ·“
3802 5872 3844 5892 ιε
