4182 6492
302 424 416 482 775

294 536 451 611 [759]
472 537 565 591 τοῦ
590 537 772 607 λόγου,
791 536 925 591 ἀλλά
940 538 1079 609 πρὸς
1101 538 1193 591 τὸν
1217 537 1380 591 πόθον
1404 539 1505 609 τῆς
1531 537 1768 607 φύσεως,
1786 538 1882 591 καὶ

294 626 480 695 πάσης
502 625 686 687 αὐτοῖς
709 625 1002 696 ῥητορικῆς
1030 624 1443 695 μεγαλοφωνίας
1473 625 1567 678 καὶ
1588 626 1882 693 φιλοσόφου

296 712 729 784 μετεωρολογίας
762 712 1000 782 ήδύτερά
1040 713 1157 765 ἐστι
1209 713 1280 765 τά
1323 713 1434 765 τῶν
1466 712 1673 766 παίδων
1700 713 1883 782 ψελλί-

294 816 510 869 σματα·
542 798 685 853 οὕτω
716 800 808 852 καὶ
835 800 863 852 6
889 798 1020 862 Θεὸς
1046 799 1147 852 οὐκ
1179 801 1259 862 εἰς
1300 800 1397 861 τὰς
1437 798 1690 869 γλώσσας
1721 800 1881 871 ἡμῶν

288 885 649 954 ψελλιζούσας
684 886 813 958 περὶ
846 885 1147 954 (θεολογίας,
1188 886 1303 940 ἀλλ’
1339 887 1419 952 εἰς
1450 888 1543 942 τὸν
1577 888 1743 942 πόθον
1785 890 1881 942 καὶ

288 974 370 1035 εἰς
403 972 503 1043 τὴν
545 972 783 1027 διάθεσιν
820 971 1026 1041 βλέπει,
1054 973 1136 1026 δτι
1179 974 1360 1027 πίστει
1402 975 1746 1045 κηρύττομεν
1785 976 1879 1030 καὶ

286 1063 481 1134 ἀγάπῃ
533 1061 899 1132 ἀνυμνοῦμεν.
929 1063 1004 1115 Οὐ
1052 1063 1162 1131 γὰρ
1210 1063 1431 1117 δύναται
1478 1065 1510 1135 ή
1561 1064 1875 1137 ἀνθρωπίνη

284 1149 509 1216 γλῶσσα
530 1149 741 1219 τρανῶς
764 1148 1015 1218 λαλῆσαι,
1044 1149 1158 1202 ἀλλ’
1179 1150 1279 1203 ὅσα
1307 1150 1373 1203 ἂν
1399 1151 1724 1221 λαλήσωμεν
1747 1169 1814 1204 πε
1824 1152 1877 1223 ρὶ

282 1236 444 1300 Θεοῦ,
484 1235 825 1305 ψελλίζοντες
879 1235 1170 1307 λαλοῦμεν.
1222 1238 1413 1301 Διατίς
1454 1238 1672 1309 Ἐπειδὴ
1722 1242 1817 1293 καὶ
1846 1241 1876 1292 6

284 1323 500 1385 Παῦλος
533 1322 663 1393 βοᾷ’
714 1323 810 1375 Ἐκ
838 1323 1062 1391 μέρους
1094 1322 1490 1394 γινώσκομεν,
1522 1325 1623 1378 καί
1666 1326 1736 1380 ἐκ
1768 1325 1876 1395 μέ-

272 1429 428 1478 ρους
476 1412 1150 1480 προφητεύομεν.“ομως
1183 1411 1240 1464 δὲ
1287 1413 1337 1463 εἰ
1384 1412 1479 1465 καὶ
1528 1411 1871 1481 ψελλίζομεν,

279 1498 614 1567 ἐνεχείρισεν
662 1498 793 1568 ήμῖν
840 1500 868 1551 ό
916 1498 1047 1562 Θεὸς
1088 1498 1150 1551 τὸ
1192 1498 1452 1569 κήρυγμα
1482 1500 1583 1569 τῆς
1623 1498 1869 1571 εἰρήνης.

278 1584 381 1637 Διά
416 1584 575 1637 τοῦτο
607 1583 705 1655 βοᾷ
740 1584 1000 1647 Ἡσαΐαςο
1041 1584 1151 1638 Καὶ
1180 1588 1239 1637 αἰ
1270 1585 1545 1654 γλῶσσαι
1572 1589 1632 1640 αἰ
1658 1588 1874 1655 ψελλί-

278 1671 487 1732 ζυυσαι
526 1671 903 1741 μαθήσονται
953 1672 1171 1726 λαλεῖν
1216 1671 1482 1740 εἰρήνην.
1515 1675 1652 1745 Φέρε
1690 1674 1872 1728 τοίνυν

282 1759 457 1829 μικρὰ
482 1757 823 1829 ψελλίσωμεν
854 1759 989 1830 πρὸς
1010 1759 1101 1811 τὸν
1133 1761 1310 1813 κοινὸν
1340 1759 1497 1830 ήμῶν
1522 1761 1744 1832 Πατέρα
1778 1762 1871 1816 καὶ

279 1848 577 1917 Δεσπότην,
606 1846 697 1898 τὸν
728 1846 1142 1914 καταξιώσαντα
1190 1849 1364 1901 εἰπεῖν
1395 1850 1505 1912 τοῖς
1540 1848 1733 1904 ἑαυτοῦ
1765 1868 1872 1920 μα-

278 1934 493 2003 θηταῖς*
529 1933 759 1987 Τεκνία·
807 1935 855 1987 εί
903 1934 1012 2004 γάρ
1054 1934 1222 1988 τέκνα
1272 1935 1447 1999 καλεῖ,
1495 1936 1605 1989 τῶν
1660 1937 1872 1991 τέκνων

278 2019 641 2088 ψελλιζόντων
673 2020 946 2089 ἀνέχεται.
975 2017 1087 2074 Καὶ
1110 2020 1299 2092 ἐπειδὴ
1331 2022 1437 2091 ἔφη
1464 2022 1711 2076 ἀνελθεῖν
1736 2026 1817 2087 εἰς
1842 2036 1869 2065 ει

278 2108 564 2179 οὐρανοὺς,
590 2108 685 2160 καὶ
712 2109 744 2178 ή
775 2106 1042 2177 ἀνάληψις
1071 2106 1237 2161 αὐτοῦ
1266 2109 1299 2177 ή
1333 2108 1710 2180 πολυύμνητος
1737 2111 1866 2183 ἐκησ

283 2193 474 2265 ρύχθη,
505 2194 606 2247 οὐκ
647 2193 995 2247 ἀποκλείεται
1040 2194 1220 2265 χρόνῳ
1254 2195 1288 2264 ή
1322 2195 1506 2267 χάρις,
1534 2196 1656 2249 οὐδὲ
1711 2214 1872 2269 περι-

278 2283 552 2351 γράφεται
579 2282 815 2352 ἡμέραις
844 2282 878 2350 ή
912 2280 1183 2349 θεολογία.

354 2368 420 2437 β’.
440 2368 657 2439 Ἐπειδὴ
683 2367 739 2419 δὲ
773 2366 1095 2437 θελήσαντες
1123 2366 1364 2420 ἀνελθεῖν
1391 2365 1473 2432 εἰς
1508 2368 1567 2421 τὸ
1609 2368 1733 2441 ὅρος
1763 2372 1871 2425 τῶν

291 2452 546 2516 Ἐλαιῶν,
581 2451 1025 2521 ἐνεποδίσθημεν,
1063 2450 1139 2513 ώς
1163 2445 1305 2503 οἶδεν
1330 2454 1357 2504 6
1386 2452 1642 2523 Χριστὸς,
1672 2453 1872 2525 προθέ-

280 2554 437 2608 μενοι
472 2537 593 2607 μὲν,
625 2535 961 2601 κωλυθέντες
984 2535 1041 2588 δὲ
1067 2535 1155 2589 διά
1199 2535 1300 2605 τὴν
1342 2536 1751 2591 ἀκαταστασίαν
1774 2537 1870 2591 τοῦ

276 2626 438 2693 ἀέρος
469 2624 562 2675 καλ⁵
589 2622 649 2675 τὸ
680 2620 903 2692 συνεχὲς
931 2620 1027 2674 τοῦ
1067 2619 1305 2689 πλήθους
1354 2620 1532 2689 (λέγω
1572 2621 1630 2674 δὲ
1672 2622 1870 2689 ταῦτα,

275 2708 367 2762 ἴνα
395 2708 574 2760 πᾶσαν
605 2704 873 2775 ὑπόληψιν
919 2703 1066 2758 λύσω
1105 2704 1213 2757 τῶν
1258 2706 1435 2777 μάτην
1464 2706 1717 2773 ἐγκαλεῖν
1748 2705 1872 2777 βου-

274 2794 522 2863 λομένων
545 2794 585 2863 ),
617 2794 920 2864 ἐπειδήπερ
946 2793 1084 2864 πρὸς
1103 2792 1163 2844 τὸ
1201 2792 1407 2862 πλῆθος
1435 2792 1634 2856 ἰδόντες
1660 2792 1768 2846 τῶν
1795 2794 1872 2846 εί-

280 2878 556 2947 ρημένων,
583 2876 792 2946 ταχέως
840 2875 1263 2945 συνεστείλαμεν
1310 2876 1402 2930 τὸν
1448 2876 1624 2945 λόγον,
1658 2878 1746 2931 ἵνα
1796 2877 1871 2949 μὴ

272 2961 353 3030 τῷ
382 2959 577 3029 πλήθει
630 2958 740 3011 τῶν
789 2958 1099 3029 λεγομένων
1141 2957 1552 3030 καταχώσωμεν
1582 2961 1736 3031 ὐμῶν
1773 2961 1883 3033 τὴν.

277 3045 520 3114 μνήμην,
548 3042 787 3114 σήμερον
820 3042 1145 3112 ἀποδίδομεν
1170 3042 1266 3113 τὴν
1294 3042 1537 3113 όφειλήν.
1572 3046 1683 3098 Καὶ
1711 3046 1818 3115 γάρ
1843 3048 1872 3100 6

272 3127 441 3195 νόμος
474 3126 778 3197 ἐπέτρεπεν
797 3126 827 3166 δ
850 3125 942 3179 τὸν
972 3126 1045 3197 μὴ
1077 3127 1381 3195 ποιήσαντα
1399 3126 1475 3197 τῷ
1503 3127 1705 3199 πρώτῳ
1742 3130 1871 3199 μηνὶ

272 3210 335 3262 τὸ
370 3212 583 3279 Πάσχα,
616 3210 694 3280 τῷ
724 3208 959 3280 δευτέρῳ
1000 3212 1128 3281 μηνὶ
1159 3211 1257 3281 τὴν
1289 3210 1511 3279 ὀφειλὴν
1540 3213 1866 3267 ἀποδιδόναι.

275 3299 367 3348 Δεῖ
411 3296 466 3348 δέ
508 3296 667 3367 ὐμῄ
694 3294 893 3347 εἰδέναι
934 3296 1014 3347 ὅτι
1057 3294 1191 3348 Θεοῦ
1231 3295 1388 3362 λόγος
1415 3296 1475 3348 οὐ
1510 3297 1743 3365 χρόνοις,
1772 3298 1871 3367 οὐχ

276 3379 513 3449 ήμέραις
567 3379 993 3450 πᾙιγράφεται,
1042 3379 1180 3433 άλλά
1228 3380 1369 3433 κατᾶ
1427 3382 1608 3433 πᾶσαν
1655 3382 1870 3452 ἡμέραν

273 3466 487 3534 δέχεται
526 3465 789 3535 κήρυγμα
817 3464 911 3515 καὶ
942 3464 1196 3536 σταυροῦ,
1226 3464 1319 3518 καὶ
1351 3464 1575 3527 πάθους,
1616 3466 1712 3518 καὶ
1742 3468 1872 3518 ἀνα-

276 3549 541 3610 στάσεως,
576 3548 671 3600 καὶ
698 3546 1037 3616 ἀναλήψεως,
1072 3550 1166 3601 καὶ
1198 3548 1463 3619 δευτέρας
1494 3550 1822 3619 παρουσίας.

348 3636 418 3699 γ’.
438 3632 499 3683 Ἦ
508 3630 565 3700 ρέ
574 3648 649 3700 μα
672 3630 730 3683 δὲ
761 3629 1214 3699 προδιαλαϐόντες
1249 3632 1421 3702 μικρά
1438 3649 1557 3685 τινα
1573 3631 1681 3685 τῶν
1713 3634 1872 3687 θείων

277 3715 537 3787 ῥημάτων
584 3717 641 3767 ἐν
687 3716 801 3777 τοῖς
849 3714 1321 3782 ύπαναγνωσθείσι
1355 3717 1619 3786 σήμερον,
1648 3716 1870 3779 καὶτὰς

274 3798 641 3867 εὐαγγελικὰς
682 3798 866 3870 πηγὰς
896 3797 1279 3869 ἀντλήσαντες,
1311 3797 1482 3861 οὕτως
1509 3799 1754 3868 ἔλθωμεν
1778 3800 1871 3852 ἐπὶ

273 3882 373 3954 τὴν
399 3882 754 3951 ἐπαγγελίαν.
785 3882 989 3949 Οὔσης
1014 3882 1215 3951 ὀψίας,
1243 3881 1318 3949 τῇ
1346 3882 1535 3950 ήμέρςι
1564 3884 1765 3951 ἐκείνῃ
1795 3883 1870 3951 τῇ

272 3965 380 4037 μιᾴ
424 3962 543 4019 τῶν
586 3963 924 4029 σαϐϐάτων,
956 3964 1055 4018 καί
1102 3965 1223 4017 τῶν
1272 3965 1470 4034 θιῬών
1513 3966 1870 4034 κεκλεισμέ-

276 4067 421 4112 νων,
454 4050 607 4104 ὅπου
638 4045 804 4121 ἦσαν
835 4051 888 4102 οἰ
912 4050 1169 4117 μαθηταί
1197 4049 1587 4119 συνηγμένοι,
1616 4046 1806 4119 ἦλθεν
1838 4052 1871 4103 ὀ

288 4133 539 4200 Ἰησοῦς.
558 4133 675 4201 Ἀφ’
712 4125 773 4185 οῦ
816 4131 845 4182 6
876 4132 1066 4201 Σωτὴρ
1109 4134 1207 4203 τὴν
1254 4133 1549 4186 ἀνάστασιν
1576 4134 1871 4201 ἐπραγμα-

276 4215 509 4268 τεύσατο
553 4218 708 4286 ήμῖν,
743 4214 985 4276 σπανίως
1023 4215 1297 4283 φαίνεται,
1326 4216 1385 4268 ἐν
1418 4215 1606 4277 ἄλλαις
1636 4216 1871 4285 ἡμέραις

277 4298 559 4367 ἐπιφανεὶς
590 4300 703 4361 τοῖς
743 4298 1068 4369 μαθηταίςῆ
1100 4298 1239 4351 κατά
1262 4298 1361 4369 τὴν
1388 4300 1602 4371 ἡμέραν
1634 4300 1732 4368 τῆς
1765 4300 1874 4350 Ku-

280 4382 717 4454 ριακῆς.Ὠσπερ
749 4381 858 4453 γάρ
901 4383 959 4435 ἐν
991 4382 1208 4452 ἑκάστῳ
1256 4383 1515 4453 σαϐϐάτῳ
1563 4382 1871 4452 παρέϐαλλε

279 4469 347 4537 τῇ
380 4467 691 4536 συναγωγῇ,
726 4466 813 4520 ἵνα
836 4464 1099 4537 πληρώσῃ
1130 4465 1221 4517 τὸν
1251 4466 1414 4536 νόμον
1433 4482 1447 4497 ο
1477 4464 1649 4529 οὕτως
1694 4466 1786 4534 ἀφ’
1808 4458 1869 4517 οῦ

279 4550 379 4619 τὴν
422 4548 718 4603 ἀνάστασιν
762 4547 1277 4619 ἐπραγματεύσατο,
1318 4548 1413 4600 καὶ
1455 4548 1545 4602 τὸν
1573 4547 1872 4619 ἀρραϐῶνα

280 4633 359 4701 τῷ
391 4631 583 4703 κόσμῳ
610 4632 862 4703 ήνεγκεν,
894 4631 1196 4684 ἐσπούδασε
1224 4634 1289 4701 τῇ
1321 4631 1505 4702 ήμέρα
1534 4632 1632 4703 τῆς
1662 4633 1872 4703 Κυρια-

283 4715 405 4785 κῆς,
437 4715 495 4767 ἐν
530 4715 629 4785 μιᾷ
678 4715 786 4768 τῶν
830 4714 1138 4780 σαϐϐάτων,
1172 4714 1575 4783 ἐπιφαίνεσθαι,
1610 4714 1698 4767 ἵνα
1725 4714 1871 4786 πήξῃ

283 4796 372 4849 τὸν
397 4796 644 4868 θεμέλιον
666 4798 766 4868 τῆς
796 4797 957 4865 ἁγίας
986 4796 1295 4869 Κυριακῆς.
1326 4795 1489 4859 Τέλος
1528 4796 1635 4868 γάρ
1662 4794 1771 4867 εἶχε
1801 4799 1873 4850 τα

282 4879 392 4934 τῶν
414 4880 722 4944 σαϐϐάτων,
740 4882 915 4953 ἀρχὴν
944 4880 1001 4934 δέ
1025 4879 1300 4950 ἐλάμϐανε
1321 4881 1392 4932 τὰ
1412 4880 1511 4949 τῆς
1534 4880 1872 4950 Δεσποτικῆς

282 4964 517 5037 ἡμέρας,
552 4966 721 5035 ήγουν
745 4966 844 5035 τῆς
875 4963 1246 5025 ἀναστάσεως,
1272 4963 1348 5026 ώς
1404 4962 1683 5033 μέμνησθε
1703 4973 1725 5001 ο
1764 4964 1872 5015 τῶν

283 5049 477 5121 πρώην
519 5049 844 5120 εἰρημένων.
881 5049 1006 5113 Πῶς
1057 5049 1086 5101 6
1135 5047 1403 5119 μακάριος
1442 5046 1721 5110 Ματθαῖος
1753 5047 1873 5100 ἐπι-

281 5134 511 5204 γράφων
554 5134 623 5187 τά
674 5132 942 5193 σάϐϐατα,
977 5132 1151 5204 ἀρχὴν
1191 5131 1248 5184 δὲ
1283 5131 1521 5201 εἰσάγων
1557 5130 1668 5183 τῶν
1698 5128 1873 5198 ἁγίων

282 5217 602 5288 Κυριακῶν,
632 5216 836 5285 ἔλεγεν·
869 5215 1019 5289 [760]
1054 5216 1191 5284 Ὀψὲ
1210 5214 1559 5277 σαϐϐάτων;
1581 5213 1747 5277 Τέλος
1765 5218 1874 5283 γάρ

282 5297 372 5371 ἦν,
401 5302 496 5353 καὶ
515 5301 612 5370 ὀψὲ
632 5301 740 5353 τῶν
770 5299 1001 5372 πρώτων
1029 5299 1334 5362 σαϐϐάτων,
1375 5298 1874 5366 Ἐπιςοωσκούσης

283 5387 371 5450 εἰς
416 5385 565 5452 μίαν
600 5383 1157 5453 σαϐϐάτων.“Εφάνη
1190 5383 1369 5435 τοίνυν
1404 5380 1643 5443 ἀναστὰς
1670 5384 1736 5452 τῇ
1776 5382 1876 5451 μιᾷ

284 5467 392 5519 τῶν
420 5464 723 5531 σαϐϐάτων,
752 5468 887 5537 αὐτῇ
917 5468 982 5537 τῇ
1018 5467 1201 5537 ἡμέρα
1230 5467 1329 5535 τῆς
1356 5464 1515 5532 ἁγίας
1556 5465 1751 5535 ἑορτῆς
1775 5465 1874 5533 τῆς

351 5606 377 5633 ⁸
402 5602 635 5652 Ollobon.
660 5603 740 5650 καὶ
765 5602 924 5657 ἐπειδή
952 5602 1090 5657 ἔφθην
1112 5601 1257 5648 εἰπὼν
1288 5600 1520 5657 ἀνελήφθη
1545 5598 1625 5652 εἰς.

353 5626 377 5633 “’
402 5626 635 5652 υιιυυυιι.
660 5626 740 5650 και
765 5626 924 5657 cntum
952 5626 995 5649 ιτ
1009 5626 1090 5657 νην
1112 5626 1257 5648 διπων
1288 5626 1428 5655 aven“
1444 5626 1450 5629 '
1467 5626 1520 5655 ’.ιη
1545 5626 1625 5652 τις.

353 5666 379 5705 δ
405 5664 637 5727 Ottobon,
665 5672 719 5712 el
742 5663 865 5724 Reg.
896 5634 1012 5727 ιιιτι
1034 5666 1195 5727 πᾶσαν
1216 5662 1423 5727 ὐποψίαν
1439 5626 1593 5727 λύσως
1623 5658 1844 5727 ἐπειδῄπε

353 5674 379 5705 υ
405 5674 637 5714 υιιουοιι.
665 5674 719 5712 el
742 5674 865 5724 ueg.
896 5674 1010 5710 1m
1034 5674 1195 5710 πᾶσαν
1216 5674 1423 5723 υποψιαν
1443 5674 1593 5707 λυσωο
1623 5674 1844 5715 επειοηπε

287 5728 347 5797 τὸ
366 5724 769 5797 πλῇθος,ἰδρνσςεα⁹
788 5728 851 5797 ὡς
883 5725 1120 5797 ἄνθρωποι
1158 5724 1443 5783 ὠκλάσαμεν
1469 5718 1732 5769 ἀποδοῦναι
1748 5674 1877 5782 [τὴνῖ

290 5790 497 5852 ὁφιιλήν.
524 5789 621 5852 ΚαὶΔ
636 5788 734 5852 γάρ
799 5787 941 5852 νόμος
964 5786 1217 5852 ἐπιτρέπει.

353 5853 375 5881 ο
405 5842 675 5910 Μέμνησθέ.
704 5842 787 5897 Sic
830 5842 867 5896 (ι’
902 5848 1027 5911 Reg.
1064 5842 1185 5897 1186
1230 5849 1525 5896 correctam.
1574 5842 1745 5894 Monlr.
1790 5859 1876 5905 με-

292 5927 350 5972 μν
355 5913 492 5972 ἧσθαι
502 5948 512 5961 .

993 422 1060 478 ΙΝ
1097 422 1576 481 ASCENSIONEM
1622 424 1683 479 l').
1719 423 1779 477 N.
1818 422 1869 478 Δ.
1910 422 1973 478 C.
2016 422 2105 478 ET
2148 421 2215 476 IN
2250 420 2544 478 PRINCXI‘.
2590 420 2747 477 ACT.
2794 423 2858 478 ΙΙ.

3474 424 3582 479 776

1994 537 2398 609 ἀναστασίμουο
2448 538 2574 591 Τῶν
2630 538 2829 607 θυρῶν
2888 538 3355 607 κεκλεισμένων.
3429 540 3585 597 ὅπου

1990 616 2159 689 ἦσαν
2188 624 2243 673 οἰ
2274 622 2537 689 μαθηταί
2567 622 2938 690 συνηγμένοι
2978 620 3077 673 διὰ
3104 621 3213 673 τόν
3244 623 3434 690 φόϐον
3466 623 3589 679 τῶν

2004 701 2333 767 Ἰουδαίων,
2363 699 2554 771 ἦλθεν
2585 707 2618 757 ό
2657 703 2922 771 Ἰησοῦς.
2952 703 3049 756 καὶ
3077 702 3228 769 ἔστη
3262 706 3349 771 εἰς
3380 704 3448 758 τὸ
3475 705 3585 775 μέ·

1989 785 2311 838 σον.”οπου
2332 786 2514 839 τοίνυν
2536 787 2777 857 ἀκμάζει
2802 788 2987 857 φόϐος.
3010 787 3373 856 παραγίνεται
3392 790 3420 841 6
3441 788 3587 843 λύων

1987 868 2081 919 τὸν
2118 867 2311 936 φόϐονο
2356 870 2490 922 ὅπου
2524 870 2766 939 ἀκμάζει
2808 870 2875 923 τὰ
2922 870 3021 939 τῆς
3060 869 3251 941 ζάλης,
3280 870 3584 939 ἐπιλάμπει

1985 950 2056 1003 τά
2081 952 2179 1020 τῆς
2202 951 2442 1023 γαλήνης
2462 968 2473 980 ·
2500 954 2637 1006 ὅπου
2661 953 2846 1021 βλέπει
2872 952 2932 1006 τὸ
2957 954 3160 1021 σκάφος
3184 952 3585 1023 χειμαζόμενον

1985 1034 2086 1103 τῆς
2113 1034 2414 1101 εὐσεϐείας,
2450 1038 2755 1107 προσφέρει
2788 1035 2889 1107 τὴν
2928 1036 3327 1108 κυϐερνητικὴν
3355 1038 3583 1107 ἐπιστή-

1989 1133 2129 1185 μηνο
2164 1117 2256 1169 τὸν
2284 1117 2383 1187 μὲν
2414 1120 2659 1187 χειμῶνα
2692 1118 2855 1183 λύων,
2884 1118 2946 1171 τὸ
2974 1118 3031 1171 δὲ
3058 1120 3266 1187 σκάφος
3303 1119 3384 1182 εἰς
3416 1117 3584 1191 γαλή-

1982 1216 2083 1268 νην
2116 1200 2377 1267 εἰσάγων,
2419 1201 2557 1270 πρὸς
2605 1201 2667 1254 τὸ
2710 1202 2960 1271 ἀκμάζον
2990 1201 3162 1264 πάθος
3188 1200 3283 1253 τοῦ
3311 1201 3477 1271 φόϐου
3522 1202 3585 1255 τὸ

1983 1282 2275 1353 φάρμακον
2305 1285 2479 1355 φέρει.
2512 1284 2698 1353 Ἕστη
2730 1290 2816 1347 εἰς
2837 1287 2904 1338 τὸ
2932 1282 3151 1354 μέσον
3173 1285 3268 1337 καὶ
3296 1285 3350 1339 τί
3384 1302 3582 1355 φησιν;

1981 1364 2210 1431 Εἰρήνη
2244 1366 2405 1434 ὑμῖν.
2439 1367 2529 1436 Μὴ
2583 1368 2923 1432 στασιαζέτω
2974 1370 3007 1438 ή
3056 1366 3264 1421 διάνοια
3291 1368 3470 1437 ὐμῶν,
3509 1368 3585 1439 μὴ

1981 1447 2319 1519 θορυϐείσθω
2350 1450 2379 1501 6
2409 1448 2689 1520 λογισμὸς.
2723 1450 2797 1521 μὴ
2830 1449 3158 1521 πολεμεῖσθε
3186 1454 3311 1514 ταῖς
3349 1452 3585 1513 ἐννοίαις

1978 1530 2075 1583 τοῦ
2110 1530 2277 1598 φόϐου
2299 1548 2311 1560 ·
2347 1533 2575 1599 Εἰρήνη
2606 1532 2769 1602 ὑμῖν.
2803 1534 3010 1603 Εἰρήνη
3042 1533 3275 1610 πόλεμον
3307 1534 3580 1601 ἀφανίζει,

1981 1612 2145 1681 φόϐον
2176 1614 2457 1677 καταλύει,
2490 1614 2692 1684 ἔχθραν
2727 1615 2980 1685 ἐξορίζεν
3008 1615 3235 1683 Εἰρήνη
3259 1615 3417 1685 ὑμῖν.
3440 1618 3585 1671 Ἐδό-

1980 1696 2046 1767 θη
2080 1696 2341 1760 πολλάκις
2372 1699 2566 1769 εἰρήνη
2602 1699 2756 1768 παρά
2785 1697 2922 1751 Θεοῦ
2957 1702 3070 1762 τοῖς
3101 1699 3431 1770 ἀνθρώποις,
3463 1700 3581 1754 ἀλλ’

1978 1780 2043 1832 οὐ
2084 1778 2173 1833 διά
2211 1780 2506 1851 προσώπου
2554 1782 2655 1850 τῆς
2699 1782 3009 1844 αὐθεντίας.
3038 1782 3177 1834 ἀλλά
3218 1781 3284 1835 δι’
3307 1782 3579 1850 ἀγγέλων,

1979 1860 2068 1916 διά
2112 1864 2431 1934 προφητῶν,
2462 1864 2551 1917 διὰ
2580 1864 2805 1917 δικαίων
2825 1879 2839 1893 ⁸
2875 1865 3035 1934 μόνος
3062 1867 3089 1918 6
3122 1864 3311 1936 Σωτὴρ
3357 1866 3425 1919 δι’
3454 1867 3585 1919 ἐαυ-

1980 1944 2074 1997 τοῦ
2108 1947 2300 2014 φανεὶς
2327 1946 2529 1999 ἔδωκεν
2558 1950 2801 2018 εἰρήνην.
2821 1946 3009 2017 Ἐδόθη
3036 1948 3114 2017 τῷ
3135 1949 3334 2016 Δανιὴλ
3364 1950 3580 2021 εἰρήνη,

1981 2027 2118 2082 ἀλλά
2141 2029 2210 2081 δι’
2227 2029 2673 2100 ἀγγέλου.”Ωφθη
2702 2030 2781 2101 τῷ
2806 2029 3006 2100 Δανιὴλ
3029 2030 3261 2098 ἄγγελος
3286 2033 3382 2085 καὶ
3403 2023 3577 2085 εἷπένο

1982 2111 2208 2179 Εἰρήνη
2238 2129 2357 2177 σοι,
2389 2112 2535 2181 ἄνερ
2562 2111 2913 2181 ἐπιθυμιῶν,
2943 2114 3123 2181 ἴσχυε
3155 2115 3255 2168 καί
3278 2114 3579 2185 ἁνδρίζου,

1979 2196 2013 2246 ό
2054 2195 2273 2261 Κύριος
2313 2198 2465 2263 μετὰ
2494 2195 2822 2268 σοῦ.Ὠφθη
2856 2197 2951 2249 καὶ
2991 2196 3069 2266 τῷ
3102 2197 3309 2250 Γεδεὼν
3350 2199 3582 2267 ἄγγελος

1980 2280 2074 2329 καὶ
2108 2272 2283 2331 εἶπενο
2303 2278 2529 2348 Εἰρήνη
2553 2280 2941 2348 σοι.’Ᾱγγελοι
2973 2281 3151 2334 τοίνυν
3185 2282 3394 2335 ἔδωκαν
3427 2285 3583 2354 εἰρή-

1981 2374 2099 2429 νην,
2129 2360 2342 2413 οὐδέπω
2374 2360 2431 2413 δέ
2473 2363 2502 2413 ό
2550 2363 2827 2433 Δεσπότης
2872 2363 2983 2416 τῶν
3022 2363 3304 2433 ἀγγέλων·
3340 2364 3479 2421 ἀλλά
3510 2366 3580 2420 δι’

1978 2440 2205 2494 ἐκείνων
2246 2443 2344 2512 μὲν
2373 2443 2641 2514 ἔπεμπεν,
2693 2446 3015 2515 ἐταμιεύετο
3058 2447 3115 2500 δέ
3165 2447 3223 2499 ἐν
3272 2446 3453 2523 ἐαυτῷ
3478 2448 3582 2519 τὴν

1978 2524 2204 2594 εἰρήνην
2232 2525 2331 2597 τὴν
2360 2526 2746 2597 εὐαγγελικήν.
2786 2529 2849 2581 Ol
2882 2529 2937 2581 δὲ
2968 2530 3249 2601 προφῆται
3291 2530 3581 2601 δεξάμενοι

1980 2605 2243 2670 πολλάκις
2273 2608 2425 2679 παρά
2456 2609 2565 2661 τῶν
2606 2610 2856 2677 ἀγγέλων
2890 2611 2990 2681 τὴν
3022 2613 3265 2683 εἰρήνην,
3300 2612 3497 2682 ἐδίψων
3521 2614 3581 2681 ἐξ

1979 2684 2146 2736 αὐτοῦ
2174 2686 2270 2739 τοῦ
2300 2687 2596 2757 προσώπου
2627 2689 2728 2758 τῆς
2756 2690 2983 2760 εἰρήνης
3023 2689 3124 2759 τῆς
3163 2690 3449 2755 αὐθεντίας
3493 2691 3584 2744 δέ·

1981 2766 2175 2831 ξασθαι
2204 2768 2305 2838 τὴν
2334 2771 2579 2839 εἰρήνην.
2617 2772 2709 2823 Διὸ
2744 2774 2837 2825 καὶ
2869 2771 2999 2825 ἐϐόα
3035 2774 3268 2837 Ἡσαΐας
3288 2790 3301 2801 ·
3340 2771 3521 2843 Κύριε
3546 2776 3581 2829 ό

1981 2850 2127 2916 Θεὸς
2150 2850 2343 2921 ήμῶν,
2366 2852 2622 2919 εἰρήνην
2649 2852 2755 2919 δὸς
2779 2854 2927 2923 ἡμῖν
2945 2868 2959 2883 ·
2992 2856 3067 2926 μὴ
3095 2856 3161 2908 δι’
3193 2855 3419 2928 ἐτέρων,
3444 2856 3583 2911 ἀλλά

1977 2932 2068 2985 διά
2098 2934 2295 2987 σαυτοῦ
2326 2936 2550 3006 εἰρήνην
2589 2935 2677 2998 δὸς
2707 2937 2859 3007 ἡμῖν.
2888 2930 3024 2990 Εἶτα
3066 2938 3203 3008 πρὸς
3247 2940 3347 3010 τὴν
3395 2939 3583 3009 δέησιν

1976 3018 2009 3086 ή
2045 3015 2448 3088 ἀντιφώνησιςο
2481 3018 2750 3085 Εἰρήνην
2788 3018 2905 3086 τὴν
2951 3020 3108 3089 ἐμὴν
3151 3020 3361 3090 δίδωμι
3416 3021 3580 3091 ὑμῖν.

1978 3100 2089 3151 Καὶ
2135 3097 2310 3153 τοῦτο
2354 3101 2541 3153 εἰπὼν
2576 3100 2812 3163 ἔδειξεν
2851 3103 3059 3169 αὐτοῖς
3094 3105 3199 3169 τὰς
3245 3104 3449 3173 χεῖρας
3486 3105 3585 3158 καί

1978 3181 2095 3249 τὴν
2124 3182 2640 3254 πλευράν.Ὣσπερ
2672 3186 2781 3255 γὰρ
2806 3186 3114 3257 στρατηγὸς
3137 3187 3452 3241 ἐπανελθὼν
3476 3189 3585 3241 ἀπὸ

1981 3266 2243 3336 πολέμου,
2276 3266 2372 3318 καὶ
2398 3268 2682 3337 τραύμασι
2724 3269 3043 3340 νικηφόροις
3075 3270 3329 3341 λάμπων,
3361 3273 3461 3325 οὐκ
3500 3274 3586 3325 αἰ·

1982 3350 2238 3418 σχύνεται
2266 3351 2377 3411 τοῖς
2399 3349 2711 3419 τραύμασι·
2738 3353 3022 3421 στεφάνων
3048 3354 3156 3424 γάρ
3184 3355 3300 3407 ἐστι
3334 3355 3586 3426 λαμπρό-

1979 3448 2116 3502 τερα
2138 3448 2149 3463 ’
2180 3430 2325 3483 οῦτι»
2359 3433 2452 3484 καὶ
2480 3434 2508 3485 6
2539 3432 2751 3504 Σωτὴρ,
2784 3433 3074 3506 τραύματα
3107 3436 3249 3508 ὑπὲρ
3294 3436 3396 3508 τῆς
3448 3438 3585 3507 ἀλη-

1980 3512 2131 3576 θείας
2159 3514 2579 3585 ἀναδεξάμενος,
2616 3517 2710 3569 καὶ
2739 3518 2879 3587 ὑπὲρ
2914 3519 3008 3572 τοῦ
3034 3519 3226 3587 γένους
3251 3520 3345 3574 τοῦ
3378 3521 3583 3589 κοινοῦ,

1978 3598 2039 3651 οὐ
2082 3599 2317 3669 κρύπτει
2345 3601 2413 3653 τά
2447 3600 2619 3671 πάθη,
2646 3601 2761 3653 ἀλλ’
2790 3604 3146 3669 ἐκκαλύπτει,
3182 3606 3267 3657 ἵνα
3305 3606 3453 3677 δείξῃ
3486 3608 3587 3678 τὴν

1980 3683 2175 3737 ἐαυτοῦ
2208 3684 2699 3755 ἀνδρείαν.Ἐδειξε
2723 3686 3044 3760 τάςιχεῖρας
3072 3691 3129 3742 ἐν
3160 3686 3247 3753 αἷς
3268 3685 3336 3761 ἦν
3359 3692 3387 3744 6
3414 3690 3587 3755 τύπος

1977 3768 2087 3820 τῶν
2120 3767 2203 3838 ήλο
2228 3784 2289 3832 .ν,
2326 3768 2494 3833 ἔδειξε
2532 3771 2628 3822 καὶ
2672 3770 2771 3841 τὴν
2807 3772 3050 3842 πλευρὰν
3083 3772 3141 3838 ἐξ
3188 3768 3256 3844 ἦς
3288 3773 3585 3828 ἀνέϐλυσεν

1980 3850 2112 3920 ἡμῖν
2144 3851 2251 3903 τῶν
2285 3852 2602 3922 μυστηρίων
2642 3852 2740 3923 τὴν
2776 3854 3204 3925 πηγήν.Ἔδειξε
3239 3856 3340 3919 τάς
3371 3859 3581 3927 χεῖρας,

1981 3935 2069 3987 ἴνα
2118 3934 2520 4014 πληροφορήσῃ
2563 3936 2663 4005 τὴν
2691 3938 3009 3997 ἀνάστασιν,
3051 3938 3140 3991 ἵνα
3184 3936 3582 4011 πληροφορήσῃ

1978 4017 2106 4079 τοὺς
2159 4016 2603 4086 ἀμφιϐολούντας
2648 4019 2729 4072 ὅτι
2762 4020 2931 4084 ὅντως
2958 4022 2986 4073 ό
3013 4020 3204 4073 παθὼν
3238 4021 3463 4092 ἀνέστη,
3500 4023 3584 4076 ὃτι

1978 4100 2148 4162 όντως
2174 4101 2234 4151 τὸ
2260 4100 2533 4154 ἀποθανὸν
2568 4101 2664 4155 καὶ
2696 4103 2867 4171 ταφέν
2899 4103 3059 4174 σῶμα
3090 4105 3409 4174 ἐγήγερται.

2050 4180 2113 4233 δ’.
2135 4183 2189 4233 'E
2194 4181 2477 4262 χάρησαν
2493 4178 2607 4257 οὖν
2618 4187 2676 4237 οἰ
2687 4186 2946 4253 μαθηταὶ
2973 4186 3200 4251 ἰδόντες
3227 4188 3331 4239 τὸν
3345 4187 3583 4255 Κύριον.

1996 4266 2182 4337 Ἐδόθη
2215 4268 2431 4338 εἰρήνη.
2469 4268 2634 4340 ἐλύθη
2668 4270 2698 4320 6
2727 4270 2913 4337 φόϐος,
2947 4270 3240 4341 ἤνθησενή
3274 4272 3455 4342 χάρις.
3486 4267 3587 4324 EI-

1980 4367 2097 4404 πεν
2130 4346 2244 4405 οὖν
2285 4351 2492 4418 αὺτοῖς
2520 4351 2745 4406 πάλιν·
2782 4354 3012 4421 Εἰρήνη
3058 4355 3223 4423 ὑμῖν,
3276 4355 3429 4407 Διατί
3478 4355 3587 4409 πά-

1978 4438 2116 4496 λιν;
2152 4434 2328 4487 Ὅπου
2360 4434 2611 4505 βούλεται
2637 4435 2804 4506 πῆξαι
2845 4436 2913 4489 τὰ
2934 4436 3083 4507 δῶρα
3109 4438 3207 4506 τῆς
3228 4437 3469 4507 χάριτος,
3500 4437 3579 4490 δι-

1980 4517 2272 4583 πλασιάζει
2302 4519 2396 4570 καὶ
2419 4519 2516 4582 τὰς
2543 4519 2794 4588 εὐλογίας
2812 4536 2825 4549 θ
2852 4520 3041 4591 ὥσπερ
3068 4522 3162 4574 ἐπὶ
3194 4522 3285 4575 τοῦ
3304 4522 3573 4593 Ἁϐραάμ·

1980 4600 2272 4671 Εὐλογῶν
2298 4604 2619 4672 εὐλογήσω
2656 4619 2752 4668 σε,
2784 4604 2883 4658 καὶ
2918 4608 3248 4672 πληθύνων
3292 4607 3585 4674 πληθυνῶ

1980 4700 2087 4740 σε’
2123 4685 2267 4738 οὕτω
2294 4685 2508 4740 δίδωσιν
2564 4688 2789 4759 εἰρήνην
2833 4689 2926 4741 ἐπὶ
2971 4690 3193 4760 εἰρήνην
3249 4693 3363 4754 τοῖς
3417 4692 3587 4759 ἐγγὺς

1980 4771 2215 4832 καὶτοῖς
2252 4770 2489 4841 μακράν.
2530 4770 2738 4835 Καθὼς
2771 4771 3118 4825 ἀπέσταλκε
3156 4790 3233 4842 με
3276 4776 3310 4827 ό
3353 4772 3580 4842 Πατὴρ,

1980 4852 2143 4921 κάγὼ
2186 4853 2399 4922 πέμπω
2440 4852 2617 4922 ὑμᾶς.
2654 4853 2919 4924 Πρόσεχε,
2957 4855 3294 4927 παρακαλῶ’
3330 4856 3433 4927 ὅρα
3462 4858 3579 4921 πῶς

1980 4940 2060 5000 εἰς
2093 4938 2152 4991 τὸ
2193 4937 2537 5009 ἀνθρώπινον
2588 4938 2773 5008 σχῆμα
2809 4938 3046 5010 ἁρπάζει
3094 4939 3192 5010 τὴν
3242 4940 3576 5011 οἰκονομίαν.

1981 5021 2095 5073 Οὐκ
2142 5016 2317 5074 ἑῐπεψ
2351 5019 2553 5085 Καθὼς
2592 5022 2850 5092 ἐγέννησέ
2884 5039 2949 5091 με
2978 5026 3006 5076 6
3042 5024 3232 5095 Πατήρ
3256 5041 3270 5056 ο
3301 5025 3435 5077 ὅπου
3470 5024 3581 5097 γάρ

1980 5105 2278 5175 ἀποστολὴ,
2313 5106 2374 5159 τὸ
2427 5105 2770 5176 ἀνθρώπινον
2807 5108 2993 5176 σχῆμα
3042 5106 3400 5162 ἐνδείκνυται.
3441 5108 3579 5160 Συν-

1983 5190 2125 5261 εχῶς
2150 5190 2206 5241 δὲ
2234 5188 2393 5242 τοῦτο
2422 5188 2573 5261 [761]
2600 5190 3102 5260 ἐπισημαινόμεθα,
3134 5190 3325 5262 ἐπειδὴ
3364 5191 3464 5263 τὴν
3495 5191 3577 5243 οξ-

1982 5273 2244 5342 κονομίαν
2288 5271 2856 5343 ἑρμηνεύει⁶.”οπου,
2887 5275 3073 5343 φησὶν,
3103 5275 3288 5346 γυμνὴ
3330 5278 3364 5345 ἠ
3400 5274 3582 5344 φύσις,

1984 5358 2206 5428 Πατέρα
2254 5356 2349 5409 καὶ
2388 5356 2518 5409 Υἰὸν
2554 5357 2837 5428 κηρύττει.
2873 5358 3080 5425 Καθὼς
3112 5357 3464 5412 ἀπέσταλκέ
3485 5374 3583 5427 με.

1985 5440 2111 5504 Πῶς
2136 5440 2191 5493 δέ
2220 5440 2533 5493 ἀπέσταλκέ
2558 5456 2651 5506 σε;
2677 5442 2943 5512 Πρόσεχε,
2971 5443 3299 5513 παρακαλῶ.
3320 5442 3587 5497 ’Δπεστά-

1983 5524 2083 5595 λης
2113 5522 2391 5592 Δεσπότης
2417 5522 2477 5586 ἐξ
2497 5523 2729 5595 ούρανοῦ
2752 5534 2774 5563 ε
2794 5540 2807 5553 ο
2842 5524 2980 5589 πῶς,
3011 5524 3191 5589 καθὼς
3214 5524 3501 5579 ἀπέστειλέ
3525 5540 3585 5579 σε

1982 5611 2009 5661 6
2042 5607 2255 5676 Πατὴρ,
2290 5606 2675 5671 ἁποστέλλειςς
2714 5607 2788 5661 Οὐ
2824 5606 2915 5659 τὸν
2968 5608 3193 5677 τρόπον,
3236 5608 3395 5679 φησὶ,
3442 5606 3587 5675 λέγω

2044 5721 2071 5760 εἰ
2105 5721 2401 5784 Ἕρμηνεύει.
2430 5720 2537 5771 Hoc
2580 5722 2805 5783 verbum,
2826 5736 2854 5772 a
2881 5722 3053 5772 Montf.
3098 5725 3377 5782 conjectum
3400 5736 3490 5785 pro
3514 5724 3587 5771 ιι-

2046 5784 2185 5848 νεύει,
2212 5782 2420 5832 exhibet
2461 5784 2571 5848 cod.
2625 5784 2759 5842 1186,
2806 5789 2939 5848 unde
2964 5786 3014 5832 in
3051 5792 3242 5848 lgxlum
3270 5788 3583 5848 recepimus;

1986 5844 2344 5905 indidemrpost
2371 5846 2521 5905 γυμνή
2550 5848 2761 5894 accessit
2792 5845 3049 5895 articqus.
3080 5846 3212 5894 Enrr.

2054 5909 2077 5937 °
2097 5904 2249 5956 Addit
2269 5904 2400 5955 idem
2421 5904 2530 5956 Cod.
2568 5910 2612 5955 οἱ
2638 5906 2902 5956 ἀπόστολοι
2927 5908 3017 5956 οὐκ
3041 5908 3089 5962 ἐξ
3112 5905 3333 5974 οὐρανοῦ.
