4126 6488
219 459 323 514 ΠἹ

214 579 371 640 dum,
400 573 592 642 inquit,
615 565 880 623 missionis
905 563 1164 634 signiﬁco.
1189 573 1310 614 cum
1336 557 1477 620 dico,
1502 553 1646 609 Sicut
1673 549 1806 604 misit

211 683 301 721 me
332 664 508 730 Pater,
527 671 574 716 et
599 676 690 732 ego
713 658 853 712 mitto
878 672 965 709 vos
992 655 1032 718 ⁸,
1051 651 1146 707 sed
1177 650 1422 704 virtutem
1451 646 1587 714 ejus.
1617 643 1808 697 Missus

216 769 343 810 sum
368 770 469 826 ego
498 761 556 808 ut
586 751 753 821 patiar
779 763 875 818 pro
905 744 1138 807 mundo;
1167 742 1319 795 mitto
1343 753 1440 794 vos
1467 745 1526 792 ut
1549 734 1810 806 passioni-

209 856 326 903 Dus
351 846 543 901 vestris
569 842 756 896 orbem
782 852 1054 894 coronem.
1083 834 1148 888 Et
1172 832 1294 902 quia
1325 846 1432 885 non
1461 828 1633 898 potuit
1661 840 1808 878 mor-

219 938 349 993 talis
374 944 564 991 natura
591 931 911 987 dominicam
940 925 1339 982 similitudinem
1363 919 1595 989 assequi,
1621 917 1804 972 addit:

219 1027 294 1082 Et
318 1043 433 1080 cum
457 1025 566 1078 lucc
591 1022 796 1076 dixisset
819 1062 836 1086 ,
865 1016 1147 1086 insufﬂauit
1171 1055 1186 1079 ,
1215 1013 1383 1083 aitque
1409 1010 1514 1065 illis
1540 1049 1556 1074 ,
1584 1008 1810 1077 Accipite

221 1118 477 1185 Spiritum
499 1123 728 1179 sanctum
754 1110 928 1182 (Joan.
954 1107 1044 1163 20.
1075 1105 1192 1176 22).
1222 1102 1470 1158 Attende.
1502 1099 1610 1156 Cur
1638 1096 1808 1153 insut-

219 1208 370 1263 llavit
401 1204 654 1262 Servator
682 1203 736 1256 in
775 1199 1047 1270 apostolos
1077 1197 1192 1266 ipso
1232 1189 1642 1249 resurrectionis
1675 1186 1807 1243 die?

215 1301 305 1353 An
325 1295 532 1351 nonnisi
547 1292 865 1349 insuﬂlando
886 1297 1094 1360 peierat
1111 1286 1365 1357 Spiritum
1383 1293 1626 1338 sanctum
1645 1279 1809 1334 dare?

219 1389 422 1444 Verum
451 1386 572 1456 quia
603 1399 722 1438 cum
754 1383 981 1451 pritnum
1013 1378 1282 1434 hominem
1311 1375 1596 1435 lormaret,
1629 1369 1811 1438 lnsuf-

215 1481 363 1552 ﬂavit
388 1480 442 1533 in
471 1478 650 1549 facient
677 1476 786 1546 ejus
806 1515 821 1540 ,
840 1485 887 1528 et
914 1477 1080 1544 factus
1104 1477 1174 1524 est
1203 1469 1351 1522 Itonto
1385 1467 1439 1518 in
1478 1465 1700 1516 animam
1729 1460 1807 1513 vi-

215 1581 412 1627 rentem
443 1569 595 1641 (Gen.
639 1567 694 1620 2.
727 1566 818 1636 7),
849 1564 943 1619 sed
987 1559 1356 1616 insumationis
1398 1557 1538 1610 illius
1581 1552 1806 1622 gratiam

215 1680 318 1734 per
343 1659 832 1734 pmvaricationem
864 1655 1125 1727 perdidit;
1156 1661 1209 1708 et
1240 1660 1517 1721 postquam
1543 1644 1806 1700 viviﬁcam

215 1756 367 1810 illam
389 1753 495 1808 vim
525 1751 850 1822 perdiderat,
874 1750 926 1803 in
957 1747 1228 1816 pulverem
1253 1741 1520 1796 resolutus
1539 1747 1639 1798 est,
1673 1745 1727 1791 et
1753 1738 1804 1789 in

213 1845 466 1913 sepulcro
494 1845 609 1911 ejus
637 1839 903 1909 opiﬁcium
934 1835 1193 1898 dissolvit;
1228 1841 1284 1886 ut
1311 1833 1617 1901 ﬁgmentum
1649 1841 1803 1880 suum

213 1945 524 1995 renovaret,
557 1943 611 1988 et
632 1934 863 2002 priscum
895 1929 1020 1984 illud
1051 1928 1248 1982 donum
1281 1924 1605 1983 restitueret,
1635 1918 1805 1973 insuf-

213 2026 367 2081 ﬁavit
393 2027 444 2080 in
467 2024 653 2080 faciem
675 2021 1069 2092 apostolorum,
1094 2025 1434 2084 veteremque
1471 2013 1613 2066 illam
1639 2019 1693 2066 et
1721 2011 1804 2064 vi-

209 2117 426 2172 viﬁcam
466 2117 571 2171 vim
605 2115 855 2185 ﬁgmento
898 2127 993 2167 suo
1033 2109 1297 2176 restituit:
1325 2122 1387 2161 ac
1425 2104 1582 2160 simul
1611 2102 1804 2171 imple-

213 2209 414 2262 bantur
445 2206 820 2276 prophetarum
849 2201 1118 2272 prmdicta.
1149 2199 1342 2253 Beatus
1370 2195 1566 2266 quippe
1594 2192 1804 2248 Nahum

210 2299 496 2372 propheta,
521 2315 641 2355 cum
670 2295 985 2368 praevideret
1014 2293 1246 2348 futurum
1275 2304 1416 2356 esse,
1451 2298 1510 2343 ut
1549 2286 1806 2342 Servator

210 2411 242 2449 a
273 2393 497 2450 mortuis
525 2404 808 2458 resurgens
838 2385 1132 2442 insumaret
1158 2384 1210 2437 in
1245 2389 1460 2436 sanctos
1489 2378 1760 2448 apostolos
1783 2416 1800 2442 ,

209 2497 272 2549 et
297 2485 544 2555 impleret
581 2497 675 2538 eos
699 2481 878 2535 divino
917 2490 1136 2532 munere
1154 2515 1172 2541 ,
1197 2473 1395 2543 populo
1424 2469 1805 2526 testiﬁcabatur

212 2578 300 2632 his
325 2577 500 2632 verbis
528 2592 542 2629 :
573 2571 781 2627 (Σειεὺνα
800 2611 814 2636 ,
845 2568 986 2623 Juda
1005 2610 1020 2634 ,
1055 2571 1182 2637 festa
1216 2576 1337 2630 tua,
1367 2561 1521 2617 redde
1556 2560 1665 2614 Deo
1688 2569 1804 2613 vota

210 2680 303 2722 tua
334 2684 350 2721 :
376 2683 476 2721 non
503 2666 740 2737 adjicient
772 2662 910 2716 ultra
941 2661 1106 2714 venire
1132 2658 1185 2711 in
1215 2655 1634 2726 antiquationem.
1663 2650 1800 2705 Con-

207 2771 520 2817 summatum
556 2768 662 2821 est,
695 2757 964 2810 exscissum
999 2763 1091 2806 est.
1136 2749 1373 2804 Ascendit
1419 2747 1551 2801 enim
1580 2761 1643 2799 ex
1668 2754 1802 2798 terra

205 2857 300 2925 qui
353 2853 564 2922 insumat
609 2853 660 2904 in
692 2850 871 2921 faciem
907 2858 1081 2909 tuam,
1113 2853 1159 2898 et
1185 2843 1270 2912 qui
1307 2841 1477 2896 liberet
1509 2851 1556 2894 te
1599 2840 1661 2893 de
1710 2838 1802 2891 tri-

208 2944 470 2999 bulatione
514 2941 771 3014 (Nattam.
808 2938 971 2993 1.15.
1000 2946 1044 2990 et
1067 2935 1122 2988 2.
1149 2935 1226 3004 l).
1261 2932 1402 2986 Tunc
1440 2932 1566 2985 dixit
1592 2933 1612 2962 ³
1640 2971 1655 2996 ,
1688 2927 1802 2982 Pax

207 3040 354 3092 vobis
377 3051 397 3101 ,°
419 3049 465 3091 et
492 3051 606 3088 cum
632 3035 728 3087 hoc
753 3033 991 3096 dixisset,
1015 3027 1302 3099 insuﬂlavit,
1333 3036 1379 3079 et
1408 3024 1537 3078 dixit
1562 3025 1631 3078 eis
1654 3023 1797 3075 :‘Ac-

205 3131 362 3198 cipite
404 3127 652 3198 Spiritum
698 3132 926 3178 sanctum
955 3119 1136 3188 (Joan.
1164 3117 1254 3173 20.
1280 3116 1396 3184 22).
1425 3115 1558 3183 Quia
1590 3111 1802 3166 videbat

207 3225 497 3276 humanam
529 3226 772 3274 naturam
803 3216 855 3270 in
896 3211 1166 3268 laboribus
1189 3209 1453 3277 deiectam
1475 3249 1488 3271 ,
1519 3217 1574 3262 et
1602 3205 1672 3260 ob
1712 3206 1796 3259 in-

208 3313 515 3368 ﬁrmitatem
543 3308 830 3365 certamina
861 3311 1218 3364 recusantem,
1248 3299 1301 3354 id
1324 3299 1464 3368 quod
1494 3295 1795 3363 deﬁciebat,

207 3405 400 3474 implet
425 3403 618 3456 virtute
635 3398 883 3469 Spiritus,
905 3405 962 3449 ut
979 3395 1120 3449 illam
1149 3391 1504 3447 imbecillitate
1532 3388 1796 3443 labantem

205 3495 615 3554 consolaretur:
638 3507 702 3546 ac
739 3506 835 3545 ceu
876 3489 1071 3544 t‘errum
1101 3483 1387 3556 quodpiam
1419 3481 1598 3536 divina
1626 3479 1796 3549 gratia

204 3590 354 3646 acuit
383 3588 564 3649 illam,
592 3595 649 3640 ut
695 3581 835 3654 quod
878 3597 941 3637 ex
997 3587 1186 3633 natura
1229 3591 1324 3630 sua
1367 3590 1473 3630 non
1521 3572 1793 3638 habebat,

205 3697 274 3736 es
304 3678 472 3748 gratia
501 3676 786 3745 acciperet,
813 3682 867 3728 et
895 3671 1090 3725 virtute
1118 3667 1346 3740 Spiritus
1372 3665 1598 3729 ﬁrmata,
1627 3673 1800 3718 certa-

205 3774 354 3827 mina
383 3771 571 3824 adiret.
602 3767 826 3836 Accipite
851 3764 1100 3835 Spiritum
1127 3769 1392 3815 sanctum:
1410 3759 1539 3811 sicut
1567 3757 1698 3809 misit
1719 3770 1797 3808 me

204 3865 367 3920 Pater
387 3905 402 3929 ,
427 3871 473 3916 ct
514 3877 604 3931 ego
652 3858 795 3911 mitto
821 3871 926 3909 vos.
953 3855 1022 3908 At
1050 3862 1103 3907 tu
1126 3894 1139 3916 ,
1176 3850 1398 3904 Domine
1421 3889 1435 3912 ,
1467 3856 1523 3901 ut
1544 3846 1798 3902 Servator

201 3970 494 4028 egressus,
525 3951 703 4006 vidisti
748 3956 1083 4019 peccatores,
1115 3953 1168 3998 et
1209 3932 1492 3998 miseratus
1538 3954 1597 3995 es
1645 3939 1793 4003 illos;

203 4057 548 4121 peccatorum
573 4043 726 4098 nobis
745 4040 955 4095 veniam
977 4035 1188 4093 dedisti.
1207 4034 1461 4104 Superior
1481 4039 1563 4087 est
1585 4031 1752 4101 gratia
1777 4047 1793 4085 :

202 4138 492 4194 incidimus
539 4149 637 4188 nos
676 4133 726 4188 in
773 4132 1022 4202 abyssum
1071 4135 1446 4197 peccatorum;
1477 4123 1630 4177 multi
1672 4128 1796 4176 sunt

203 4235 521 4299 peccatores
542 4266 557 4290 ,
590 4213 756 4278 multa
781 4235 916 4290 opus
944 4228 1026 4274 est
1053 4220 1238 4289 gratia.
1271 4215 1655 4271 Auctoritatem
1687 4227 1795 4267 non

203 4321 466 4376 habemus
493 4334 508 4371 :
539 4313 806 4385 quomodo
831 4325 1113 4382 possumus
1142 4309 1277 4364 mitti
1310 4317 1368 4361 ut
1396 4315 1451 4361 tu
1480 4306 1672 4360 missus
1693 4318 1752 4359 es
1770 4304 1796 4358 ἲ

201 4409 560 4482 Quamobrem
586 4416 644 4462 ut
671 4406 982 4475 impleretur
1008 4401 1137 4457 illud
1165 4419 1176 4454 :
1207 4401 1349 4457 Sicut
1393 4401 1526 4454 misit
1571 4415 1650 4452 me
1684 4397 1794 4452 Pa-

203 4520 302 4569 ter,
329 4513 374 4558 et
405 4519 494 4574 ego
523 4503 720 4554 mittam
744 4514 860 4564 vos,
887 4496 1017 4551 dicit
1046 4514 1058 4550 :
1097 4495 1324 4562 Quorum
1353 4493 1644 4546 remiseritis
1675 4508 1792 4560 pec-

203 4607 324 4653 cata
351 4637 366 4662 ,
393 4594 713 4649 remittuntur
750 4591 858 4652 eis;
894 4599 940 4643 et
979 4603 1190 4657 quorum
1227 4585 1535 4640 retinueritis
1560 4625 1575 4648 ,
1602 4592 1795 4636 retenta

203 4698 324 4743 sunt
357 4687 534 4756 (Joan.
554 4683 644 4738 20.
671 4681 785 4752 23).
809 4680 977 4747 Quam
1005 4678 1161 4732 habet
1185 4684 1503 4748 potestatem
1521 4674 1791 4739 Servator,

203 4784 300 4835 dat
347 4777 620 4848 apostolis.
659 4771 1117 4842 Quemadmodum
1161 4771 1303 4824 enim
1352 4768 1466 4823 ﬁeri
1509 4768 1694 4837 nequit
1739 4775 1798 4820 ut

203 4885 341 4943 gens
371 4866 593 4938 principi
640 4865 1005 4918 committatur
1029 4902 1044 4923 ,
1075 4861 1120 4914 si
1164 4875 1269 4914 non
1313 4857 1506 4913 habeat
1543 4856 1713 4912 venia:
1742 4864 1796 4909 et

205 4963 399 5021 mortis
440 4975 503 5014 ac
544 4956 788 5028 supplicii
827 4962 1141 5024 potestatem
1185 4951 1252 5004 ab
1283 4965 1406 5020 rege
1443 4964 1792 5003 concessam:

203 5058 285 5112 sic
304 5063 358 5109 et
374 5054 646 5113 Servator,
669 5050 787 5102 illos
813 5047 1198 5100 constituturus
1216 5042 1482 5113 principes
1503 5041 1671 5102 orbis,
1704 5039 1793 5094 dat

205 5147 318 5201 illis
365 5151 416 5198 et
469 5139 712 5209 supplicii
759 5147 812 5191 ct
861 5136 1028 5190 venia:
1067 5141 1418 5204 potestatem,
1455 5132 1536 5186 his
1577 5133 1794 5186 verbis:

208 5240 440 5305 Quorum
461 5231 749 5286 "miseritis
781 5238 1003 5298 peccata,
1032 5227 1354 5280 remittuntur
1379 5226 1481 5289 eis;
1499 5233 1542 5277 et
1570 5225 1797 5289 Quorum

206 5327 538 5388 retinueritis,
565 5332 757 5377 retenta
781 5331 916 5374 sunt.
950 5319 1105 5372 Nullo
1129 5319 1271 5372 enim
1297 5324 1452 5385 pacto
1480 5324 1652 5385 potest
1676 5315 1796 5384 quis

207 5431 302 5476 aut
345 5417 657 5487 martyrium
690 5412 897 5467 fortiter
925 5410 1107 5464 subire
1148 5417 1238 5462 aut
1265 5407 1554 5477 diligenter
1599 5405 1793 5476 przedi-

276 5588 294 5620 ⁸
313 5592 485 5636 Locum
505 5584 747 5643 integrum
769 5581 972 5643 citamus
993 5589 1023 5626 e
1044 5577 1153 5625 Cod.
1176 5582 1294 5643 negt.
1321 5573 1458 5625 1186.

279 5651 300 5681 '
319 5635 431 5697 Cod.
465 5658 574 5707 reg.
599 5635 721 5693 ῑιεϐ
760 5644 830 5690 sic
860 5641 1026 5707 habet,
1051 5646 1158 5699 post
1185 5635 1354 5707 locum
1378 5650 1407 5685 e
1425 5706 1434 5707 ί
1444 5635 1677 5706 propheta
1718 5643 1801 5704 tia-

209 5695 580 5773 huniicitatuni':
608 5714 738 5754 Duas
770 5707 944 5773 notavit
957 5695 1378 5773 Acircuqtsttmtias.‘
1410 5695 1638 5773 Quoniam
1674 5697 1800 5769 enim

207 5758 435 5819 Christus
466 5772 512 5816 et
534 5776 713 5816 metum
733 5762 887 5821 solvit,
922 5769 966 5812 et
1000 5758 1263 5820 insufﬂauit
1298 5759 1528 5818 spiritum
1562 5761 1699 5814 dans,
1726 5759 1800 5808 di-

207 5829 282 5895 xit
279 5828 604 5944 Jurepheta),
625 5827 738 5891 «qui
761 5822 1019 5893 insufﬂetin
1032 5822 1204 5890 faciem
1228 5828 1376 5882 tuam,
1421 5828 1486 5881 et,
1540 5822 1622 5884 qui
1634 5822 1799 5872 liberet

217 5900 262 5944 te
315 5906 342 5944 e
365 5887 726 5942 tribulatione»
760 5887 943 5939 Deinde
962 5886 1106 5937 dixit.

217 5886 342 5946 ιε’ἀέ
365 5886 687 5942 tribulatione.
704 5906 726 5936 ι
760 5887 943 5939 Deinde
962 5886 1106 5937 dixit.

903 447 965 504 IN
1007 439 1478 502 ASCENStoNEu
1520 437 1583 492 υ.
1624 433 1688 490 N.
1730 431 1778 489 ι.
1819 429 1882 486 c.
1924 428 2014 488 ET
2053 431 2118 488 IN
2158 433 2448 490 rnmcw.
2491 434 2647 492 scr.
2688 435 2748 492 ll.
3410 447 3503 506 πε

1918 563 2039 603 care
2067 591 2082 614 ,
2113 561 2203 604 aut
2249 551 2375 616 quid
2417 567 2666 622 magnum
2713 552 3040 626 difﬁcileque
3077 567 3333 628 pratstare
3357 603 3372 627 ,
3403 565 3505 619 nisi

1917 641 2167 710 martyris
2194 641 2432 696 animum
2471 643 2690 698 roboret
2715 642 2950 713 Spiritus
2975 649 3144 702 sancti
3171 651 3339 706 virtus
3363 670 3378 706 :
3400 653 3509 708 alio

1915 731 2109 800 quippe
2139 733 2297 785 modo
2341 746 2447 788 non
2488 743 2712 804 possunt
2740 747 3004 808 martyres
3045 754 3185 794 esse.
3219 739 3507 813 Martyrem

1914 836 2044 876 vero
2091 838 2232 877 nunc
2259 823 2381 877 dico
2403 863 2420 888 ,
2449 840 2554 880 non
2589 826 2751 882 modo
2776 827 2868 897 qui
2897 829 3225 886 cruciatibus
3248 847 3509 889 consum-

1916 919 2090 966 matus
2114 911 2212 975 sit,
2237 913 2330 968 sed
2359 914 2521 968 etiam
2551 916 2640 985 qui
2669 917 2833 972 verbo
2858 921 3045 988 gratia:
3074 921 3145 975 sit
3169 922 3504 981 testiﬁcatus.

1914 1002 2098 1070 Quivis
2123 1005 2265 1059 enim
2293 1006 2531 1060 veritatis
2553 1022 2750 1076 preco,
2778 1019 2983 1080 martyr
3005 1023 3088 1068 est
3111 1013 3227 1068 Dei.
3256 1013 3508 1085 Quapro-

1914 1104 2034 1164 pter
2061 1094 2129 1149 de
2165 1094 2373 1152 Joanne
2400 1095 2632 1167 Baptista
2669 1098 3174 1173 dicitEvangelium
3199 1103 3296 1158 :Et
3321 1103 3506 1176 testi/i-

1910 1191 2052 1237 catus
2098 1193 2172 1238 est
2219 1184 2446 1241 Joannes
2495 1187 2695 1241 veritati
2715 1229 2731 1256 ,
2763 1189 2933 1245 dicens
2959 1205 2980 1244 :
3009 1190 3111 1245 Hic
3153 1203 3226 1247 est
3273 1192 3507 1250 Christus

1915 1274 2093 1337 (Joan.
2121 1277 2172 1331 1.
2219 1276 2331 1347 '52).
2365 1279 2564 1350 Martyr
2602 1295 2709 1335 non
2761 1282 3012 1351 patiendo
3038 1325 3055 1352 ,
3081 1285 3176 1340 sed
3221 1286 3509 1343 clamando

1913 1367 2163 1422 efﬁcitur.
2214 1368 2329 1423 Non
2375 1381 2598 1439 possunt
2650 1372 2810 1442 igitur
2859 1387 3122 1446 martyres
3169 1390 3289 1431 esse
3337 1377 3504 1433 divini

1912 1459 2081 1524 vcrhi,
2113 1461 2212 1516 nisi
2263 1471 2448 1516 sancto
2479 1462 2677 1532 Spiritu
2704 1464 3046 1520 roborentur.
3076 1467 3200 1523 Ideo
3221 1483 3505 1524 resumens

1913 1552 2167 1609 Servator
2189 1555 2318 1610 dicit
2350 1558 2604 1628 apostolis
2630 1575 2643 1612 :
2679 1557 2780 1613 Vos
2801 1570 2968 1614 autem
2993 1575 3189 1617 manete
3215 1565 3269 1618 in
3307 1566 3509 1620 civitate

1909 1645 2212 1710 Jerusalem,
2236 1648 2395 1702 donec
2416 1649 2701 1704 induamini
2715 1653 2897 1706 virtute
2915 1670 2976 1707 ex
2995 1653 3098 1708 alto
3125 1654 3366 1726 (Lucii.
3386 1656 3503 1721 $9),

1911 1749 1966 1794 et
1996 1740 2271 1809 accipietis
2299 1741 2551 1795 virtutem
2582 1744 3012 1812 supervenientis
3039 1745 3268 1814 Spiritus
3294 1749 3503 1812 sancti;

1911 1830 2183 1896 virtutem,
2207 1846 2365 1899 quam
2392 1834 2482 1901 qui
2509 1846 2614 1888 non
2640 1834 2975 1903 acceperint,
3001 1849 3107 1889 non
3135 1845 3362 1905 possunt
3384 1852 3508 1895 esse

1911 1929 2172 1992 martyres
2195 1937 2288 1976 seu
2316 1931 2479 1978 testes
2501 1923 2541 1976 ί.

1980 2013 2033 2068 5.
2074 2011 2298 2068 Thomas
2328 2025 2492 2068 autem
2520 2031 2651 2070 unus
2673 2031 2737 2070 ex
2761 2017 3047 2082 duodecim,
3073 2020 3162 2089 qui
3192 2019 3378 2076 dicitur
3401 2019 3498 2076 Di-

1909 2105 2091 2175 dymus
2112 2145 2124 2165 .
2153 2122 2254 2159 non
2286 2115 2394 2158 erat
2430 2121 2545 2159 cum
2571 2106 2644 2161 eis
2673 2107 2852 2178 (Joan.
2878 2108 2970 2163 20.
3011 2109 3126 2180 24).
3171 2111 3299 2166 Erat
3323 2121 3502 2169 autem

1909 2211 2098 2266 magna
2130 2197 2216 2250 illa
2260 2197 2458 2252 Christi
2483 2199 2802 2264 tneonomia,
2834 2199 2976 2269 quod
3007 2200 3242 2257 Thomas
3265 2218 3373 2260 non
3402 2205 3502 2260 ad-

1907 2295 2051 2341 esset
2069 2328 2083 2352 ,
2117 2295 2174 2341 ut
2201 2287 2318 2357 ejus
2362 2287 2622 2343 dubitatio
2651 2289 2933 2346 clariorem
2962 2293 3355 2365 certioremque
3381 2296 3504 2352 em-

1907 2387 2053 2434 ceret
2082 2381 2548 2435 resurrectionem.
2579 2381 2692 2437 Nisi
2722 2383 2867 2438 enim
2893 2384 3128 2440 Thomas
3147 2385 3426 2456 defuisset,
3450 2398 3507 2446 et

1907 2471 1974 2525 de
1995 2471 2389 2526 rcsurrecﬁone
2405 2471 2720 2537 dubitasset,
2749 2488 2812 2528 ac
2835 2473 3155 2531 dubitationi
3182 2487 3386 2533 eertum
3415 2494 3505 2534 ar-

1906 2571 2215 2630 gumentum
2253 2561 2507 2616 Servator
2530 2564 2888 2632 opposuisset,
2921 2562 3156 2620 futurum
3182 2577 3297 2623 erat
3326 2577 3384 2623 ut
3409 2584 3502 2625 rc-

1906 2653 2250 2706 surrectiouis
2296 2652 2613 2708 miraculum
2665 2654 2910 2723 plurimis
2954 2656 3131 2712 adhuc
3178 2657 3503 2716 oﬁendiculo

1905 2751 2050 2798 esset
2081 2759 2094 2795 :
2125 2758 2309 2798 verum
2353 2742 2469 2813 ejus
2509 2742 2769 2800 dubitatio
2809 2744 3054 2801 lidelibus
3088 2749 3295 2807 cunctis
3319 2765 3500 2808 reme-

1906 2833 2051 2888 dium
2080 2835 2276 2888 attulit.
2309 2833 2443 2889 Cum
2473 2835 2649 2904 itaque
2684 2836 2832 2892 venit
2860 2836 3131 2906 Thomas,
3174 2839 3424 2898 dixerunt
3447 2844 3503 2899 ei

1903 2923 1991 2977 alii
2014 2923 2256 2993 discipuli
2288 2941 2302 2978 :
2344 2923 2572 2979 Vidimus
2606 2925 2904 2981 Dominum.
2932 2927 3010 2984 illi
3039 2930 3405 3000 gloriabantur
3431 2935 3501 2991 de

1908 3016 1971 3070 iis
1996 3031 2114 3086 qua:
2140 3015 2419 3083 viderant;
2450 3016 2538 3072 hic
2557 3033 2685 3073 vero
2704 3019 3102 3076 contradicendi
3122 3024 3356 3094 quodam
3382 3036 3500 3083 stu-

1905 3105 1995 3160 dio
2025 3116 2212 3175 captus
2241 3115 2343 3170 est.
2375 3123 2480 3162 non
2517 3109 2889 3166 incredulitate
2919 3113 3088 3183 (tanta
3114 3128 3202 3170 res
3233 3126 3318 3172 est
3339 3117 3500 3174 dubi-

1905 3198 2080 3268 tatio),
2110 3213 2232 3253 cum
2253 3200 2452 3254 certior
2477 3198 2592 3254 ﬁeri
2625 3210 2951 3270 perOptaret,
2985 3219 3092 3259 non
3117 3205 3269 3272 dixit,
3299 3207 3356 3264 Id
3381 3209 3499 3266 ﬁeri
3535 3244 3539 3249 -

1909 3289 2112 3358 nequit.
2146 3288 2376 3344 Attende
2413 3289 2715 3360 diligenter.
2746 3291 2864 3347 Non
2906 3296 3116 3366 negavit
3140 3301 3497 3356 resurrectio-

1901 3400 2024 3441 nem
2055 3403 2068 3441 :
2097 3401 2204 3441 non
2232 3385 2386 3453 dixit,
2416 3386 2771 3457 [inpossibilia
2797 3387 2994 3456 dicitis,
3023 3405 3111 3445 res
3138 3391 3498 3462 impossibiles

1903 3480 2261 3546 aununtiatis;
2283 3480 2379 3535 sed
2405 3481 2605 3536 certior
2629 3479 2745 3536 ﬁeri
2772 3482 2940 3537 voluit
2965 3483 3186 3539 dicens:
3218 3484 3336 3542 Nisi
3359 3488 3500 3542 uide-

1901 3590 1959 3627 ro
1986 3575 2040 3628 in
2069 3576 2298 3629 manibus
2317 3575 2426 3645 ejus
2445 3575 2668 3643 ﬁxuram
2684 3576 2959 3641 clavorum,
2982 3574 3050 3648 [et
3066 3579 3260 3632 mittam
3279 3581 3497 3652 digitum

1900 3684 2064 3722 nteum
2077 3668 2127 3721 in
2145 3666 2312 3723 locum
2324 3668 2578 3721 clavorum
2590 3665 2691 3739 (a)]
2705 3677 2751 3721 et
2764 3670 2956 3722 mittam
2969 3685 3173 3724 manum
3185 3687 3348 3726 meam
3362 3673 3414 3727 in
3426 3673 3500 3727 la-

1901 3771 1980 3814 tus
2005 3762 2131 3831 ejus,
2162 3777 2263 3815 non
2281 3761 2520 3814 credam”
2540 3760 2720 3832 (Joan.
2751 3761 2840 3816 20.
2868 3761 2985 3832 25).
3007 3761 3075 3816 Et
3095 3773 3206 3833 post
3226 3765 3333 3820 dies
3357 3777 3492 3823 octo.

1903 3852 2035 3905 Vide
2065 3851 2335 3921 quomodo
2372 3851 2527 3906 alteri
2571 3853 2864 3908 Dominicae
2904 3853 3136 3914 insistit:
3165 3871 3288 3910 nam
3327 3873 3356 3911 a
3389 3859 3497 3913 Do-

1901 3942 2094 3997 minica
2117 3943 2170 3996 in
2203 3942 2527 3997 Dominicam
2558 3952 2681 3997 sunt
2701 3951 2824 3998 octo
2848 3943 2983 3998 dies.
3024 3943 3149 4000 Post
3173 3946 3278 3999 dies
3326 3958 3438 4001 octo
3462 3963 3492 4004 a

1901 4033 2295 4088 resurrectione
2322 4034 2452 4086 venit
2477 4034 2658 4086 iterum
2683 4033 2857 4099 Jesus,
2881 4035 3060 4104 januis
3085 4036 3290 4104 clausis,
3317 4048 3364 4092 et
3392 4048 3494 4093 ste-

1902 4126 1959 4178 tit
1989 4126 2041 4178 in
2063 4125 2225 4179 medio
2251 4135 2299 4180 et
2329 4125 2456 4179 dixit
2491 4139 2511 4178 :
2539 4122 2658 4178 Pax
2689 4125 2826 4178 vobis
2861 4124 2967 4194 (Ib.
3000 4141 3049 4179 υ.
3079 4125 3194 4197 26).
3225 4127 3358 4195 Quia
3384 4129 3494 4199 pri-

1900 4217 2021 4272 dem
2056 4217 2246 4272 eodem
2274 4216 2326 4270 in
2359 4217 2476 4271 loco
2504 4216 2586 4271 bis
2610 4215 2837 4278 dixerat,
2863 4215 2981 4271 Pax
3017 4219 3180 4284 vobis,
3213 4219 3297 4275 hic
3325 4222 3494 4277 semel

1899 4309 2056 4374 dicit,
2100 4318 2156 4362 ut
2179 4325 2244 4363 ex
2284 4317 2465 4363 sancta
2491 4307 2750 4362 Trinitate
2793 4307 3088 4378 perfectum
3133 4319 3186 4364 et
3227 4311 3494 4382 integrum

1900 4397 2100 4451 donum
2134 4398 2278 4468 pacis
2296 4396 2496 4453 faceret
2529 4414 2541 4452 :
2575 4396 2695 4451 Pax
2715 4398 2873 4452 vobis.
2901 4397 3098 4454 Deinde
3119 4400 3240 4454 dicit
3259 4400 3491 4470 Thonue,

1901 4489 2050 4557 lnfer
2074 4489 2289 4560 digitum
2326 4499 2466 4542 tuum
2492 4488 2590 4543 huc
2639 4487 2744 4560 (Ib.
2786 4504 2837 4543 υ.
2867 4489 2983 4562 27).
3012 4493 3261 4557 Attende,
3287 4509 3491 4563 quaeso.

1899 4581 2014 4636 Non
2061 4589 2333 4651 exspectat
2371 4579 2625 4636 Servator
2667 4581 2841 4637 donec
2891 4597 2922 4637 a
2965 4583 3242 4654 discipulis
3271 4586 3495 4643 Thema

1901 4673 2286 4729 dubitationem
2313 4672 2493 4726 audiat
2517 4690 2530 4726 :
2557 4687 2665 4728 non
2683 4672 2909 4728 docetur
2931 4675 3076 4743 prius
3097 4692 3256 4746 quam
3277 4676 3490 4735 doceat:

1902 4763 1996 4818 sed
2025 4773 2082 4816 ut
2109 4761 2423 4834 persuadeat
2451 4762 2551 4831 ipsi
2580 4778 2640 4818 se
2661 4773 2978 4833 pmsentem
3009 4764 3193 4832 fuisse,
3225 4767 3348 4822 licet
3384 4783 3493 4824 non

1902 4865 2218 4924 appareret;
2238 4865 2290 4909 et
2307 4864 2364 4910 ut
2379 4854 2724 4910 dubitationis
2739 4855 3020 4926 inquisitor
3035 4860 3123 4923 sit,
3143 4859 3455 4917 aitThoma:
3475 4879 3490 4918 :

1903 4946 2048 5017 lnfer
2068 4947 2280 5017 digitum
2305 4955 2446 4999 tuum
2471 4947 2590 5010 huc,
2609 4946 2881 5013 utdixisti,
2905 4958 2950 5000 et
2973 4949 3085 5003 vide
3105 4967 3284 5005 manus
3310 4967 3446 5006 meas
3473 4969 3494 5006 :

1901 5052 1948 5096 et
1972 5041 2104 5109 infer
2129 5054 2333 5092 manum
2358 5047 2497 5090 luant
2516 5079 2532 5101 ,
2564 5046 2611 5091 et
2651 5039 2792 5091 mitte
2818 5040 2871 5090 in
2901 5039 3034 5094 latus
3063 5057 3229 5095 meum
3269 5058 3289 5096 .'
3311 5051 3359 5096 et
3388 5044 3494 5097 noli

1901 5151 2006 5188 esse
2049 5131 2358 5196 incredulus,
2389 5130 2478 5183 sed
2502 5130 2668 5198 ﬁdelis
2695 5129 2905 5202 (Ibid).
2935 5130 3180 5186 Ostendit
3217 5149 3362 5198 eum,
3402 5138 3494 5204 qui

1902 5226 2123 5282 evidens
2147 5223 2399 5278 indicium
2435 5220 2645 5291 quaerit,
2679 5239 2784 5276 non
2823 5238 2945 5278 esse
2975 5223 3218 5290 ﬁdelem;
3247 5225 3341 5280 sed
3367 5241 3492 5281 eum

1967 5363 1984 5393 ι
2010 5361 2084 5409 sic
2106 5357 2250 5408 eﬁ'ert
2271 5357 2400 5406 hunc
2422 5355 2576 5419 locum
2599 5355 2710 5404 Cod.
2733 5356 3026 5419 Beg.ii88:
3051 5363 3104 5407 Et
3126 5357 3372 5409 accmietis
3392 5372 3492 5410 νιν.

1902 5429 2050 5473 tutem
2072 5417 2471 5491 Sﬁritussancti
2512 5417 2884 5491 supervenientis
3001 5431 3118 5477 vos;
3150 5427 3194 5469 et
3211 5419 3351 5490 eritis
3373 5420 3494 5472 mihi

1903 5491 2043 5550 testes
2072 5496 2090 5532 :
2103 5477 2350 5550 'm'sienim
2368 5477 2650 5550 accepta'sit
2672 5477 2822 5550 virtus
2843 5479 3048 5543 Spiritus
3067 5480 3239 5542 sancti,
3272 5495 3366 5532 non
3382 5497 3494 5546 pes-

1902 5545 2040 5596 sibile
2073 5552 2141 5593 est
2173 5541 2380 5604 aliquem
2402 5537 2668 5604 martyrem
2688 5537 2816 5604 fieri.

1966 5612 1986 5641 ι
2012 5607 2140 5675 idem
2162 5601 2324 5675 Codex
2347 5609 2473 5675 post2
2497 5601 2714 5673 cfetiam,
2738 5602 2981 5675 sichabet
3006 5615 3020 5652 :
3046 5610 3155 5674 Non
3177 5602 3322 5662 dixit,
3354 5621 3378 5652 s
3399 5619 3494 5657 non

1905 5671 2102 5720 credam
2112 5665 2318 5723 omnino,
2330 5661 2361 5708 ι’
2384 5661 2490 5723 sed,
2509 5680 2532 5709 ι
2549 5662 2642 5713 nisi
2662 5662 2985 5726 probationem
2999 5663 3251 5725 accipiam,
3275 5661 3367 5716 nan
3383 5681 3493 5718 cre-

1905 5732 2036 5782 dam.
2061 5748 2083 5775 ι
2113 5735 2168 5778 ει
2184 5734 2306 5790 post,
2327 5731 2419 5776 etc.

1970 5817 2043 5880 (η)
2066 5814 2256 5880 uncinis
2293 5811 2458 5880 clausa
2499 5822 2595 5859 non
2633 5808 2786 5880 habet
2819 5810 3164 5874 Montef.;sed
3209 5811 3268 5861 ad
3320 5817 3493 5865 textus

1905 5871 2175 5942 Evangelia
2199 5876 2532 5937 integritatem
2553 5871 2820 5933 pertinent.
