4126 6484
723 408 826 466 779

723 526 815 595 qui
841 521 960 577 ﬁdei
994 535 1053 576 se
1077 516 1309 587 subiicit,
1339 513 1547 569 ildelem
1573 524 1714 569 esse.
1746 505 1949 563 Similis
1988 513 2072 595 est
2098 500 2282 595 is,_qui

720 590 1001 682 investigat
1022 608 1157 664 latus
1180 604 1373 663 Christi
1397 612 1450 657 et
1476 602 1671 655 llxuras
1694 598 1987 662 clavorum,
2018 592 2067 648 el
2091 593 2178 663 qui
2205 590 2286 645 di-

726 704 819 766 cit,
849 698 1123 767 Quomodo
1149 694 1357 767 genitus
1384 692 1504 749 est?
1530 692 1641 746 lmo
1660 705 1765 767 non
1790 686 1995 743 similis.
2024 684 2116 739 Ille
2134 682 2289 752 quip-

730 808 795 861 pe
822 789 1091 862 quaerebat
1123 789 1178 843 in
1201 800 1363 842 carne
1388 783 1570 839 videre
1616 781 1810 835 [intras
1844 778 2139 837 clavorum,
2167 786 2287 841 quae

725 883 824 937 sub
850 891 1120 951 aspectum
1146 888 1199 934 ot
1227 890 1440 933 sensum
1468 872 1726 929 cadebant
1766 887 1780 924 :
1823 867 2069 937 cupiebat
2105 864 2285 918 videro

725 989 837 1027 rem
863 984 1149 1043 peractam,
1175 982 1331 1039 quam
1349 975 1471 1020 ante
1489 962 1708 1017 sciebat.
1730 959 1809 1014 Tu
1824 972 1952 1013 vero
1972 956 2058 1026 qui
2079 954 2287 1010 curiose

729 1060 986 1129 perquiris
1026 1067 1263 1113 naturam
1302 1052 1653 1112 invisibilem,
1693 1046 2040 1102 substantiam
2088 1044 2288 1097 incom-

727 1149 1131 1218 prehensibilem
1151 1188 1166 1212 ,
1193 1144 1585 1216 generationem
1624 1138 1962 1199 inellabilem,
1992 1135 2284 1207 genitorem

726 1240 1126 1295 iucnarrabilem
1148 1278 1164 1304 ,
1192 1237 1427 1307 genitum
1473 1228 2076 1300 incomprehensibilem,
2108 1240 2283 1279 annon

723 1330 935 1398 gravius
964 1325 1359 1398 prtevaricarisl
1396 1339 1572 1379 annon
1611 1336 1671 1377 es
1697 1320 1897 1375 inﬁdeli
1938 1316 2201 1373 deterior?
2230 1314 2283 1373 Si

723 1417 863 1484 quod
912 1416 1047 1470 latus
1090 1413 1479 1484 investigaverit
1525 1411 1710 1465 beatus
1754 1408 2020 1472 Thomas,
2051 1406 2282 1470 audivit,

726 1504 851 1559 Noli
874 1522 979 1559 esse
1004 1505 1309 1569 incredulus,
1352 1503 1438 1557 sed
1475 1502 1637 1569 ﬁdelis
1666 1518 1684 1554 :
1718 1510 1770 1554 ιιι
1799 1500 1886 1569 qui
1918 1499 2283 1566 incorpoream

724 1608 777 1651 et
803 1596 1386 1665 incomprehensibilem
1416 1596 1657 1649 virtutem
1685 1593 1936 1647 scrutaris
1960 1592 1998 1657 ‘,
2032 1591 2140 1645 noli
2168 1604 2286 1645 esse

726 1686 1048 1749 incredulus,
1070 1686 1162 1741 sed
1186 1686 1371 1740 fidelis.
1399 1688 1643 1739 Attamen
1673 1683 1765 1739 Dei
1790 1683 2128 1752 indulgentias
2156 1696 2279 1749 gra-

727 1782 827 1834 tias
849 1781 1083 1849 agimus,
1130 1778 1271 1848 quod
1315 1778 1532 1831 Thomas
1572 1775 1763 1844 digitus
1802 1775 2011 1845 pietatis
2051 1773 2288 1828 calamus

729 1870 902 1931 fuerit,
928 1869 1017 1937 qui
1050 1869 1293 1923 heretica
1328 1869 1459 1922 retia
1503 1856 1865 1929 subverteret,
1897 1875 1951 1921 et
1979 1880 2163 1920 eorum
2193 1879 2285 1919 ora

726 1960 1024 2024 obturaret,
1054 1960 1144 2029 qui
1174 1960 1351 2014 dicere
1378 1958 1668 2023 auderent,
1696 1958 1976 2013 Dominum
2001 1958 2177 2027 specie
2203 1958 2287 2010 in-

726 2050 902 2105 duisse
929 2064 1118 2118 corpus
1141 2089 1156 2112 ,
1203 2049 1484 2117 specieque
1511 2056 1711 2101 tantum
1738 2056 2001 2101 mortuum
2031 2060 2169 2101 esse.
2201 2045 2288 2099 Di-

725 2141 862 2210 gitus
887 2154 1012 2193 vero
1040 2138 1256 2193 Tboma:
1294 2138 1660 2193 luereticorum
1686 2138 2067 2191 dubitationem
2090 2136 2159 2191 ita
2181 2137 2288 2191 sol-

726 2233 818 2293 vit,
849 2239 907 2284 nt
932 2231 1018 2285 ille
1045 2229 1259 2300 digitus.
1290 2239 1472 2284 contra
1492 2244 1649 2299 quem
1686 2228 1815 2283 nihil
1846 2238 2127 2298 potuerunt
2148 2226 2283 2297 magi

727 2319 1091 2391 Egyptiorum
1130 2318 1368 2373 dicentes
1406 2336 1417 2372 :
1459 2316 1657 2388 Digitus
1692 2316 1781 2371 Dei
1801 2327 1869 2371 est
1904 2318 1981 2371 hic
2010 2316 2198 2387 (Exod.
2229 2318 2283 2371 8.

728 2408 837 2479 19).
872 2409 971 2463 Par
1001 2417 1115 2462 erat
1140 2407 1395 2461 Thomam
1415 2447 1431 2472 ,
1461 2417 1578 2475 post
1614 2418 1816 2462 eertum
1859 2408 1984 2461 illud
2013 2418 2284 2473 acceptum

729 2500 1000 2563 iudicium,
1034 2498 1161 2553 illud
1195 2498 1404 2553 Davidis
1428 2498 1624 2552 dictum
1653 2498 1887 2567 proferre
1913 2516 1925 2551 :
1955 2498 2019 2552 In
2040 2500 2119 2552 die
2141 2499 2287 2573 tribu:

726 2592 923 2645 talionis
949 2606 1070 2643 mete
1090 2589 1250 2643 Deum
1273 2590 1511 2659 exquisivi
1540 2588 1710 2658 (Psal.
1736 2590 1823 2644 76.
1850 2591 1925 2661 3);
1950 2601 2003 2646 et
2029 2593 2148 2660 quia
2170 2606 2285 2644 ma-

726 2682 880 2736 nibus
917 2681 1269 2744 scrutabatur,
1310 2681 1582 2750 sequentia
1620 2681 1835 2747 addere,
1882 2682 2115 2736 Manibus
2166 2684 2286 2736 meis

727 2784 869 2825 nocte
892 2781 1061 2824 contra
1085 2788 1216 2833 eum,
1244 2780 1290 2823 et
1319 2787 1418 2823 non
1447 2788 1556 2825 sum
1572 2773 1819 2840 deceptus.
1846 2772 1967 2824 Noli
1994 2789 2097 2827 esse
2122 2774 2287 2827 inere-

726 2862 895 2923 dulus,
918 2861 1005 2914 sed
1027 2860 1207 2927 ﬁdelis.
1240 2860 1333 2914 Ille
1354 2876 1481 2914 vero
1499 2869 1553 2914 et
1572 2876 1601 2913 a
1628 2859 1791 2913 ﬁxura
1812 2876 1930 2914 cum
1952 2902 1965 2923 ,
1993 2862 2081 2930 qui
2104 2877 2288 2929 passus

727 2962 859 3013 erat,
891 2954 1195 3021 conspexit,
1228 2961 1280 3005 et
1316 2967 1345 3004 a
1378 2952 1566 3020 prrevia
1596 2952 1894 3021 cognitione
1922 2953 2085 3007 Deum
2114 2953 2239 3007 dicit
2270 2971 2283 3006 :

728 3040 973 3095 Dominus
998 3058 1132 3094 meus
1161 3050 1205 3095 et
1236 3039 1367 3095 Deus
1397 3058 1550 3094 meus.

805 3134 857 3186 ὁ.
902 3132 1128 3185 Audiant
1156 3131 1408 3185 hrcretici.
1440 3130 1492 3183 Si
1518 3145 1641 3185 vere
1666 3130 1716 3184 id
1744 3141 1951 3186 recusat
1976 3132 2160 3196 Filius,
2189 3148 2287 3189 nec

732 3233 812 3275 est
841 3222 1054 3290 :equalis
1083 3221 1245 3287 Patri,
1277 3236 1371 3275 cur
1396 3236 1453 3276 se
1480 3232 1879 3288 exsuperantem
1908 3223 2160 3278 honorem
2183 3240 2286 3278 non

730 3312 934 3376 reiicit?
965 3313 1176 3365 Andivit
1202 3327 1229 3364 a
1270 3313 1495 3378 quodam
1521 3352 1535 3373 ,
1580 3311 1817 3382 Magister
1842 3314 1965 3366 bona
1984 3355 1998 3378 ,
2040 3323 2092 3368 et
2117 3313 2281 3378 dixit,

729 3401 829 3455 Cur
870 3418 947 3455 me
982 3402 1106 3455 dicis
1155 3402 1382 3455 bonum!
1446 3400 1608 3456 Nemo
1653 3404 1806 3455 bonus
1852 3404 1947 3455 nisi
1989 3420 2116 3457 unus
2152 3402 2289 3458 Deus

730 3495 748 3563 (
783 3493 964 3546 Matth.
994 3493 1080 3548 19.
1115 3493 1199 3547 16.
1248 3494 1313 3546 i7
1345 3493 1381 3562 ).
1414 3492 1557 3547 Licet
1584 3494 1708 3547 illttd
1753 3495 1927 3559 bonus,
1952 3496 2110 3549 etiam
2152 3496 2289 3563 apud

732 3598 828 3637 nos
858 3582 907 3636 in
935 3598 1032 3636 usu
1053 3582 1140 3637 sit.
1172 3582 1298 3638 lllud
1325 3584 1447 3636 bone
1466 3583 1667 3648 audire,
1697 3594 1753 3638 ut
1790 3595 1844 3639 tu
1870 3586 2173 3656 suspicaris,
2196 3587 2291 3641 ali-

730 3674 936 3742 quando
958 3674 1249 3737 recusavit;
1280 3690 1453 3729 annon
1478 3676 1602 3730 illud
1625 3675 1759 3729 Deus
1786 3688 1837 3731 et
1864 3677 2106 3732 Dominus
2127 3680 2292 3733 multo

731 3765 895 3832 magis
933 3778 1179 3819 recusare
1204 3764 1426 3819 debuit?
1457 3765 1697 3836 Magister
1737 3767 1879 3833 bone,
1912 3783 1973 3823 ac
2015 3770 2157 3827 dicit.
2191 3769 2292 3823 Cur

731 3872 806 3907 me
830 3855 953 3909 dicis
995 3856 1174 3908 bonum
1192 3856 1217 3908 .9
1243 3856 1335 3909 llic
1363 3866 1536 3911 autem
1557 3898 1570 3918 ,
1602 3856 1847 3911 Dominus
1880 3876 2017 3912 meus
2039 3900 2052 3921 ,
2080 3870 2126 3913 et
2160 3859 2293 3915 Deus

732 3962 885 4003 meus.
914 3957 967 4000 et
993 3930 1095 3999 non
1136 3946 1281 4009 dicit,
1304 3947 1411 4000 Cur
1437 3963 1519 4001 me
1549 3946 1679 4001 dicis
1706 3948 1983 4001 Dominum
2018 3960 2069 4003 et
2095 3950 2291 4003 Deum?

733 4034 825 4088 sed
858 4035 946 4099 ibi,
976 4035 1097 4103 quia
1120 4050 1177 4090 se
1219 4035 1425 4104 indigna
1461 4052 1560 4089 vox
1609 4046 1722 4089 erat
1755 4038 1902 4106 (non
1946 4040 2084 4092 enim
2126 4038 2288 4104 dixit,

738 4125 956 4178 nomine
1008 4125 1180 4188 bone,
1237 4126 1368 4190 sed,
1422 4127 1663 4197 Magister
1697 4129 1880 4193 bone),
1930 4131 2179 4184 vilitatem
2207 4145 2294 4185 re-

732 4217 904 4284 spuit,
945 4230 1005 4268 ac
1038 4231 1145 4268 rem
1187 4216 1469 4284 gloriosam
1515 4216 1611 4270 sibi
1663 4216 1893 4271 admisit.
1944 4218 2036 4271 llic
2084 4235 2293 4288 quoque

736 4303 1102 4369 reprehendit,
1157 4304 1248 4355 sed
1297 4304 1557 4357 etmtraria
1605 4304 1670 4358 de
1715 4319 1872 4358 causa
1919 4306 2290 4375 reprehendit,

737 4394 981 4460 quoniam
1022 4392 1073 4447 id
1116 4394 1311 4446 tardius
1348 4395 1573 4448 dixetat.
1615 4395 1967 4464 chrehendit
1989 4398 2158 4463 illum,
2191 4416 2293 4455 non

737 4483 875 4551 quod
904 4484 1144 4546 dixisset,
1175 4483 1417 4537 Dominus
1442 4501 1596 4551 meus,
1626 4486 1718 4537 scd
1748 4486 1883 4553 quod
1912 4487 2111 4541 tardius
2125 4487 2297 4543 dixis-

743 4583 841 4625 set.
883 4572 1014 4639 Quia
1050 4572 1206 4641 igitur
1238 4574 1400 4627 vidisti
1440 4591 1547 4635 mc,
1592 4575 1842 4629 credidisti
1872 4592 1889 4628 :
1921 4577 2047 4630 beati
2084 4580 2169 4643 qui
2197 4595 2297 4633 non

740 4663 966 4716 viderunt
985 4703 1001 4727 ,
1031 4674 1077 4716 et
1101 4664 1413 4716 crediderunt
1439 4663 1625 4733 (Joan.
1656 4664 1746 4719 20.
1774 4665 1842 4720 29
1868 4669 1904 4733 ).
1940 4667 2083 4722 Unus
2114 4685 2295 4738 repre-

739 4754 933 4807 hensus
960 4763 1075 4818 est,
1106 4762 1159 4808 et
1203 4770 1297 4808 nos
1340 4770 1525 4809 omnes
1554 4755 1688 4811 beati
1739 4759 1909 4812 vocati
1954 4774 2135 4813 sumus
2164 4778 2176 4812 :
2212 4762 2294 4815 illa

739 4844 932 4913 quippe
963 4844 1230 4899 beatitudo
1254 4845 1317 4900 ad
1346 4861 1442 4899 nos
1468 4861 1653 4900 omnes
1674 4849 1988 4915 pertransit,
2026 4860 2085 4905 et
2112 4852 2176 4905 ad
2204 4867 2297 4906 eos

736 4935 823 5003 qui
848 4942 965 5003 post
986 4949 1082 4988 nos
1109 4934 1267 4988 futuri
1307 4946 1460 4999 sunt;
1498 4936 1616 5004 quia
1646 4952 1763 4991 cum
1796 4938 2046 4994 miracula
2073 4941 2159 4994 illa
2189 4958 2297 4997 non

739 5024 850 5078 visu
881 5026 1269 5094 perceperimus
1293 5068 1307 5091 ,
1358 5028 1448 5080 sed
1480 5028 1581 5083 iide
1608 5032 1983 5099 acceperimus,
2016 5036 2297 5105 participes

739 5126 911 5171 tamen
950 5132 1133 5171 sumus
1169 5134 1372 5187 magna:
1400 5120 1537 5174 illius
1564 5122 1912 5191 glorioschue
1937 5124 2294 5183 beatitudinis.

810 5209 861 5261 7.
900 5207 1005 5263 Sed
1030 5208 1097 5262 ab
1136 5210 1371 5273 historia,
1404 5226 1558 5279 quam
1588 5213 1902 5281 compendio
1934 5216 2293 5284 tractavimus,

742 5304 1182 5360 pertranseamus,
1228 5300 1271 5353 si
1301 5308 1473 5353 tamen
1500 5301 1760 5356 dictorum
1792 5304 1938 5371 copia
1978 5319 2082 5358 nou
2108 5306 2296 5361 delati-

736 5380 844 5447 gati
866 5381 1017 5441 estis.
1037 5382 1103 5437 ad
1124 5384 1282 5437 aliam
1304 5387 1671 5455 proplteticam
1688 5404 1895 5447 vocem.
1909 5391 2130 5457 Qualem
2146 5394 2297 5449 vero?

742 5468 941 5535 Venite,
958 5475 1299 5529 ascendamus
1317 5476 1384 5529 ad
1402 5489 1624 5533 montem
1642 5480 1855 5536 Domini
1872 5482 2055 5553 (Mich.
2075 5484 2125 5537 4.
2143 5484 2219 5553 2).
2236 5485 2319 5543 Et-

732 5561 1103 5619 enimamonte
1114 5563 1262 5619 Oliva
1272 5583 1386 5621 runt
1399 5585 1524 5624 assu
1534 5584 1708 5640 niptus
1718 5583 1796 5629 est
1814 5576 2296 5644 ServatorJ’enite,

806 5697 818 5724 ³
860 5694 971 5767 cui.
1007 5704 1137 5757 post.
1162 5698 1625 5767 scrutaris._omis_sis.
1650 5702 1943 5767 notione...
1978 5705 2161 5767 ﬁdelis,
2196 5711 2298 5762 lucc

740 5755 889 5805 hauet
914 5769 924 5802 :
954 5755 1106 5808 Minue
1130 5758 1273 5807 multo
1290 5762 1441 5822 magis
1462 5764 1627 5810 eadem
1649 5766 1819 5815 audire
1842 5755 2011 5829 dignus
2034 5755 2085 5819 es
2098 5755 2127 5819 V‘.’

1422 398 1477 456 S.
1515 391 1791 455 JOANNIS
1824 384 2291 448 CIIRYSOSTOMI
2328 382 2646 441 ARClllEP.
2682 380 3209 440 CONS‘I'ANTINOP.

3875 381 3973 435 τες.

2396 500 2722 554 ascendamus
2750 499 2817 553 ad
2845 509 3059 553 montem
3098 497 3324 563 Domini,
3352 508 3401 554 et
3424 500 3495 553 ad
3515 499 3723 555 domum
3746 495 3853 554 Dei
3878 496 3975 552 Ja-

2391 592 2501 645 cob.
2533 592 2678 646 Dicm
2704 600 2878 653 autem
2909 592 3051 646 illam
3079 592 3215 647 Deus
3243 592 3481 661 ejusdem
3509 594 3744 649 nominis
3767 595 3973 649 haltere

2391 681 2633 752 dignatus
2656 690 2757 745 est,
2784 697 2889 751 quo
2910 688 3063 737 mons
3083 683 3445 752 appellabatur
3463 686 3502 737 '.
3530 685 3739 740 Etenim
3772 686 3887 741 illic
3907 703 3972 741 es

2393 780 2571 827 monte
2601 773 2689 841 qui
2717 772 3003 827 vocabatur
3026 772 3225 838 oliveti,
3246 785 3551 843 assumptus
3576 786 3662 831 est
3688 776 3970 840 Semtnr,

2392 872 2448 917 et
2473 862 2557 917 hic
2589 864 2746 917 etiam
2777 861 3041 931 plantatur
3067 864 3227 927 oliva,
3256 879 3374 933 qua:
3402 875 3456 919 et
3485 866 3895 935 prepinquitate
3922 878 3976 921 et

2390 950 2621 1007 nominis
2654 951 2906 1006 societate
2946 952 3110 1007 veteri
3153 952 3388 1009 historia
3430 954 3590 1010 [idem
3640 954 3793 1009 facit.
3841 956 3973 1010 Nam

2388 1039 2540 1093 duxit
2576 1038 2825 1095 Senator
2852 1040 3140 1111 discipulos
3171 1042 3221 1096 in
3253 1042 3483 1098 lentem
3518 1044 3788 1100 olivarum
3816 1062 3854 1101 ε
3881 1062 3972 1101 re-

2392 1129 2548 1197 gione
2581 1129 2893 1186 Jerusalem.
2924 1131 2989 1186 Et
3028 1132 3100 1186 illi
3130 1141 3181 1186 et
3213 1132 3335 1187 huic
3363 1134 3522 1203 igitur
3545 1136 3792 1189 animum
3819 1136 3973 1190 adbi-

2390 1220 2560 1276 beas:
2604 1220 2791 1287 Venite,
2838 1224 3167 1278 ascendantus
3209 1225 3277 1278 ad
3319 1236 3535 1280 montem
3572 1225 3813 1282 Domini.
3856 1228 3971 1285 Una

2387 1310 2733 1366 ascendamus
2758 1311 3017 1368 desiderio
3046 1323 3100 1367 et
3127 1314 3307 1378 verbo,
3333 1330 3499 1384 eaque
3517 1316 3825 1385 videamus,
3853 1335 3970 1388 qua:

2387 1401 2634 1457 salutaris
2662 1402 2746 1457 illa
2775 1404 3061 1473 assumptio
3085 1404 3237 1459 nobis
3263 1414 3475 1472 Operata
3500 1416 3586 1461 est
3610 1407 3709 1478 (α).

2458 1492 2511 1545 8.
2554 1490 2632 1545 De
2653 1491 2975 1562 inscriptione
3001 1493 3114 1546 libri
3136 1492 3374 1547 Actorum
3394 1510 3415 1557 ;
3442 1512 3553 1565 quis
3595 1497 3660 1550 sit
3696 1508 3884 1551 auctor
3909 1501 3970 1553 li-

2389 1581 2465 1635 bri
2506 1583 2857 1636 Actorum.—
2890 1584 3019 1638 Volo
3060 1585 3235 1655 itaque
3265 1588 3434 1655 ipsum
3473 1590 3727 1644 Actorum
3772 1591 3968 1646 librum

2389 1686 2620 1735 sumere,
2651 1686 2714 1726 ac
2738 1672 3036 1728 minutatim
3083 1690 3115 1728 a
3147 1676 3406 1744 principio
3430 1677 3763 1743 examinare,
3803 1690 3864 1733 ut
3885 1680 3967 1734 di-

2387 1761 2509 1815 vina
2551 1760 2746 1816 ﬂuenta
2790 1764 3062 1817 vobiscum
3115 1763 3351 1819 hauriam
3382 1782 3396 1820 :
3424 1777 3583 1837 atque
3624 1780 3687 1823 ut
3724 1772 3969 1826 veritatis

2390 1851 2657 1907 institores
2683 1852 2958 1907 thesauros
3001 1867 3165 1909 sacra:
3192 1854 3480 1925 Scriptura:
3507 1873 3612 1912 una
3640 1869 3964 1925 scrutemur,

2389 1950 2571 2009 utpote
2605 1942 2692 2011 qui
2732 1942 3035 1997 studeamus
3065 1944 3115 1998 in
3145 1945 3340 2014 pietate
3377 1946 3661 2003 ditescere.
3702 1951 3862 2017 Acta,
3892 1954 3969 2004 iu-

2388 2036 2520 2102 quit,
2547 2033 2922 2102 Apostolorum.
2949 2034 3044 2089 νει
3084 2036 3196 2105 ipse
3221 2037 3401 2093 titulus
3425 2055 3606 2095 rerum
3646 2042 3755 2095 vim
3804 2053 3965 2098 totam

2388 2125 2648 2187 enuntiat,
2670 2136 2856 2194 estque
2888 2128 3201 2195 prooemium
3227 2127 3389 2183 totius
3417 2129 3596 2200 operis
3622 2132 3961 2201 pollicitatio.

2388 2213 2569 2284 Neque
2609 2227 2781 2270 tamen
2807 2217 3042 2271 omnium
3066 2220 3422 2288 apostolorum
3465 2232 3582 2275 acta
3622 2222 3725 2276 hoc
3754 2225 3810 2279 in
3835 2226 3967 2279 libro

2390 2306 2629 2361 feruntur
2659 2325 2673 2361 :
2705 2307 2799 2361 sed
2825 2306 2870 2361 si
2907 2309 3026 2377 quis
3062 2323 3175 2363 rem
3223 2320 3467 2366 accurate
3504 2323 3800 2379 scrutetur,
3849 2331 3966 2385 qua:

2390 2395 2558 2464 prima
2586 2395 2824 2451 feruntur
2850 2399 2906 2451 ln
2944 2398 3099 2465 libro,
3131 2398 3271 2454 Petri
3310 2401 3563 2457 miracula
3588 2413 3645 2459 et
3664 2404 3963 2459 doctrinam

2388 2485 2666 2549 exhibent,
2694 2500 2858 2555 pauca
2887 2486 2955 2542 de
2974 2488 3187 2558 reliqui.
3219 2491 3511 2559 apostolis;
3541 2504 3665 2563 post
3689 2494 3812 2551 hare
3840 2510 3965 2550 vero

2388 2574 2455 2629 de
2480 2575 2644 2629 Paulo
2673 2583 2813 2629 totus
2839 2576 2972 2632 liber
2993 2578 3304 2632 absolvitur.
3333 2579 3521 2636 Petrus
3541 2598 3672 2652 ergo
3700 2600 3965 2638 memora-

2389 2674 2476 2721 tur
2501 2677 2555 2720 et
2582 2666 2798 2734 Paulus,
2830 2678 2885 2723 et
2908 2670 3175 2737 quomodo
3211 2671 3446 2725 omnium
3484 2674 3851 2743 apostolorum
3880 2678 3961 2729 di-

2389 2765 2581 2810 cuntur
2622 2758 2776 2811 acta?
2814 2757 3007 2813 Verum
3040 2760 3181 2827 quia,
3231 2762 3523 2817 secundum
3556 2765 3804 2830 Paulum,
3845 2782 3960 2821 cum

2391 2848 2555 2916 gloria
2584 2847 2808 2904 allicitur
2837 2865 2997 2904 unum
3033 2854 3349 2917 membrum,
3374 2855 3538 2924 gloria
3566 2856 3696 2911 item
3726 2858 3965 2913 alliciun-

2393 2948 2478 2990 tur
2504 2939 2679 2991 omnia
2711 2940 2967 3001 membra,
3002 2939 3121 2994 ideo
3164 2956 3269 2995 non
3314 2943 3582 3013 inscripsit
3622 2945 3964 3017 historiogra-

2390 3028 2528 3097 phus
2564 3031 2690 3082 Acta
2737 3029 2878 3084 Petri
2920 3039 2975 3084 et
3024 3030 3194 3097 Pauli,
3243 3033 3334 3087 sed
3378 3037 3506 3088 Acta
3547 3036 3959 3105 Apostolorum;

2390 3119 2684 3173 communis
2710 3130 2791 3173 est
2819 3120 3147 3189 pollicitatio.
3188 3124 3483 3189 Quaerimus
3509 3140 3638 3195 ergo
3677 3128 3798 3197 quis
3830 3128 3962 3183 hunc

2391 3210 2640 3263 Actorum
2670 3210 2861 3263 librum
2890 3210 3229 3266 adornaverit
3257 3228 3271 3266 :
3299 3214 3428 3268 varii
3452 3215 3617 3281 enim,
3651 3218 3960 3286 scriptorem

2391 3300 2509 3353 libri
2540 3300 2836 3355 nescientes
2879 3301 2929 3355 in
2961 3302 3132 3356 varias
3164 3301 3316 3356 divisi
3352 3312 3475 3357 sunt
3502 3308 3833 3371 sententias;
3876 3309 3961 3363 alii

2393 3392 2575 3445 dicunt
2603 3391 2717 3460 ejus
2736 3400 3007 3446 auctorem
3027 3407 3145 3448 esse
3170 3393 3500 3449 Clementem
3531 3396 3853 3463 Romanum,
3876 3399 3959 3453 alii

2392 3480 2708 3547 Barnabam,
2750 3480 2837 3535 alii
2866 3480 3063 3536 Lucam
3088 3483 3486 3553 evangelistam.
3517 3485 3782 3553 Quoniam
3810 3490 3961 3559 igitur

2395 3572 2468 3626 illi
2501 3573 2552 3625 in
2582 3573 2753 3626 varias
2772 3573 3305 3641 abeuntesententias,
3331 3577 3503 3645 ipsum
3528 3579 3847 3648 scriptorem
3868 3596 3960 3650 pro

2394 3662 2678 3730 interprete
2702 3663 3038 3731 accipiamus,
3070 3664 3309 3734 quisnam
3338 3667 3425 3721 ille
3458 3667 3548 3734 sit,
3570 3668 3699 3739 quid
3726 3680 3843 3740 agat
3867 3688 3883 3735 ;
3910 3681 3961 3725 et

2395 3768 2519 3805 num
2562 3752 2629 3806 de
2670 3754 2846 3823 seipso
2873 3755 3141 3824 quidpiam
3187 3757 3462 3826 signiticet.
3511 3760 3745 3814 Primum
3768 3764 3959 3829 quidem

2394 3858 2668 3895 sermonem
2711 3843 2805 3912 [ετὶ
2850 3844 2912 3897 de
2953 3846 3201 3912 omnibus,
3244 3864 3274 3899 ο
3320 3846 3595 3919 Theopltile
3642 3850 3779 3920 (Act.
3811 3854 3859 3906 1.
3888 3853 3956 3920 1).

2395 3932 2525 3987 Cum
2567 3934 2717 3997 dixit,
2759 3933 3009 4001 Primum,
3038 3947 3271 3993 mentem
3312 3949 3548 3994 nostram
3589 3942 3695 3995 alio
3724 3944 3956 4007 remittit,

2395 4030 2452 4075 ut
2476 4038 2773 4092 qureramus
2800 4040 2957 4092 quem
2980 4027 3206 4095 primum
3231 4028 3371 4082 dicat
3390 4044 3719 4086 sermonem.
3748 4034 3876 4087 Nam
3916 4036 3956 4088 si

2396 4111 2534 4167 hunc
2560 4115 2727 4167 solum
2749 4114 3020 4182 edidisset,
3047 4132 3154 4171 non
3178 4117 3398 4185 diceret,
3432 4119 3665 4174 Primum
3690 4140 3958 4179 sermonem

2398 4206 2513 4276 feci.
2557 4206 2652 4260 llic
2688 4207 2844 4275 igitur
2884 4208 3016 4261 liber
3060 4210 3324 4265 secundus
3364 4226 3482 4267 esse
3511 4212 3953 4282 deprehenditur:

2396 4294 2626 4364 primum
2656 4298 2795 4350 enim
2818 4297 2926 4366 jam
2953 4297 3153 4353 fecerat
3184 4317 3197 4353 :
3226 4315 3381 4369 quem
3410 4316 3538 4357 vero
3565 4306 3797 4372 primum
3826 4306 3957 4361 fecev

2397 4385 2486 4447 rit,
2546 4387 2659 4454 ipse
2713 4386 2954 4441 indicat:
2998 4387 3228 4443 Primum
3285 4392 3485 4459 quidem
3539 4411 3817 4449 sermonem
3868 4399 3957 4468 [eti

2399 4477 2462 4529 de
2513 4476 2756 4541 omnibus,
2802 4495 2832 4531 o
2866 4477 3155 4547 Theophile,
3192 4497 3305 4551 qua:
3339 4484 3487 4549 emit
3522 4484 3675 4539 Jesus
3720 4492 3880 4555 facere
3915 4499 3955 4542 et

2402 4566 2599 4620 docere.
2648 4568 2735 4622 Sic
2776 4577 2917 4637 patet
2945 4584 3065 4623 eum
3115 4571 3167 4624 in
3207 4572 3378 4639 primo
3403 4586 3653 4629 sermone
3692 4592 3796 4630 non
3834 4581 3953 4633 Acta

2399 4659 2779 4726 composuisse,
2848 4659 2942 4714 sed
2981 4660 3363 4731 Evangelium;
3422 4666 3639 4733 primum
3692 4684 3955 4722 sermonem

2400 4761 2504 4801 non
2535 4750 2727 4803 versari
2754 4750 2891 4805 circa
2933 4766 2994 4804 ea
3024 4767 3142 4820 quae
3169 4753 3354 4807 Petrus
3382 4764 3436 4809 et
3476 4756 3669 4811 Paulus
3708 4759 3950 4825 fecerunt,

2399 4837 2491 4890 sed
2518 4839 2657 4892 circa
2682 4854 2794 4907 qum
2820 4841 2967 4909 cwpit
2997 4839 3146 4895 Iesus
3162 4844 3327 4912 facere
3354 4854 3399 4897 et
3433 4848 3628 4899 docere.
3664 4848 3838 4904 Palam
3866 4851 3946 4921 igi-

2399 4936 2485 4981 tur
2508 4939 2589 4983 est
2630 4930 2848 4995 Lucam,
2877 4932 2966 5001 qui
3006 4933 3346 5004 Evangelium
3382 4940 3614 5008 scripsit,
3648 4943 3805 4997 etiam
3832 4946 3946 5001 Acts

2398 5018 2646 5073 edidisse.
2701 5020 2892 5075 Verum
2932 5023 3167 5089 attende,
3222 5024 3493 5081 videamus
3537 5045 3670 5084 num
3717 5035 3829 5102 ipse
3871 5039 3947 5090 sit.

2402 5108 2631 5163 Primum
2674 5113 2873 5180 quidem
2908 5130 3183 5168 sermonem
3209 5118 3307 5185 feci
3343 5119 3406 5170 de
3430 5121 3682 5188 omnibus,
3733 5140 3765 5177 o
3801 5123 3949 5179 Tlteb-

2404 5202 2559 5269 phile,
2588 5218 2701 5271 qua:
2726 5205 2871 5271 carpit
2890 5204 3040 5260 Iesus
3066 5212 3231 5277 facere
3256 5218 3303 5262 et
3335 5209 3530 5271 docere.
3559 5228 3714 5281 usque
3741 5216 3792 5269 in
3811 5217 3945 5281 diem,

2398 5306 2499 5358 qua
2516 5293 2667 5361 pra'ci
2672 5293 2809 5360 piens
2829 5294 3068 5361 apostolis
3088 5312 3176 5366 per
3194 5296 3441 5364 Spiritum
3460 5312 3711 5369 sanetum,
3727 5320 3845 5375 quos
3864 5308 3946 5361 ele-

2401 5383 2493 5452 git,
2519 5395 2804 5453 assumptus
2832 5396 2938 5451 est;
2967 5401 3029 5443 ac
3052 5388 3098 5443 si
3136 5388 3358 5456 diceret,
3388 5390 3609 5448 Narravi
3650 5408 3767 5451 acta
3797 5400 3947 5453 etde-

2456 5536 2491 5610 ἰγ
2506 5542 2619 5610 .Dttto
2641 5544 2744 5585 uss.
2769 5540 2897 5610 uegit
2925 5552 2937 5610 ς
2962 5539 3204 5610 civitatem
3238 5550 3395 5593 autem
3416 5551 3632 5597 nostram
3654 5548 3947 5610 ejusdem»

2400 5596 2539 5663 minis
2559 5596 2733 5646 honore
2773 5596 2991 5661 dignatus
3023 5608 3109 5651 est.
3176 5658 3181 5663 _

2462 5660 2533 5731 tu)
2571 5666 2675 5706 tta:c
2698 5671 2807 5716 qum
2829 5664 3071 5731 numero}
3085 5660 3320 5721 feruntur,
3339 5678 3431 5715 nec
3452 5680 3562 5716 cum
3586 5669 3951 5731 prmcedeutihs

2401 5722 2955 5797 geecum‘st’quentihus
2971 5723 3231 5797 cohaerent.
3274 5732 3384 5783 Quae
3409 5722 3630 5794 numeris
3651 5722 3949 5797 aequalibus

2402 5778 2446 5824 8.
2472 5781 2519 5827 9.
2542 5788 2592 5827 et
2622 5780 2695 5829 t0.
2715 5778 2969 5845 teruntur,
2998 5797 3116 5836 vere
3138 5778 3452 5849 Chrysostomi
3476 5798 3607 5841 sunt.
