4126 6550
141 532 235 587 78!

142 644 369 698 ctrinam
393 632 699 698 Servatdris
726 656 894 713 usque
919 643 983 697 ad
1006 641 1449 713 assumptionem.
1480 640 1731 697 Animum

148 732 427 799 adhibete,
453 732 698 789 obsecro.
740 733 969 798 Primus,
1019 733 1209 803 inquit,
1241 732 1377 789 liber
1402 746 1553 787 meus
1588 746 1735 787 com-

146 824 394 894 plectitur
431 838 595 896 opera
625 824 830 881 Domini
864 834 919 879 et
957 820 1252 881 doctrinam
1284 825 1419 895 ejus,
1452 824 1738 896 pertingit-

146 930 253 983 que
286 928 487 983 primus
508 914 600 969 ille
622 913 757 970 liber
783 929 950 983 usque
986 914 1052 969 ad
1098 915 1541 985 assumptionem.
1572 913 1738 969 Com-

148 1006 330 1076 peries
379 1014 557 1060 autem
609 1020 709 1061 nec
735 1005 1041 1061 Matthzeum
1085 1021 1151 1061 ex
1183 1015 1317 1072 toto,
1360 1019 1461 1060 nec
1504 1002 1738 1060 Marcum

149 1096 255 1151 nisi
285 1112 349 1150 ex
378 1107 527 1166 parte
557 1106 781 1164 tantum,
823 1112 923 1154 nec
961 1097 1218 1155 Joannem
1253 1098 1615 1167 complevisse
1654 1104 1743 1152 to-

153 1197 267 1243 tum
295 1188 639 1259 Evangelium
665 1203 834 1261 usque
870 1188 937 1245 ad
974 1189 1418 1260 assumptionem,
1450 1188 1545 1245 sed
1575 1202 1741 1243 unum

152 1276 374 1333 Lucam.
397 1277 529 1333 Nam
558 1277 836 1334 Mattbzeus
872 1279 1013 1335 hunc
1043 1278 1204 1334 habet
1231 1277 1506 1348 Evangelii
1536 1276 1698 1332 linem
1726 1294 1740 1330 :

156 1364 408 1422 Undecim
436 1376 604 1422 autem
631 1368 871 1441 discipuli
908 1369 1138 1425 abierunt
1164 1370 1217 1424 in
1246 1378 1464 1424 montem
1490 1366 1741 1431 Galiltetc,

152 1459 242 1513 ubi
279 1460 603 1515 constituerat
642 1461 748 1515 illis
784 1460 959 1515 Iesus.
999 1459 1149 1515 Visus
1200 1469 1273 1517 est
1308 1469 1479 1515 autem
1528 1460 1653 1522 illis,
1698 1466 1746 1511 et

153 1550 493 1605 adoraverunt
512 1566 659 1617 eum;
677 1562 723 1605 et
750 1549 877 1605 dixit
899 1567 919 1605 :
941 1549 1137 1606 Euntes
1164 1550 1335 1605 docete
1363 1566 1535 1606 omnes
1554 1559 1742 1621 gentes.

154 1636 227 1694 Et
272 1656 385 1695 ecce
427 1656 518 1713 ego
551 1642 804 1696 vobiscum
848 1658 963 1695 sum
1007 1641 1237 1697 omnibus
1262 1640 1436 1696 diebus
1481 1656 1640 1709 usque
1681 1639 1750 1692 ad

155 1730 642 1785 consummationem
689 1731 862 1787 scculi
890 1730 1102 1803 (Matth.
1141 1728 1237 1787 28.
1274 1728 1509 1802 ιϐ.-20).
1553 1729 1623 1784 Et
1663 1728 1752 1785 hic

155 1819 286 1875 tinis
316 1818 610 1892 Evangelii.
639 1821 921 1891 Quomodo
966 1830 1148 1878 autem
1190 1832 1496 1892 assumptus
1524 1820 1613 1887 sit,
1644 1834 1751 1876 non

155 1908 317 1966 dixit.
339 1909 548 1967 Marcus
575 1912 820 1967 similiter
842 1911 971 1969 dicit
1000 1930 1015 1967 :
1046 1910 1114 1966 Et
1151 1927 1363 1983 egressw
1382 1921 1499 1966 sunt
1520 1910 1754 1965 mulieres

155 2001 222 2057 de
251 2014 597 2072 monumento,
626 2014 674 2059 et
702 2004 889 2059 nemini
915 2004 1192 2075 quidquam
1217 2003 1483 2069 dixerunt;
1513 2002 1753 2056 timebunt

156 2094 294 2148 enim
327 2094 515 2166 (Marc.
550 2097 636 2151 l6.
665 2095 745 2166 8).
776 2096 843 2152 Ει
870 2096 1054 2166 paucis
1080 2097 1408 2166 interpositis
1437 2095 1504 2152 de
1534 2110 1749 2151 assum-

156 2186 347 2254 ptione
391 2186 469 2242 sic
517 2187 753 2243 breviter
796 2187 1065 2258 loquitur:
1100 2186 1168 2241 Et
1223 2186 1475 2242 Dominus
1530 2187 1751 2258 quidem,

157 2286 432 2347 postquam
458 2277 699 2349 loquutus
738 2288 812 2333 est
856 2278 949 2342 eis,
980 2288 1271 2349 assumptus
1300 2288 1373 2333 est
1399 2279 1452 2331 in
1481 2278 1683 2344 castum,
1709 2285 1756 2331 et

156 2368 300 2423 sedet
324 2384 357 2421 a
395 2369 585 2424 dextris
612 2368 730 2425 Dei.
771 2368 863 2424 Illi
900 2378 1066 2424 autem
1107 2370 1319 2440 profecti
1360 2369 1758 2439 prtedicaverunt

156 2459 363 2531 ubique,
411 2458 629 2515 Domino
666 2470 989 2531 cooperante,
1030 2470 1077 2514 et
1107 2476 1388 2515 sermonem
1427 2462 1760 2529 conﬁrmante

158 2548 486 2616 sequentibus
512 2550 692 2621 signis.
719 2551 881 2606 Amen
908 2549 1071 2622 (Ibid.
1112 2568 1161 2605 υ.
1208 2550 1297 2607 l9.
1338 2549 1455 2621 20).
1502 2550 1601 2606 Hic
1637 2550 1761 2607 linis

157 2638 460 2708 Evangelii.
491 2639 548 2694 In
569 2639 747 2696 Marco
763 2642 1144 2711 assumptionis
1175 2641 1377 2697 mentio
1402 2656 1507 2697 non
1537 2650 1622 2696 est
1645 2640 1762 2697 fuse

159 2727 455 2799 descripta.
486 2730 722 2787 Joannes
750 2747 881 2789 vero
902 2733 1234 2789 Salvatorem
1272 2734 1340 2789 ad
1379 2743 1625 2805 stagnum
1666 2733 1762 2788 'l‘i—

158 2817 400 2874 beriadis
419 2822 730 2892 apparuisse
755 2834 958 2889 narrat,
978 2824 1159 2895 aitque
1179 2840 1191 2877 :
1210 2822 1348 2878 Dicit
1378 2823 1556 2892 Petro,
1591 2821 1758 2890 Petre,

159 2909 336 2983 diligis
358 2928 438 2967 me
468 2911 648 2982 (Joan.
668 2913 757 2969 21.
780 2913 913 2985 l5)?
938 2924 992 2971 et
1020 2915 1290 2987 dialogum
1318 2917 1577 2987 implevit.
1604 2918 1764 2973 Certe

158 3002 402 3059 Joannes
440 3003 530 3059 hic
575 3006 745 3072 stetit,
797 3020 899 3061 nec
943 3009 1261 3063 memoravit
1302 3009 1761 3078 assumptionem;

160 3095 258 3150 sed
290 3094 461 3150 dicit:
486 3096 656 3151 Multa
678 3098 880 3167 quidem
919 3100 1025 3153 alia
1066 3101 1213 3171 signa
1242 3101 1361 3172 fecit
1385 3101 1557 3169 Iesus,
1580 3118 1693 3170 qua:
1720 3102 1764 3157 si

158 3185 450 3241 scribantur
474 3204 564 3259 per
583 3190 806 3260 singula,
838 3205 929 3244 nec
952 3191 1119 3259 ipsum
1146 3190 1364 3245 arbitror
1401 3192 1648 3246 mundum
1671 3208 1762 3246 ca-

160 3295 285 3349 pere
313 3295 459 3349 posse
470 3296 581 3349 eos,
600 3283 687 3352 qui
705 3282 958 3336 scribendi
983 3292 1119 3349 sunt,
1146 3282 1300 3337 libros
1322 3282 1503 3351 (Joan.
1529 3282 1591 3338 2!
1608 3320 1620 3335 .
1642 3284 1760 3355 25).

159 3367 278 3425 Nec
325 3368 562 3425 Joannes
606 3372 807 3442 itaque,
840 3386 940 3429 nec
978 3372 1258 3429 Mattbteus
1298 3375 1519 3428 omnino
1552 3389 1763 3430 assum-

160 3459 408 3531 ptionem
452 3466 847 3528 memor-urunt,
892 3477 992 3518 nec
1041 3462 1251 3518 Marcus
1298 3463 1416 3519 fuse
1454 3463 1761 3533 descripsit.

163 3550 372 3608 Verum
402 3551 574 3609 Lucas
602 3569 769 3624 usque
795 3554 863 3609 ad
892 3556 1314 3624 assumptionem
1343 3556 1608 3625 explicate
1636 3571 1767 3609 nar-

161 3642 433 3697 rationem
464 3652 821 3713 prosequutus
846 3652 946 3699 est.
972 3643 1096 3699 Ideo
1122 3644 1282 3699 dicit:
1306 3644 1541 3699 Primum
1565 3644 1766 3715 quidem

162 3749 447 3788 sermonem
467 3734 564 3803 [cci
594 3734 659 3788 de
681 3736 933 3800 omnibus,
963 3752 993 3788 ο
1023 3734 1324 3803 TheOphile,
1360 3751 1474 3802 qua:
1496 3736 1645 3806 carpit
1672 3735 1767 3789 Ja-

162 3840 252 3880 σιω
282 3827 451 3896 facere
480 3834 525 3879 et
549 3825 746 3890 docere,
781 3842 937 3897 usque
958 3830 1013 3879 in
1048 3827 1180 3880 diem
1200 3843 1299 3896 qua
1320 3828 1617 3897 prtecipiens
1641 3844 1768 3897 αρε-

160 3933 337 3978 srotts,
358 3932 484 3983 quos
503 3918 670 3987 elegit,
699 3926 988 3988 assumptus
1013 3918 1241 3987 est(Act.
1273 3920 1324 3973 1.
1359 3920 1410 3973 1.
1442 3918 1521 3989 2).

238 4009 295 4063 9.
342 4008 440 4074 Qui
467 4010 531 4063 sit
561 4008 893 4079 TlteOphilus,
921 4010 1063 4063 initio
1094 4009 1209 4063 libri
1238 4011 1480 4065 Actorum
1508 4028 1760 4066 memora-

162 4109 270 4154 tus.
300 4128 371 4138 —-
407 4098 538 4167 Quis
564 4110 648 4154 est
690 4101 776 4154 hic
802 4100 1166 4170 Theophilus?
1211 4100 1303 4156 Illo
1344 4112 1585 4171 tempore
1624 4119 1764 4172 prte-

165 4190 347 4245 l'ectus
373 4200 521 4258 erat,
555 4199 610 4246 et
649 4192 700 4246 in
728 4192 1043 4262 praelectum
1075 4209 1168 4249 sua
1198 4194 1632 4259 prmdicationem
1672 4213 1765 4251 su-

162 4282 389 4351 scepit;
455 4296 517 4336 ac
570 4282 1017 4352 quemadmodum
1074 4287 1359 4354 proconsul
1406 4285 1566 4357 Cypri
1618 4288 1767 4344 Pauli

163 4372 610 4442 prmdicationem
638 4375 689 4430 in
718 4377 1091 4446 proconsulatu
1118 4380 1388 4449 suscepit:
1417 4381 1494 4434 sic
1520 4390 1574 4436 et
1594 4380 1770 4437 Theo-

164 4465 353 4537 philus
380 4466 508 4521 dum
555 4467 841 4537 prtel‘ectus
883 4482 1025 4526 esset
1073 4473 1505 4541 praedicationem
1552 4476 1769 4532 admisit

162 4558 336 4614 Luem
381 4559 696 4617 ministerio.
749 4562 973 4634 Rogavit
1018 4574 1195 4620 autem
1223 4574 1277 4621 et
1306 4567 1515 4623 beatum
1546 4569 1765 4639 Lucam,

165 4659 227 4705 ut
274 4650 657 4719 Apostolorum
701 4653 831 4709 Acta
878 4654 977 4712 sibi
1023 4658 1408 4713 conscriberet.
1444 4660 1765 4725 Servatoris,

163 4742 369 4813 inquit,
396 4752 542 4814 gesta
569 4760 652 4801 me
682 4745 909 4802 (loeuisti
936 4763 951 4813 ;
980 4746 1115 4804 doce
1140 4764 1226 4804 tne
1255 4750 1413 4805 etiam
1435 4762 1582 4821 gesta
1610 4754 1769 4809 disci-

165 4834 422 4903 pulorum
451 4834 617 4906 ipsius
644 4853 659 4892 :
688 4837 807 4893 ideo
833 4838 910 4892 illi
937 4839 1229 4895 secundum
1256 4841 1447 4896 librum
1476 4856 1765 4917 nuncupat.

167 4925 392 4981 Etenim
419 4926 761 4998 Evangelium
789 4930 1079 4986 secundum
1106 4933 1300 4988 Lucam
1326 4934 1392 4989 ad
1415 4935 1767 5008 Theophilum

164 5019 431 5089 scriptum
458 5029 561 5075 est.
594 5020 871 5078 Undenam
902 5023 951 5080 id
999 5025 1285 5093 probetur,
1334 5028 1448 5098 ipse
1476 5029 1647 5085 Lucas
1683 5031 1767 5086 in-

167 5110 321 5165 dicat
364 5128 377 5164 :
423 5112 673 5178 Quoniam
717 5116 917 5184 quidem
964 5116 1113 5170 multi
1162 5122 1330 5172 conati
1372 5132 1487 5174 sunt
1536 5122 1771 5177 ordinare

166 5202 522 5255 narrationem
564 5219 770 5269 rerum,
817 5209 880 5258 dc
908 5206 1085 5275 quibus
1126 5212 1359 5263 certiores
1406 5211 1530 5279 facti
1572 5229 1765 5277 sumus,

170 5296 309 5349 sicut
347 5294 662 5351 tradiderunt
692 5296 866 5364 nobis,
912 5302 998 5367 qui
1030 5300 1092 5353 ab
1132 5302 1277 5355 initio
1306 5302 1404 5371 ipsi
1430 5304 1658 5357 viderunt
1678 5346 1691 5372 ,
1724 5313 1770 5357 et

168 5384 398 5439 ministri
427 5389 633 5455 [uerunt
659 5390 901 5442 sermonis
927 5406 944 5443 .'
969 5392 1127 5444 visum
1156 5401 1227 5444 est
1258 5403 1302 5445 et
1331 5394 1475 5459 mihi,
1504 5404 1769 5462 assequuto

171 5478 349 5529 omnia
391 5492 424 5529 a
471 5477 719 5546 principio
742 5520 755 5541 ,
788 5480 1053 5550 diligenter
1096 5499 1156 5536 ea:
1185 5483 1362 5537 ordine
1407 5484 1494 5538 tibi
1532 5486 1765 5553 scribere,

166 5568 365 5637 Optime
396 5566 705 5637 Theopltile,
748 5585 800 5622 ut
849 5587 1120 5641 cognoscas
1163 5589 1337 5626 eorum
1378 5575 1673 5641 verborum,
1707 5576 1771 5629 de

168 5659 356 5729 quibus
385 5660 615 5715 eruditus
642 5678 715 5727 es,
740 5662 991 5717 veritatem
1020 5664 1174 5736 (Luc.
1205 5667 1255 5718 l.
1285 5667 1425 5734 1-4).
1460 5666 1589 5721 Illud
1616 5682 1763 5730 vero,

172 5752 416 5821 Optime,
463 5761 544 5807 est
576 5754 725 5823 quasi
753 5755 1183 5825 splendidissime
1215 5776 1227 5809 :
1260 5770 1385 5814 tunc
1411 5761 1551 5815 enim
1582 5762 1767 5830 splen-

170 5843 473 5901 didissimis
528 5844 642 5902 huc
687 5848 918 5919 dignitas
981 5849 1329 5905 tribuebatur.
1380 5850 1657 5908 Undenam
1713 5852 1765 5908 id

170 5936 522 6008 perspicuum
546 5937 671 5994 est?
709 5937 897 5996 Festus
923 5956 1121 6011 prmscs
1152 5940 1280 5999 dicit
1309 5941 1501 6015 Paulo,
1533 5943 1759 6015 Insanis,

828 529 892 586 IN
932 527 1401 587 asceasroueu
1441 528 1502 585 ι».
1543 528 1607 584 N.
1652 527 1700 584 ι.
1742 527 1805 586 c.
1851 527 1939 584 ur
1979 528 2044 586 lN
2082 523 2372 585 PRINClP.
2414 506 2673 584 scryu.

3326 519 3436 605 m

1844 639 2010 697 Paule
2034 657 2051 695 :
2078 642 2165 698 cul
2190 641 2278 699 ille
2308 659 2321 695 :
2354 640 2475 697 Non
2503 640 2723 706 insanio,
2753 638 2941 711 optime
2968 636 3123 695 Feste
3165 637 3316 710 (Act.
3339 637 3432 693 illi.

1840 734 1972 806 24),
2004 735 2284 806 praesidem
2312 734 2642 803 compellans
2669 751 2684 787 :
2714 734 2794 789 sic
2821 742 2875 789 et
2901 732 3009 799 hic,
3041 730 3242 803 Optime
3265 730 3437 786 Theo-

1844 827 2001 897 phile.
2028 824 2161 883 Cum
2186 827 2365 899 itaque
2394 826 2461 882 de
2482 824 2773 896 Evangelio
2798 822 3027 895 primum
3049 822 3220 879 Lucas
3245 821 3441 893 loquu-

1845 924 1931 973 tus
1956 925 2117 983 esset,
2154 916 2297 987 quod
2326 923 2727 987 nuncupaverat
2754 908 3053 985 Theophilo
3074 954 3090 980 ,
3138 928 3323 969 rursus
3354 926 3443 967 se-

1846 1008 2079 1064 cundum
2126 1009 2318 1065 librum
2367 1007 2542 1063 eidem
2592 1003 2890 1076 Theophilo
2934 1014 3224 1075 nuncupat.
3270 1003 3445 1071 Quem

1846 1101 2085 1157 librum!
2125 1100 2357 1155 Primum
2399 1100 2600 1172 quidem
2636 1114 2917 1155 sermonem
2960 1096 3056 1170 feci
3099 1096 3163 1150 de
3190 1093 3443 1157 omnibus,

1850 1210 1880 1248 ο
1909 1193 2205 1265 Tlteophile,
2235 1208 2349 1263 qua
2373 1192 2522 1263 capit
2545 1190 2697 1247 Iesus
2726 1194 2895 1263 facere
2919 1199 2966 1245 et
2992 1189 3190 1243 docere.
3224 1186 3295 1243 Et
3314 1199 3450 1256 quo-

1850 1301 2021 1357 usque
2055 1301 2361 1342 sermonem
2400 1285 2618 1343 fecisti?
2647 1284 2819 1356 Usque
2851 1284 2923 1358 in“
2934 1283 3103 1350 diem,
3131 1298 3232 1352 qua
3262 1280 3464 1349 prmia

1852 1376 1994 1446 piens
2039 1378 2284 1448 apostolis
2308 1419 2324 1444 ,
2372 1394 2499 1441 quos
2542 1377 2692 1449 elegit
2743 1392 2833 1447 per
2878 1374 3133 1446 Spiritum
3191 1380 3448 1436 sanctum,

1852 1480 2139 1537 assumptus
2163 1480 2257 1523 est.
2308 1469 2406 1524 Est
2431 1479 2609 1525 autem
2658 1467 2789 1523 illud
2834 1482 2931 1537 per
2972 1465 3308 1538 hyperbaton
3354 1479 3450 1519 seu

1855 1561 2321 1629 transpsssitionem
2380 1560 2603 1616 dictum.
2670 1560 3015 1631 Evangelium
3077 1552 3381 1629 composui
3417 1570 3451 1610 a

1854 1652 2145 1721 principio,
2176 1653 2366 1723 inquit,
2397 1668 2566 1722 usque
2596 1654 2647 1707 in
2675 1652 2820 1709 diem
2838 1692 2854 1718 ,
2882 1666 2986 1722 qua
3008 1658 3315 1721 assumptus
3342 1659 3450 1712 est,

1856 1754 2135 1814 postquam
2179 1744 2439 1815 apostolis
2464 1787 2479 1812 ,
2510 1758 2646 1815 quos
2685 1744 2919 1815 elegant
2941 1785 2956 1811 ,
2990 1751 3255 1813 praecepta
3283 1738 3455 1796 dedit.

1856 1834 2111 1891 Animum
2148 1834 2380 1902 adhibe,
2410 1849 2615 1906 quaso.
2653 1835 2847 1902 Quibus
2891 1845 2937 1891 et
2984 1833 3198 1904 praebuit
3234 1832 3458 1902 seipsum

1858 1927 2026 1982 vivum
2074 1936 2187 1999 post
2233 1928 2521 1999 passionem
2549 1944 2718 1983 suam.
2759 1926 2894 1982 Vide
2931 1925 3273 1997 evangelista:
3317 1922 3461 2005 fidit;

1858 2018 1996 2073 ciam
2027 2035 2040 2072 :
2070 2032 2141 2075 ne
2166 2020 2217 2073 in
2244 2018 2468 2075 Actibus
2491 2018 2873 2090 Apostolorum
2895 2016 3111 2089 quidem
3133 2004 3458 2087 theologiam

1860 2109 2137 2182 relinquit.
2165 2110 2282 2167 Non
2308 2111 2478 2180 dixit,
2508 2111 2715 2181 Quibus
2752 2126 3051 2182 apparens;
3092 2109 3221 2178 sed,
3265 2108 3462 2175 Quibus

1862 2202 2080 2273 prtebuit
2104 2204 2328 2274 seipsum
2352 2203 2540 2259 viuum.
2570 2202 2704 2259 Nam
2732 2202 2959 2270 Solvite,
2990 2202 3190 2273 inquit,
3218 2200 3464 2273 templum

1864 2296 1963 2349 hoc
1982 2336 1997 2361 ,
2027 2306 2073 2349 et
2102 2295 2157 2350 in
2184 2294 2343 2350 tribus
2379 2294 2554 2351 diebus
2592 2294 2816 2350 excitabo
2844 2292 2992 2349 illud.
3031 2292 3225 2362 Quibus
3252 2292 3466 2363 praebuit

1864 2385 2090 2456 seipsum
2131 2386 2298 2440 vivum
2326 2396 2441 2457 post
2480 2386 2770 2457 passionem
2810 2400 2958 2440 suam
2998 2385 3054 2438 in
3094 2383 3265 2437 multis
3302 2398 3464 2453 argn-

1864 2477 2045 2531 mentis
2074 2493 2165 2547 per
2189 2477 2296 2532 dies
2321 2478 2665 2549 quadraginta
2690 2493 2945 2549 apparens
2975 2476 3071 2544 eis,
3098 2484 3145 2529 et
3172 2474 3381 2542 loquens
3405 2478 3466 2528 de

1865 2586 2021 2641 regno
2046 2568 2145 2624 Dei
2173 2568 2353 2640 (Joan.
2379 2567 2564 2640 2.19)
2592 2572 2632 2623 ³.

1938 2660 2028 2717 10.
2070 2660 2323 2729 Attende,
2351 2674 2555 2733 quam.
2583 2660 2653 2715 In
2689 2661 2863 2716 multis
2899 2658 3213 2732 argumentis
3240 2672 3331 2729 per
3358 2656 3468 2715 dies

1866 2753 2206 2827 quadraginta
2235 2771 2491 2827 apparens
2535 2756 2607 2809 eis
2631 2796 2644 2820 ,
2696 2764 2745 2809 et
2788 2754 2996 2824 loquens
3043 2752 3106 2806 de
3154 2765 3310 2822 regno
3346 2746 3468 2804 Dei.

1869 2846 1973 2901 Per
1999 2845 2118 2901 illos
2144 2845 2495 2917 quadraginta
2521 2845 2637 2901 dies
2662 2860 2770 2900 non
2792 2843 3034 2917 quotidie
3058 2842 3348 2914 apparebat
3364 2841 3469 2899 eis.

1870 2937 2081 2993 Etenim
2112 2946 2235 3006 post
2271 2938 2723 2992 resurrectionem
2762 2950 3009 3006 magnam
3035 2933 3183 2991 carni
3217 2947 3331 2988 sua:
3361 2932 3469 2988 vim

1871 3030 2060 3085 indidit
2086 3029 2155 3085 ad
2180 3028 2338 3084 ﬁdem
2367 3028 2781 3094 conciliandam,
2810 3043 2899 3095 ne,
2927 3028 2972 3082 si
3015 3026 3345 3098 frequentius
3369 3038 3472 3094 ap-

1872 3131 2061 3192 paret,
2112 3120 2536 3192 magnitudinem
2598 3119 2814 3175 virtutis
2870 3118 3124 3175 solveret.
3177 3115 3471 3188 Oportebat

1870 3217 2013 3272 enim
2060 3216 2207 3269 illum
2254 3224 2376 3284 post
2415 3213 2863 3269 resurrectionem
2909 3227 3034 3268 cum
3073 3210 3269 3267 divinis
3305 3208 3475 3279 signis

1871 3323 2160 3377 apparere,
2210 3322 2310 3362 nec
2352 3322 2413 3363 se
2444 3306 2777 3377 frequentius
2818 3306 2869 3359 in
2910 3314 3257 3374 conspectum
3298 3300 3469 3356 dare:

1874 3402 1992 3455 ideo
2025 3401 2172 3464 dicit,
2217 3398 2283 3453 In
2321 3400 2492 3454 multis
2517 3398 2829 3469 argumentis
2857 3413 2946 3468 per
2974 3396 3081 3451 dies
3108 3394 3470 3466 quadraginta.

1872 3494 1987 3549 Non
2018 3494 2157 3548 enim
2208 3508 2268 3547 sc
2310 3493 2361 3546 in
2410 3500 2758 3561 conspectum
2789 3490 2985 3554 dabat;
3016 3488 3110 3544 sed
3154 3496 3308 3545 erant
3355 3487 3473 3541 haec

1873 3593 2185 3653 argumenta
2228 3584 2407 3652 ipsum
2455 3598 2577 3639 esse
2625 3582 2928 3652 prohantia.
2973 3579 3281 3650 Apparebat
3325 3579 3473 3634 enim

1874 3678 1978 3732 illis
2014 3678 2117 3732 alia
2146 3676 2339 3739 forma,
2367 3677 2470 3731 alia
2499 3690 2656 3740 voce,
2694 3674 2800 3728 alio
2826 3672 3028 3728 habitu.
3059 3670 3317 3727 Adstabat
3342 3685 3473 3742 apo-

1873 3769 2027 3823 stolis
2071 3767 2413 3837 l‘requeuter,
2463 3780 2564 3821 nec
2604 3766 2672 3821 ab
2711 3766 2791 3821 eis
2838 3763 3279 3835 cognoscebamr.
3329 3761 3474 3817 Adiit

1875 3861 2170 3930 piscatores
2197 3858 2419 3914 Petrum
2444 3866 2500 3913 et
2524 3857 2722 3919 socios,
2751 3857 2928 3926 aitque
2954 3855 3019 3910 iis
3050 3874 3065 3910 :
3097 3852 3295 3919 Filioli,
3322 3869 3475 3906 num-

1871 3956 1996 4025 qnid
2021 3954 2211 4009 habetis
2237 3953 2305 4007 ad
2331 3951 2744 4007 manducandum
2780 3947 2972 4021 (Joan.
2999 3948 3089 4003 2|.
3122 3947 3239 4019 5)?
3275 3957 3330 4003 et
3364 3961 3473 4002 non

1874 4052 2241 4115 cognoverunt
2264 4058 2409 4109 eum,
2437 4058 2543 4098 non
2570 4041 2819 4107 formam,
2846 4056 2950 4096 non
2979 4054 3187 4098 vocem.
3211 4037 3472 4107 dicitque,

1878 4136 1930 4190 Μ
1939 4137 2065 4189 ittitc
2092 4135 2160 4189 ad
2188 4135 2448 4189 dexteram
2474 4132 2662 4205 navigii
2688 4141 2808 4195 rete,
2834 4142 2881 4185 et
2908 4130 3167 4184 invenietis
3196 4126 3301 4199 (Ib.
3319 4144 3369 4182 υ.
3388 4128 3473 4200 6);

1874 4245 1937 4285 ac
1975 4244 2095 4283 eum
2143 4228 2435 4295 misissent,
2480 4225 2646 4282 multa
2694 4224 2881 4295 piseati
2921 4232 3067 4278 sunt.
3113 4220 3246 4277 Cum
3292 4220 3475 4291 itaque

1874 4338 1997 4377 eum
2042 4337 2147 4376 non
2180 4336 2246 4376 ex
2290 4328 2586 4390 conspectu
2631 4317 2986 4389 perciperent,
3032 4329 3097 4371 ex
3141 4315 3475 4385 argumentis

1875 4412 2089 4467 virtutis
2114 4410 2503 4482 percipiebant.
2530 4408 2867 4479 Quapropter
2886 4405 3210 4477 evangelista
3232 4404 3474 4461 Joannes

1874 4505 2004 4559 dicit
2033 4504 2215 4569 Petro,
2238 4502 2490 4558 Dominus
2518 4510 2592 4557 est
2622 4500 2727 4572 (Ib.
2751 4516 2799 4555 υ.
2822 4500 2901 4571 7),
2921 4515 3027 4554 non
3047 4499 3160 4554 visu
3177 4498 3465 4561 suadente.

1875 4598 1969 4653 sed
2000 4605 2313 4667 argumento
2343 4595 2574 4651 virtutis.
2606 4594 2729 4650 Ideo
2753 4593 2949 4648 clamat
2973 4591 3166 4657 Lucas,
3198 4589 3267 4645 In
3294 4593 3474 4647 multis

1874 4688 2182 4758 argumentis
2200 4704 2288 4757 per
2303 4687 2410 4742 dies
2425 4687 2763 4757 quadraginta
2779 4699 3032 4756 apparens
3048 4687 3139 4749 eis,
3166 4695 3214 4741 et
3234 4681 3468 4754 loquens.

1949 4781 2154 4846 Quoties
2183 4778 2415 4833 Christus
2452 4788 2561 4848 post
2604 4779 3018 4833 resurrectionem
3044 4778 3359 4851 apparuerit.
3388 4807 3463 4819 -

1876 4872 2057 4942 Neque
2102 4871 2273 4925 solum
2317 4870 2627 4940 apparebat,
2663 4868 2757 4924 sed
2784 4868 2944 4923 etiam
2970 4868 3291 4940 quandoque
3316 4868 3470 4923 vide-

1876 4968 2050 5021 batur.
2082 4966 2159 5019 Rc
2180 4964 2464 5034 diligenter
2487 4963 2765 5018 observata
2793 4961 3173 5032 comperimus.
3201 4960 3469 5017 Servato-

1876 5074 1989 5113 rem
2023 5068 2141 5127 post
2167 5056 2613 5111 resurrectionem
2643 5054 2895 5109 undecies
2918 5053 3093 5109 visum
3145 5052 3311 5108 fuisse
3343 5067 3471 5109 san-

1875 5155 1977 5206 etis
2004 5150 2283 5220 apostolis,
2316 5158 2371 5203 et
2409 5157 2535 5203 tunc
2563 5155 2896 5216 assumptum
2922 5145 3087 5202 fuisse
3129 5144 3195 5201 ad
3227 5145 3466 5201 Patrem.

1876 5243 2093 5311 Quare?
2123 5241 2254 5309 Quia
2283 5241 2426 5295 enim
2455 5238 2701 5295 undecim
2734 5238 2966 5293 habebat
2986 5236 3296 5307 discipulos,
3322 5245 3471 5306 post-

1876 5349 2035 5405 quam
2065 5332 2230 5389 Judas
2263 5331 2519 5401 expulsus
2554 5331 2748 5391 fuerat,
2777 5343 2841 5383 ac
2867 5345 2962 5400 per
2994 5326 3252 5383 nefariam
3290 5327 3470 5397 prodi.

1879 5430 2173 5491 tionem,et
2188 5427 2364 5479 locum
2393 5438 2547 5479 suum
2575 5430 2629 5477 et
2651 5420 2962 5491 dignitatem
3002 5418 3329 5490 perdiderat,
3365 5434 3471 5473 un-

1876 5518 2056 5574 decies
2083 5516 2341 5586 aposmlis
2380 5522 2620 5584 apparet,
2662 5527 2727 5567 ac
2754 5527 2860 5567 non
2886 5510 3138 5590 omnibus
3163 5507 3346 5569 simul,
3374 5508 3470 5564 sed

1876 5608 2040 5664 variis
2080 5606 2273 5671 modis,
2312 5603 2599 5675 aliquando
2638 5603 2743 5670 bis,
2773 5601 3058 5674 aliquando
3104 5601 3229 5666 illis,
3260 5610 3317 5655 ut
3344 5614 3468 5655 cum

1940 5768 1957 5799 ι
1992 5773 2042 5815 tn
2084 5764 2196 5814 Cod.
2219 5761 2591 5829 1886_additur:
2618 5759 2803 5829 Etenim
2842 5758 3021 5829 nudius
3068 5757 3235 5810 tertius
3257 5758 3473 5829 ascensio

1872 5828 2065 5889 aderat,
2090 5839 2201 5890 cum
2232 5825 2559 5890 quadraginta
2590 5821 2918 5887 compleantur
2940 5821 3051 5890 dies
3066 5835 3098 5872 a
3120 5821 3470 5890 resurrectione

1873 5903 2022 5941 usque
2052 5885 2123 5939 ad
2166 5885 2509 5938 ascensionem.
2570 5893 2622 5933 In
2669 5885 2942 5937 Pentecoste
2973 5885 3101 5937 enim
3123 5895 3215 5935 non
3248 5885 3469 5936 σει-ωηεν

1874 5904 1948 5941 ως(
1982 5904 2022 5940 te
2059 5904 2123 5939 at!
2166 5904 2509 5938 ascenstanem.
2570 5904 2622 5933 m
2669 5904 2788 5935 rent

1874 5904 1983 6020 Iud:
2008 5954 2091 6004 sed
2122 5949 2281 6003 stmcti
2302 5947 2503 6015 Spiritus
2527 5946 2788 6000 descensio.
