  <div class='ocr_page' id='page_1' title='image "/cluster/home/n/w/nwhite01/storage/ocr_20150623/52/uva.x030486926/401.png"; bbox 0 0 4126 6488; ppageno 0'>
   <div class='ocr_carea' id='block_1_1' title="bbox 730 466 834 521">
    <p class='ocr_par' dir='ltr' id='par_1_1' title="bbox 730 466 834 521">
     <span class='ocr_line' id='line_1_1' title="bbox 730 466 834 521; baseline -0.019 0"><span class='ocrx_word' id='word_1_1' title='bbox 730 466 834 521; x_wconf 75' lang='grc'><strong>’185</strong></span> 
     </span>
    </p>
   </div>
   <div class='ocr_carea' id='block_1_2' title="bbox 729 566 2305 653">
    <p class='ocr_par' dir='ltr' id='par_1_2' title="bbox 729 566 2305 653">
     <span class='ocr_line' id='line_1_2' title="bbox 729 566 2305 653; baseline -0.011 -21"><span class='ocrx_word' id='word_1_2' title='bbox 729 583 916 653; x_wconf 77' lang='lat' dir='ltr'><strong>decem</strong></span> <span class='ocrx_word' id='word_1_3' title='bbox 942 574 1045 629; x_wconf 89' lang='lat' dir='ltr'><strong>illis</strong></span> <span class='ocrx_word' id='word_1_4' title='bbox 1078 570 1342 643; x_wconf 88' lang='lat' dir='ltr'><strong>apparuit,</strong></span> <span class='ocrx_word' id='word_1_5' title='bbox 1365 569 1584 625; x_wconf 85' lang='lat' dir='ltr'><strong>absente</strong></span> <span class='ocrx_word' id='word_1_6' title='bbox 1623 566 1861 631; x_wconf 75' lang='lat' dir='ltr'><strong>‘l‘hotna;</strong></span> <span class='ocrx_word' id='word_1_7' title='bbox 1895 567 2103 621; x_wconf 86' lang='lat' dir='ltr'><strong>rursum</strong></span> <span class='ocrx_word' id='word_1_8' title='bbox 2139 578 2305 634; x_wconf 82' lang='lat' dir='ltr'><strong>appa-</strong></span> 
     </span>
    </p>
   </div>
   <div class='ocr_carea' id='block_1_3' title="bbox 730 655 2303 737">
    <p class='ocr_par' dir='ltr' id='par_1_3' title="bbox 730 655 2303 737">
     <span class='ocr_line' id='line_1_3' title="bbox 730 655 2303 737; baseline -0.01 -12"><span class='ocrx_word' id='word_1_9' title='bbox 730 668 883 736; x_wconf 91' lang='lat' dir='ltr'><strong>ruit,</strong></span> <span class='ocrx_word' id='word_1_10' title='bbox 924 676 1185 737; x_wconf 61' lang='lat' dir='ltr'><strong>prasente</strong></span> <span class='ocrx_word' id='word_1_11' title='bbox 1224 663 1447 719; x_wconf 81' lang='lat' dir='ltr'><strong>Thema.</strong></span> <span class='ocrx_word' id='word_1_12' title='bbox 1495 659 1785 717; x_wconf 73' lang='lat' dir='ltr'><strong>Numerum</strong></span> <span class='ocrx_word' id='word_1_13' title='bbox 1830 673 1958 714; x_wconf 90' lang='lat' dir='ltr'><strong>vero</strong></span> <span class='ocrx_word' id='word_1_14' title='bbox 1998 655 2303 728; x_wconf 66' lang='lat' dir='ltr'><strong>quatrimns,</strong></span> 
     </span>
    </p>
   </div>
   <div class='ocr_carea' id='block_1_4' title="bbox 732 749 2308 827">
    <p class='ocr_par' dir='ltr' id='par_1_4' title="bbox 732 749 2308 827">
     <span class='ocr_line' id='line_1_4' title="bbox 732 749 2308 827; baseline -0.007 -16"><span class='ocrx_word' id='word_1_15' title='bbox 732 756 1001 827; x_wconf 70' lang='lat' dir='ltr'><strong>quamde</strong></span> <span class='ocrx_word' id='word_1_16' title='bbox 1045 763 1255 811; x_wconf 83' lang='lat' dir='ltr'><strong>constet</strong></span> <span class='ocrx_word' id='word_1_17' title='bbox 1287 769 1408 810; x_wconf 90' lang='lat' dir='ltr'><strong>cum</strong></span> <span class='ocrx_word' id='word_1_18' title='bbox 1457 751 1709 808; x_wconf 74' lang='lat' dir='ltr'><strong>undecies</strong></span> <span class='ocrx_word' id='word_1_19' title='bbox 1755 749 2063 821; x_wconf 85' lang='lat' dir='ltr'><strong>apparuisse</strong></span> <span class='ocrx_word' id='word_1_20' title='bbox 2092 755 2308 819; x_wconf 89' lang='lat' dir='ltr'><strong>propter</strong></span> 
     </span>
    </p>
   </div>
   <div class='ocr_carea' id='block_1_5' title="bbox 732 840 2304 919">
    <p class='ocr_par' dir='ltr' id='par_1_5' title="bbox 732 840 2304 919">
     <span class='ocr_line' id='line_1_5' title="bbox 732 840 2304 919; baseline -0.006 -18"><span class='ocrx_word' id='word_1_21' title='bbox 732 848 973 904; x_wconf 75' lang='lat' dir='ltr'><strong>undecim</strong></span> <span class='ocrx_word' id='word_1_22' title='bbox 1006 845 1291 919; x_wconf 71' lang='lat' dir='ltr'><strong>apostolos.</strong></span> <span class='ocrx_word' id='word_1_23' title='bbox 1320 844 1553 900; x_wconf 91' lang='lat' dir='ltr'><strong>Primum</strong></span> <span class='ocrx_word' id='word_1_24' title='bbox 1571 842 1814 914; x_wconf 83' lang='lat' dir='ltr'><strong>apparuit</strong></span> <span class='ocrx_word' id='word_1_25' title='bbox 1840 840 2017 896; x_wconf 70' lang='lat' dir='ltr'><strong>Mariae</strong></span> <span class='ocrx_word' id='word_1_26' title='bbox 2042 840 2092 895; x_wconf 92' lang='lat' dir='ltr'><strong>in</strong></span> <span class='ocrx_word' id='word_1_27' title='bbox 2111 853 2304 894; x_wconf 88' lang='lat' dir='ltr'><strong>monu-</strong></span> 
     </span>
    </p>
   </div>
   <div class='ocr_carea' id='block_1_6' title="bbox 730 926 2304 1001">
    <p class='ocr_par' dir='ltr' id='par_1_6' title="bbox 730 926 2304 1001">
     <span class='ocr_line' id='line_1_6' title="bbox 730 926 2304 1001; baseline -0.008 -8"><span class='ocrx_word' id='word_1_28' title='bbox 730 950 915 995; x_wconf 78' lang='lat' dir='ltr'><strong>mento</strong></span> <span class='ocrx_word' id='word_1_29' title='bbox 965 936 1300 1001; x_wconf 90' lang='lat' dir='ltr'><strong>discedenti,</strong></span> <span class='ocrx_word' id='word_1_30' title='bbox 1357 949 1458 990; x_wconf 85' lang='lat' dir='ltr'><strong>nec</strong></span> <span class='ocrx_word' id='word_1_31' title='bbox 1502 949 1606 989; x_wconf 92' lang='lat' dir='ltr'><strong>non</strong></span> <span class='ocrx_word' id='word_1_32' title='bbox 1636 933 1756 988; x_wconf 91' lang='lat' dir='ltr'><strong>aliis</strong></span> <span class='ocrx_word' id='word_1_33' title='bbox 1796 931 2123 987; x_wconf 69' lang='lat' dir='ltr'><strong>mulieribus.</strong></span> <span class='ocrx_word' id='word_1_34' title='bbox 2172 926 2304 984; x_wconf 81' lang='lat' dir='ltr'><strong>Nam</strong></span> 
     </span>
    </p>
   </div>
   <div class='ocr_carea' id='block_1_7' title="bbox 732 1026 2303 1099">
    <p class='ocr_par' dir='ltr' id='par_1_7' title="bbox 732 1026 2303 1099">
     <span class='ocr_line' id='line_1_7' title="bbox 732 1026 2303 1099; baseline -0.01 -12"><span class='ocrx_word' id='word_1_35' title='bbox 732 1032 984 1087; x_wconf 86' lang='lat' dir='ltr'><strong>mulieres</strong></span> <span class='ocrx_word' id='word_1_36' title='bbox 1005 1029 1150 1085; x_wconf 88' lang='lat' dir='ltr'><strong>illmn</strong></span> <span class='ocrx_word' id='word_1_37' title='bbox 1180 1028 1348 1099; x_wconf 91' lang='lat' dir='ltr'><strong>prius,</strong></span> <span class='ocrx_word' id='word_1_38' title='bbox 1369 1040 1525 1096; x_wconf 86' lang='lat' dir='ltr'><strong>quam</strong></span> <span class='ocrx_word' id='word_1_39' title='bbox 1548 1026 1636 1079; x_wconf 89' lang='lat' dir='ltr'><strong>alii</strong></span> <span class='ocrx_word' id='word_1_40' title='bbox 1665 1039 1870 1088; x_wconf 66' lang='lat' dir='ltr'><strong>omna,</strong></span> <span class='ocrx_word' id='word_1_41' title='bbox 1894 1027 2303 1093; x_wconf 76' lang='lat' dir='ltr'><strong>conspexerunt,</strong></span> 
     </span>
    </p>
   </div>
   <div class='ocr_carea' id='block_1_8' title="bbox 738 1112 2303 1193">
    <p class='ocr_par' dir='ltr' id='par_1_8' title="bbox 738 1112 2303 1193">
     <span class='ocr_line' id='line_1_8' title="bbox 738 1112 2303 1193; baseline -0.01 -15"><span class='ocrx_word' id='word_1_42' title='bbox 738 1137 872 1193; x_wconf 88' lang='lat' dir='ltr'><strong>quas</strong></span> <span class='ocrx_word' id='word_1_43' title='bbox 922 1131 977 1177; x_wconf 88' lang='lat' dir='ltr'><strong>ct</strong></span> <span class='ocrx_word' id='word_1_44' title='bbox 1012 1121 1198 1176; x_wconf 87' lang='lat' dir='ltr'><strong>beatus</strong></span> <span class='ocrx_word' id='word_1_45' title='bbox 1236 1118 1449 1178; x_wconf 81' lang='lat' dir='ltr'><strong>liesaias</strong></span> <span class='ocrx_word' id='word_1_46' title='bbox 1486 1115 1807 1186; x_wconf 81' lang='lat' dir='ltr'><strong>compellat:</strong></span> <span class='ocrx_word' id='word_1_47' title='bbox 1838 1112 2078 1168; x_wconf 69' lang='lat' dir='ltr'><strong>Mulieres</strong></span> <span class='ocrx_word' id='word_1_48' title='bbox 2117 1128 2149 1164; x_wconf 79' lang='grc' dir='ltr'><strong><em>α</em></strong></span> <span class='ocrx_word' id='word_1_49' title='bbox 2185 1126 2303 1180; x_wconf 84' lang='lat' dir='ltr'><strong>spe-</strong></span> 
     </span>
    </p>
   </div>
   <div class='ocr_carea' id='block_1_9' title="bbox 729 1202 2301 1277">
    <p class='ocr_par' dir='ltr' id='par_1_9' title="bbox 729 1202 2301 1277">
     <span class='ocr_line' id='line_1_9' title="bbox 729 1202 2301 1277; baseline -0.008 -9"><span class='ocrx_word' id='word_1_50' title='bbox 729 1215 925 1269; x_wconf 83' lang='lat' dir='ltr'><strong>ctaculo</strong></span> <span class='ocrx_word' id='word_1_51' title='bbox 961 1213 1209 1268; x_wconf 76' lang='lat' dir='ltr'><strong>uenientes</strong></span> <span class='ocrx_word' id='word_1_52' title='bbox 1232 1255 1246 1276; x_wconf 90' lang='lat'><strong>,</strong></span> <span class='ocrx_word' id='word_1_53' title='bbox 1281 1212 1500 1265; x_wconf 66' lang='lat' dir='ltr'><strong>seniseet</strong></span> <span class='ocrx_word' id='word_1_54' title='bbox 1523 1208 1821 1262; x_wconf 81' lang='lat' dir='ltr'><strong>annuntiate</strong></span> <span class='ocrx_word' id='word_1_55' title='bbox 1852 1206 1994 1261; x_wconf 78' lang='lat' dir='ltr'><strong>nobis</strong></span> <span class='ocrx_word' id='word_1_56' title='bbox 2028 1203 2181 1277; x_wconf 83' lang='lat' dir='ltr'><strong>(lsai.</strong></span> <span class='ocrx_word' id='word_1_57' title='bbox 2212 1202 2301 1258; x_wconf 74' lang='lat'><strong>27.</strong></span> 
     </span>
    </p>
   </div>
   <div class='ocr_carea' id='block_1_10' title="bbox 668 1292 2302 1374">
    <p class='ocr_par' dir='ltr' id='par_1_10' title="bbox 668 1292 2302 1374">
     <span class='ocr_line' id='line_1_10' title="bbox 668 1292 2302 1374; baseline -0.007 -16"><span class='ocrx_word' id='word_1_58' title='bbox 668 1292 675 1299; x_wconf 73' lang='grc'><em>’</em></span> <span class='ocrx_word' id='word_1_59' title='bbox 731 1307 844 1374; x_wconf 82' lang='grc' dir='ltr'><strong>Η).</strong></span> <span class='ocrx_word' id='word_1_60' title='bbox 880 1302 1135 1373; x_wconf 80' lang='lat' dir='ltr'><strong>Apparuit</strong></span> <span class='ocrx_word' id='word_1_61' title='bbox 1162 1302 1319 1372; x_wconf 88' lang='lat' dir='ltr'><strong>igitur</strong></span> <span class='ocrx_word' id='word_1_62' title='bbox 1348 1298 1676 1353; x_wconf 79' lang='lat' dir='ltr'><strong>mulieribus.</strong></span> <span class='ocrx_word' id='word_1_63' title='bbox 1709 1297 1764 1352; x_wconf 85' lang='lat' dir='ltr'><strong>Si</strong></span> <span class='ocrx_word' id='word_1_64' title='bbox 1793 1296 1913 1367; x_wconf 91' lang='lat' dir='ltr'><strong>quis</strong></span> <span class='ocrx_word' id='word_1_65' title='bbox 1937 1292 2162 1350; x_wconf 88' lang='lat' dir='ltr'><strong>voluerit</strong></span> <span class='ocrx_word' id='word_1_66' title='bbox 2192 1292 2302 1347; x_wconf 81' lang='lat' dir='ltr'><strong>cal-</strong></span> 
     </span>
    </p>
   </div>
   <div class='ocr_carea' id='block_1_11' title="bbox 728 1388 2297 1458">
    <p class='ocr_par' dir='ltr' id='par_1_11' title="bbox 728 1388 2297 1458">
     <span class='ocr_line' id='line_1_11' title="bbox 728 1388 2297 1458; baseline -0.007 -12"><span class='ocrx_word' id='word_1_67' title='bbox 728 1396 906 1448; x_wconf 79' lang='lat' dir='ltr'><strong>culum</strong></span> <span class='ocrx_word' id='word_1_68' title='bbox 933 1394 1150 1458; x_wconf 88' lang='lat' dir='ltr'><strong>ducere,</strong></span> <span class='ocrx_word' id='word_1_69' title='bbox 1183 1390 1358 1445; x_wconf 91' lang='lat' dir='ltr'><strong>videat</strong></span> <span class='ocrx_word' id='word_1_70' title='bbox 1396 1403 1521 1444; x_wconf 92' lang='lat' dir='ltr'><strong>num</strong></span> <span class='ocrx_word' id='word_1_71' title='bbox 1548 1388 1685 1443; x_wconf 90' lang='lat' dir='ltr'><strong>circa</strong></span> <span class='ocrx_word' id='word_1_72' title='bbox 1722 1401 2001 1442; x_wconf 80' lang='lat' dir='ltr'><strong>numerum</strong></span> <span class='ocrx_word' id='word_1_73' title='bbox 2037 1396 2297 1440; x_wconf 76' lang='lat' dir='ltr'><strong>erremus.</strong></span> 
     </span>
    </p>
   </div>
   <div class='ocr_carea' id='block_1_12' title="bbox 732 1474 2300 1549">
    <p class='ocr_par' dir='ltr' id='par_1_12' title="bbox 732 1474 2300 1549">
     <span class='ocr_line' id='line_1_12' title="bbox 732 1474 2300 1549; baseline -0.007 -11"><span class='ocrx_word' id='word_1_74' title='bbox 732 1484 911 1539; x_wconf 86' lang='lat' dir='ltr'><strong>Primo</strong></span> <span class='ocrx_word' id='word_1_75' title='bbox 954 1483 1282 1543; x_wconf 84' lang='lat' dir='ltr'><strong>mulieribus,</strong></span> <span class='ocrx_word' id='word_1_76' title='bbox 1313 1480 1488 1535; x_wconf 68' lang='lat' dir='ltr'><strong>Maria:</strong></span> <span class='ocrx_word' id='word_1_77' title='bbox 1516 1488 1571 1534; x_wconf 84' lang='lat' dir='ltr'><strong>et</strong></span> <span class='ocrx_word' id='word_1_78' title='bbox 1595 1478 1815 1549; x_wconf 77' lang='lat' dir='ltr'><strong>reliquis</strong></span> <span class='ocrx_word' id='word_1_79' title='bbox 1840 1495 1853 1532; x_wconf 92' lang='lat'><strong>:</strong></span> <span class='ocrx_word' id='word_1_80' title='bbox 1883 1475 2075 1531; x_wconf 88' lang='lat' dir='ltr'><strong>deinde</strong></span> <span class='ocrx_word' id='word_1_81' title='bbox 2105 1474 2261 1530; x_wconf 88' lang='lat' dir='ltr'><strong>Petro</strong></span> <span class='ocrx_word' id='word_1_82' title='bbox 2286 1490 2300 1537; x_wconf 90' lang='lat'><strong>;</strong></span> 
     </span>
    </p>
   </div>
   <div class='ocr_carea' id='block_1_13' title="bbox 736 1566 2302 1644">
    <p class='ocr_par' dir='ltr' id='par_1_13' title="bbox 736 1566 2302 1644">
     <span class='ocr_line' id='line_1_13' title="bbox 736 1566 2302 1644; baseline -0.008 -15"><span class='ocrx_word' id='word_1_83' title='bbox 736 1585 919 1644; x_wconf 87' lang='lat' dir='ltr'><strong>postea</strong></span> <span class='ocrx_word' id='word_1_84' title='bbox 956 1572 1169 1643; x_wconf 74' lang='lat' dir='ltr'><strong>Cleopa:</strong></span> <span class='ocrx_word' id='word_1_85' title='bbox 1214 1582 1269 1627; x_wconf 91' lang='lat' dir='ltr'><strong>et</strong></span> <span class='ocrx_word' id='word_1_86' title='bbox 1308 1574 1454 1625; x_wconf 82' lang='lat' dir='ltr'><strong>socio</strong></span> <span class='ocrx_word' id='word_1_87' title='bbox 1490 1571 1541 1625; x_wconf 92' lang='lat' dir='ltr'><strong>in</strong></span> <span class='ocrx_word' id='word_1_88' title='bbox 1573 1569 1677 1631; x_wconf 86' lang='lat' dir='ltr'><strong>via,</strong></span> <span class='ocrx_word' id='word_1_89' title='bbox 1713 1583 1832 1623; x_wconf 93' lang='lat' dir='ltr'><strong>cum</strong></span> <span class='ocrx_word' id='word_1_90' title='bbox 1869 1567 2119 1621; x_wconf 80' lang='lat' dir='ltr'><strong>Bmmaus</strong></span> <span class='ocrx_word' id='word_1_91' title='bbox 2146 1566 2302 1627; x_wconf 89' lang='lat' dir='ltr'><strong>irent,</strong></span> 
     </span>
    </p>
   </div>
   <div class='ocr_carea' id='block_1_14' title="bbox 730 1652 2305 1735">
    <p class='ocr_par' dir='ltr' id='par_1_14' title="bbox 730 1652 2305 1735">
     <span class='ocr_line' id='line_1_14' title="bbox 730 1652 2305 1735; baseline -0.007 -17"><span class='ocrx_word' id='word_1_92' title='bbox 730 1679 960 1735; x_wconf 80' lang='lat' dir='ltr'><strong>rumque</strong></span> <span class='ocrx_word' id='word_1_93' title='bbox 996 1664 1047 1717; x_wconf 90' lang='lat' dir='ltr'><strong>in</strong></span> <span class='ocrx_word' id='word_1_94' title='bbox 1098 1662 1354 1717; x_wconf 81' lang='lat' dir='ltr'><strong>fractione</strong></span> <span class='ocrx_word' id='word_1_95' title='bbox 1383 1662 1535 1730; x_wconf 86' lang='lat' dir='ltr'><strong>panis</strong></span> <span class='ocrx_word' id='word_1_96' title='bbox 1558 1658 1801 1729; x_wconf 88' lang='lat' dir='ltr'><strong>cognitus</strong></span> <span class='ocrx_word' id='word_1_97' title='bbox 1820 1667 1920 1711; x_wconf 82' lang='lat' dir='ltr'><strong>est.</strong></span> <span class='ocrx_word' id='word_1_98' title='bbox 1951 1656 2224 1712; x_wconf 89' lang='lat' dir='ltr'><strong>Undeuam</strong></span> <span class='ocrx_word' id='word_1_99' title='bbox 2252 1652 2305 1708; x_wconf 87' lang='lat' dir='ltr'><strong>id</strong></span> 
     </span>
    </p>
   </div>
   <div class='ocr_carea' id='block_1_15' title="bbox 736 1744 2304 1827">
    <p class='ocr_par' dir='ltr' id='par_1_15' title="bbox 736 1744 2304 1827">
     <span class='ocr_line' id='line_1_15' title="bbox 736 1744 2304 1827; baseline -0.008 -17"><span class='ocrx_word' id='word_1_100' title='bbox 736 1755 945 1827; x_wconf 80' lang='lat' dir='ltr'><strong>liquet?</strong></span> <span class='ocrx_word' id='word_1_101' title='bbox 970 1751 1120 1821; x_wconf 85' lang='lat' dir='ltr'><strong>Quod</strong></span> <span class='ocrx_word' id='word_1_102' title='bbox 1140 1752 1296 1807; x_wconf 89' lang='lat' dir='ltr'><strong>Petro</strong></span> <span class='ocrx_word' id='word_1_103' title='bbox 1319 1749 1619 1819; x_wconf 71' lang='lat' dir='ltr'><strong>apparuerit</strong></span> <span class='ocrx_word' id='word_1_104' title='bbox 1647 1759 1791 1813; x_wconf 90' lang='lat' dir='ltr'><strong>ante,</strong></span> <span class='ocrx_word' id='word_1_105' title='bbox 1805 1762 1961 1817; x_wconf 88' lang='lat' dir='ltr'><strong>quam</strong></span> <span class='ocrx_word' id='word_1_106' title='bbox 1979 1746 2063 1801; x_wconf 83' lang='lat' dir='ltr'><strong>bis</strong></span> <span class='ocrx_word' id='word_1_107' title='bbox 2075 1744 2304 1799; x_wconf 88' lang='lat' dir='ltr'><strong>duobus.</strong></span> 
     </span>
    </p>
   </div>
   <div class='ocr_carea' id='block_1_16' title="bbox 742 1837 2309 1916">
    <p class='ocr_par' dir='ltr' id='par_1_16' title="bbox 742 1837 2309 1916">
     <span class='ocr_line' id='line_1_16' title="bbox 742 1837 2309 1916; baseline -0.007 -18"><span class='ocrx_word' id='word_1_108' title='bbox 742 1845 971 1916; x_wconf 74' lang='lat' dir='ltr'><strong>Ingressi</strong></span> <span class='ocrx_word' id='word_1_109' title='bbox 990 1852 1115 1901; x_wconf 89' lang='lat' dir='ltr'><strong>sunt</strong></span> <span class='ocrx_word' id='word_1_110' title='bbox 1159 1842 1230 1895; x_wconf 90' lang='lat' dir='ltr'><strong>illi</strong></span> <span class='ocrx_word' id='word_1_111' title='bbox 1269 1841 1373 1896; x_wconf 93' lang='lat' dir='ltr'><strong>duo</strong></span> <span class='ocrx_word' id='word_1_112' title='bbox 1400 1840 1624 1908; x_wconf 85' lang='lat' dir='ltr'><strong>Cleopas</strong></span> <span class='ocrx_word' id='word_1_113' title='bbox 1645 1847 1701 1895; x_wconf 88' lang='lat' dir='ltr'><strong>et</strong></span> <span class='ocrx_word' id='word_1_114' title='bbox 1726 1837 1904 1892; x_wconf 86' lang='lat' dir='ltr'><strong>socius</strong></span> <span class='ocrx_word' id='word_1_115' title='bbox 1930 1850 1959 1889; x_wconf 87' lang='lat' dir='ltr'><strong>a</strong></span> <span class='ocrx_word' id='word_1_116' title='bbox 1986 1849 2227 1905; x_wconf 83' lang='lat' dir='ltr'><strong>vespera,</strong></span> <span class='ocrx_word' id='word_1_117' title='bbox 2250 1842 2309 1888; x_wconf 91' lang='lat' dir='ltr'><strong>ut</strong></span> 
     </span>
    </p>
   </div>
   <div class='ocr_carea' id='block_1_17' title="bbox 732 1923 2309 2001">
    <p class='ocr_par' dir='ltr' id='par_1_17' title="bbox 732 1923 2309 2001">
     <span class='ocr_line' id='line_1_17' title="bbox 732 1923 2309 2001; baseline -0.01 -10"><span class='ocrx_word' id='word_1_118' title='bbox 732 1935 1105 1991; x_wconf 83' lang='lat' dir='ltr'><strong>annuntiarcnt</strong></span> <span class='ocrx_word' id='word_1_119' title='bbox 1128 1931 1400 2001; x_wconf 75' lang='lat' dir='ltr'><strong>discipulis</strong></span> <span class='ocrx_word' id='word_1_120' title='bbox 1419 1944 1478 1983; x_wconf 91' lang='lat' dir='ltr'><strong>se</strong></span> <span class='ocrx_word' id='word_1_121' title='bbox 1501 1927 1695 1984; x_wconf 81' lang='lat' dir='ltr'><strong>vidisse</strong></span> <span class='ocrx_word' id='word_1_122' title='bbox 1720 1926 2001 1981; x_wconf 88' lang='lat' dir='ltr'><strong>Dominum</strong></span> <span class='ocrx_word' id='word_1_123' title='bbox 2032 1942 2044 1977; x_wconf 93' lang='lat'><strong>:</strong></span> <span class='ocrx_word' id='word_1_124' title='bbox 2068 1932 2123 1978; x_wconf 92' lang='lat' dir='ltr'><strong>et</strong></span> <span class='ocrx_word' id='word_1_125' title='bbox 2159 1923 2309 1977; x_wconf 83' lang='lat' dir='ltr'><strong>inve-</strong></span> 
     </span>
    </p>
   </div>
   <div class='ocr_carea' id='block_1_18' title="bbox 735 2015 2306 2095">
    <p class='ocr_par' dir='ltr' id='par_1_18' title="bbox 735 2015 2306 2095">
     <span class='ocr_line' id='line_1_18' title="bbox 735 2015 2306 2095; baseline -0.011 -11"><span class='ocrx_word' id='word_1_126' title='bbox 735 2037 929 2084; x_wconf 84' lang='lat' dir='ltr'><strong>nerunt</strong></span> <span class='ocrx_word' id='word_1_127' title='bbox 964 2024 1231 2095; x_wconf 87' lang='lat' dir='ltr'><strong>apostolos</strong></span> <span class='ocrx_word' id='word_1_128' title='bbox 1272 2022 1529 2088; x_wconf 86' lang='lat' dir='ltr'><strong>dicentes,</strong></span> <span class='ocrx_word' id='word_1_129' title='bbox 1570 2018 1696 2075; x_wconf 82' lang='lat' dir='ltr'><strong>Vere</strong></span> <span class='ocrx_word' id='word_1_130' title='bbox 1726 2017 1941 2073; x_wconf 56' lang='grc' dir='ltr'><strong>κτείνει</strong></span> <span class='ocrx_word' id='word_1_131' title='bbox 1965 2015 2232 2081; x_wconf 76' lang='lat' dir='ltr'><strong>Dominus,</strong></span> <span class='ocrx_word' id='word_1_132' title='bbox 2259 2022 2306 2068; x_wconf 87' lang='lat' dir='ltr'><strong>et</strong></span> 
     </span>
    </p>
   </div>
   <div class='ocr_carea' id='block_1_19' title="bbox 733 2105 2307 2192">
    <p class='ocr_par' dir='ltr' id='par_1_19' title="bbox 733 2105 2307 2192">
     <span class='ocr_line' id='line_1_19' title="bbox 733 2105 2307 2192; baseline -0.011 -18"><span class='ocrx_word' id='word_1_133' title='bbox 733 2120 971 2192; x_wconf 78' lang='lat' dir='ltr'><strong>apparuit</strong></span> <span class='ocrx_word' id='word_1_134' title='bbox 998 2118 1195 2172; x_wconf 84' lang='lat' dir='ltr'><strong>Simoni</strong></span> <span class='ocrx_word' id='word_1_135' title='bbox 1228 2115 1378 2188; x_wconf 86' lang='lat' dir='ltr'><strong>(Luc.</strong></span> <span class='ocrx_word' id='word_1_136' title='bbox 1406 2115 1494 2168; x_wconf 65' lang='grc' dir='ltr'><strong>ει.</strong></span> <span class='ocrx_word' id='word_1_137' title='bbox 1532 2110 1646 2179; x_wconf 60' lang='grc'><strong>58).</strong></span> <span class='ocrx_word' id='word_1_138' title='bbox 1673 2111 1808 2166; x_wconf 86' lang='lat' dir='ltr'><strong>Dum</strong></span> <span class='ocrx_word' id='word_1_139' title='bbox 1838 2109 1911 2164; x_wconf 90' lang='lat' dir='ltr'><strong>illi</strong></span> <span class='ocrx_word' id='word_1_140' title='bbox 1928 2108 2033 2164; x_wconf 88' lang='lat' dir='ltr'><strong>duo</strong></span> <span class='ocrx_word' id='word_1_141' title='bbox 2060 2105 2200 2178; x_wconf 84' lang='lat' dir='ltr'><strong>quod</strong></span> <span class='ocrx_word' id='word_1_142' title='bbox 2229 2105 2307 2157; x_wconf 77' lang='lat' dir='ltr'><strong>vi-</strong></span> 
     </span>
    </p>
   </div>
   <div class='ocr_carea' id='block_1_20' title="bbox 718 2191 2307 2273">
    <p class='ocr_par' dir='ltr' id='par_1_20' title="bbox 718 2191 2307 2273">
     <span class='ocr_line' id='line_1_20' title="bbox 718 2191 2307 2273; baseline -0.01 -6"><span class='ocrx_word' id='word_1_143' title='bbox 718 2191 926 2267; x_wconf 42' lang='lat' dir='ltr'><strong>.deraut</strong></span> <span class='ocrx_word' id='word_1_144' title='bbox 954 2208 1346 2269; x_wconf 88' lang='lat' dir='ltr'><strong>annuntiarent,</strong></span> <span class='ocrx_word' id='word_1_145' title='bbox 1388 2204 1521 2259; x_wconf 73' lang='lat' dir='ltr'><strong>fama</strong></span> <span class='ocrx_word' id='word_1_146' title='bbox 1554 2208 1920 2273; x_wconf 66' lang='lat' dir='ltr'><strong>praeessent,</strong></span> <span class='ocrx_word' id='word_1_147' title='bbox 1952 2198 2093 2267; x_wconf 91' lang='lat' dir='ltr'><strong>quod</strong></span> <span class='ocrx_word' id='word_1_148' title='bbox 2122 2197 2307 2253; x_wconf 85' lang='lat' dir='ltr'><strong>Petrus</strong></span> 
     </span>
    </p>
   </div>
   <div class='ocr_carea' id='block_1_21' title="bbox 735 2288 2302 2361">
    <p class='ocr_par' dir='ltr' id='par_1_21' title="bbox 735 2288 2302 2361">
     <span class='ocr_line' id='line_1_21' title="bbox 735 2288 2302 2361; baseline -0.006 -8"><span class='ocrx_word' id='word_1_149' title='bbox 735 2301 957 2355; x_wconf 74' lang='lat' dir='ltr'><strong>vidisset</strong></span> <span class='ocrx_word' id='word_1_150' title='bbox 973 2300 1273 2353; x_wconf 87' lang='lat' dir='ltr'><strong>Dominum.</strong></span> <span class='ocrx_word' id='word_1_151' title='bbox 1290 2296 1401 2351; x_wconf 83' lang='lat' dir='ltr'><strong>Hoc</strong></span> <span class='ocrx_word' id='word_1_152' title='bbox 1420 2306 1471 2350; x_wconf 90' lang='lat' dir='ltr'><strong>et</strong></span> <span class='ocrx_word' id='word_1_153' title='bbox 1498 2293 1690 2349; x_wconf 81' lang='lat' dir='ltr'><strong>Paulus</strong></span> <span class='ocrx_word' id='word_1_154' title='bbox 1712 2290 1963 2361; x_wconf 80' lang='lat' dir='ltr'><strong>signiﬁcat</strong></span> <span class='ocrx_word' id='word_1_155' title='bbox 1990 2288 2071 2345; x_wconf 90' lang='lat' dir='ltr'><strong>bis</strong></span> <span class='ocrx_word' id='word_1_156' title='bbox 2088 2288 2264 2343; x_wconf 82' lang='lat' dir='ltr'><strong>verbis</strong></span> <span class='ocrx_word' id='word_1_157' title='bbox 2288 2306 2302 2343; x_wconf 92' lang='lat'><strong>:</strong></span> 
     </span>
    </p>
   </div>
   <div class='ocr_carea' id='block_1_22' title="bbox 734 2376 2309 2455">
    <p class='ocr_par' dir='ltr' id='par_1_22' title="bbox 734 2376 2309 2455">
     <span class='ocr_line' id='line_1_22' title="bbox 734 2376 2309 2455; baseline -0.01 -9"><span class='ocrx_word' id='word_1_158' title='bbox 734 2390 949 2447; x_wconf 73' lang='lat' dir='ltr'><strong>Tradidi</strong></span> <span class='ocrx_word' id='word_1_159' title='bbox 1002 2391 1131 2443; x_wconf 76' lang='lat' dir='ltr'><strong>enim</strong></span> <span class='ocrx_word' id='word_1_160' title='bbox 1186 2387 1321 2442; x_wconf 82' lang='lat' dir='ltr'><strong>robis</strong></span> <span class='ocrx_word' id='word_1_161' title='bbox 1372 2386 1423 2439; x_wconf 86' lang='lat' dir='ltr'><strong>in</strong></span> <span class='ocrx_word' id='word_1_162' title='bbox 1472 2384 1646 2455; x_wconf 82' lang='lat' dir='ltr'><strong>primis</strong></span> <span class='ocrx_word' id='word_1_163' title='bbox 1692 2381 1827 2453; x_wconf 82' lang='lat' dir='ltr'><strong>quod</strong></span> <span class='ocrx_word' id='word_1_164' title='bbox 1867 2390 1913 2435; x_wconf 89' lang='lat' dir='ltr'><strong>ct</strong></span> <span class='ocrx_word' id='word_1_165' title='bbox 1951 2379 2142 2450; x_wconf 86' lang='lat' dir='ltr'><strong>accepi,</strong></span> <span class='ocrx_word' id='word_1_166' title='bbox 2173 2376 2309 2449; x_wconf 78' lang='lat' dir='ltr'><strong>quod</strong></span> 
     </span>
    </p>
   </div>
   <div class='ocr_carea' id='block_1_23' title="bbox 737 2471 2309 2546">
    <p class='ocr_par' dir='ltr' id='par_1_23' title="bbox 737 2471 2309 2546">
     <span class='ocr_line' id='line_1_23' title="bbox 737 2471 2309 2546; baseline -0.006 -13"><span class='ocrx_word' id='word_1_167' title='bbox 737 2482 966 2537; x_wconf 69' lang='lat' dir='ltr'><strong>Christus</strong></span> <span class='ocrx_word' id='word_1_168' title='bbox 1008 2489 1235 2534; x_wconf 83' lang='lat' dir='ltr'><strong>mortuus</strong></span> <span class='ocrx_word' id='word_1_169' title='bbox 1282 2487 1353 2533; x_wconf 88' lang='lat' dir='ltr'><strong>est</strong></span> <span class='ocrx_word' id='word_1_170' title='bbox 1397 2494 1489 2546; x_wconf 86' lang='lat' dir='ltr'><strong>pro</strong></span> <span class='ocrx_word' id='word_1_171' title='bbox 1538 2476 1752 2544; x_wconf 83' lang='lat' dir='ltr'><strong>peccatis</strong></span> <span class='ocrx_word' id='word_1_172' title='bbox 1794 2472 1999 2538; x_wconf 80' lang='lat' dir='ltr'><strong>nostris,</strong></span> <span class='ocrx_word' id='word_1_173' title='bbox 2040 2471 2309 2525; x_wconf 79' lang='lat' dir='ltr'><strong>secundum</strong></span> 
     </span>
    </p>
   </div>
   <div class='ocr_carea' id='block_1_24' title="bbox 739 2558 2306 2643">
    <p class='ocr_par' dir='ltr' id='par_1_24' title="bbox 739 2558 2306 2643">
     <span class='ocr_line' id='line_1_24' title="bbox 739 2558 2306 2643; baseline -0.01 -14"><span class='ocrx_word' id='word_1_174' title='bbox 739 2573 1057 2643; x_wconf 76' lang='lat' dir='ltr'><strong>Seripturas,</strong></span> <span class='ocrx_word' id='word_1_175' title='bbox 1104 2579 1152 2624; x_wconf 85' lang='lat' dir='ltr'><strong>et</strong></span> <span class='ocrx_word' id='word_1_176' title='bbox 1207 2568 1339 2638; x_wconf 74' lang='lat' dir='ltr'><strong>quod</strong></span> <span class='ocrx_word' id='word_1_177' title='bbox 1378 2564 1652 2622; x_wconf 63' lang='lat' dir='ltr'><strong>resurrexit</strong></span> <span class='ocrx_word' id='word_1_178' title='bbox 1708 2572 1754 2619; x_wconf 88' lang='lat' dir='ltr'><strong>et</strong></span> <span class='ocrx_word' id='word_1_179' title='bbox 1798 2563 1933 2618; x_wconf 74' lang='lat' dir='ltr'><strong>uisus</strong></span> <span class='ocrx_word' id='word_1_180' title='bbox 1980 2571 2052 2615; x_wconf 89' lang='lat' dir='ltr'><strong>est</strong></span> <span class='ocrx_word' id='word_1_181' title='bbox 2102 2558 2306 2630; x_wconf 66' lang='lat' dir='ltr'><strong>Cephei,</strong></span> 
     </span>
    </p>
   </div>
   <div class='ocr_carea' id='block_1_25' title="bbox 740 2650 2308 2726">
    <p class='ocr_par' dir='ltr' id='par_1_25' title="bbox 740 2650 2308 2726">
     <span class='ocr_line' id='line_1_25' title="bbox 740 2650 2308 2726; baseline -0.009 -9"><span class='ocrx_word' id='word_1_182' title='bbox 740 2662 923 2719; x_wconf 79' lang='lat' dir='ltr'><strong>deinde</strong></span> <span class='ocrx_word' id='word_1_183' title='bbox 945 2660 1173 2715; x_wconf 76' lang='lat' dir='ltr'><strong>undecim</strong></span> <span class='ocrx_word' id='word_1_184' title='bbox 1198 2658 1459 2726; x_wconf 73' lang='lat' dir='ltr'><strong>discipulis</strong></span> <span class='ocrx_word' id='word_1_185' title='bbox 1514 2657 1592 2725; x_wconf 79' lang='grc' dir='ltr'><strong>(Ι.</strong></span> <span class='ocrx_word' id='word_1_186' title='bbox 1623 2654 1741 2710; x_wconf 85' lang='lat' dir='ltr'><strong>Cor.</strong></span> <span class='ocrx_word' id='word_1_187' title='bbox 1775 2653 1859 2709; x_wconf 73' lang='grc'><strong>15.</strong></span> <span class='ocrx_word' id='word_1_188' title='bbox 1888 2652 2032 2719; x_wconf 74' lang='lat'><strong>3-5).</strong></span> <span class='ocrx_word' id='word_1_189' title='bbox 2076 2650 2308 2705; x_wconf 86' lang='lat' dir='ltr'><strong>Primum</strong></span> 
     </span>
    </p>
   </div>
   <div class='ocr_carea' id='block_1_26' title="bbox 739 2744 2308 2821">
    <p class='ocr_par' dir='ltr' id='par_1_26' title="bbox 739 2744 2308 2821">
     <span class='ocr_line' id='line_1_26' title="bbox 739 2744 2308 2821; baseline -0.013 -8"><span class='ocrx_word' id='word_1_190' title='bbox 739 2756 916 2821; x_wconf 87' lang='lat' dir='ltr'><strong>Petro,</strong></span> <span class='ocrx_word' id='word_1_191' title='bbox 948 2752 1137 2809; x_wconf 86' lang='lat' dir='ltr'><strong>deinde</strong></span> <span class='ocrx_word' id='word_1_192' title='bbox 1161 2751 1285 2807; x_wconf 91' lang='lat' dir='ltr'><strong>illis.</strong></span> <span class='ocrx_word' id='word_1_193' title='bbox 1317 2749 1573 2820; x_wconf 77' lang='lat' dir='ltr'><strong>Apparuit</strong></span> <span class='ocrx_word' id='word_1_194' title='bbox 1592 2747 1752 2817; x_wconf 89' lang='lat' dir='ltr'><strong>igitur</strong></span> <span class='ocrx_word' id='word_1_195' title='bbox 1779 2746 2095 2801; x_wconf 86' lang='lat' dir='ltr'><strong>mulieribus</strong></span> <span class='ocrx_word' id='word_1_196' title='bbox 2116 2744 2308 2813; x_wconf 82' lang='lat' dir='ltr'><strong>primo,</strong></span> 
     </span>
    </p>
   </div>
   <div class='ocr_carea' id='block_1_27' title="bbox 743 2834 2310 2913">
    <p class='ocr_par' dir='ltr' id='par_1_27' title="bbox 743 2834 2310 2913">
     <span class='ocr_line' id='line_1_27' title="bbox 743 2834 2310 2913; baseline -0.01 -10"><span class='ocrx_word' id='word_1_197' title='bbox 743 2844 935 2903; x_wconf 87' lang='lat' dir='ltr'><strong>deinde</strong></span> <span class='ocrx_word' id='word_1_198' title='bbox 970 2844 1147 2907; x_wconf 86' lang='lat' dir='ltr'><strong>Petro,</strong></span> <span class='ocrx_word' id='word_1_199' title='bbox 1170 2850 1348 2913; x_wconf 86' lang='lat' dir='ltr'><strong>postea</strong></span> <span class='ocrx_word' id='word_1_200' title='bbox 1381 2839 1583 2894; x_wconf 80' lang='lat' dir='ltr'><strong>foribus</strong></span> <span class='ocrx_word' id='word_1_201' title='bbox 1606 2837 1801 2893; x_wconf 87' lang='lat' dir='ltr'><strong>clausis</strong></span> <span class='ocrx_word' id='word_1_202' title='bbox 1828 2836 2041 2905; x_wconf 61' lang='lat' dir='ltr'><strong>Cleopa</strong></span> <span class='ocrx_word' id='word_1_203' title='bbox 2068 2842 2123 2888; x_wconf 93' lang='lat' dir='ltr'><strong>et</strong></span> <span class='ocrx_word' id='word_1_204' title='bbox 2164 2834 2310 2887; x_wconf 88' lang='lat' dir='ltr'><strong>socio</strong></span> 
     </span>
    </p>
   </div>
   <div class='ocr_carea' id='block_1_28' title="bbox 742 2927 2312 3001">
    <p class='ocr_par' dir='ltr' id='par_1_28' title="bbox 742 2927 2312 3001">
     <span class='ocr_line' id='line_1_28' title="bbox 742 2927 2312 3001; baseline -0.008 -10"><span class='ocrx_word' id='word_1_205' title='bbox 742 2938 955 2992; x_wconf 87' lang='lat' dir='ltr'><strong>tertium</strong></span> <span class='ocrx_word' id='word_1_206' title='bbox 987 2976 1001 3001; x_wconf 96' lang='lat'><strong>,</strong></span> <span class='ocrx_word' id='word_1_207' title='bbox 1064 2932 1255 2988; x_wconf 87' lang='lat' dir='ltr'><strong>deinde</strong></span> <span class='ocrx_word' id='word_1_208' title='bbox 1297 2931 1479 2985; x_wconf 89' lang='lat' dir='ltr'><strong>decem</strong></span> <span class='ocrx_word' id='word_1_209' title='bbox 1532 2927 1839 2997; x_wconf 79' lang='lat' dir='ltr'><strong>discipulis,</strong></span> <span class='ocrx_word' id='word_1_210' title='bbox 1901 2940 2006 2981; x_wconf 90' lang='lat' dir='ltr'><strong>non</strong></span> <span class='ocrx_word' id='word_1_211' title='bbox 2050 2932 2312 2994; x_wconf 70' lang='lat' dir='ltr'><strong>prmum</strong></span> 
     </span>
    </p>
   </div>
   <div class='ocr_carea' id='block_1_29' title="bbox 744 3013 2308 3091">
    <p class='ocr_par' dir='ltr' id='par_1_29' title="bbox 744 3013 2308 3091">
     <span class='ocr_line' id='line_1_29' title="bbox 744 3013 2308 3091; baseline -0.012 -8"><span class='ocrx_word' id='word_1_212' title='bbox 744 3027 987 3091; x_wconf 82' lang='lat' dir='ltr'><strong>Thoma;</strong></span> <span class='ocrx_word' id='word_1_213' title='bbox 1018 3023 1209 3078; x_wconf 89' lang='lat' dir='ltr'><strong>deinde</strong></span> <span class='ocrx_word' id='word_1_214' title='bbox 1234 3020 1475 3075; x_wconf 88' lang='lat' dir='ltr'><strong>undecim</strong></span> <span class='ocrx_word' id='word_1_215' title='bbox 1503 3017 1777 3086; x_wconf 84' lang='lat' dir='ltr'><strong>discipulis</strong></span> <span class='ocrx_word' id='word_1_216' title='bbox 1804 3023 2062 3085; x_wconf 60' lang='lat' dir='ltr'><strong>prasente</strong></span> <span class='ocrx_word' id='word_1_217' title='bbox 2087 3013 2308 3067; x_wconf 81' lang='lat' dir='ltr'><strong>Thoma.</strong></span> 
     </span>
    </p>
   </div>
   <div class='ocr_carea' id='block_1_30' title="bbox 746 3103 2312 3187">
    <p class='ocr_par' dir='ltr' id='par_1_30' title="bbox 746 3103 2312 3187">
     <span class='ocr_line' id='line_1_30' title="bbox 746 3103 2312 3187; baseline -0.011 -12"><span class='ocrx_word' id='word_1_218' title='bbox 746 3117 885 3174; x_wconf 79' lang='lat' dir='ltr'><strong>Ecce</strong></span> <span class='ocrx_word' id='word_1_219' title='bbox 904 3117 1011 3187; x_wconf 86' lang='lat' dir='ltr'><strong>jam</strong></span> <span class='ocrx_word' id='word_1_220' title='bbox 1039 3113 1316 3184; x_wconf 84' lang='lat' dir='ltr'><strong>quinquies</strong></span> <span class='ocrx_word' id='word_1_221' title='bbox 1333 3118 1571 3180; x_wconf 76' lang='lat' dir='ltr'><strong>apparet.</strong></span> <span class='ocrx_word' id='word_1_222' title='bbox 1602 3108 1789 3162; x_wconf 80' lang='lat' dir='ltr'><strong>Postea</strong></span> <span class='ocrx_word' id='word_1_223' title='bbox 1816 3105 2114 3176; x_wconf 74' lang='lat' dir='ltr'><strong>quingentis</strong></span> <span class='ocrx_word' id='word_1_224' title='bbox 2136 3103 2312 3157; x_wconf 75' lang='lat' dir='ltr'><strong>fratri-</strong></span> 
     </span>
    </p>
   </div>
   <div class='ocr_carea' id='block_1_31' title="bbox 744 3192 2312 3271">
    <p class='ocr_par' dir='ltr' id='par_1_31' title="bbox 744 3192 2312 3271">
     <span class='ocr_line' id='line_1_31' title="bbox 744 3192 2312 3271; baseline -0.012 -7"><span class='ocrx_word' id='word_1_225' title='bbox 744 3209 876 3271; x_wconf 93' lang='lat' dir='ltr'><strong>bus;</strong></span> <span class='ocrx_word' id='word_1_226' title='bbox 908 3204 1034 3261; x_wconf 90' lang='lat' dir='ltr'><strong>illud</strong></span> <span class='ocrx_word' id='word_1_227' title='bbox 1064 3204 1204 3259; x_wconf 92' lang='lat' dir='ltr'><strong>enim</strong></span> <span class='ocrx_word' id='word_1_228' title='bbox 1224 3202 1417 3257; x_wconf 82' lang='lat' dir='ltr'><strong>Paulus</strong></span> <span class='ocrx_word' id='word_1_229' title='bbox 1444 3198 1638 3254; x_wconf 91' lang='lat' dir='ltr'><strong>indicat</strong></span> <span class='ocrx_word' id='word_1_230' title='bbox 1663 3196 1745 3251; x_wconf 87' lang='lat' dir='ltr'><strong>bis</strong></span> <span class='ocrx_word' id='word_1_231' title='bbox 1769 3194 1945 3251; x_wconf 80' lang='lat' dir='ltr'><strong>verbis</strong></span> <span class='ocrx_word' id='word_1_232' title='bbox 1980 3212 1992 3247; x_wconf 95' lang='lat'><strong>:</strong></span> <span class='ocrx_word' id='word_1_233' title='bbox 2019 3192 2215 3246; x_wconf 81' lang='lat' dir='ltr'><strong>Deinde</strong></span> <span class='ocrx_word' id='word_1_234' title='bbox 2237 3192 2312 3245; x_wconf 77' lang='lat' dir='ltr'><strong>ri-</strong></span> 
     </span>
    </p>
   </div>
   <div class='ocr_carea' id='block_1_32' title="bbox 746 3282 2311 3367">
    <p class='ocr_par' dir='ltr' id='par_1_32' title="bbox 746 3282 2311 3367">
     <span class='ocr_line' id='line_1_32' title="bbox 746 3282 2311 3367; baseline -0.014 -13"><span class='ocrx_word' id='word_1_235' title='bbox 746 3315 831 3354; x_wconf 83' lang='lat' dir='ltr'><strong>sus</strong></span> <span class='ocrx_word' id='word_1_236' title='bbox 856 3307 928 3353; x_wconf 87' lang='lat' dir='ltr'><strong>est</strong></span> <span class='ocrx_word' id='word_1_237' title='bbox 968 3298 1082 3367; x_wconf 88' lang='lat' dir='ltr'><strong>plus</strong></span> <span class='ocrx_word' id='word_1_238' title='bbox 1103 3310 1250 3364; x_wconf 80' lang='lat' dir='ltr'><strong>quam</strong></span> <span class='ocrx_word' id='word_1_239' title='bbox 1269 3290 1550 3362; x_wconf 76' lang='lat' dir='ltr'><strong>quingentis</strong></span> <span class='ocrx_word' id='word_1_240' title='bbox 1571 3287 1808 3360; x_wconf 76' lang='lat' dir='ltr'><strong>fratribus</strong></span> <span class='ocrx_word' id='word_1_241' title='bbox 1828 3299 1932 3337; x_wconf 85' lang='lat' dir='ltr'><strong>una</strong></span> <span class='ocrx_word' id='word_1_242' title='bbox 1956 3285 2082 3343; x_wconf 74' lang='lat' dir='ltr'><strong>eice,</strong></span> <span class='ocrx_word' id='word_1_243' title='bbox 2111 3297 2173 3335; x_wconf 77' lang='lat' dir='ltr'><strong>ex</strong></span> <span class='ocrx_word' id='word_1_244' title='bbox 2198 3282 2311 3351; x_wconf 83' lang='lat' dir='ltr'><strong>qui-</strong></span> 
     </span>
    </p>
   </div>
   <div class='ocr_carea' id='block_1_33' title="bbox 747 3373 2311 3460">
    <p class='ocr_par' dir='ltr' id='par_1_33' title="bbox 747 3373 2311 3460">
     <span class='ocr_line' id='line_1_33' title="bbox 747 3373 2311 3460; baseline -0.012 -17"><span class='ocrx_word' id='word_1_245' title='bbox 747 3392 837 3445; x_wconf 81' lang='lat' dir='ltr'><strong>bus</strong></span> <span class='ocrx_word' id='word_1_246' title='bbox 884 3387 1107 3460; x_wconf 80' lang='lat' dir='ltr'><strong>plerique</strong></span> <span class='ocrx_word' id='word_1_247' title='bbox 1145 3392 1345 3439; x_wconf 83' lang='lat' dir='ltr'><strong>manent</strong></span> <span class='ocrx_word' id='word_1_248' title='bbox 1387 3398 1541 3451; x_wconf 79' lang='lat' dir='ltr'><strong>usque</strong></span> <span class='ocrx_word' id='word_1_249' title='bbox 1574 3382 1641 3433; x_wconf 86' lang='lat' dir='ltr'><strong>ad</strong></span> <span class='ocrx_word' id='word_1_250' title='bbox 1676 3380 1769 3431; x_wconf 85' lang='lat' dir='ltr'><strong>Itoc</strong></span> <span class='ocrx_word' id='word_1_251' title='bbox 1795 3387 1987 3445; x_wconf 87' lang='lat' dir='ltr'><strong>tempus</strong></span> <span class='ocrx_word' id='word_1_252' title='bbox 2017 3391 2033 3437; x_wconf 87' lang='lat'><strong>;</strong></span> <span class='ocrx_word' id='word_1_253' title='bbox 2060 3388 2185 3427; x_wconf 91' lang='lat' dir='ltr'><strong>ecce</strong></span> <span class='ocrx_word' id='word_1_254' title='bbox 2204 3373 2311 3441; x_wconf 87' lang='lat' dir='ltr'><strong>jant</strong></span> 
     </span>
    </p>
   </div>
   <div class='ocr_carea' id='block_1_34' title="bbox 747 3463 2314 3545">
    <p class='ocr_par' dir='ltr' id='par_1_34' title="bbox 747 3463 2314 3545">
     <span class='ocr_line' id='line_1_34' title="bbox 747 3463 2314 3545; baseline -0.012 -10"><span class='ocrx_word' id='word_1_255' title='bbox 747 3489 921 3535; x_wconf 71' lang='lat' dir='ltr'><strong>sexto.</strong></span> <span class='ocrx_word' id='word_1_256' title='bbox 972 3478 1156 3532; x_wconf 82' lang='lat' dir='ltr'><strong>Postea</strong></span> <span class='ocrx_word' id='word_1_257' title='bbox 1210 3473 1450 3545; x_wconf 86' lang='lat' dir='ltr'><strong>apparuit</strong></span> <span class='ocrx_word' id='word_1_258' title='bbox 1503 3478 1703 3539; x_wconf 88' lang='lat' dir='ltr'><strong>septem</strong></span> <span class='ocrx_word' id='word_1_259' title='bbox 1752 3468 1853 3522; x_wconf 91' lang='lat' dir='ltr'><strong>illis</strong></span> <span class='ocrx_word' id='word_1_260' title='bbox 1880 3466 1946 3520; x_wconf 88' lang='lat' dir='ltr'><strong>ad</strong></span> <span class='ocrx_word' id='word_1_261' title='bbox 1989 3480 2133 3518; x_wconf 89' lang='lat' dir='ltr'><strong>mare</strong></span> <span class='ocrx_word' id='word_1_262' title='bbox 2152 3463 2314 3517; x_wconf 81' lang='lat' dir='ltr'><strong>Tibe-</strong></span> 
     </span>
    </p>
   </div>
   <div class='ocr_carea' id='block_1_35' title="bbox 752 3557 2313 3641">
    <p class='ocr_par' dir='ltr' id='par_1_35' title="bbox 752 3557 2313 3641">
     <span class='ocr_line' id='line_1_35' title="bbox 752 3557 2313 3641; baseline -0.012 -14"><span class='ocrx_word' id='word_1_263' title='bbox 752 3572 913 3628; x_wconf 84' lang='lat' dir='ltr'><strong>riadis</strong></span> <span class='ocrx_word' id='word_1_264' title='bbox 937 3570 1256 3641; x_wconf 90' lang='lat' dir='ltr'><strong>piscantibus</strong></span> <span class='ocrx_word' id='word_1_265' title='bbox 1284 3565 1505 3621; x_wconf 88' lang='lat' dir='ltr'><strong>:deinde</strong></span> <span class='ocrx_word' id='word_1_266' title='bbox 1525 3562 1721 3619; x_wconf 82' lang='lat' dir='ltr'><strong>Jacobo</strong></span> <span class='ocrx_word' id='word_1_267' title='bbox 1747 3559 2036 3615; x_wconf 84' lang='lat' dir='ltr'><strong>secundum</strong></span> <span class='ocrx_word' id='word_1_268' title='bbox 2062 3557 2313 3611; x_wconf 89' lang='lat' dir='ltr'><strong>Paulum:</strong></span> 
     </span>
    </p>
   </div>
   <div class='ocr_carea' id='block_1_36' title="bbox 752 3650 2315 3731">
    <p class='ocr_par' dir='ltr' id='par_1_36' title="bbox 752 3650 2315 3731">
     <span class='ocr_line' id='line_1_36' title="bbox 752 3650 2315 3731; baseline -0.012 -11"><span class='ocrx_word' id='word_1_269' title='bbox 752 3665 851 3719; x_wconf 86' lang='lat' dir='ltr'><strong>sub</strong></span> <span class='ocrx_word' id='word_1_270' title='bbox 872 3664 985 3719; x_wconf 70' lang='lat' dir='ltr'><strong>haec</strong></span> <span class='ocrx_word' id='word_1_271' title='bbox 1010 3660 1263 3731; x_wconf 86' lang='lat' dir='ltr'><strong>apostolis</strong></span> <span class='ocrx_word' id='word_1_272' title='bbox 1289 3659 1533 3713; x_wconf 89' lang='lat' dir='ltr'><strong>omnibus</strong></span> <span class='ocrx_word' id='word_1_273' title='bbox 1554 3658 1594 3709; x_wconf 77' lang='grc'><strong>⁸.</strong></span> <span class='ocrx_word' id='word_1_274' title='bbox 1619 3655 1863 3709; x_wconf 82' lang='lat' dir='ltr'><strong>Animum</strong></span> <span class='ocrx_word' id='word_1_275' title='bbox 1884 3650 2097 3715; x_wconf 88' lang='lat' dir='ltr'><strong>adhibe,</strong></span> <span class='ocrx_word' id='word_1_276' title='bbox 2114 3662 2315 3723; x_wconf 71' lang='lat' dir='ltr'><strong>quzcso.</strong></span> 
     </span>
    </p>
   </div>
   <div class='ocr_carea' id='block_1_37' title="bbox 752 3742 2322 3824">
    <p class='ocr_par' dir='ltr' id='par_1_37' title="bbox 752 3742 2322 3824">
     <span class='ocr_line' id='line_1_37' title="bbox 752 3742 2322 3824; baseline -0.011 -14"><span class='ocrx_word' id='word_1_277' title='bbox 752 3756 927 3810; x_wconf 90' lang='lat' dir='ltr'><strong>llabes</strong></span> <span class='ocrx_word' id='word_1_278' title='bbox 952 3754 1109 3824; x_wconf 84' lang='lat' dir='ltr'><strong>igitur</strong></span> <span class='ocrx_word' id='word_1_279' title='bbox 1139 3751 1311 3821; x_wconf 92' lang='lat' dir='ltr'><strong>primo</strong></span> <span class='ocrx_word' id='word_1_280' title='bbox 1336 3750 1603 3811; x_wconf 82' lang='lat' dir='ltr'><strong>mulieres,</strong></span> <span class='ocrx_word' id='word_1_281' title='bbox 1629 3746 1863 3810; x_wconf 89' lang='lat' dir='ltr'><strong>Petrum,</strong></span> <span class='ocrx_word' id='word_1_282' title='bbox 1882 3742 2134 3811; x_wconf 80' lang='lat' dir='ltr'><strong>CleOpam</strong></span> <span class='ocrx_word' id='word_1_283' title='bbox 2164 3750 2322 3794; x_wconf 86' lang='lat' dir='ltr'><strong>etse-</strong></span> 
     </span>
    </p>
   </div>
   <div class='ocr_carea' id='block_1_38' title="bbox 751 3832 2323 3915">
    <p class='ocr_par' dir='ltr' id='par_1_38' title="bbox 751 3832 2323 3915">
     <span class='ocr_line' id='line_1_38' title="bbox 751 3832 2323 3915; baseline -0.013 -12"><span class='ocrx_word' id='word_1_284' title='bbox 751 3848 915 3909; x_wconf 86' lang='lat' dir='ltr'><strong>eium,</strong></span> <span class='ocrx_word' id='word_1_285' title='bbox 942 3844 1199 3899; x_wconf 73' lang='lat' dir='ltr'><strong>visionem</strong></span> <span class='ocrx_word' id='word_1_286' title='bbox 1226 3841 1444 3896; x_wconf 83' lang='lat' dir='ltr'><strong>fratrum</strong></span> <span class='ocrx_word' id='word_1_287' title='bbox 1467 3839 1650 3893; x_wconf 85' lang='lat' dir='ltr'><strong>decem</strong></span> <span class='ocrx_word' id='word_1_288' title='bbox 1672 3835 1875 3892; x_wconf 85' lang='lat' dir='ltr'><strong>Thoma</strong></span> <span class='ocrx_word' id='word_1_289' title='bbox 1902 3834 2138 3915; x_wconf 73' lang='lat' dir='ltr'><strong>absente,</strong></span> <span class='ocrx_word' id='word_1_290' title='bbox 2172 3832 2323 3885; x_wconf 60' lang='lat' dir='ltr'><strong>risio-</strong></span> 
     </span>
    </p>
   </div>
   <div class='ocr_carea' id='block_1_39' title="bbox 754 3925 2319 4003">
    <p class='ocr_par' dir='ltr' id='par_1_39' title="bbox 754 3925 2319 4003">
     <span class='ocr_line' id='line_1_39' title="bbox 754 3925 2319 4003; baseline -0.012 -11"><span class='ocrx_word' id='word_1_291' title='bbox 754 3953 875 3993; x_wconf 83' lang='lat' dir='ltr'><strong>nem</strong></span> <span class='ocrx_word' id='word_1_292' title='bbox 905 3934 1148 3989; x_wconf 89' lang='lat' dir='ltr'><strong>undecim</strong></span> <span class='ocrx_word' id='word_1_293' title='bbox 1186 3932 1544 4003; x_wconf 83' lang='lat' dir='ltr'><strong>apostolorum</strong></span> <span class='ocrx_word' id='word_1_294' title='bbox 1578 3970 1593 3995; x_wconf 97' lang='lat'><strong>,</strong></span> <span class='ocrx_word' id='word_1_295' title='bbox 1625 3928 1881 3982; x_wconf 73' lang='lat' dir='ltr'><strong>visionem</strong></span> <span class='ocrx_word' id='word_1_296' title='bbox 1915 3925 2319 3994; x_wconf 84' lang='lat' dir='ltr'><strong>quingentorum</strong></span> 
     </span>
    </p>
   </div>
   <div class='ocr_carea' id='block_1_40' title="bbox 753 4018 2323 4093">
    <p class='ocr_par' dir='ltr' id='par_1_40' title="bbox 753 4018 2323 4093">
     <span class='ocr_line' id='line_1_40' title="bbox 753 4018 2323 4093; baseline -0.01 -9"><span class='ocrx_word' id='word_1_297' title='bbox 753 4029 1013 4084; x_wconf 78' lang='lat' dir='ltr'><strong>fratrum:</strong></span> <span class='ocrx_word' id='word_1_298' title='bbox 1054 4040 1178 4081; x_wconf 90' lang='lat' dir='ltr'><strong>ecce</strong></span> <span class='ocrx_word' id='word_1_299' title='bbox 1207 4025 1315 4093; x_wconf 86' lang='lat' dir='ltr'><strong>jam</strong></span> <span class='ocrx_word' id='word_1_300' title='bbox 1347 4034 1533 4086; x_wconf 78' lang='lat' dir='ltr'><strong>sexto;</strong></span> <span class='ocrx_word' id='word_1_301' title='bbox 1556 4021 1801 4090; x_wconf 88' lang='lat' dir='ltr'><strong>septimo,</strong></span> <span class='ocrx_word' id='word_1_302' title='bbox 1832 4018 1935 4073; x_wconf 87' lang='lat' dir='ltr'><strong>illis</strong></span> <span class='ocrx_word' id='word_1_303' title='bbox 1970 4024 2208 4087; x_wconf 84' lang='lat' dir='ltr'><strong>septem;</strong></span> <span class='ocrx_word' id='word_1_304' title='bbox 2233 4028 2323 4068; x_wconf 81' lang='lat' dir='ltr'><strong>oc-</strong></span> 
     </span>
    </p>
   </div>
   <div class='ocr_carea' id='block_1_41' title="bbox 754 4107 2322 4183">
    <p class='ocr_par' dir='ltr' id='par_1_41' title="bbox 754 4107 2322 4183">
     <span class='ocr_line' id='line_1_41' title="bbox 754 4107 2322 4183; baseline -0.01 -9"><span class='ocrx_word' id='word_1_305' title='bbox 754 4130 875 4174; x_wconf 87' lang='lat' dir='ltr'><strong>tavo</strong></span> <span class='ocrx_word' id='word_1_306' title='bbox 896 4118 1092 4173; x_wconf 84' lang='lat' dir='ltr'><strong>Jacobo</strong></span> <span class='ocrx_word' id='word_1_307' title='bbox 1117 4134 1131 4181; x_wconf 85' lang='lat'><strong>;</strong></span> <span class='ocrx_word' id='word_1_308' title='bbox 1164 4131 1303 4169; x_wconf 89' lang='lat' dir='ltr'><strong>nono</strong></span> <span class='ocrx_word' id='word_1_309' title='bbox 1328 4115 1656 4183; x_wconf 76' lang='lat' dir='ltr'><strong>septuaginta</strong></span> <span class='ocrx_word' id='word_1_310' title='bbox 1684 4111 1955 4181; x_wconf 85' lang='lat' dir='ltr'><strong>discipulis</strong></span> <span class='ocrx_word' id='word_1_311' title='bbox 1979 4127 1993 4174; x_wconf 95' lang='lat'><strong>;</strong></span> <span class='ocrx_word' id='word_1_312' title='bbox 2024 4109 2235 4163; x_wconf 78' lang='lat' dir='ltr'><strong>decimo</strong></span> <span class='ocrx_word' id='word_1_313' title='bbox 2270 4107 2322 4159; x_wconf 90' lang='lat' dir='ltr'><strong>in</strong></span> 
     </span>
    </p>
   </div>
   <div class='ocr_carea' id='block_1_42' title="bbox 760 4196 2323 4271">
    <p class='ocr_par' dir='ltr' id='par_1_42' title="bbox 760 4196 2323 4271">
     <span class='ocr_line' id='line_1_42' title="bbox 760 4196 2323 4271; baseline -0.007 -8"><span class='ocrx_word' id='word_1_314' title='bbox 760 4219 939 4265; x_wconf 90' lang='lat' dir='ltr'><strong>monte</strong></span> <span class='ocrx_word' id='word_1_315' title='bbox 968 4207 1233 4271; x_wconf 75' lang='lat' dir='ltr'><strong>Galilreze;</strong></span> <span class='ocrx_word' id='word_1_316' title='bbox 1266 4205 1545 4260; x_wconf 89' lang='lat' dir='ltr'><strong>undecimo</strong></span> <span class='ocrx_word' id='word_1_317' title='bbox 1575 4206 1624 4258; x_wconf 93' lang='lat' dir='ltr'><strong>in</strong></span> <span class='ocrx_word' id='word_1_318' title='bbox 1673 4203 1849 4257; x_wconf 80' lang='lat' dir='ltr'><strong>Monte</strong></span> <span class='ocrx_word' id='word_1_319' title='bbox 1891 4202 2165 4256; x_wconf 81' lang='lat' dir='ltr'><strong>olivarum.</strong></span> <span class='ocrx_word' id='word_1_320' title='bbox 2190 4196 2323 4252; x_wconf 85' lang='lat' dir='ltr'><strong>Cum</strong></span> 
     </span>
    </p>
   </div>
   <div class='ocr_carea' id='block_1_43' title="bbox 762 4291 2321 4366">
    <p class='ocr_par' dir='ltr' id='par_1_43' title="bbox 762 4291 2321 4366">
     <span class='ocr_line' id='line_1_43' title="bbox 762 4291 2321 4366; baseline -0.008 -11"><span class='ocrx_word' id='word_1_321' title='bbox 762 4302 815 4355; x_wconf 90' lang='lat' dir='ltr'><strong>in</strong></span> <span class='ocrx_word' id='word_1_322' title='bbox 839 4300 1229 4355; x_wconf 79' lang='lat' dir='ltr'><strong>resurrectione</strong></span> <span class='ocrx_word' id='word_1_323' title='bbox 1254 4298 1506 4352; x_wconf 83' lang='lat' dir='ltr'><strong>Dominus</strong></span> <span class='ocrx_word' id='word_1_324' title='bbox 1532 4311 1673 4365; x_wconf 66' lang='grc' dir='ltr'><strong>εει-βε</strong></span> <span class='ocrx_word' id='word_1_325' title='bbox 1701 4310 1880 4366; x_wconf 89' lang='lat' dir='ltr'><strong>pacem</strong></span> <span class='ocrx_word' id='word_1_326' title='bbox 1902 4293 2195 4363; x_wconf 77' lang='lat' dir='ltr'><strong>repetierit,</strong></span> <span class='ocrx_word' id='word_1_327' title='bbox 2223 4291 2321 4344; x_wconf 81' lang='lat' dir='ltr'><strong>ab-</strong></span> 
     </span>
    </p>
   </div>
   <div class='ocr_carea' id='block_1_44' title="bbox 762 4381 2325 4452">
    <p class='ocr_par' dir='ltr' id='par_1_44' title="bbox 762 4381 2325 4452">
     <span class='ocr_line' id='line_1_44' title="bbox 762 4381 2325 4452; baseline -0.006 -10"><span class='ocrx_word' id='word_1_328' title='bbox 762 4392 976 4443; x_wconf 82' lang='lat' dir='ltr'><strong>surdum</strong></span> <span class='ocrx_word' id='word_1_329' title='bbox 1006 4397 1147 4442; x_wconf 78' lang='lat' dir='ltr'><strong>esset</strong></span> <span class='ocrx_word' id='word_1_330' title='bbox 1165 4404 1260 4440; x_wconf 84' lang='lat' dir='ltr'><strong>nos</strong></span> <span class='ocrx_word' id='word_1_331' title='bbox 1287 4387 1421 4441; x_wconf 89' lang='lat' dir='ltr'><strong>hunc</strong></span> <span class='ocrx_word' id='word_1_332' title='bbox 1436 4386 1695 4440; x_wconf 86' lang='lat' dir='ltr'><strong>calculum</strong></span> <span class='ocrx_word' id='word_1_333' title='bbox 1725 4400 1827 4438; x_wconf 90' lang='lat' dir='ltr'><strong>non</strong></span> <span class='ocrx_word' id='word_1_334' title='bbox 1847 4393 2088 4452; x_wconf 86' lang='lat' dir='ltr'><strong>repetere</strong></span> <span class='ocrx_word' id='word_1_335' title='bbox 2114 4381 2178 4435; x_wconf 85' lang='lat' dir='ltr'><strong>ad</strong></span> <span class='ocrx_word' id='word_1_336' title='bbox 2193 4397 2325 4434; x_wconf 86' lang='lat' dir='ltr'><strong>cou-</strong></span> 
     </span>
    </p>
   </div>
   <div class='ocr_carea' id='block_1_45' title="bbox 764 4473 2327 4547">
    <p class='ocr_par' dir='ltr' id='par_1_45' title="bbox 764 4473 2327 4547">
     <span class='ocr_line' id='line_1_45' title="bbox 764 4473 2327 4547; baseline -0.004 -14"><span class='ocrx_word' id='word_1_337' title='bbox 764 4480 1134 4535; x_wconf 80' lang='lat' dir='ltr'><strong>ﬁrmationem.</strong></span> <span class='ocrx_word' id='word_1_338' title='bbox 1168 4477 1338 4531; x_wconf 77' lang='lat' dir='ltr'><strong>Habes</strong></span> <span class='ocrx_word' id='word_1_339' title='bbox 1370 4478 1522 4547; x_wconf 79' lang='lat' dir='ltr'><strong>igitur</strong></span> <span class='ocrx_word' id='word_1_340' title='bbox 1550 4477 1717 4544; x_wconf 89' lang='lat' dir='ltr'><strong>primo</strong></span> <span class='ocrx_word' id='word_1_341' title='bbox 1756 4474 2047 4537; x_wconf 85' lang='lat' dir='ltr'><strong>mulieres;</strong></span> <span class='ocrx_word' id='word_1_342' title='bbox 2095 4473 2327 4527; x_wconf 88' lang='lat' dir='ltr'><strong>secundo</strong></span> 
     </span>
    </p>
   </div>
   <div class='ocr_carea' id='block_1_46' title="bbox 764 4564 2329 4637">
    <p class='ocr_par' dir='ltr' id='par_1_46' title="bbox 764 4564 2329 4637">
     <span class='ocr_line' id='line_1_46' title="bbox 764 4564 2329 4637; baseline -0.004 -12"><span class='ocrx_word' id='word_1_343' title='bbox 764 4572 1020 4633; x_wconf 80' lang='lat' dir='ltr'><strong>Petrum;</strong></span> <span class='ocrx_word' id='word_1_344' title='bbox 1068 4570 1221 4623; x_wconf 86' lang='lat' dir='ltr'><strong>tertio</strong></span> <span class='ocrx_word' id='word_1_345' title='bbox 1262 4568 1511 4636; x_wconf 87' lang='lat' dir='ltr'><strong>Cleopam</strong></span> <span class='ocrx_word' id='word_1_346' title='bbox 1544 4578 1598 4622; x_wconf 90' lang='lat' dir='ltr'><strong>et</strong></span> <span class='ocrx_word' id='word_1_347' title='bbox 1640 4568 1879 4631; x_wconf 88' lang='lat' dir='ltr'><strong>socium;</strong></span> <span class='ocrx_word' id='word_1_348' title='bbox 1912 4576 2100 4637; x_wconf 88' lang='lat' dir='ltr'><strong>quarto</strong></span> <span class='ocrx_word' id='word_1_349' title='bbox 2146 4564 2329 4620; x_wconf 80' lang='lat' dir='ltr'><strong>decent</strong></span> 
     </span>
    </p>
   </div>
   <div class='ocr_carea' id='block_1_47' title="bbox 766 4659 2330 4731">
    <p class='ocr_par' dir='ltr' id='par_1_47' title="bbox 766 4659 2330 4731">
     <span class='ocr_line' id='line_1_47' title="bbox 766 4659 2330 4731; baseline -0.003 -17"><span class='ocrx_word' id='word_1_350' title='bbox 766 4661 1069 4731; x_wconf 86' lang='lat' dir='ltr'><strong>apostolos;</strong></span> <span class='ocrx_word' id='word_1_351' title='bbox 1102 4660 1285 4729; x_wconf 90' lang='lat' dir='ltr'><strong>quinto</strong></span> <span class='ocrx_word' id='word_1_352' title='bbox 1323 4659 1569 4713; x_wconf 87' lang='lat' dir='ltr'><strong>undecim</strong></span> <span class='ocrx_word' id='word_1_353' title='bbox 1610 4659 1914 4727; x_wconf 84' lang='lat' dir='ltr'><strong>apostolos;</strong></span> <span class='ocrx_word' id='word_1_354' title='bbox 1970 4669 2122 4711; x_wconf 79' lang='lat' dir='ltr'><strong>sexto</strong></span> <span class='ocrx_word' id='word_1_355' title='bbox 2172 4659 2330 4727; x_wconf 85' lang='lat' dir='ltr'><strong>quin-</strong></span> 
     </span>
    </p>
   </div>
   <div class='ocr_carea' id='block_1_48' title="bbox 767 4748 2333 4822">
    <p class='ocr_par' dir='ltr' id='par_1_48' title="bbox 767 4748 2333 4822">
     <span class='ocr_line' id='line_1_48' title="bbox 767 4748 2333 4822; baseline -0.003 -17"><span class='ocrx_word' id='word_1_356' title='bbox 767 4761 991 4822; x_wconf 78' lang='lat' dir='ltr'><strong>gentos;</strong></span> <span class='ocrx_word' id='word_1_357' title='bbox 1023 4750 1245 4819; x_wconf 91' lang='lat' dir='ltr'><strong>septimo</strong></span> <span class='ocrx_word' id='word_1_358' title='bbox 1275 4758 1478 4818; x_wconf 89' lang='lat' dir='ltr'><strong>septem</strong></span> <span class='ocrx_word' id='word_1_359' title='bbox 1508 4750 1625 4803; x_wconf 86' lang='lat' dir='ltr'><strong>illos</strong></span> <span class='ocrx_word' id='word_1_360' title='bbox 1646 4766 1658 4811; x_wconf 91' lang='lat'><strong>;</strong></span> <span class='ocrx_word' id='word_1_361' title='bbox 1678 4759 1864 4803; x_wconf 78' lang='lat' dir='ltr'><strong>octavo</strong></span> <span class='ocrx_word' id='word_1_362' title='bbox 1888 4748 2171 4811; x_wconf 83' lang='lat' dir='ltr'><strong>Jacohum;</strong></span> <span class='ocrx_word' id='word_1_363' title='bbox 2194 4763 2333 4801; x_wconf 77' lang='grc' dir='ltr'>ιιοιιο</span> 
     </span>
    </p>
   </div>
   <div class='ocr_carea' id='block_1_49' title="bbox 768 4839 2329 4912">
    <p class='ocr_par' dir='ltr' id='par_1_49' title="bbox 768 4839 2329 4912">
     <span class='ocr_line' id='line_1_49' title="bbox 768 4839 2329 4912; baseline -0.001 -16"><span class='ocrx_word' id='word_1_364' title='bbox 768 4844 1093 4912; x_wconf 74' lang='lat' dir='ltr'><strong>septuaginta</strong></span> <span class='ocrx_word' id='word_1_365' title='bbox 1133 4840 1455 4910; x_wconf 85' lang='lat' dir='ltr'><strong>discipulos;</strong></span> <span class='ocrx_word' id='word_1_366' title='bbox 1511 4842 1718 4895; x_wconf 91' lang='lat' dir='ltr'><strong>decimo</strong></span> <span class='ocrx_word' id='word_1_367' title='bbox 1748 4840 1800 4895; x_wconf 91' lang='lat' dir='ltr'><strong>in</strong></span> <span class='ocrx_word' id='word_1_368' title='bbox 1852 4851 2029 4895; x_wconf 90' lang='lat' dir='ltr'><strong>monte</strong></span> <span class='ocrx_word' id='word_1_369' title='bbox 2066 4839 2329 4906; x_wconf 62' lang='lat' dir='ltr'><strong>Caldam;</strong></span> 
     </span>
    </p>
   </div>
   <div class='ocr_carea' id='block_1_50' title="bbox 768 4932 1614 4988">
    <p class='ocr_par' dir='ltr' id='par_1_50' title="bbox 768 4932 1614 4988">
     <span class='ocr_line' id='line_1_50' title="bbox 768 4932 1614 4988; baseline 0 -1"><span class='ocrx_word' id='word_1_370' title='bbox 768 4934 1046 4988; x_wconf 85' lang='lat' dir='ltr'><strong>undecimo</strong></span> <span class='ocrx_word' id='word_1_371' title='bbox 1063 4933 1114 4987; x_wconf 88' lang='lat' dir='ltr'><strong>itt</strong></span> <span class='ocrx_word' id='word_1_372' title='bbox 1139 4932 1310 4986; x_wconf 82' lang='lat' dir='ltr'><strong>Monte</strong></span> <span class='ocrx_word' id='word_1_373' title='bbox 1334 4933 1614 4987; x_wconf 82' lang='lat' dir='ltr'><strong>olivarum.</strong></span> 
     </span>
    </p>
   </div>
   <div class='ocr_carea' id='block_1_51' title="bbox 840 5023 2338 5095">
    <p class='ocr_par' dir='ltr' id='par_1_51' title="bbox 840 5023 2338 5095">
     <span class='ocr_line' id='line_1_51' title="bbox 840 5023 2338 5095; baseline -0.002 -16"><span class='ocrx_word' id='word_1_374' title='bbox 840 5028 925 5079; x_wconf 77' lang='lat' dir='ltr'><strong>ll.</strong></span> <span class='ocrx_word' id='word_1_375' title='bbox 953 5032 1209 5095; x_wconf 67' lang='lat' dir='ltr'><strong>Appia-ens</strong></span> <span class='ocrx_word' id='word_1_376' title='bbox 1248 5026 1316 5077; x_wconf 79' lang='lat' dir='ltr'><strong>eis</strong></span> <span class='ocrx_word' id='word_1_377' title='bbox 1338 5041 1425 5093; x_wconf 85' lang='lat' dir='ltr'><strong>per</strong></span> <span class='ocrx_word' id='word_1_378' title='bbox 1462 5024 1567 5077; x_wconf 67' lang='lat' dir='ltr'><strong>dies</strong></span> <span class='ocrx_word' id='word_1_379' title='bbox 1603 5023 1955 5092; x_wconf 70' lang='lat' dir='ltr'><strong>quadraginta,</strong></span> <span class='ocrx_word' id='word_1_380' title='bbox 1980 5032 2025 5076; x_wconf 90' lang='lat' dir='ltr'><strong>et</strong></span> <span class='ocrx_word' id='word_1_381' title='bbox 2048 5024 2250 5091; x_wconf 80' lang='lat' dir='ltr'><strong>loquens</strong></span> <span class='ocrx_word' id='word_1_382' title='bbox 2277 5023 2338 5076; x_wconf 86' lang='lat' dir='ltr'><strong>de</strong></span> 
     </span>
    </p>
   </div>
   <div class='ocr_carea' id='block_1_52' title="bbox 769 5113 2338 5185">
    <p class='ocr_par' dir='ltr' id='par_1_52' title="bbox 769 5113 2338 5185">
     <span class='ocr_line' id='line_1_52' title="bbox 769 5113 2338 5185; baseline -0.004 -14"><span class='ocrx_word' id='word_1_383' title='bbox 769 5133 922 5185; x_wconf 69' lang='lat' dir='ltr'><strong>regno</strong></span> <span class='ocrx_word' id='word_1_384' title='bbox 951 5114 1067 5170; x_wconf 89' lang='lat' dir='ltr'><strong>Dei.</strong></span> <span class='ocrx_word' id='word_1_385' title='bbox 1098 5114 1165 5168; x_wconf 84' lang='lat' dir='ltr'><strong>Et</strong></span> <span class='ocrx_word' id='word_1_386' title='bbox 1202 5131 1492 5168; x_wconf 74' lang='lat' dir='ltr'><strong>conresceus</strong></span> <span class='ocrx_word' id='word_1_387' title='bbox 1521 5116 1752 5183; x_wconf 77' lang='lat' dir='ltr'><strong>prwcepit</strong></span> <span class='ocrx_word' id='word_1_388' title='bbox 1794 5114 1864 5167; x_wconf 89' lang='lat' dir='ltr'><strong>eis</strong></span> <span class='ocrx_word' id='word_1_389' title='bbox 1910 5115 1971 5165; x_wconf 85' lang='lat' dir='ltr'><strong>ab</strong></span> <span class='ocrx_word' id='word_1_390' title='bbox 2009 5113 2338 5182; x_wconf 84' lang='lat' dir='ltr'><strong>Jerosolymis</strong></span> 
     </span>
    </p>
   </div>
   <div class='ocr_carea' id='block_1_53' title="bbox 774 5204 2337 5272">
    <p class='ocr_par' dir='ltr' id='par_1_53' title="bbox 774 5204 2337 5272">
     <span class='ocr_line' id='line_1_53' title="bbox 774 5204 2337 5272; baseline 0 -15"><span class='ocrx_word' id='word_1_391' title='bbox 774 5224 835 5259; x_wconf 85' lang='lat' dir='ltr'><strong>ne</strong></span> <span class='ocrx_word' id='word_1_392' title='bbox 875 5206 1221 5266; x_wconf 66' lang='lat' dir='ltr'><strong>discederent;</strong></span> <span class='ocrx_word' id='word_1_393' title='bbox 1256 5208 1341 5257; x_wconf 82' lang='lat' dir='ltr'><strong>sed</strong></span> <span class='ocrx_word' id='word_1_394' title='bbox 1367 5214 1705 5272; x_wconf 72' lang='lat' dir='ltr'><strong>exspectarent</strong></span> <span class='ocrx_word' id='word_1_395' title='bbox 1732 5205 2107 5271; x_wconf 79' lang='lat' dir='ltr'><strong>promissionem</strong></span> <span class='ocrx_word' id='word_1_396' title='bbox 2151 5204 2337 5269; x_wconf 81' lang='lat' dir='ltr'><strong>Patris,</strong></span> 
     </span>
    </p>
   </div>
   <div class='ocr_carea' id='block_1_54' title="bbox 772 5294 2339 5368">
    <p class='ocr_par' dir='ltr' id='par_1_54' title="bbox 772 5294 2339 5368">
     <span class='ocr_line' id='line_1_54' title="bbox 772 5294 2339 5368; baseline -0.005 -18"><span class='ocrx_word' id='word_1_397' title='bbox 772 5316 921 5368; x_wconf 80' lang='lat' dir='ltr'><strong>quant</strong></span> <span class='ocrx_word' id='word_1_398' title='bbox 944 5297 1152 5349; x_wconf 83' lang='lat' dir='ltr'><strong>audistis</strong></span> <span class='ocrx_word' id='word_1_399' title='bbox 1178 5313 1209 5349; x_wconf 88' lang='lat' dir='ltr'><strong>a</strong></span> <span class='ocrx_word' id='word_1_400' title='bbox 1230 5312 1305 5348; x_wconf 85' lang='lat' dir='ltr'><strong>me</strong></span> <span class='ocrx_word' id='word_1_401' title='bbox 1332 5295 1465 5365; x_wconf 86' lang='lat' dir='ltr'><strong>(Act.</strong></span> <span class='ocrx_word' id='word_1_402' title='bbox 1492 5296 1539 5347; x_wconf 80' lang='lat' dir='ltr'><strong>l.</strong></span> <span class='ocrx_word' id='word_1_403' title='bbox 1563 5296 1613 5348; x_wconf 81' lang='lat'><strong>5.</strong></span> <span class='ocrx_word' id='word_1_404' title='bbox 1648 5296 1722 5363; x_wconf 66' lang='grc' dir='ltr'><strong>Δ).</strong></span> <span class='ocrx_word' id='word_1_405' title='bbox 1751 5294 1795 5349; x_wconf 94' lang='grc' dir='ltr'><strong>Ο</strong></span> <span class='ocrx_word' id='word_1_406' title='bbox 1821 5311 2062 5363; x_wconf 80' lang='lat' dir='ltr'><strong>magnam</strong></span> <span class='ocrx_word' id='word_1_407' title='bbox 2090 5294 2339 5349; x_wconf 78' lang='lat' dir='ltr'><strong>Servatu-</strong></span> 
     </span>
    </p>
   </div>
   <div class='ocr_carea' id='block_1_55' title="bbox 778 5385 2340 5443">
    <p class='ocr_par' dir='ltr' id='par_1_55' title="bbox 778 5385 2340 5443">
     <span class='ocr_line' id='line_1_55' title="bbox 778 5385 2340 5443; baseline -0.003 0"><span class='ocrx_word' id='word_1_408' title='bbox 778 5392 850 5443; x_wconf 92' lang='lat' dir='ltr'><strong>ris</strong></span> <span class='ocrx_word' id='word_1_409' title='bbox 882 5388 1252 5442; x_wconf 78' lang='lat' dir='ltr'><strong>tolerantiam!</strong></span> <span class='ocrx_word' id='word_1_410' title='bbox 1295 5402 1326 5437; x_wconf 91' lang='lat' dir='ltr'><strong>o</strong></span> <span class='ocrx_word' id='word_1_411' title='bbox 1349 5386 1563 5439; x_wconf 85' lang='lat' dir='ltr'><strong>multam</strong></span> <span class='ocrx_word' id='word_1_412' title='bbox 1604 5386 1889 5439; x_wconf 83' lang='lat' dir='ltr'><strong>bonitatem</strong></span> <span class='ocrx_word' id='word_1_413' title='bbox 1915 5388 1927 5439; x_wconf 74' lang='grc' dir='ltr'>Ξ</span> <span class='ocrx_word' id='word_1_414' title='bbox 1956 5401 1988 5439; x_wconf 94' lang='lat' dir='ltr'><strong>o</strong></span> <span class='ocrx_word' id='word_1_415' title='bbox 2026 5385 2340 5440; x_wconf 69' lang='lat' dir='ltr'><strong>inell‘abilem</strong></span> 
     </span>
    </p>
   </div>
   <div class='ocr_carea' id='block_1_56' title="bbox 778 5477 2343 5544">
    <p class='ocr_par' dir='ltr' id='par_1_56' title="bbox 778 5477 2343 5544">
     <span class='ocr_line' id='line_1_56' title="bbox 778 5477 2343 5544; baseline -0.003 -11"><span class='ocrx_word' id='word_1_416' title='bbox 778 5477 1200 5534; x_wconf 84' lang='lat' dir='ltr'><strong>humauitateml</strong></span> <span class='ocrx_word' id='word_1_417' title='bbox 1249 5478 1393 5543; x_wconf 83' lang='lat' dir='ltr'><strong>Esto,</strong></span> <span class='ocrx_word' id='word_1_418' title='bbox 1436 5477 1689 5539; x_wconf 87' lang='lat' dir='ltr'><strong>Domine,</strong></span> <span class='ocrx_word' id='word_1_419' title='bbox 1721 5486 1843 5531; x_wconf 86' lang='lat' dir='ltr'><strong>ante</strong></span> <span class='ocrx_word' id='word_1_420' title='bbox 1890 5477 2188 5544; x_wconf 82' lang='lat' dir='ltr'><strong>passionem</strong></span> <span class='ocrx_word' id='word_1_421' title='bbox 2241 5492 2343 5529; x_wconf 85' lang='lat' dir='ltr'><strong>una</strong></span> 
     </span>
    </p>
   </div>
   <div class='ocr_carea' id='block_1_57' title="bbox 841 5629 2348 5700">
    <p class='ocr_par' dir='ltr' id='par_1_57' title="bbox 841 5629 2348 5700">
     <span class='ocr_line' id='line_1_57' title="bbox 841 5629 2348 5700; baseline -0.001 -20"><span class='ocrx_word' id='word_1_422' title='bbox 841 5639 933 5700; x_wconf 60' lang='lat' dir='ltr'><strong>I_In</strong></span> <span class='ocrx_word' id='word_1_423' title='bbox 969 5630 1159 5700; x_wconf 74' lang='lat' dir='ltr'><strong>duobus</strong></span> <span class='ocrx_word' id='word_1_424' title='bbox 1195 5629 1335 5700; x_wconf 77' lang='lat' dir='ltr'><strong>Codd.</strong></span> <span class='ocrx_word' id='word_1_425' title='bbox 1362 5630 1567 5688; x_wconf 82' lang='lat' dir='ltr'><strong>additur,</strong></span> <span class='ocrx_word' id='word_1_426' title='bbox 1612 5642 1704 5700; x_wconf 77' lang='lat' dir='ltr'><strong>non</strong></span> <span class='ocrx_word' id='word_1_427' title='bbox 1746 5630 1805 5679; x_wconf 88' lang='lat' dir='ltr'><strong>de</strong></span> <span class='ocrx_word' id='word_1_428' title='bbox 1851 5629 2305 5700; x_wconf 43' lang='lat' dir='ltr'><strong>lintledlﬂ‘lDQIlilur</strong></span> <span class='ocrx_word' id='word_1_429' title='bbox 2326 5647 2348 5685; x_wconf 83' lang='grc'><strong>.-</strong></span> 
     </span>
    </p>
   </div>
   <div class='ocr_carea' id='block_1_58' title="bbox 780 5690 2347 5763">
    <p class='ocr_par' dir='ltr' id='par_1_58' title="bbox 780 5690 2347 5763">
     <span class='ocr_line' id='line_1_58' title="bbox 780 5690 2347 5763; baseline -0.001 -20"><span class='ocrx_word' id='word_1_430' title='bbox 780 5694 903 5763; x_wconf 70' lang='lat' dir='ltr'><strong>dixit</strong></span> <span class='ocrx_word' id='word_1_431' title='bbox 926 5692 1052 5763; x_wconf 58' lang='lat' dir='ltr'><strong>enim</strong></span> <span class='ocrx_word' id='word_1_432' title='bbox 1070 5690 1291 5763; x_wconf 65' lang='lat' dir='ltr'><strong>superius</strong></span> <span class='ocrx_word' id='word_1_433' title='bbox 1323 5693 1741 5763; x_wconf 38' lang='lat' dir='ltr'><strong>eum_.npparlnisse</strong></span> <span class='ocrx_word' id='word_1_434' title='bbox 1772 5694 1961 5753; x_wconf 74' lang='lat' dir='ltr'><strong>(ep/ter,</strong></span> <span class='ocrx_word' id='word_1_435' title='bbox 1985 5700 2029 5762; x_wconf 76' lang='lat' dir='ltr'><strong>et</strong></span> <span class='ocrx_word' id='word_1_436' title='bbox 2054 5690 2231 5763; x_wconf 71' lang='lat' dir='ltr'><strong>deinde</strong></span> <span class='ocrx_word' id='word_1_437' title='bbox 2254 5706 2347 5763; x_wconf 33' lang='grc' dir='ltr'><em>,ειη-</em></span> 
     </span>
    </p>
   </div>
   <div class='ocr_carea' id='block_1_59' title="bbox 782 5706 2348 5825">
    <p class='ocr_par' dir='ltr' id='par_1_59' title="bbox 782 5706 2348 5825">
     <span class='ocr_line' id='line_1_59' title="bbox 782 5706 2347 5763; baseline -0.001 -20"><span class='ocrx_word' id='word_1_438' title='bbox 782 5706 903 5763; x_wconf 64' lang='lat' dir='ltr'><strong>aut!</strong></span> <span class='ocrx_word' id='word_1_439' title='bbox 926 5706 1052 5762; x_wconf 88' lang='lat' dir='ltr'><strong>ent_m</strong></span> <span class='ocrx_word' id='word_1_440' title='bbox 1070 5706 1291 5760; x_wconf 60' lang='lat' dir='ltr'><strong>stipem“</strong></span> <span class='ocrx_word' id='word_1_441' title='bbox 1323 5706 1431 5741; x_wconf 86' lang='lat' dir='ltr'><strong>eum</strong></span> <span class='ocrx_word' id='word_1_442' title='bbox 1448 5707 1491 5740; x_wconf 88' lang='lat' dir='ltr'><strong>.a</strong></span> <span class='ocrx_word' id='word_1_443' title='bbox 1514 5706 1741 5757; x_wconf 62' lang='lat' dir='ltr'><strong>iparmsse</strong></span> <span class='ocrx_word' id='word_1_444' title='bbox 1772 5706 1961 5753; x_wconf 74' lang='lat' dir='ltr'><strong>(&#39;eptta&#39;,</strong></span> <span class='ocrx_word' id='word_1_445' title='bbox 1985 5706 2029 5741; x_wconf 85' lang='lat' dir='ltr'><strong>et</strong></span> <span class='ocrx_word' id='word_1_446' title='bbox 2054 5706 2231 5741; x_wconf 84' lang='lat' dir='ltr'><strong>aetnue</strong></span> <span class='ocrx_word' id='word_1_447' title='bbox 2260 5706 2347 5743; x_wconf 60' lang='lat' dir='ltr'><strong>uno</strong></span> 
     </span>
     <span class='ocr_line' id='line_1_60' title="bbox 782 5706 2348 5825; baseline 0 -21"><span class='ocrx_word' id='word_1_448' title='bbox 782 5756 935 5825; x_wconf 79' lang='lat' dir='ltr'><strong>decim</strong></span> <span class='ocrx_word' id='word_1_449' title='bbox 944 5751 1221 5825; x_wconf 42' lang='grc' dir='ltr'><strong>,ᾀιδετηριλζξι</strong></span> <span class='ocrx_word' id='word_1_450' title='bbox 1241 5756 1400 5825; x_wconf 69' lang='lat' dir='ltr'><strong>Pergit</strong></span> <span class='ocrx_word' id='word_1_451' title='bbox 1422 5706 1561 5825; x_wconf 54' lang='grc' dir='ltr'><strong>Ηέῥ,</strong></span> <span class='ocrx_word' id='word_1_452' title='bbox 1588 5754 1767 5825; x_wconf 66' lang='lat' dir='ltr'><strong>deinde</strong></span> <span class='ocrx_word' id='word_1_453' title='bbox 1781 5754 2114 5825; x_wconf 66' lang='lat' dir='ltr'><strong>septuaginta;</strong></span> <span class='ocrx_word' id='word_1_454' title='bbox 2137 5755 2222 5803; x_wconf 74' lang='lat' dir='ltr'><strong>sul)</strong></span> <span class='ocrx_word' id='word_1_455' title='bbox 2246 5754 2348 5804; x_wconf 74' lang='lat' dir='ltr'><strong>[nec</strong></span> 
     </span>
    </p>
   </div>
   <div class='ocr_carea' id='block_1_60' title="bbox 777 5813 2351 5937">
    <p class='ocr_par' dir='ltr' id='par_1_60' title="bbox 777 5813 2351 5937">
     <span class='ocr_line' id='line_1_61' title="bbox 777 5813 2351 5937; baseline 0.001 -73"><span class='ocrx_word' id='word_1_456' title='bbox 777 5814 997 5937; x_wconf 42' lang='grc' dir='ltr'><strong>Ζὲιεῗέἵιὲε</strong></span> <span class='ocrx_word' id='word_1_457' title='bbox 1034 5813 1289 5879; x_wconf 77' lang='lat' dir='ltr'><strong>omnibus;</strong></span> <span class='ocrx_word' id='word_1_458' title='bbox 1328 5813 1376 5867; x_wconf 74' lang='lat' dir='ltr'><strong>at</strong></span> <span class='ocrx_word' id='word_1_459' title='bbox 1416 5814 1552 5874; x_wconf 70' lang='lat' dir='ltr'><strong>1H7,</strong></span> <span class='ocrx_word' id='word_1_460' title='bbox 1593 5813 1969 5877; x_wconf 65' lang='lat' dir='ltr'><strong>tmostolos&#39;dicit</strong></span> <span class='ocrx_word' id='word_1_461' title='bbox 1993 5830 2119 5867; x_wconf 85' lang='lat' dir='ltr'><strong>nunc</strong></span> <span class='ocrx_word' id='word_1_462' title='bbox 2164 5824 2351 5879; x_wconf 60' lang='lat' dir='ltr'><strong>septua-</strong></span> 
     </span>
    </p>
   </div>
   <div class='ocr_carea' id='block_1_61' title="bbox 1426 450 3223 517">
    <p class='ocr_par' dir='ltr' id='par_1_61' title="bbox 1426 450 3223 517">
     <span class='ocr_line' id='line_1_62' title="bbox 1426 450 3223 517; baseline -0.006 0"><span class='ocrx_word' id='word_1_463' title='bbox 1426 459 1479 517; x_wconf 79' lang='grc'><strong>8.</strong></span> <span class='ocrx_word' id='word_1_464' title='bbox 1516 458 1792 516; x_wconf 73' lang='lat' dir='ltr'><strong>JOANNIS</strong></span> <span class='ocrx_word' id='word_1_465' title='bbox 1826 453 2301 514; x_wconf 70' lang='lat' dir='ltr'><strong>CllllYSOSTOIl</strong></span> <span class='ocrx_word' id='word_1_466' title='bbox 2339 451 2655 511; x_wconf 78' lang='lat' dir='ltr'><strong>ARClllEP.</strong></span> <span class='ocrx_word' id='word_1_467' title='bbox 2695 450 3223 509; x_wconf 75' lang='lat' dir='ltr'><strong>CONSTANTINOP.</strong></span> 
     </span>
    </p>
   </div>
   <div class='ocr_carea' id='block_1_62' title="bbox 3892 448 3984 504">
    <p class='ocr_par' dir='ltr' id='par_1_62' title="bbox 3892 448 3984 504">
     <span class='ocr_line' id='line_1_63' title="bbox 3892 448 3984 504; baseline 0 0"><span class='ocrx_word' id='word_1_468' title='bbox 3892 448 3984 504; x_wconf 69' lang='grc' dir='ltr'><strong>πμ</strong></span> 
     </span>
    </p>
   </div>
   <div class='ocr_carea' id='block_1_63' title="bbox 2416 557 3985 629">
    <p class='ocr_par' dir='ltr' id='par_1_63' title="bbox 2416 557 3985 629">
     <span class='ocr_line' id='line_1_64' title="bbox 2416 557 3985 629; baseline -0.003 -13"><span class='ocrx_word' id='word_1_469' title='bbox 2416 562 2633 628; x_wconf 79' lang='lat' dir='ltr'><strong>viseris,</strong></span> <span class='ocrx_word' id='word_1_470' title='bbox 2680 576 2783 617; x_wconf 91' lang='lat' dir='ltr'><strong>una</strong></span> <span class='ocrx_word' id='word_1_471' title='bbox 2820 559 3127 616; x_wconf 86' lang='lat' dir='ltr'><strong>recubueris</strong></span> <span class='ocrx_word' id='word_1_472' title='bbox 3152 574 3276 615; x_wconf 91' lang='lat' dir='ltr'><strong>cum</strong></span> <span class='ocrx_word' id='word_1_473' title='bbox 3304 557 3577 629; x_wconf 86' lang='lat' dir='ltr'><strong>discipulis</strong></span> <span class='ocrx_word' id='word_1_474' title='bbox 3599 600 3617 624; x_wconf 89' lang='lat'><strong>,</strong></span> <span class='ocrx_word' id='word_1_475' title='bbox 3661 572 3833 628; x_wconf 82' lang='lat' dir='ltr'><strong>quare</strong></span> <span class='ocrx_word' id='word_1_476' title='bbox 3878 571 3985 628; x_wconf 71' lang='lat' dir='ltr'><strong>pust</strong></span> 
     </span>
    </p>
   </div>
   <div class='ocr_carea' id='block_1_64' title="bbox 2411 648 3984 719">
    <p class='ocr_par' dir='ltr' id='par_1_64' title="bbox 2411 648 3984 719">
     <span class='ocr_line' id='line_1_65' title="bbox 2411 648 3984 719; baseline -0.004 -9"><span class='ocrx_word' id='word_1_477' title='bbox 2411 654 2857 710; x_wconf 85' lang='lat' dir='ltr'><strong>resurrectionem</strong></span> <span class='ocrx_word' id='word_1_478' title='bbox 2899 650 3278 708; x_wconf 73' lang='lat' dir='ltr'><strong>eonveseeris?</strong></span> <span class='ocrx_word' id='word_1_479' title='bbox 3301 649 3372 707; x_wconf 93' lang='lat' dir='ltr'><strong>Ut</strong></span> <span class='ocrx_word' id='word_1_480' title='bbox 3389 666 3454 704; x_wconf 80' lang='lat' dir='ltr'><strong>ea</strong></span> <span class='ocrx_word' id='word_1_481' title='bbox 3483 650 3589 715; x_wconf 84' lang='lat' dir='ltr'><strong>his,</strong></span> <span class='ocrx_word' id='word_1_482' title='bbox 3623 648 3822 719; x_wconf 86' lang='lat' dir='ltr'><strong>inquit,</strong></span> <span class='ocrx_word' id='word_1_483' title='bbox 3849 648 3984 704; x_wconf 70' lang='lat' dir='ltr'><strong>Ths-</strong></span> 
     </span>
    </p>
   </div>
   <div class='ocr_carea' id='block_1_65' title="bbox 2412 737 3983 810">
    <p class='ocr_par' dir='ltr' id='par_1_65' title="bbox 2412 737 3983 810">
     <span class='ocr_line' id='line_1_66' title="bbox 2412 737 3983 810; baseline -0.006 -10"><span class='ocrx_word' id='word_1_484' title='bbox 2412 759 2553 800; x_wconf 87' lang='lat' dir='ltr'><strong>mam</strong></span> <span class='ocrx_word' id='word_1_485' title='bbox 2583 743 2653 800; x_wconf 90' lang='lat' dir='ltr'><strong>de</strong></span> <span class='ocrx_word' id='word_1_486' title='bbox 2681 743 3071 799; x_wconf 80' lang='lat' dir='ltr'><strong>resurrectione</strong></span> <span class='ocrx_word' id='word_1_487' title='bbox 3096 740 3377 797; x_wconf 85' lang='lat' dir='ltr'><strong>certiorem</strong></span> <span class='ocrx_word' id='word_1_488' title='bbox 3412 739 3622 795; x_wconf 79' lang='lat' dir='ltr'><strong>faciam.</strong></span> <span class='ocrx_word' id='word_1_489' title='bbox 3650 737 3708 794; x_wconf 87' lang='lat' dir='ltr'><strong>Si</strong></span> <span class='ocrx_word' id='word_1_490' title='bbox 3737 753 3983 810; x_wconf 70' lang='lat' dir='ltr'><strong>nauaque,</strong></span> 
     </span>
    </p>
   </div>
   <div class='ocr_carea' id='block_1_66' title="bbox 2410 829 3984 906">
    <p class='ocr_par' dir='ltr' id='par_1_66' title="bbox 2410 829 3984 906">
     <span class='ocr_line' id='line_1_67' title="bbox 2410 829 3984 906; baseline -0.005 -15"><span class='ocrx_word' id='word_1_491' title='bbox 2410 845 2688 906; x_wconf 78' lang='lat' dir='ltr'><strong>postquam</strong></span> <span class='ocrx_word' id='word_1_492' title='bbox 2720 833 2771 890; x_wconf 90' lang='lat' dir='ltr'><strong>id</strong></span> <span class='ocrx_word' id='word_1_493' title='bbox 2804 834 2872 887; x_wconf 88' lang='lat' dir='ltr'><strong>ita</strong></span> <span class='ocrx_word' id='word_1_494' title='bbox 2896 843 3103 905; x_wconf 88' lang='lat' dir='ltr'><strong>gestum</strong></span> <span class='ocrx_word' id='word_1_495' title='bbox 3140 839 3256 897; x_wconf 88' lang='lat' dir='ltr'><strong>est,</strong></span> <span class='ocrx_word' id='word_1_496' title='bbox 3284 832 3443 886; x_wconf 88' lang='lat' dir='ltr'><strong>etiam</strong></span> <span class='ocrx_word' id='word_1_497' title='bbox 3474 846 3617 885; x_wconf 88' lang='lat' dir='ltr'><strong>nunc</strong></span> <span class='ocrx_word' id='word_1_498' title='bbox 3638 838 3772 885; x_wconf 84' lang='lat' dir='ltr'><strong>sunt</strong></span> <span class='ocrx_word' id='word_1_499' title='bbox 3791 829 3881 899; x_wconf 75' lang='lat' dir='ltr'><strong>qui</strong></span> <span class='ocrx_word' id='word_1_500' title='bbox 3904 845 3984 884; x_wconf 76' lang='lat' dir='ltr'><strong>re-</strong></span> 
     </span>
    </p>
   </div>
   <div class='ocr_carea' id='block_1_67' title="bbox 2410 919 3985 988">
    <p class='ocr_par' dir='ltr' id='par_1_67' title="bbox 2410 919 3985 988">
     <span class='ocr_line' id='line_1_68' title="bbox 2410 919 3985 988; baseline -0.006 -5"><span class='ocrx_word' id='word_1_501' title='bbox 2410 927 2800 984; x_wconf 87' lang='lat' dir='ltr'><strong>surrectionem</strong></span> <span class='ocrx_word' id='word_1_502' title='bbox 2822 940 2928 980; x_wconf 91' lang='lat' dir='ltr'><strong>non</strong></span> <span class='ocrx_word' id='word_1_503' title='bbox 2957 925 3212 988; x_wconf 86' lang='lat' dir='ltr'><strong>credant;</strong></span> <span class='ocrx_word' id='word_1_504' title='bbox 3239 922 3283 977; x_wconf 91' lang='lat' dir='ltr'><strong>si</strong></span> <span class='ocrx_word' id='word_1_505' title='bbox 3307 922 3359 978; x_wconf 90' lang='lat' dir='ltr'><strong>id</strong></span> <span class='ocrx_word' id='word_1_506' title='bbox 3397 936 3502 977; x_wconf 88' lang='lat' dir='ltr'><strong>non</strong></span> <span class='ocrx_word' id='word_1_507' title='bbox 3530 924 3729 976; x_wconf 74' lang='lat' dir='ltr'><strong>factum</strong></span> <span class='ocrx_word' id='word_1_508' title='bbox 3757 933 3920 984; x_wconf 73' lang='lat' dir='ltr'><strong>esset,</strong></span> <span class='ocrx_word' id='word_1_509' title='bbox 3946 919 3985 975; x_wconf 90' lang='lat' dir='ltr'><strong>si</strong></span> 
     </span>
    </p>
   </div>
   <div class='ocr_carea' id='block_1_68' title="bbox 2411 1009 3983 1082">
    <p class='ocr_par' dir='ltr' id='par_1_68' title="bbox 2411 1009 3983 1082">
     <span class='ocr_line' id='line_1_69' title="bbox 2411 1009 3983 1082; baseline -0.007 -8"><span class='ocrx_word' id='word_1_510' title='bbox 2411 1035 2515 1074; x_wconf 90' lang='lat' dir='ltr'><strong>non</strong></span> <span class='ocrx_word' id='word_1_511' title='bbox 2553 1016 2874 1073; x_wconf 86' lang='lat' dir='ltr'><strong>comedisset</strong></span> <span class='ocrx_word' id='word_1_512' title='bbox 2905 1024 2959 1069; x_wconf 90' lang='lat' dir='ltr'><strong>et</strong></span> <span class='ocrx_word' id='word_1_513' title='bbox 2997 1013 3219 1069; x_wconf 83' lang='lat' dir='ltr'><strong>bibisset</strong></span> <span class='ocrx_word' id='word_1_514' title='bbox 3265 1027 3383 1067; x_wconf 90' lang='lat' dir='ltr'><strong>cum</strong></span> <span class='ocrx_word' id='word_1_515' title='bbox 3415 1011 3554 1066; x_wconf 86' lang='lat' dir='ltr'><strong>illis:</strong></span> <span class='ocrx_word' id='word_1_516' title='bbox 3585 1011 3710 1082; x_wconf 87' lang='lat' dir='ltr'><strong>quis</strong></span> <span class='ocrx_word' id='word_1_517' title='bbox 3732 1009 3983 1067; x_wconf 78' lang='lat' dir='ltr'><strong>eﬂ&#39;reuats</strong></span> 
     </span>
    </p>
   </div>
   <div class='ocr_carea' id='block_1_69' title="bbox 2408 1101 3982 1175">
    <p class='ocr_par' dir='ltr' id='par_1_69' title="bbox 2408 1101 3982 1175">
     <span class='ocr_line' id='line_1_70' title="bbox 2408 1101 3982 1175; baseline -0.006 -10"><span class='ocrx_word' id='word_1_518' title='bbox 2408 1125 2594 1165; x_wconf 90' lang='lat' dir='ltr'><strong>eorum</strong></span> <span class='ocrx_word' id='word_1_519' title='bbox 2619 1123 2711 1163; x_wconf 89' lang='lat' dir='ltr'><strong>ora</strong></span> <span class='ocrx_word' id='word_1_520' title='bbox 2737 1105 3174 1175; x_wconf 87' lang='lat' dir='ltr'><strong>compescuisset,</strong></span> <span class='ocrx_word' id='word_1_521' title='bbox 3204 1103 3293 1173; x_wconf 89' lang='lat' dir='ltr'><strong>qui</strong></span> <span class='ocrx_word' id='word_1_522' title='bbox 3336 1101 3405 1157; x_wconf 90' lang='lat' dir='ltr'><strong>de</strong></span> <span class='ocrx_word' id='word_1_523' title='bbox 3446 1101 3747 1159; x_wconf 84' lang='lat' dir='ltr'><strong>Salvatoris</strong></span> <span class='ocrx_word' id='word_1_524' title='bbox 3780 1114 3982 1155; x_wconf 57' lang='lat' dir='ltr'><strong>meone</strong></span> 
     </span>
    </p>
   </div>
   <div class='ocr_carea' id='block_1_70' title="bbox 2410 1190 3983 1271">
    <p class='ocr_par' dir='ltr' id='par_1_70' title="bbox 2410 1190 3983 1271">
     <span class='ocr_line' id='line_1_71' title="bbox 2410 1190 3983 1271; baseline -0.007 -15"><span class='ocrx_word' id='word_1_525' title='bbox 2410 1200 2514 1256; x_wconf 87' lang='lat' dir='ltr'><strong>mia</strong></span> <span class='ocrx_word' id='word_1_526' title='bbox 2540 1198 2787 1271; x_wconf 67' lang='lat' dir='ltr'><strong>qutelibet</strong></span> <span class='ocrx_word' id='word_1_527' title='bbox 2813 1208 3013 1253; x_wconf 88' lang='lat' dir='ltr'><strong>temere</strong></span> <span class='ocrx_word' id='word_1_528' title='bbox 3040 1198 3276 1265; x_wconf 81' lang='lat' dir='ltr'><strong>proferre</strong></span> <span class='ocrx_word' id='word_1_529' title='bbox 3296 1193 3541 1251; x_wconf 78' lang='lat' dir='ltr'><strong>audent?</strong></span> <span class='ocrx_word' id='word_1_530' title='bbox 3575 1191 3715 1247; x_wconf 81' lang='lat' dir='ltr'><strong>[line</strong></span> <span class='ocrx_word' id='word_1_531' title='bbox 3738 1190 3983 1246; x_wconf 78' lang='lat' dir='ltr'><strong>discimus</strong></span> 
     </span>
    </p>
   </div>
   <div class='ocr_carea' id='block_1_71' title="bbox 2408 1282 3982 1360">
    <p class='ocr_par' dir='ltr' id='par_1_71' title="bbox 2408 1282 3982 1360">
     <span class='ocr_line' id='line_1_72' title="bbox 2408 1282 3982 1360; baseline -0.008 -12"><span class='ocrx_word' id='word_1_532' title='bbox 2408 1292 2640 1348; x_wconf 81' lang='lat' dir='ltr'><strong>divinam</strong></span> <span class='ocrx_word' id='word_1_533' title='bbox 2668 1298 2723 1346; x_wconf 90' lang='lat' dir='ltr'><strong>et</strong></span> <span class='ocrx_word' id='word_1_534' title='bbox 2745 1288 3020 1360; x_wconf 82' lang='lat' dir='ltr'><strong>mysticam</strong></span> <span class='ocrx_word' id='word_1_535' title='bbox 3044 1300 3282 1342; x_wconf 88' lang='lat' dir='ltr'><strong>mensam</strong></span> <span class='ocrx_word' id='word_1_536' title='bbox 3316 1284 3602 1356; x_wconf 63' lang='lat' dir='ltr'><strong>honorare.</strong></span> <span class='ocrx_word' id='word_1_537' title='bbox 3634 1282 3800 1352; x_wconf 65' lang='grc' dir='ltr'><strong>ειμι</strong></span> <span class='ocrx_word' id='word_1_538' title='bbox 3821 1283 3982 1338; x_wconf 78' lang='lat' dir='ltr'><strong>couti-</strong></span> 
     </span>
    </p>
   </div>
   <div class='ocr_carea' id='block_1_72' title="bbox 2408 1375 3982 1455">
    <p class='ocr_par' dir='ltr' id='par_1_72' title="bbox 2408 1375 3982 1455">
     <span class='ocr_line' id='line_1_73' title="bbox 2408 1375 3982 1455; baseline -0.006 -17"><span class='ocrx_word' id='word_1_539' title='bbox 2408 1383 2484 1455; x_wconf 88' lang='lat' dir='ltr'><strong>git</strong></span> <span class='ocrx_word' id='word_1_540' title='bbox 2511 1392 2675 1448; x_wconf 84' lang='lat' dir='ltr'><strong>utea,</strong></span> <span class='ocrx_word' id='word_1_541' title='bbox 2702 1398 2822 1452; x_wconf 81' lang='lat' dir='ltr'><strong>qua:</strong></span> <span class='ocrx_word' id='word_1_542' title='bbox 2851 1394 3127 1435; x_wconf 82' lang='lat' dir='ltr'><strong>sermones</strong></span> <span class='ocrx_word' id='word_1_543' title='bbox 3168 1392 3273 1433; x_wconf 90' lang='lat' dir='ltr'><strong>non</strong></span> <span class='ocrx_word' id='word_1_544' title='bbox 3327 1375 3770 1439; x_wconf 82' lang='lat' dir='ltr'><strong>eniendaverant,</strong></span> <span class='ocrx_word' id='word_1_545' title='bbox 3811 1388 3982 1429; x_wconf 64' lang='lat' dir='ltr'><strong>meum</strong></span> 
     </span>
    </p>
   </div>
   <div class='ocr_carea' id='block_1_73' title="bbox 2409 1466 3981 1545">
    <p class='ocr_par' dir='ltr' id='par_1_73' title="bbox 2409 1466 3981 1545">
     <span class='ocr_line' id='line_1_74' title="bbox 2409 1466 3981 1545; baseline -0.008 -13"><span class='ocrx_word' id='word_1_546' title='bbox 2409 1476 2738 1533; x_wconf 82' lang='lat' dir='ltr'><strong>emendaret.</strong></span> <span class='ocrx_word' id='word_1_547' title='bbox 2760 1473 2913 1545; x_wconf 82' lang='lat' dir='ltr'><strong>Stepe</strong></span> <span class='ocrx_word' id='word_1_548' title='bbox 2935 1472 3173 1529; x_wconf 81' lang='lat' dir='ltr'><strong>sexcenti</strong></span> <span class='ocrx_word' id='word_1_549' title='bbox 3193 1469 3566 1526; x_wconf 87' lang='lat' dir='ltr'><strong>conciliatores</strong></span> <span class='ocrx_word' id='word_1_550' title='bbox 3591 1482 3662 1523; x_wconf 88' lang='lat' dir='ltr'><strong>ue</strong></span> <span class='ocrx_word' id='word_1_551' title='bbox 3687 1481 3855 1522; x_wconf 84' lang='lat' dir='ltr'><strong>unam</strong></span> <span class='ocrx_word' id='word_1_552' title='bbox 3869 1466 3981 1536; x_wconf 83' lang='lat' dir='ltr'><strong>qui-</strong></span> 
     </span>
    </p>
   </div>
   <div class='ocr_carea' id='block_1_74' title="bbox 2409 1563 3981 1631">
    <p class='ocr_par' dir='ltr' id='par_1_74' title="bbox 2409 1563 3981 1631">
     <span class='ocr_line' id='line_1_75' title="bbox 2409 1563 3981 1631; baseline -0.008 -8"><span class='ocrx_word' id='word_1_553' title='bbox 2409 1567 2531 1623; x_wconf 91' lang='lat' dir='ltr'><strong>dem</strong></span> <span class='ocrx_word' id='word_1_554' title='bbox 2578 1565 2907 1621; x_wconf 85' lang='lat' dir='ltr'><strong>inimicitiam</strong></span> <span class='ocrx_word' id='word_1_555' title='bbox 2948 1563 3157 1618; x_wconf 89' lang='lat' dir='ltr'><strong>solvere</strong></span> <span class='ocrx_word' id='word_1_556' title='bbox 3209 1567 3512 1631; x_wconf 83' lang='lat' dir='ltr'><strong>potuerunt,</strong></span> <span class='ocrx_word' id='word_1_557' title='bbox 3560 1566 3617 1614; x_wconf 84' lang='lat' dir='ltr'><strong>et</strong></span> <span class='ocrx_word' id='word_1_558' title='bbox 3659 1571 3771 1613; x_wconf 88' lang='lat' dir='ltr'><strong>una</strong></span> <span class='ocrx_word' id='word_1_559' title='bbox 3810 1571 3981 1612; x_wconf 80' lang='lat' dir='ltr'><strong>mensa</strong></span> 
     </span>
    </p>
   </div>
   <div class='ocr_carea' id='block_1_75' title="bbox 2408 1645 3980 1720">
    <p class='ocr_par' dir='ltr' id='par_1_75' title="bbox 2408 1645 3980 1720">
     <span class='ocr_line' id='line_1_76' title="bbox 2408 1645 3980 1720; baseline -0.008 -9"><span class='ocrx_word' id='word_1_560' title='bbox 2408 1656 2545 1712; x_wconf 88' lang='lat' dir='ltr'><strong>bella</strong></span> <span class='ocrx_word' id='word_1_561' title='bbox 2585 1653 2811 1711; x_wconf 82' lang='lat' dir='ltr'><strong>sedavit.</strong></span> <span class='ocrx_word' id='word_1_562' title='bbox 2858 1652 2942 1708; x_wconf 81' lang='lat' dir='ltr'><strong>Ab</strong></span> <span class='ocrx_word' id='word_1_563' title='bbox 2972 1651 3057 1718; x_wconf 87' lang='lat' dir='ltr'><strong>iis,</strong></span> <span class='ocrx_word' id='word_1_564' title='bbox 3103 1665 3224 1720; x_wconf 77' lang='lat' dir='ltr'><strong>qua:</strong></span> <span class='ocrx_word' id='word_1_565' title='bbox 3264 1658 3676 1719; x_wconf 56' lang='lat' dir='ltr'><strong>recesserunt,</strong></span> <span class='ocrx_word' id='word_1_566' title='bbox 3708 1645 3875 1715; x_wconf 60' lang='lat' dir='ltr'><strong>ltuit:</strong></span> <span class='ocrx_word' id='word_1_567' title='bbox 3911 1646 3980 1700; x_wconf 73' lang='lat' dir='ltr'><strong>rei</strong></span> 
     </span>
    </p>
   </div>
   <div class='ocr_carea' id='block_1_76' title="bbox 2410 1736 3981 1819">
    <p class='ocr_par' dir='ltr' id='par_1_76' title="bbox 2410 1736 3981 1819">
     <span class='ocr_line' id='line_1_77' title="bbox 2410 1736 3981 1819; baseline -0.008 -17"><span class='ocrx_word' id='word_1_568' title='bbox 2410 1754 2781 1819; x_wconf 89' lang='lat' dir='ltr'><strong>argumentum</strong></span> <span class='ocrx_word' id='word_1_569' title='bbox 2823 1743 3026 1813; x_wconf 83' lang='lat' dir='ltr'><strong>accipe.</strong></span> <span class='ocrx_word' id='word_1_570' title='bbox 3079 1740 3194 1796; x_wconf 83' lang='lat' dir='ltr'><strong>Non</strong></span> <span class='ocrx_word' id='word_1_571' title='bbox 3242 1739 3586 1795; x_wconf 76' lang='lat' dir='ltr'><strong>cessabamus</strong></span> <span class='ocrx_word' id='word_1_572' title='bbox 3638 1736 3842 1791; x_wconf 78' lang='lat' dir='ltr'><strong>inimici</strong></span> <span class='ocrx_word' id='word_1_573' title='bbox 3872 1750 3981 1791; x_wconf 80' lang='lat' dir='ltr'><strong>esse</strong></span> 
     </span>
    </p>
   </div>
   <div class='ocr_carea' id='block_1_77' title="bbox 2410 1830 3982 1906">
    <p class='ocr_par' dir='ltr' id='par_1_77' title="bbox 2410 1830 3982 1906">
     <span class='ocr_line' id='line_1_78' title="bbox 2410 1830 3982 1906; baseline -0.009 -11"><span class='ocrx_word' id='word_1_574' title='bbox 2410 1839 2528 1906; x_wconf 89' lang='lat' dir='ltr'><strong>Dei,</strong></span> <span class='ocrx_word' id='word_1_575' title='bbox 2571 1837 2827 1894; x_wconf 84' lang='lat' dir='ltr'><strong>adversus</strong></span> <span class='ocrx_word' id='word_1_576' title='bbox 2870 1834 3109 1890; x_wconf 88' lang='lat' dir='ltr'><strong>divinum</strong></span> <span class='ocrx_word' id='word_1_577' title='bbox 3140 1832 3357 1887; x_wconf 81' lang='lat' dir='ltr'><strong>verbum</strong></span> <span class='ocrx_word' id='word_1_578' title='bbox 3386 1830 3579 1885; x_wconf 79' lang='lat' dir='ltr'><strong>bellum</strong></span> <span class='ocrx_word' id='word_1_579' title='bbox 3608 1836 3871 1898; x_wconf 69' lang='lat' dir='ltr'><strong>gerentes</strong></span> <span class='ocrx_word' id='word_1_580' title='bbox 3889 1866 3904 1887; x_wconf 90' lang='lat'><strong>.</strong></span> <span class='ocrx_word' id='word_1_581' title='bbox 3932 1836 3982 1881; x_wconf 79' lang='lat' dir='ltr'><strong>tu</strong></span> 
     </span>
    </p>
   </div>
   <div class='ocr_carea' id='block_1_78' title="bbox 2410 1918 3981 1987">
    <p class='ocr_par' dir='ltr' id='par_1_78' title="bbox 2410 1918 3981 1987">
     <span class='ocr_line' id='line_1_79' title="bbox 2410 1918 3981 1987; baseline -0.01 0"><span class='ocrx_word' id='word_1_582' title='bbox 2410 1930 2539 1987; x_wconf 85' lang='lat' dir='ltr'><strong>dicit</strong></span> <span class='ocrx_word' id='word_1_583' title='bbox 2564 1929 2761 1985; x_wconf 83' lang='lat' dir='ltr'><strong>Paulus</strong></span> <span class='ocrx_word' id='word_1_584' title='bbox 2788 1944 2803 1982; x_wconf 91' lang='lat'><strong>:</strong></span> <span class='ocrx_word' id='word_1_585' title='bbox 2837 1924 3041 1980; x_wconf 76' lang='lat' dir='ltr'><strong>Inimici</strong></span> <span class='ocrx_word' id='word_1_586' title='bbox 3080 1940 3191 1977; x_wconf 82' lang='lat' dir='ltr'><strong>cum</strong></span> <span class='ocrx_word' id='word_1_587' title='bbox 3211 1937 3460 1983; x_wconf 83' lang='lat' dir='ltr'><strong>essemus,</strong></span> <span class='ocrx_word' id='word_1_588' title='bbox 3484 1918 3806 1975; x_wconf 74' lang='lat' dir='ltr'><strong>reconciliati</strong></span> <span class='ocrx_word' id='word_1_589' title='bbox 3824 1934 3981 1972; x_wconf 80' lang='lat' dir='ltr'><strong>suutas</strong></span> 
     </span>
    </p>
   </div>
   <div class='ocr_carea' id='block_1_79' title="bbox 2410 2009 3982 2093">
    <p class='ocr_par' dir='ltr' id='par_1_79' title="bbox 2410 2009 3982 2093">
     <span class='ocr_line' id='line_1_80' title="bbox 2410 2009 3982 2093; baseline -0.009 -16"><span class='ocrx_word' id='word_1_590' title='bbox 2410 2020 2519 2077; x_wconf 87' lang='lat' dir='ltr'><strong>Deo</strong></span> <span class='ocrx_word' id='word_1_591' title='bbox 2544 2037 2634 2093; x_wconf 83' lang='lat' dir='ltr'><strong>per</strong></span> <span class='ocrx_word' id='word_1_592' title='bbox 2670 2027 2881 2074; x_wconf 73' lang='lat' dir='ltr'><strong>mortem</strong></span> <span class='ocrx_word' id='word_1_593' title='bbox 2910 2015 3035 2071; x_wconf 80' lang='lat' dir='ltr'><strong>Filii</strong></span> <span class='ocrx_word' id='word_1_594' title='bbox 3060 2017 3171 2086; x_wconf 84' lang='lat' dir='ltr'><strong>ejus</strong></span> <span class='ocrx_word' id='word_1_595' title='bbox 3204 2012 3377 2086; x_wconf 81' lang='lat' dir='ltr'><strong>(Rom.</strong></span> <span class='ocrx_word' id='word_1_596' title='bbox 3420 2012 3474 2068; x_wconf 84' lang='lat'><strong>5.</strong></span> <span class='ocrx_word' id='word_1_597' title='bbox 3503 2009 3616 2085; x_wconf 71' lang='grc'><strong>10).</strong></span> <span class='ocrx_word' id='word_1_598' title='bbox 3646 2009 3855 2065; x_wconf 78' lang='lat' dir='ltr'><strong>Inimici</strong></span> <span class='ocrx_word' id='word_1_599' title='bbox 3877 2024 3982 2063; x_wconf 88' lang='lat' dir='ltr'><strong>era-</strong></span> 
     </span>
    </p>
   </div>
   <div class='ocr_carea' id='block_1_80' title="bbox 2409 2106 3982 2175">
    <p class='ocr_par' dir='ltr' id='par_1_80' title="bbox 2409 2106 3982 2175">
     <span class='ocr_line' id='line_1_81' title="bbox 2409 2106 3982 2175; baseline -0.01 -6"><span class='ocrx_word' id='word_1_600' title='bbox 2409 2128 2551 2169; x_wconf 87' lang='lat' dir='ltr'><strong>mus.</strong></span> <span class='ocrx_word' id='word_1_601' title='bbox 2575 2112 2734 2169; x_wconf 73' lang='lat' dir='ltr'><strong>Ilissa</strong></span> <span class='ocrx_word' id='word_1_602' title='bbox 2773 2110 2870 2166; x_wconf 78' lang='lat' dir='ltr'><strong>fuit</strong></span> <span class='ocrx_word' id='word_1_603' title='bbox 2889 2110 2995 2175; x_wconf 81' lang='lat' dir='ltr'><strong>lex,</strong></span> <span class='ocrx_word' id='word_1_604' title='bbox 3018 2122 3118 2163; x_wconf 87' lang='lat' dir='ltr'><strong>nec</strong></span> <span class='ocrx_word' id='word_1_605' title='bbox 3145 2106 3504 2162; x_wconf 86' lang='lat' dir='ltr'><strong>reconciliavit</strong></span> <span class='ocrx_word' id='word_1_606' title='bbox 3531 2123 3545 2158; x_wconf 91' lang='lat'><strong>:</strong></span> <span class='ocrx_word' id='word_1_607' title='bbox 3573 2110 3845 2158; x_wconf 86' lang='lat' dir='ltr'><strong>venerunt</strong></span> <span class='ocrx_word' id='word_1_608' title='bbox 3872 2114 3982 2172; x_wconf 85' lang='lat' dir='ltr'><strong>pro-</strong></span> 
     </span>
    </p>
   </div>
   <div class='ocr_carea' id='block_1_81' title="bbox 2413 2192 3979 2275">
    <p class='ocr_par' dir='ltr' id='par_1_81' title="bbox 2413 2192 3979 2275">
     <span class='ocr_line' id='line_1_82' title="bbox 2413 2192 3979 2275; baseline -0.011 -14"><span class='ocrx_word' id='word_1_609' title='bbox 2413 2204 2589 2275; x_wconf 65' lang='lat' dir='ltr'><strong>pheta</strong></span> <span class='ocrx_word' id='word_1_610' title='bbox 2612 2244 2630 2273; x_wconf 91' lang='lat'><strong>,</strong></span> <span class='ocrx_word' id='word_1_611' title='bbox 2660 2212 2714 2259; x_wconf 90' lang='lat' dir='ltr'><strong>et</strong></span> <span class='ocrx_word' id='word_1_612' title='bbox 2742 2215 2847 2258; x_wconf 88' lang='lat' dir='ltr'><strong>non</strong></span> <span class='ocrx_word' id='word_1_613' title='bbox 2879 2204 3255 2272; x_wconf 85' lang='lat' dir='ltr'><strong>persuaserunt</strong></span> <span class='ocrx_word' id='word_1_614' title='bbox 3280 2213 3295 2261; x_wconf 88' lang='lat'><strong>;</strong></span> <span class='ocrx_word' id='word_1_615' title='bbox 3332 2196 3420 2265; x_wconf 90' lang='lat' dir='ltr'><strong>qui</strong></span> <span class='ocrx_word' id='word_1_616' title='bbox 3448 2192 3649 2249; x_wconf 90' lang='lat' dir='ltr'><strong>inimici</strong></span> <span class='ocrx_word' id='word_1_617' title='bbox 3688 2192 3787 2248; x_wconf 85' lang='lat' dir='ltr'><strong>Dei</strong></span> <span class='ocrx_word' id='word_1_618' title='bbox 3818 2200 3979 2251; x_wconf 83' lang='lat' dir='ltr'><strong>erant.</strong></span> 
     </span>
    </p>
   </div>
   <div class='ocr_carea' id='block_1_82' title="bbox 2412 2282 3982 2355">
    <p class='ocr_par' dir='ltr' id='par_1_82' title="bbox 2412 2282 3982 2355">
     <span class='ocr_line' id='line_1_83' title="bbox 2412 2282 3982 2355; baseline -0.01 -5"><span class='ocrx_word' id='word_1_619' title='bbox 2412 2295 2610 2350; x_wconf 90' lang='lat' dir='ltr'><strong>inimici</strong></span> <span class='ocrx_word' id='word_1_620' title='bbox 2657 2300 2967 2348; x_wconf 88' lang='lat' dir='ltr'><strong>manserunt</strong></span> <span class='ocrx_word' id='word_1_621' title='bbox 3014 2301 3066 2345; x_wconf 90' lang='lat' dir='ltr'><strong>et</strong></span> <span class='ocrx_word' id='word_1_622' title='bbox 3117 2288 3318 2343; x_wconf 87' lang='lat' dir='ltr'><strong>hostes.</strong></span> <span class='ocrx_word' id='word_1_623' title='bbox 3371 2285 3516 2340; x_wconf 79' lang='lat' dir='ltr'><strong>Multi</strong></span> <span class='ocrx_word' id='word_1_624' title='bbox 3546 2282 3765 2355; x_wconf 80' lang='lat' dir='ltr'><strong>tyranni</strong></span> <span class='ocrx_word' id='word_1_625' title='bbox 3810 2295 3982 2338; x_wconf 77' lang='lat' dir='ltr'><strong>eoum</strong></span> 
     </span>
    </p>
   </div>
   <div class='ocr_carea' id='block_1_83' title="bbox 2414 2372 3983 2448">
    <p class='ocr_par' dir='ltr' id='par_1_83' title="bbox 2414 2372 3983 2448">
     <span class='ocr_line' id='line_1_84' title="bbox 2414 2372 3983 2448; baseline -0.009 -9"><span class='ocrx_word' id='word_1_626' title='bbox 2414 2386 2716 2448; x_wconf 86' lang='lat' dir='ltr'><strong>veritatem,</strong></span> <span class='ocrx_word' id='word_1_627' title='bbox 2744 2382 2895 2438; x_wconf 90' lang='lat' dir='ltr'><strong>multi</strong></span> <span class='ocrx_word' id='word_1_628' title='bbox 2930 2381 3020 2437; x_wconf 90' lang='lat' dir='ltr'><strong>Dei</strong></span> <span class='ocrx_word' id='word_1_629' title='bbox 3052 2382 3233 2435; x_wconf 82' lang='lat' dir='ltr'><strong>hostes</strong></span> <span class='ocrx_word' id='word_1_630' title='bbox 3262 2384 3419 2432; x_wconf 89' lang='lat' dir='ltr'><strong>erant</strong></span> <span class='ocrx_word' id='word_1_631' title='bbox 3460 2385 3645 2429; x_wconf 85' lang='lat' dir='ltr'><strong>contra</strong></span> <span class='ocrx_word' id='word_1_632' title='bbox 3675 2374 3821 2442; x_wconf 82' lang='lat' dir='ltr'><strong>piam</strong></span> <span class='ocrx_word' id='word_1_633' title='bbox 3864 2372 3983 2427; x_wconf 82' lang='lat' dir='ltr'><strong>reii-</strong></span> 
     </span>
    </p>
   </div>
   <div class='ocr_carea' id='block_1_84' title="bbox 2410 2465 3986 2546">
    <p class='ocr_par' dir='ltr' id='par_1_84' title="bbox 2410 2465 3986 2546">
     <span class='ocr_line' id='line_1_85' title="bbox 2410 2465 3986 2546; baseline -0.009 -14"><span class='ocrx_word' id='word_1_634' title='bbox 2410 2478 2645 2546; x_wconf 89' lang='lat' dir='ltr'><strong>gionem,</strong></span> <span class='ocrx_word' id='word_1_635' title='bbox 2698 2474 2864 2531; x_wconf 87' lang='lat' dir='ltr'><strong>multa</strong></span> <span class='ocrx_word' id='word_1_636' title='bbox 2909 2472 3091 2536; x_wconf 84' lang='lat' dir='ltr'><strong>verba,</strong></span> <span class='ocrx_word' id='word_1_637' title='bbox 3126 2470 3305 2526; x_wconf 68' lang='lat' dir='ltr'><strong>multm</strong></span> <span class='ocrx_word' id='word_1_638' title='bbox 3332 2467 3585 2522; x_wconf 71' lang='lat' dir='ltr'><strong>doctrina:</strong></span> <span class='ocrx_word' id='word_1_639' title='bbox 3615 2465 3794 2528; x_wconf 78' lang='lat' dir='ltr'><strong>fuere,</strong></span> <span class='ocrx_word' id='word_1_640' title='bbox 3824 2477 3986 2533; x_wconf 62' lang='lat' dir='ltr'><strong>nerine</strong></span> 
     </span>
    </p>
   </div>
   <div class='ocr_carea' id='block_1_85' title="bbox 2414 2552 3986 2623">
    <p class='ocr_par' dir='ltr' id='par_1_85' title="bbox 2414 2552 3986 2623">
     <span class='ocr_line' id='line_1_86' title="bbox 2414 2552 3986 2623; baseline -0.011 0"><span class='ocrx_word' id='word_1_641' title='bbox 2414 2566 2610 2623; x_wconf 91' lang='lat' dir='ltr'><strong>bellum</strong></span> <span class='ocrx_word' id='word_1_642' title='bbox 2656 2564 2929 2620; x_wconf 89' lang='lat' dir='ltr'><strong>sedarunt.</strong></span> <span class='ocrx_word' id='word_1_643' title='bbox 2979 2560 3139 2616; x_wconf 70' lang='lat' dir='ltr'><strong>Venit</strong></span> <span class='ocrx_word' id='word_1_644' title='bbox 3181 2558 3444 2622; x_wconf 86' lang='lat' dir='ltr'><strong>Christus,</strong></span> <span class='ocrx_word' id='word_1_645' title='bbox 3485 2570 3728 2610; x_wconf 87' lang='lat' dir='ltr'><strong>mensam</strong></span> <span class='ocrx_word' id='word_1_646' title='bbox 3758 2552 3986 2608; x_wconf 74' lang='lat' dir='ltr'><strong>fundarit</strong></span> 
     </span>
    </p>
   </div>
   <div class='ocr_carea' id='block_1_86' title="bbox 2414 2645 3984 2725">
    <p class='ocr_par' dir='ltr' id='par_1_86' title="bbox 2414 2645 3984 2725">
     <span class='ocr_line' id='line_1_87' title="bbox 2414 2645 3984 2725; baseline -0.011 -13"><span class='ocrx_word' id='word_1_647' title='bbox 2414 2671 2585 2722; x_wconf 84' lang='lat' dir='ltr'><strong>suam,</strong></span> <span class='ocrx_word' id='word_1_648' title='bbox 2615 2656 2845 2725; x_wconf 87' lang='lat' dir='ltr'><strong>seipsum</strong></span> <span class='ocrx_word' id='word_1_649' title='bbox 2866 2651 3142 2723; x_wconf 85' lang='lat' dir='ltr'><strong>proposuit</strong></span> <span class='ocrx_word' id='word_1_650' title='bbox 3166 2650 3220 2705; x_wconf 89' lang='lat' dir='ltr'><strong>in</strong></span> <span class='ocrx_word' id='word_1_651' title='bbox 3250 2648 3445 2711; x_wconf 89' lang='lat' dir='ltr'><strong>cibum,</strong></span> <span class='ocrx_word' id='word_1_652' title='bbox 3470 2646 3679 2703; x_wconf 78' lang='lat' dir='ltr'><strong>etdixit</strong></span> <span class='ocrx_word' id='word_1_653' title='bbox 3707 2662 3723 2699; x_wconf 90' lang='lat'><strong>:</strong></span> <span class='ocrx_word' id='word_1_654' title='bbox 3750 2645 3984 2714; x_wconf 78' lang='lat' dir='ltr'><strong>Accipite,</strong></span> 
     </span>
    </p>
   </div>
   <div class='ocr_carea' id='block_1_87' title="bbox 2415 2733 3985 2819">
    <p class='ocr_par' dir='ltr' id='par_1_87' title="bbox 2415 2733 3985 2819">
     <span class='ocr_line' id='line_1_88' title="bbox 2415 2733 3985 2819; baseline -0.013 -14"><span class='ocrx_word' id='word_1_655' title='bbox 2415 2750 2716 2803; x_wconf 76' lang='lat' dir='ltr'><strong>utenducote</strong></span> <span class='ocrx_word' id='word_1_656' title='bbox 2744 2745 2953 2819; x_wconf 80' lang='lat' dir='ltr'><strong>(llottlt.</strong></span> <span class='ocrx_word' id='word_1_657' title='bbox 2981 2743 3074 2799; x_wconf 71' lang='lat'><strong>26.</strong></span> <span class='ocrx_word' id='word_1_658' title='bbox 3101 2740 3219 2813; x_wconf 66' lang='lat'><strong>36),</strong></span> <span class='ocrx_word' id='word_1_659' title='bbox 3264 2750 3319 2795; x_wconf 90' lang='lat' dir='ltr'><strong>et</strong></span> <span class='ocrx_word' id='word_1_660' title='bbox 3358 2739 3535 2792; x_wconf 81' lang='lat' dir='ltr'><strong>statim</strong></span> <span class='ocrx_word' id='word_1_661' title='bbox 3563 2737 3769 2791; x_wconf 83' lang='lat' dir='ltr'><strong>bellum</strong></span> <span class='ocrx_word' id='word_1_662' title='bbox 3814 2733 3985 2797; x_wconf 79' lang='lat' dir='ltr'><strong>solvit,</strong></span> 
     </span>
    </p>
   </div>
   <div class='ocr_carea' id='block_1_88' title="bbox 2416 2825 3987 2911">
    <p class='ocr_par' dir='ltr' id='par_1_88' title="bbox 2416 2825 3987 2911">
     <span class='ocr_line' id='line_1_89' title="bbox 2416 2825 3987 2911; baseline -0.011 -16"><span class='ocrx_word' id='word_1_663' title='bbox 2416 2841 2638 2911; x_wconf 88' lang='lat' dir='ltr'><strong>pacique</strong></span> <span class='ocrx_word' id='word_1_664' title='bbox 2662 2836 2986 2906; x_wconf 85' lang='lat' dir='ltr'><strong>triumphum</strong></span> <span class='ocrx_word' id='word_1_665' title='bbox 3010 2834 3208 2889; x_wconf 87' lang='lat' dir='ltr'><strong>attulit.</strong></span> <span class='ocrx_word' id='word_1_666' title='bbox 3234 2832 3289 2887; x_wconf 89' lang='lat' dir='ltr'><strong>lu</strong></span> <span class='ocrx_word' id='word_1_667' title='bbox 3311 2829 3538 2901; x_wconf 66' lang='lat' dir='ltr'><strong>Egypto</strong></span> <span class='ocrx_word' id='word_1_668' title='bbox 3563 2829 3657 2883; x_wconf 90' lang='lat' dir='ltr'><strong>Dei</strong></span> <span class='ocrx_word' id='word_1_669' title='bbox 3682 2828 3865 2881; x_wconf 82' lang='lat' dir='ltr'><strong>hostes</strong></span> <span class='ocrx_word' id='word_1_670' title='bbox 3881 2825 3987 2895; x_wconf 78' lang='lat' dir='ltr'><strong>pb-</strong></span> 
     </span>
    </p>
   </div>
   <div class='ocr_carea' id='block_1_89' title="bbox 2416 2918 3991 3003">
    <p class='ocr_par' dir='ltr' id='par_1_89' title="bbox 2416 2918 3991 3003">
     <span class='ocr_line' id='line_1_90' title="bbox 2416 2918 3991 3003; baseline -0.011 -17"><span class='ocrx_word' id='word_1_671' title='bbox 2416 2933 2498 3003; x_wconf 88' lang='lat' dir='ltr'><strong>gis</strong></span> <span class='ocrx_word' id='word_1_672' title='bbox 2522 2930 2705 2995; x_wconf 81' lang='lat' dir='ltr'><strong>allicit,</strong></span> <span class='ocrx_word' id='word_1_673' title='bbox 2736 2937 2791 2983; x_wconf 89' lang='lat' dir='ltr'><strong>et</strong></span> <span class='ocrx_word' id='word_1_674' title='bbox 2820 2942 2978 2981; x_wconf 91' lang='lat' dir='ltr'><strong>nemo</strong></span> <span class='ocrx_word' id='word_1_675' title='bbox 3002 2924 3313 2994; x_wconf 89' lang='lat' dir='ltr'><strong>obsequitur</strong></span> <span class='ocrx_word' id='word_1_676' title='bbox 3340 2939 3353 2974; x_wconf 88' lang='lat'><strong>:</strong></span> <span class='ocrx_word' id='word_1_677' title='bbox 3382 2930 3639 2991; x_wconf 85' lang='lat' dir='ltr'><strong>tyrannos</strong></span> <span class='ocrx_word' id='word_1_678' title='bbox 3669 2918 3918 2988; x_wconf 88' lang='lat' dir='ltr'><strong>perculit,</strong></span> <span class='ocrx_word' id='word_1_679' title='bbox 3943 2924 3991 2970; x_wconf 87' lang='lat' dir='ltr'><strong>et</strong></span> 
     </span>
    </p>
   </div>
   <div class='ocr_carea' id='block_1_90' title="bbox 2420 3011 3990 3091">
    <p class='ocr_par' dir='ltr' id='par_1_90' title="bbox 2420 3011 3990 3091">
     <span class='ocr_line' id='line_1_91' title="bbox 2420 3011 3990 3091; baseline -0.011 -12"><span class='ocrx_word' id='word_1_680' title='bbox 2420 3038 2578 3080; x_wconf 90' lang='lat' dir='ltr'><strong>nemo</strong></span> <span class='ocrx_word' id='word_1_681' title='bbox 2598 3024 2947 3091; x_wconf 80' lang='lat' dir='ltr'><strong>obtemperat.</strong></span> <span class='ocrx_word' id='word_1_682' title='bbox 2978 3017 3074 3073; x_wconf 80' lang='lat' dir='ltr'><strong>Hic</strong></span> <span class='ocrx_word' id='word_1_683' title='bbox 3099 3018 3333 3085; x_wconf 86' lang='lat' dir='ltr'><strong>seipsum</strong></span> <span class='ocrx_word' id='word_1_684' title='bbox 3366 3013 3613 3083; x_wconf 88' lang='lat' dir='ltr'><strong>pr0ponit</strong></span> <span class='ocrx_word' id='word_1_685' title='bbox 3641 3012 3692 3065; x_wconf 89' lang='lat' dir='ltr'><strong>in</strong></span> <span class='ocrx_word' id='word_1_686' title='bbox 3723 3011 3923 3069; x_wconf 86' lang='lat' dir='ltr'><strong>cibum,</strong></span> <span class='ocrx_word' id='word_1_687' title='bbox 3943 3019 3990 3062; x_wconf 85' lang='lat' dir='ltr'><strong>et</strong></span> 
     </span>
    </p>
   </div>
   <div class='ocr_carea' id='block_1_91' title="bbox 2417 3103 3991 3177">
    <p class='ocr_par' dir='ltr' id='par_1_91' title="bbox 2417 3103 3991 3177">
     <span class='ocr_line' id='line_1_92' title="bbox 2417 3103 3991 3177; baseline -0.013 -4"><span class='ocrx_word' id='word_1_688' title='bbox 2417 3132 2605 3173; x_wconf 89' lang='lat' dir='ltr'><strong>omnes</strong></span> <span class='ocrx_word' id='word_1_689' title='bbox 2624 3115 2945 3171; x_wconf 83' lang='lat' dir='ltr'><strong>erubescunt</strong></span> <span class='ocrx_word' id='word_1_690' title='bbox 2969 3118 3022 3167; x_wconf 89' lang='lat' dir='ltr'><strong>et</strong></span> <span class='ocrx_word' id='word_1_691' title='bbox 3051 3110 3439 3177; x_wconf 86' lang='lat' dir='ltr'><strong>obtemperant.</strong></span> <span class='ocrx_word' id='word_1_692' title='bbox 3472 3103 3722 3173; x_wconf 80' lang='lat' dir='ltr'><strong>Flagellis</strong></span> <span class='ocrx_word' id='word_1_693' title='bbox 3750 3117 3855 3156; x_wconf 86' lang='lat' dir='ltr'><strong>non</strong></span> <span class='ocrx_word' id='word_1_694' title='bbox 3877 3116 3991 3172; x_wconf 87' lang='lat' dir='ltr'><strong>per-</strong></span> 
     </span>
    </p>
   </div>
   <div class='ocr_carea' id='block_1_92' title="bbox 2418 3194 3988 3273">
    <p class='ocr_par' dir='ltr' id='par_1_92' title="bbox 2418 3194 3988 3273">
     <span class='ocr_line' id='line_1_93' title="bbox 2418 3194 3988 3273; baseline -0.013 -10"><span class='ocrx_word' id='word_1_695' title='bbox 2418 3207 2695 3273; x_wconf 84' lang='lat' dir='ltr'><strong>suadebat,</strong></span> <span class='ocrx_word' id='word_1_696' title='bbox 2738 3213 2791 3260; x_wconf 89' lang='lat' dir='ltr'><strong>et</strong></span> <span class='ocrx_word' id='word_1_697' title='bbox 2831 3218 2952 3259; x_wconf 90' lang='lat' dir='ltr'><strong>cum</strong></span> <span class='ocrx_word' id='word_1_698' title='bbox 2981 3198 3281 3256; x_wconf 86' lang='lat' dir='ltr'><strong>comeditur</strong></span> <span class='ocrx_word' id='word_1_699' title='bbox 3308 3194 3589 3269; x_wconf 87' lang='lat' dir='ltr'><strong>persuadet</strong></span> <span class='ocrx_word' id='word_1_700' title='bbox 3621 3213 3633 3247; x_wconf 88' lang='lat'><strong>:</strong></span> <span class='ocrx_word' id='word_1_701' title='bbox 3662 3208 3786 3248; x_wconf 90' lang='lat' dir='ltr'><strong>cum</strong></span> <span class='ocrx_word' id='word_1_702' title='bbox 3814 3207 3988 3247; x_wconf 62' lang='lat' dir='ltr'><strong>corneo</strong></span> 
     </span>
    </p>
   </div>
   <div class='ocr_carea' id='block_1_93' title="bbox 2418 3283 3994 3367">
    <p class='ocr_par' dir='ltr' id='par_1_93' title="bbox 2418 3283 3994 3367">
     <span class='ocr_line' id='line_1_94' title="bbox 2418 3283 3994 3367; baseline -0.013 -13"><span class='ocrx_word' id='word_1_703' title='bbox 2418 3301 2579 3365; x_wconf 88' lang='lat' dir='ltr'><strong>ditur,</strong></span> <span class='ocrx_word' id='word_1_704' title='bbox 2613 3299 2848 3367; x_wconf 88' lang='lat' dir='ltr'><strong>inquam,</strong></span> <span class='ocrx_word' id='word_1_705' title='bbox 2899 3295 2951 3348; x_wconf 92' lang='lat' dir='ltr'><strong>in</strong></span> <span class='ocrx_word' id='word_1_706' title='bbox 2982 3291 3203 3363; x_wconf 85' lang='lat' dir='ltr'><strong>mystica</strong></span> <span class='ocrx_word' id='word_1_707' title='bbox 3245 3304 3445 3343; x_wconf 87' lang='lat' dir='ltr'><strong>mensa.</strong></span> <span class='ocrx_word' id='word_1_708' title='bbox 3475 3286 3609 3341; x_wconf 83' lang='lat' dir='ltr'><strong>Nam</strong></span> <span class='ocrx_word' id='word_1_709' title='bbox 3641 3284 3775 3355; x_wconf 77' lang='lat' dir='ltr'><strong>Ego,</strong></span> <span class='ocrx_word' id='word_1_710' title='bbox 3805 3283 3994 3352; x_wconf 82' lang='lat' dir='ltr'><strong>inquit,</strong></span> 
     </span>
    </p>
   </div>
   <div class='ocr_carea' id='block_1_94' title="bbox 2418 3376 3997 3459">
    <p class='ocr_par' dir='ltr' id='par_1_94' title="bbox 2418 3376 3997 3459">
     <span class='ocr_line' id='line_1_95' title="bbox 2418 3376 3997 3459; baseline -0.014 -11"><span class='ocrx_word' id='word_1_711' title='bbox 2418 3409 2529 3448; x_wconf 82' lang='lat' dir='ltr'><strong>sum</strong></span> <span class='ocrx_word' id='word_1_712' title='bbox 2560 3391 2705 3459; x_wconf 74' lang='lat' dir='ltr'><strong>ponis</strong></span> <span class='ocrx_word' id='word_1_713' title='bbox 2743 3388 2829 3458; x_wconf 83' lang='lat' dir='ltr'><strong>qui</strong></span> <span class='ocrx_word' id='word_1_714' title='bbox 2863 3386 2926 3439; x_wconf 85' lang='lat' dir='ltr'><strong>de</strong></span> <span class='ocrx_word' id='word_1_715' title='bbox 2947 3383 3070 3441; x_wconf 66' lang='lat' dir='ltr'><strong>caelo</strong></span> <span class='ocrx_word' id='word_1_716' title='bbox 3106 3381 3382 3445; x_wconf 79' lang='lat' dir='ltr'><strong>descendit,</strong></span> <span class='ocrx_word' id='word_1_717' title='bbox 3428 3389 3474 3433; x_wconf 90' lang='lat' dir='ltr'><strong>et</strong></span> <span class='ocrx_word' id='word_1_718' title='bbox 3514 3380 3597 3431; x_wconf 88' lang='lat' dir='ltr'><strong>dot</strong></span> <span class='ocrx_word' id='word_1_719' title='bbox 3629 3377 3784 3430; x_wconf 75' lang='lat' dir='ltr'><strong>vitam</strong></span> <span class='ocrx_word' id='word_1_720' title='bbox 3812 3376 3997 3427; x_wconf 68' lang='lat' dir='ltr'><strong>multis</strong></span> 
     </span>
    </p>
   </div>
   <div class='ocr_carea' id='block_1_95' title="bbox 2422 3467 3998 3553">
    <p class='ocr_par' dir='ltr' id='par_1_95' title="bbox 2422 3467 3998 3553">
     <span class='ocr_line' id='line_1_96' title="bbox 2422 3467 3998 3553; baseline -0.011 -16"><span class='ocrx_word' id='word_1_721' title='bbox 2422 3484 2597 3553; x_wconf 87' lang='lat' dir='ltr'><strong>(Joan.</strong></span> <span class='ocrx_word' id='word_1_722' title='bbox 2619 3482 2677 3536; x_wconf 79' lang='grc'><strong>6.</strong></span> <span class='ocrx_word' id='word_1_723' title='bbox 2706 3483 2819 3551; x_wconf 70' lang='lat' dir='ltr'><strong>tl).</strong></span> <span class='ocrx_word' id='word_1_724' title='bbox 2859 3481 2926 3533; x_wconf 80' lang='lat' dir='ltr'><strong>Et</strong></span> <span class='ocrx_word' id='word_1_725' title='bbox 2952 3489 3279 3533; x_wconf 80' lang='lat' dir='ltr'><strong>convescens</strong></span> <span class='ocrx_word' id='word_1_726' title='bbox 3309 3473 3437 3542; x_wconf 81' lang='lat' dir='ltr'><strong>ipsis</strong></span> <span class='ocrx_word' id='word_1_727' title='bbox 3466 3468 3789 3540; x_wconf 88' lang='lat' dir='ltr'><strong>loquebatur</strong></span> <span class='ocrx_word' id='word_1_728' title='bbox 3829 3467 3899 3521; x_wconf 87' lang='lat' dir='ltr'><strong>de</strong></span> <span class='ocrx_word' id='word_1_729' title='bbox 3920 3480 3998 3519; x_wconf 81' lang='lat' dir='ltr'><strong>re-</strong></span> 
     </span>
    </p>
   </div>
   <div class='ocr_carea' id='block_1_96' title="bbox 2420 3558 3998 3646">
    <p class='ocr_par' dir='ltr' id='par_1_96' title="bbox 2420 3558 3998 3646">
     <span class='ocr_line' id='line_1_97' title="bbox 2420 3558 3998 3646; baseline -0.01 -19"><span class='ocrx_word' id='word_1_730' title='bbox 2420 3588 2525 3646; x_wconf 85' lang='lat' dir='ltr'><strong>gno</strong></span> <span class='ocrx_word' id='word_1_731' title='bbox 2555 3574 2644 3627; x_wconf 90' lang='lat' dir='ltr'><strong>Dei</strong></span> <span class='ocrx_word' id='word_1_732' title='bbox 2681 3593 2692 3625; x_wconf 93' lang='lat'><strong>:</strong></span> <span class='ocrx_word' id='word_1_733' title='bbox 2722 3582 2775 3625; x_wconf 91' lang='lat' dir='ltr'><strong>et</strong></span> <span class='ocrx_word' id='word_1_734' title='bbox 2805 3568 3053 3639; x_wconf 67' lang='lat' dir='ltr'><strong>Praecepit</strong></span> <span class='ocrx_word' id='word_1_735' title='bbox 3101 3567 3171 3620; x_wconf 79' lang='lat' dir='ltr'><strong>eis</strong></span> <span class='ocrx_word' id='word_1_736' title='bbox 3218 3566 3280 3617; x_wconf 81' lang='lat' dir='ltr'><strong>ab</strong></span> <span class='ocrx_word' id='word_1_737' title='bbox 3314 3561 3645 3631; x_wconf 77' lang='lat' dir='ltr'><strong>Jerosolymis</strong></span> <span class='ocrx_word' id='word_1_738' title='bbox 3672 3576 3739 3613; x_wconf 91' lang='lat' dir='ltr'><strong>ne</strong></span> <span class='ocrx_word' id='word_1_739' title='bbox 3777 3558 3998 3613; x_wconf 71' lang='grc' dir='ltr'><strong>ἀὶιωάι-</strong></span> 
     </span>
    </p>
   </div>
   <div class='ocr_carea' id='block_1_97' title="bbox 2422 3650 3998 3734">
    <p class='ocr_par' dir='ltr' id='par_1_97' title="bbox 2422 3650 3998 3734">
     <span class='ocr_line' id='line_1_98' title="bbox 2422 3650 3998 3734; baseline -0.012 -14"><span class='ocrx_word' id='word_1_740' title='bbox 2422 3676 2551 3729; x_wconf 86' lang='lat' dir='ltr'><strong>rent,</strong></span> <span class='ocrx_word' id='word_1_741' title='bbox 2582 3664 2669 3719; x_wconf 80' lang='lat' dir='ltr'><strong>sed</strong></span> <span class='ocrx_word' id='word_1_742' title='bbox 2698 3668 3037 3734; x_wconf 77' lang='lat' dir='ltr'><strong>exspectarent</strong></span> <span class='ocrx_word' id='word_1_743' title='bbox 3077 3656 3459 3728; x_wconf 78' lang='lat' dir='ltr'><strong>promissionem</strong></span> <span class='ocrx_word' id='word_1_744' title='bbox 3495 3653 3586 3707; x_wconf 91' lang='lat' dir='ltr'><strong>Dei</strong></span> <span class='ocrx_word' id='word_1_745' title='bbox 3620 3650 3829 3715; x_wconf 81' lang='lat' dir='ltr'><strong>Patris,</strong></span> <span class='ocrx_word' id='word_1_746' title='bbox 3858 3666 3998 3720; x_wconf 75' lang='lat' dir='ltr'><strong>quam</strong></span> 
     </span>
    </p>
   </div>
   <div class='ocr_carea' id='block_1_98' title="bbox 2424 3742 4001 3817">
    <p class='ocr_par' dir='ltr' id='par_1_98' title="bbox 2424 3742 4001 3817">
     <span class='ocr_line' id='line_1_99' title="bbox 2424 3742 4001 3817; baseline -0.012 -5"><span class='ocrx_word' id='word_1_747' title='bbox 2424 3759 2636 3812; x_wconf 82' lang='lat' dir='ltr'><strong>audistis</strong></span> <span class='ocrx_word' id='word_1_748' title='bbox 2669 3774 2699 3810; x_wconf 90' lang='lat' dir='ltr'><strong>a</strong></span> <span class='ocrx_word' id='word_1_749' title='bbox 2726 3772 2821 3809; x_wconf 85' lang='lat' dir='ltr'><strong>me.</strong></span> <span class='ocrx_word' id='word_1_750' title='bbox 2854 3753 3002 3817; x_wconf 83' lang='lat' dir='ltr'><strong>Esto,</strong></span> <span class='ocrx_word' id='word_1_751' title='bbox 3022 3751 3349 3806; x_wconf 85' lang='lat' dir='ltr'><strong>audierimus</strong></span> <span class='ocrx_word' id='word_1_752' title='bbox 3372 3762 3401 3799; x_wconf 87' lang='lat' dir='ltr'><strong>a</strong></span> <span class='ocrx_word' id='word_1_753' title='bbox 3426 3756 3495 3810; x_wconf 90' lang='lat' dir='ltr'><strong>te,</strong></span> <span class='ocrx_word' id='word_1_754' title='bbox 3530 3743 3753 3798; x_wconf 88' lang='lat' dir='ltr'><strong>Domine</strong></span> <span class='ocrx_word' id='word_1_755' title='bbox 3782 3760 3795 3796; x_wconf 89' lang='lat'><strong>:</strong></span> <span class='ocrx_word' id='word_1_756' title='bbox 3828 3742 4001 3796; x_wconf 71' lang='lat' dir='ltr'><strong>dixisti</strong></span> 
     </span>
    </p>
   </div>
   <div class='ocr_carea' id='block_1_99' title="bbox 2428 3834 4003 3909">
    <p class='ocr_par' dir='ltr' id='par_1_99' title="bbox 2428 3834 4003 3909">
     <span class='ocr_line' id='line_1_100' title="bbox 2428 3834 4003 3909; baseline -0.015 -5"><span class='ocrx_word' id='word_1_757' title='bbox 2428 3852 2590 3909; x_wconf 87' lang='lat' dir='ltr'><strong>enim,</strong></span> <span class='ocrx_word' id='word_1_758' title='bbox 2621 3847 2847 3902; x_wconf 80' lang='lat' dir='ltr'><strong>Ascendo</strong></span> <span class='ocrx_word' id='word_1_759' title='bbox 2872 3846 2939 3897; x_wconf 85' lang='lat' dir='ltr'><strong>od</strong></span> <span class='ocrx_word' id='word_1_760' title='bbox 2966 3842 3175 3895; x_wconf 82' lang='lat' dir='ltr'><strong>Patrem</strong></span> <span class='ocrx_word' id='word_1_761' title='bbox 3201 3835 3558 3907; x_wconf 74' lang='lat' dir='ltr'><strong>meum(loan.</strong></span> <span class='ocrx_word' id='word_1_762' title='bbox 3585 3834 3673 3887; x_wconf 74' lang='lat'><strong>20.</strong></span> <span class='ocrx_word' id='word_1_763' title='bbox 3698 3834 3811 3901; x_wconf 74' lang='lat'><strong>17),</strong></span> <span class='ocrx_word' id='word_1_764' title='bbox 3839 3840 3895 3886; x_wconf 84' lang='lat' dir='ltr'><strong>et</strong></span> <span class='ocrx_word' id='word_1_765' title='bbox 3921 3834 4003 3882; x_wconf 81' lang='lat' dir='ltr'><strong>ad-</strong></span> 
     </span>
    </p>
   </div>
   <div class='ocr_carea' id='block_1_100' title="bbox 2432 3920 4005 4000">
    <p class='ocr_par' dir='ltr' id='par_1_100' title="bbox 2432 3920 4005 4000">
     <span class='ocr_line' id='line_1_101' title="bbox 2432 3920 4005 4000; baseline -0.013 -7"><span class='ocrx_word' id='word_1_766' title='bbox 2432 3941 2635 3995; x_wconf 87' lang='lat' dir='ltr'><strong>vocabo</strong></span> <span class='ocrx_word' id='word_1_767' title='bbox 2664 3954 2782 3992; x_wconf 89' lang='lat' dir='ltr'><strong>cum</strong></span> <span class='ocrx_word' id='word_1_768' title='bbox 2802 3978 2815 4000; x_wconf 91' lang='lat'><strong>,</strong></span> <span class='ocrx_word' id='word_1_769' title='bbox 2848 3946 2900 3990; x_wconf 88' lang='lat' dir='ltr'><strong>et</strong></span> <span class='ocrx_word' id='word_1_770' title='bbox 2927 3936 3129 3988; x_wconf 88' lang='lat' dir='ltr'><strong>mittam</strong></span> <span class='ocrx_word' id='word_1_771' title='bbox 3169 3930 3317 3983; x_wconf 73' lang='lat' dir='ltr'><strong>vobis</strong></span> <span class='ocrx_word' id='word_1_772' title='bbox 3346 3926 3598 3995; x_wconf 89' lang='lat' dir='ltr'><strong>Spiritum</strong></span> <span class='ocrx_word' id='word_1_773' title='bbox 3626 3921 3889 3983; x_wconf 76' lang='lat' dir='ltr'><strong>veritatis,</strong></span> <span class='ocrx_word' id='word_1_774' title='bbox 3914 3920 4005 3975; x_wconf 76' lang='lat' dir='ltr'><strong>Pa-</strong></span> 
     </span>
    </p>
   </div>
   <div class='ocr_carea' id='block_1_101' title="bbox 2430 4015 4005 4093">
    <p class='ocr_par' dir='ltr' id='par_1_101' title="bbox 2430 4015 4005 4093">
     <span class='ocr_line' id='line_1_102' title="bbox 2430 4015 4005 4093; baseline -0.015 -5"><span class='ocrx_word' id='word_1_775' title='bbox 2430 4033 2705 4089; x_wconf 86' lang='lat' dir='ltr'><strong>racletum.</strong></span> <span class='ocrx_word' id='word_1_776' title='bbox 2758 4030 2835 4083; x_wconf 83' lang='lat' dir='ltr'><strong>Tu</strong></span> <span class='ocrx_word' id='word_1_777' title='bbox 2878 4033 2991 4082; x_wconf 65' lang='lat' dir='ltr'><strong>hate</strong></span> <span class='ocrx_word' id='word_1_778' title='bbox 3036 4023 3211 4079; x_wconf 83' lang='lat' dir='ltr'><strong>dixisti</strong></span> <span class='ocrx_word' id='word_1_779' title='bbox 3239 4066 3255 4093; x_wconf 70' lang='grc'><em>,</em></span> <span class='ocrx_word' id='word_1_780' title='bbox 3300 4022 3457 4075; x_wconf 84' lang='lat' dir='ltr'><strong>Pater</strong></span> <span class='ocrx_word' id='word_1_781' title='bbox 3492 4034 3622 4072; x_wconf 81' lang='lat' dir='ltr'><strong>vero</strong></span> <span class='ocrx_word' id='word_1_782' title='bbox 3671 4015 4005 4086; x_wconf 87' lang='lat' dir='ltr'><strong>quandonam</strong></span> 
     </span>
    </p>
   </div>
   <div class='ocr_carea' id='block_1_102' title="bbox 2430 4109 4005 4196">
    <p class='ocr_par' dir='ltr' id='par_1_102' title="bbox 2430 4109 4005 4196">
     <span class='ocr_line' id='line_1_103' title="bbox 2430 4109 4005 4196; baseline -0.013 -18"><span class='ocrx_word' id='word_1_783' title='bbox 2430 4123 2720 4196; x_wconf 81' lang='lat' dir='ltr'><strong>promisit?</strong></span> <span class='ocrx_word' id='word_1_784' title='bbox 2747 4120 2862 4176; x_wconf 84' lang='lat' dir='ltr'><strong>Non</strong></span> <span class='ocrx_word' id='word_1_785' title='bbox 2894 4118 3046 4182; x_wconf 82' lang='lat' dir='ltr'><strong>dixit,</strong></span> <span class='ocrx_word' id='word_1_786' title='bbox 3086 4116 3157 4171; x_wconf 89' lang='lat' dir='ltr'><strong>Ut</strong></span> <span class='ocrx_word' id='word_1_787' title='bbox 3196 4120 3567 4182; x_wconf 79' lang='lat' dir='ltr'><strong>exspectarent</strong></span> <span class='ocrx_word' id='word_1_788' title='bbox 3600 4109 4005 4178; x_wconf 78' lang='lat' dir='ltr'><strong>promissionem</strong></span> 
     </span>
    </p>
   </div>
   <div class='ocr_carea' id='block_1_103' title="bbox 2431 4197 4004 4282">
    <p class='ocr_par' dir='ltr' id='par_1_103' title="bbox 2431 4197 4004 4282">
     <span class='ocr_line' id='line_1_104' title="bbox 2431 4197 4004 4282; baseline -0.018 -9"><span class='ocrx_word' id='word_1_789' title='bbox 2431 4232 2626 4273; x_wconf 83' lang='lat' dir='ltr'><strong>meam.</strong></span> <span class='ocrx_word' id='word_1_790' title='bbox 2656 4214 2748 4269; x_wconf 89' lang='lat' dir='ltr'><strong>sed</strong></span> <span class='ocrx_word' id='word_1_791' title='bbox 2779 4211 3181 4282; x_wconf 86' lang='lat' dir='ltr'><strong>promissionem</strong></span> <span class='ocrx_word' id='word_1_792' title='bbox 3202 4204 3394 4268; x_wconf 87' lang='lat' dir='ltr'><strong>Patris,</strong></span> <span class='ocrx_word' id='word_1_793' title='bbox 3423 4217 3579 4271; x_wconf 85' lang='lat' dir='ltr'><strong>quam</strong></span> <span class='ocrx_word' id='word_1_794' title='bbox 3611 4197 3839 4253; x_wconf 75' lang='lat' dir='ltr'><strong>audistis</strong></span> <span class='ocrx_word' id='word_1_795' title='bbox 3858 4213 3887 4249; x_wconf 88' lang='lat' dir='ltr'><strong>a</strong></span> <span class='ocrx_word' id='word_1_796' title='bbox 3908 4212 4004 4249; x_wconf 87' lang='lat' dir='ltr'><strong>me.</strong></span> 
     </span>
    </p>
   </div>
   <div class='ocr_carea' id='block_1_104' title="bbox 2431 4287 4011 4373">
    <p class='ocr_par' dir='ltr' id='par_1_104' title="bbox 2431 4287 4011 4373">
     <span class='ocr_line' id='line_1_105' title="bbox 2431 4287 4011 4373; baseline -0.016 -8"><span class='ocrx_word' id='word_1_797' title='bbox 2431 4308 2697 4372; x_wconf 72' lang='lat' dir='ltr'><strong>Profecto,</strong></span> <span class='ocrx_word' id='word_1_798' title='bbox 2729 4304 2893 4373; x_wconf 89' lang='lat' dir='ltr'><strong>inquit</strong></span> <span class='ocrx_word' id='word_1_799' title='bbox 2916 4342 2930 4367; x_wconf 91' lang='lat'><strong>,</strong></span> <span class='ocrx_word' id='word_1_800' title='bbox 2965 4301 3119 4354; x_wconf 85' lang='lat' dir='ltr'><strong>Pater</strong></span> <span class='ocrx_word' id='word_1_801' title='bbox 3146 4295 3405 4367; x_wconf 88' lang='lat' dir='ltr'><strong>promisit,</strong></span> <span class='ocrx_word' id='word_1_802' title='bbox 3434 4307 3534 4362; x_wconf 80' lang='lat' dir='ltr'><strong>ego</strong></span> <span class='ocrx_word' id='word_1_803' title='bbox 3560 4291 3763 4345; x_wconf 90' lang='lat' dir='ltr'><strong>monui.</strong></span> <span class='ocrx_word' id='word_1_804' title='bbox 3797 4289 3866 4343; x_wconf 83' lang='lat' dir='ltr'><strong>Et</strong></span> <span class='ocrx_word' id='word_1_805' title='bbox 3905 4287 4011 4341; x_wconf 83' lang='lat' dir='ltr'><strong>ubi-</strong></span> 
     </span>
    </p>
   </div>
   <div class='ocr_carea' id='block_1_105' title="bbox 2435 4384 4004 4469">
    <p class='ocr_par' dir='ltr' id='par_1_105' title="bbox 2435 4384 4004 4469">
     <span class='ocr_line' id='line_1_106' title="bbox 2435 4384 4004 4469; baseline -0.015 -13"><span class='ocrx_word' id='word_1_806' title='bbox 2435 4417 2556 4457; x_wconf 87' lang='lat' dir='ltr'><strong>nam</strong></span> <span class='ocrx_word' id='word_1_807' title='bbox 2588 4399 2825 4469; x_wconf 80' lang='lat' dir='ltr'><strong>promisu</strong></span> <span class='ocrx_word' id='word_1_808' title='bbox 2859 4394 3057 4449; x_wconf 85' lang='lat' dir='ltr'><strong>Pater?</strong></span> <span class='ocrx_word' id='word_1_809' title='bbox 3092 4393 3145 4446; x_wconf 88' lang='lat' dir='ltr'><strong>Si</strong></span> <span class='ocrx_word' id='word_1_810' title='bbox 3173 4389 3434 4446; x_wconf 83' lang='lat' dir='ltr'><strong>evolveris</strong></span> <span class='ocrx_word' id='word_1_811' title='bbox 3454 4398 3626 4441; x_wconf 87' lang='lat' dir='ltr'><strong>totum</strong></span> <span class='ocrx_word' id='word_1_812' title='bbox 3652 4384 4004 4454; x_wconf 77' lang='lat' dir='ltr'><strong>Evangelium,</strong></span> 
     </span>
    </p>
   </div>
   <div class='ocr_carea' id='block_1_106' title="bbox 2438 4474 4011 4550">
    <p class='ocr_par' dir='ltr' id='par_1_106' title="bbox 2438 4474 4011 4550">
     <span class='ocr_line' id='line_1_107' title="bbox 2438 4474 4011 4550; baseline -0.015 -4"><span class='ocrx_word' id='word_1_813' title='bbox 2438 4509 2541 4547; x_wconf 91' lang='lat' dir='ltr'><strong>non</strong></span> <span class='ocrx_word' id='word_1_814' title='bbox 2574 4490 2809 4545; x_wconf 82' lang='lat' dir='ltr'><strong>invenies</strong></span> <span class='ocrx_word' id='word_1_815' title='bbox 2836 4486 3005 4541; x_wconf 88' lang='lat' dir='ltr'><strong>Patris</strong></span> <span class='ocrx_word' id='word_1_816' title='bbox 3038 4497 3226 4537; x_wconf 83' lang='lat' dir='ltr'><strong>vocem</strong></span> <span class='ocrx_word' id='word_1_817' title='bbox 3256 4478 3614 4550; x_wconf 89' lang='lat' dir='ltr'><strong>promittentis</strong></span> <span class='ocrx_word' id='word_1_818' title='bbox 3655 4490 3713 4530; x_wconf 88' lang='lat' dir='ltr'><strong>se</strong></span> <span class='ocrx_word' id='word_1_819' title='bbox 3744 4474 4011 4542; x_wconf 71' lang='lat' dir='ltr'><strong>discipulis</strong></span> 
     </span>
    </p>
   </div>
   <div class='ocr_carea' id='block_1_107' title="bbox 2437 4565 4013 4647">
    <p class='ocr_par' dir='ltr' id='par_1_107' title="bbox 2437 4565 4013 4647">
     <span class='ocr_line' id='line_1_108' title="bbox 2437 4565 4013 4647; baseline -0.018 -8"><span class='ocrx_word' id='word_1_820' title='bbox 2437 4586 2678 4639; x_wconf 87' lang='lat' dir='ltr'><strong>daturum</strong></span> <span class='ocrx_word' id='word_1_821' title='bbox 2710 4595 2830 4635; x_wconf 87' lang='lat' dir='ltr'><strong>esse</strong></span> <span class='ocrx_word' id='word_1_822' title='bbox 2850 4578 3101 4647; x_wconf 89' lang='lat' dir='ltr'><strong>Spiritum</strong></span> <span class='ocrx_word' id='word_1_823' title='bbox 3127 4581 3386 4626; x_wconf 83' lang='lat' dir='ltr'><strong>sanctum.</strong></span> <span class='ocrx_word' id='word_1_824' title='bbox 3415 4569 3640 4624; x_wconf 83' lang='lat' dir='ltr'><strong>Ubinam</strong></span> <span class='ocrx_word' id='word_1_825' title='bbox 3669 4580 3800 4635; x_wconf 85' lang='lat' dir='ltr'><strong>ergo</strong></span> <span class='ocrx_word' id='word_1_826' title='bbox 3831 4565 4013 4633; x_wconf 74' lang='lat' dir='ltr'><strong>promi-</strong></span> 
     </span>
    </p>
   </div>
   <div class='ocr_carea' id='block_1_108' title="bbox 2440 4659 4011 4744">
    <p class='ocr_par' dir='ltr' id='par_1_108' title="bbox 2440 4659 4011 4744">
     <span class='ocr_line' id='line_1_109' title="bbox 2440 4659 4011 4744; baseline -0.016 -12"><span class='ocrx_word' id='word_1_827' title='bbox 2440 4678 2549 4732; x_wconf 82' lang='lat' dir='ltr'><strong>sit?</strong></span> <span class='ocrx_word' id='word_1_828' title='bbox 2596 4676 2651 4729; x_wconf 87' lang='lat' dir='ltr'><strong>ltt</strong></span> <span class='ocrx_word' id='word_1_829' title='bbox 2691 4672 2997 4744; x_wconf 85' lang='lat' dir='ltr'><strong>prophetis,</strong></span> <span class='ocrx_word' id='word_1_830' title='bbox 3048 4677 3107 4722; x_wconf 86' lang='lat' dir='ltr'><strong>ut</strong></span> <span class='ocrx_word' id='word_1_831' title='bbox 3150 4667 3279 4722; x_wconf 85' lang='lat' dir='ltr'><strong>dicit</strong></span> <span class='ocrx_word' id='word_1_832' title='bbox 3306 4663 3500 4719; x_wconf 84' lang='lat' dir='ltr'><strong>Paulus</strong></span> <span class='ocrx_word' id='word_1_833' title='bbox 3552 4682 3565 4715; x_wconf 89' lang='lat'><strong>:</strong></span> <span class='ocrx_word' id='word_1_834' title='bbox 3614 4659 3813 4713; x_wconf 73' lang='lat' dir='ltr'><strong>Paulus</strong></span> <span class='ocrx_word' id='word_1_835' title='bbox 3854 4673 4011 4712; x_wconf 75' lang='lat' dir='ltr'><strong>serra!</strong></span> 
     </span>
    </p>
   </div>
   <div class='ocr_carea' id='block_1_109' title="bbox 2440 4748 4015 4829">
    <p class='ocr_par' dir='ltr' id='par_1_109' title="bbox 2440 4748 4015 4829">
     <span class='ocr_line' id='line_1_110' title="bbox 2440 4748 4015 4829; baseline -0.017 -5"><span class='ocrx_word' id='word_1_836' title='bbox 2440 4770 2565 4824; x_wconf 77' lang='lat' dir='ltr'><strong>Iesu</strong></span> <span class='ocrx_word' id='word_1_837' title='bbox 2607 4769 2808 4829; x_wconf 76' lang='lat' dir='ltr'><strong>Christi,</strong></span> <span class='ocrx_word' id='word_1_838' title='bbox 2838 4776 3041 4817; x_wconf 84' lang='lat' dir='ltr'><strong>vocatus</strong></span> <span class='ocrx_word' id='word_1_839' title='bbox 3084 4758 3373 4829; x_wconf 80' lang='lat' dir='ltr'><strong>Apostolus,</strong></span> <span class='ocrx_word' id='word_1_840' title='bbox 3418 4751 3774 4825; x_wconf 82' lang='lat' dir='ltr'><strong>scgregatusin</strong></span> <span class='ocrx_word' id='word_1_841' title='bbox 3794 4748 4015 4815; x_wconf 70' lang='lat' dir='ltr'><strong>Evange-</strong></span> 
     </span>
    </p>
   </div>
   <div class='ocr_carea' id='block_1_110' title="bbox 2442 4836 4015 4928">
    <p class='ocr_par' dir='ltr' id='par_1_110' title="bbox 2442 4836 4015 4928">
     <span class='ocr_line' id='line_1_111' title="bbox 2442 4836 4015 4928; baseline -0.018 -12"><span class='ocrx_word' id='word_1_842' title='bbox 2442 4865 2563 4917; x_wconf 88' lang='lat' dir='ltr'><strong>lium</strong></span> <span class='ocrx_word' id='word_1_843' title='bbox 2593 4860 2706 4921; x_wconf 85' lang='lat' dir='ltr'><strong>Dei,</strong></span> <span class='ocrx_word' id='word_1_844' title='bbox 2737 4857 2870 4928; x_wconf 82' lang='lat' dir='ltr'><strong>quod</strong></span> <span class='ocrx_word' id='word_1_845' title='bbox 2898 4864 3013 4907; x_wconf 84' lang='lat' dir='ltr'><strong>ante</strong></span> <span class='ocrx_word' id='word_1_846' title='bbox 3054 4852 3351 4921; x_wconf 81' lang='lat' dir='ltr'><strong>promiserat</strong></span> <span class='ocrx_word' id='word_1_847' title='bbox 3382 4862 3470 4917; x_wconf 86' lang='lat' dir='ltr'><strong>per</strong></span> <span class='ocrx_word' id='word_1_848' title='bbox 3512 4843 3788 4915; x_wconf 79' lang='lat' dir='ltr'><strong>prophetas</strong></span> <span class='ocrx_word' id='word_1_849' title='bbox 3827 4855 3949 4894; x_wconf 76' lang='lat' dir='ltr'><strong>suos</strong></span> <span class='ocrx_word' id='word_1_850' title='bbox 3973 4836 4015 4888; x_wconf 85' lang='lat' dir='ltr'><strong>is</strong></span> 
     </span>
    </p>
   </div>
   <div class='ocr_carea' id='block_1_111' title="bbox 2444 4933 3755 5021">
    <p class='ocr_par' dir='ltr' id='par_1_111' title="bbox 2444 4933 3755 5021">
     <span class='ocr_line' id='line_1_112' title="bbox 2444 4933 3755 5021; baseline -0.017 -13"><span class='ocrx_word' id='word_1_851' title='bbox 2444 4952 2725 5021; x_wconf 84' lang='lat' dir='ltr'><strong>Scripturis</strong></span> <span class='ocrx_word' id='word_1_852' title='bbox 2744 4948 2927 5003; x_wconf 84' lang='lat' dir='ltr'><strong>sanctis</strong></span> <span class='ocrx_word' id='word_1_853' title='bbox 2952 4944 3013 4997; x_wconf 86' lang='lat' dir='ltr'><strong>de</strong></span> <span class='ocrx_word' id='word_1_854' title='bbox 3042 4942 3179 4996; x_wconf 79' lang='lat' dir='ltr'><strong>Filio</strong></span> <span class='ocrx_word' id='word_1_855' title='bbox 3197 4956 3289 4993; x_wconf 85' lang='lat' dir='ltr'><strong>suo</strong></span> <span class='ocrx_word' id='word_1_856' title='bbox 3311 4936 3487 4999; x_wconf 84' lang='lat' dir='ltr'><strong>(Rem.</strong></span> <span class='ocrx_word' id='word_1_857' title='bbox 3524 4936 3574 4988; x_wconf 77' lang='lat' dir='ltr'><strong>l.</strong></span> <span class='ocrx_word' id='word_1_858' title='bbox 3608 4933 3755 5000; x_wconf 74' lang='grc'><strong>1-5).</strong></span> 
     </span>
    </p>
   </div>
   <div class='ocr_carea' id='block_1_112' title="bbox 2514 5019 4016 5107">
    <p class='ocr_par' dir='ltr' id='par_1_112' title="bbox 2514 5019 4016 5107">
     <span class='ocr_line' id='line_1_113' title="bbox 2514 5019 4016 5107; baseline -0.021 -7"><span class='ocrx_word' id='word_1_859' title='bbox 2514 5019 2602 5100; x_wconf 66' lang='lat'><strong>1‘2.</strong></span> <span class='ocrx_word' id='word_1_860' title='bbox 2634 5043 2761 5097; x_wconf 86' lang='lat' dir='ltr'><strong>Cum</strong></span> <span class='ocrx_word' id='word_1_861' title='bbox 2808 5040 2949 5107; x_wconf 88' lang='lat' dir='ltr'><strong>prius</strong></span> <span class='ocrx_word' id='word_1_862' title='bbox 2995 5050 3121 5105; x_wconf 80' lang='lat' dir='ltr'><strong>ergo</strong></span> <span class='ocrx_word' id='word_1_863' title='bbox 3148 5028 3449 5103; x_wconf 90' lang='lat' dir='ltr'><strong>promiserit</strong></span> <span class='ocrx_word' id='word_1_864' title='bbox 3480 5023 3858 5093; x_wconf 79' lang='lat' dir='ltr'><strong>Evangelium,</strong></span> <span class='ocrx_word' id='word_1_865' title='bbox 3886 5019 4016 5089; x_wconf 83' lang='lat' dir='ltr'><strong>prius</strong></span> 
     </span>
    </p>
   </div>
   <div class='ocr_carea' id='block_1_113' title="bbox 2444 5115 4015 5205">
    <p class='ocr_par' dir='ltr' id='par_1_113' title="bbox 2444 5115 4015 5205">
     <span class='ocr_line' id='line_1_114' title="bbox 2444 5115 4015 5205; baseline -0.018 -16"><span class='ocrx_word' id='word_1_866' title='bbox 2444 5133 2689 5205; x_wconf 87' lang='lat' dir='ltr'><strong>promisit</strong></span> <span class='ocrx_word' id='word_1_867' title='bbox 2744 5132 2897 5185; x_wconf 67' lang='lat' dir='ltr'><strong>etiam</strong></span> <span class='ocrx_word' id='word_1_868' title='bbox 2928 5143 2985 5182; x_wconf 85' lang='lat' dir='ltr'><strong>se</strong></span> <span class='ocrx_word' id='word_1_869' title='bbox 3030 5126 3276 5182; x_wconf 81' lang='lat' dir='ltr'><strong>daturum</strong></span> <span class='ocrx_word' id='word_1_870' title='bbox 3313 5128 3433 5175; x_wconf 78' lang='lat' dir='ltr'><strong>esSe</strong></span> <span class='ocrx_word' id='word_1_871' title='bbox 3469 5115 3727 5186; x_wconf 87' lang='lat' dir='ltr'><strong>Spiritum</strong></span> <span class='ocrx_word' id='word_1_872' title='bbox 3765 5120 4015 5167; x_wconf 86' lang='lat' dir='ltr'><strong>sanctum.</strong></span> 
     </span>
    </p>
   </div>
   <div class='ocr_carea' id='block_1_114' title="bbox 2453 5208 4017 5292">
    <p class='ocr_par' dir='ltr' id='par_1_114' title="bbox 2453 5208 4017 5292">
     <span class='ocr_line' id='line_1_115' title="bbox 2453 5208 4017 5292; baseline -0.02 -8"><span class='ocrx_word' id='word_1_873' title='bbox 2453 5228 2676 5284; x_wconf 88' lang='lat' dir='ltr'><strong>Ubinam</strong></span> <span class='ocrx_word' id='word_1_874' title='bbox 2723 5224 2809 5277; x_wconf 90' lang='lat' dir='ltr'><strong>illa</strong></span> <span class='ocrx_word' id='word_1_875' title='bbox 2863 5220 3143 5292; x_wconf 90' lang='lat' dir='ltr'><strong>promissio</strong></span> <span class='ocrx_word' id='word_1_876' title='bbox 3190 5210 3457 5285; x_wconf 81' lang='lat' dir='ltr'><strong>Spiritus?</strong></span> <span class='ocrx_word' id='word_1_877' title='bbox 3510 5208 3802 5263; x_wconf 66' lang='lat' dir='ltr'><strong>Vobiscum</strong></span> <span class='ocrx_word' id='word_1_878' title='bbox 3852 5216 4017 5273; x_wconf 63' lang='lat' dir='ltr'><strong>quam</strong></span> 
     </span>
    </p>
   </div>
   <div class='ocr_carea' id='block_1_115' title="bbox 2446 5296 4020 5393">
    <p class='ocr_par' dir='ltr' id='par_1_115' title="bbox 2446 5296 4020 5393">
     <span class='ocr_line' id='line_1_116' title="bbox 2446 5296 4020 5393; baseline -0.02 -17"><span class='ocrx_word' id='word_1_879' title='bbox 2446 5320 2597 5393; x_wconf 85' lang='lat' dir='ltr'><strong>quasi</strong></span> <span class='ocrx_word' id='word_1_880' title='bbox 2624 5334 2757 5373; x_wconf 86' lang='lat' dir='ltr'><strong>unus</strong></span> <span class='ocrx_word' id='word_1_881' title='bbox 2798 5332 2860 5371; x_wconf 75' lang='lat' dir='ltr'><strong>ex</strong></span> <span class='ocrx_word' id='word_1_882' title='bbox 2893 5314 3074 5377; x_wconf 85' lang='lat' dir='ltr'><strong>vobis;</strong></span> <span class='ocrx_word' id='word_1_883' title='bbox 3114 5326 3234 5365; x_wconf 89' lang='lat' dir='ltr'><strong>cum</strong></span> <span class='ocrx_word' id='word_1_884' title='bbox 3280 5322 3403 5362; x_wconf 79' lang='lat' dir='ltr'><strong>vere</strong></span> <span class='ocrx_word' id='word_1_885' title='bbox 3430 5320 3567 5359; x_wconf 90' lang='lat' dir='ltr'><strong>unus</strong></span> <span class='ocrx_word' id='word_1_886' title='bbox 3612 5317 3679 5355; x_wconf 79' lang='lat' dir='ltr'><strong>ex</strong></span> <span class='ocrx_word' id='word_1_887' title='bbox 3734 5300 3891 5353; x_wconf 76' lang='lat' dir='ltr'><strong>vobis</strong></span> <span class='ocrx_word' id='word_1_888' title='bbox 3933 5296 4020 5347; x_wconf 80' lang='lat' dir='ltr'><strong>sint</strong></span> 
     </span>
    </p>
   </div>
   <div class='ocr_carea' id='block_1_116' title="bbox 2450 5397 4089 5477">
    <p class='ocr_par' dir='ltr' id='par_1_116' title="bbox 2450 5397 4089 5477">
     <span class='ocr_line' id='line_1_117' title="bbox 2450 5397 4089 5477; baseline -0.02 -9"><span class='ocrx_word' id='word_1_889' title='bbox 2450 5414 2551 5467; x_wconf 76' lang='lat' dir='ltr'><strong>fide</strong></span> <span class='ocrx_word' id='word_1_890' title='bbox 2581 5422 2634 5466; x_wconf 90' lang='lat' dir='ltr'><strong>et</strong></span> <span class='ocrx_word' id='word_1_891' title='bbox 2674 5409 2891 5463; x_wconf 78' lang='lat' dir='ltr'><strong>caritate</strong></span> <span class='ocrx_word' id='word_1_892' title='bbox 2917 5422 3040 5477; x_wconf 87' lang='lat' dir='ltr'><strong>erga</strong></span> <span class='ocrx_word' id='word_1_893' title='bbox 3067 5403 3355 5459; x_wconf 86' lang='lat' dir='ltr'><strong>Christum.</strong></span> <span class='ocrx_word' id='word_1_894' title='bbox 3384 5398 3539 5466; x_wconf 60' lang='lat' dir='ltr'><strong>Saepe</strong></span> <span class='ocrx_word' id='word_1_895' title='bbox 3584 5406 3824 5461; x_wconf 87' lang='lat' dir='ltr'><strong>namque</strong></span> <span class='ocrx_word' id='word_1_896' title='bbox 3851 5397 4021 5443; x_wconf 65' lang='lat' dir='ltr'><strong>vestra</strong></span> <span class='ocrx_word' id='word_1_897' title='bbox 4088 5456 4089 5463; x_wconf 10' lang='grc' dir='ltr'>γ</span> 
     </span>
    </p>
   </div>
   <div class='ocr_carea' id='block_1_117' title="bbox 2450 5477 4019 5565">
    <p class='ocr_par' dir='ltr' id='par_1_117' title="bbox 2450 5477 4019 5565">
     <span class='ocr_line' id='line_1_118' title="bbox 2450 5477 4019 5565; baseline -0.02 -7"><span class='ocrx_word' id='word_1_898' title='bbox 2450 5503 2653 5559; x_wconf 87' lang='lat' dir='ltr'><strong>caritati</strong></span> <span class='ocrx_word' id='word_1_899' title='bbox 2678 5501 2805 5563; x_wconf 77' lang='lat' dir='ltr'><strong>dixi,</strong></span> <span class='ocrx_word' id='word_1_900' title='bbox 2835 5514 2961 5553; x_wconf 71' lang='lat' dir='ltr'><strong>oves</strong></span> <span class='ocrx_word' id='word_1_901' title='bbox 2989 5509 3037 5551; x_wconf 89' lang='lat' dir='ltr'><strong>et</strong></span> <span class='ocrx_word' id='word_1_902' title='bbox 3064 5503 3304 5565; x_wconf 87' lang='lat' dir='ltr'><strong>pastores</strong></span> <span class='ocrx_word' id='word_1_903' title='bbox 3330 5507 3393 5545; x_wconf 79' lang='lat' dir='ltr'><strong>ex</strong></span> <span class='ocrx_word' id='word_1_904' title='bbox 3425 5488 3657 5543; x_wconf 85' lang='lat' dir='ltr'><strong>humana</strong></span> <span class='ocrx_word' id='word_1_905' title='bbox 3679 5483 3942 5538; x_wconf 64' lang='lat' dir='ltr'><strong>divisione</strong></span> <span class='ocrx_word' id='word_1_906' title='bbox 3960 5477 4019 5531; x_wconf 85' lang='lat' dir='ltr'><strong>sic</strong></span> 
     </span>
    </p>
   </div>
   <div class='ocr_carea' id='block_1_118' title="bbox 2450 5570 4017 5661">
    <p class='ocr_par' dir='ltr' id='par_1_118' title="bbox 2450 5570 4017 5661">
     <span class='ocr_line' id='line_1_119' title="bbox 2450 5570 4017 5661; baseline -0.017 -12"><span class='ocrx_word' id='word_1_907' title='bbox 2450 5594 2629 5649; x_wconf 82' lang='lat' dir='ltr'><strong>vocari</strong></span> <span class='ocrx_word' id='word_1_908' title='bbox 2662 5612 2673 5645; x_wconf 91' lang='lat'><strong>:</strong></span> <span class='ocrx_word' id='word_1_909' title='bbox 2707 5609 2825 5645; x_wconf 86' lang='lat' dir='ltr'><strong>nam</strong></span> <span class='ocrx_word' id='word_1_910' title='bbox 2853 5609 2974 5661; x_wconf 72' lang='lat' dir='ltr'><strong>erga</strong></span> <span class='ocrx_word' id='word_1_911' title='bbox 3000 5590 3267 5644; x_wconf 83' lang='lat' dir='ltr'><strong>Christum</strong></span> <span class='ocrx_word' id='word_1_912' title='bbox 3299 5597 3483 5638; x_wconf 89' lang='lat' dir='ltr'><strong>omnes</strong></span> <span class='ocrx_word' id='word_1_913' title='bbox 3530 5592 3722 5634; x_wconf 85' lang='lat' dir='ltr'><strong>sumus</strong></span> <span class='ocrx_word' id='word_1_914' title='bbox 3764 5591 3912 5631; x_wconf 73' lang='lat' dir='ltr'><strong>oves.</strong></span> <span class='ocrx_word' id='word_1_915' title='bbox 3944 5570 4017 5625; x_wconf 74' lang='grc' dir='ltr'><strong>Ειο</strong></span> 
     </span>
    </p>
   </div>
   <div class='ocr_carea' id='block_1_119' title="bbox 2452 5666 4017 5752">
    <p class='ocr_par' dir='ltr' id='par_1_119' title="bbox 2452 5666 4017 5752">
     <span class='ocr_line' id='line_1_120' title="bbox 2452 5666 4017 5752; baseline -0.017 -10"><span class='ocrx_word' id='word_1_916' title='bbox 2452 5688 2591 5743; x_wconf 89' lang='lat' dir='ltr'><strong>enim</strong></span> <span class='ocrx_word' id='word_1_917' title='bbox 2642 5694 2743 5738; x_wconf 87' lang='lat' dir='ltr'><strong>tam</strong></span> <span class='ocrx_word' id='word_1_918' title='bbox 2776 5693 3031 5752; x_wconf 85' lang='lat' dir='ltr'><strong>pastores,</strong></span> <span class='ocrx_word' id='word_1_919' title='bbox 3072 5694 3229 5749; x_wconf 88' lang='lat' dir='ltr'><strong>quam</strong></span> <span class='ocrx_word' id='word_1_920' title='bbox 3269 5678 3301 5732; x_wconf 93' lang='lat' dir='ltr'><strong>ii</strong></span> <span class='ocrx_word' id='word_1_921' title='bbox 3343 5676 3430 5746; x_wconf 91' lang='lat' dir='ltr'><strong>qui</strong></span> <span class='ocrx_word' id='word_1_922' title='bbox 3475 5681 3808 5743; x_wconf 86' lang='lat' dir='ltr'><strong>pascuntur,</strong></span> <span class='ocrx_word' id='word_1_923' title='bbox 3849 5666 4017 5721; x_wconf 75' lang='lat' dir='ltr'><strong>abem</strong></span> 
     </span>
    </p>
   </div>
   <div class='ocr_carea' id='block_1_120' title="bbox 2455 5752 4089 5849">
    <p class='ocr_par' dir='ltr' id='par_1_120' title="bbox 2455 5752 4089 5849">
     <span class='ocr_line' id='line_1_121' title="bbox 2455 5752 4089 5849; baseline -0.013 -17"><span class='ocrx_word' id='word_1_924' title='bbox 2455 5791 2689 5849; x_wconf 88' lang='lat' dir='ltr'><strong>superno</strong></span> <span class='ocrx_word' id='word_1_925' title='bbox 2715 5784 2924 5844; x_wconf 87' lang='lat' dir='ltr'><strong>pastore</strong></span> <span class='ocrx_word' id='word_1_926' title='bbox 2959 5782 3263 5843; x_wconf 86' lang='lat' dir='ltr'><strong>pascuntur.</strong></span> <span class='ocrx_word' id='word_1_927' title='bbox 3300 5768 3527 5825; x_wconf 89' lang='lat' dir='ltr'><strong>Ubinam</strong></span> <span class='ocrx_word' id='word_1_928' title='bbox 3573 5780 3708 5836; x_wconf 83' lang='lat' dir='ltr'><strong>ergo</strong></span> <span class='ocrx_word' id='word_1_929' title='bbox 3760 5752 4015 5835; x_wconf 73' lang='lat' dir='ltr'><strong>promisit!</strong></span> 
     </span>
    </p>
   </div>
   <div class='ocr_carea' id='block_1_121' title="bbox 2460 5857 4019 5938">
    <p class='ocr_par' dir='ltr' id='par_1_121' title="bbox 2460 5857 4019 5938">
     <span class='ocr_line' id='line_1_122' title="bbox 2460 5857 4019 5938; baseline -0.009 -13"><span class='ocrx_word' id='word_1_930' title='bbox 2460 5869 2596 5927; x_wconf 88' lang='lat' dir='ltr'><strong>Dicit</strong></span> <span class='ocrx_word' id='word_1_931' title='bbox 2616 5869 2753 5925; x_wconf 87' lang='lat' dir='ltr'><strong>Deus</strong></span> <span class='ocrx_word' id='word_1_932' title='bbox 2781 5881 2874 5938; x_wconf 87' lang='lat' dir='ltr'><strong>per</strong></span> <span class='ocrx_word' id='word_1_933' title='bbox 2904 5867 3212 5938; x_wconf 89' lang='lat' dir='ltr'><strong>prophetam</strong></span> <span class='ocrx_word' id='word_1_934' title='bbox 3238 5861 3355 5918; x_wconf 82' lang='lat' dir='ltr'><strong>Joel</strong></span> <span class='ocrx_word' id='word_1_935' title='bbox 3385 5878 3399 5917; x_wconf 88' lang='lat'><strong>:</strong></span> <span class='ocrx_word' id='word_1_936' title='bbox 3432 5858 3497 5914; x_wconf 86' lang='lat' dir='ltr'><strong>In</strong></span> <span class='ocrx_word' id='word_1_937' title='bbox 3524 5860 3821 5916; x_wconf 81' lang='lat' dir='ltr'><strong>norissiatis</strong></span> <span class='ocrx_word' id='word_1_938' title='bbox 3847 5857 4019 5914; x_wconf 65' lang='lat' dir='ltr'><strong>dicitur.</strong></span> 
     </span>
    </p>
   </div>
  </div>
