4126 6508
138 433 275 493 785

138 551 293 603 dicit
340 548 589 604 Dominus
638 546 976 614 omnipotens,
1020 539 1281 608 c/fundam
1320 536 1383 589 de
1418 529 1617 603 Spiritu
1656 537 1765 577 meo

136 656 325 711 super
366 654 564 694 omnem
589 652 815 701 carnem,
847 646 894 689 et
917 628 1288 703 prop/tctabunt
1321 624 1416 695 ﬁlii
1467 620 1617 676 uestri
1638 628 1684 671 et
1713 617 1769 685 ﬁ.

137 734 249 786 tias
299 740 479 785 vestrm
526 727 663 802 (Joel
699 726 755 781 9..
808 725 943 795 28).
1002 724 1081 778 En
1127 722 1287 792 igitur
1337 712 1767 787 promissionem.

138 824 411 878 Eventus
434 820 771 892 quandonam
789 819 813 873 1
831 817 965 873 Cum
996 812 1275 870 descendit
1300 809 1531 879 Spiritus
1552 812 1771 859 sanctus

134 916 205 971 in
245 916 549 986 apostolos,
596 922 652 969 et
692 911 966 968 distribuit
988 910 1067 965 eis
1096 908 1393 977 linguarum
1430 900 1768 961 divisionem,

135 1017 207 1063 rt
245 1008 605 1078 loquebantur
633 1007 848 1077 linguis.
890 1004 948 1059 lu
974 1002 1248 1058 ebrietatis
1276 996 1634 1069 suspicionem
1669 1004 1770 1045 vo-

134 1098 453 1163 cabantur,
483 1097 715 1167 dicitque
743 1097 973 1153 Petrus:
1011 1092 1121 1148 Viri
1148 1091 1422 1151 Israelitat,
1452 1086 1577 1157 quid
1606 1092 1774 1138 atten-

141 1192 401 1247 ditislsis
424 1192 709 1246 hominibus
736 1190 884 1261 quasi
922 1188 1093 1254 ebriis,
1123 1202 1240 1241 cum
1283 1184 1348 1239 sit
1386 1183 1513 1236 liora
1538 1178 1637 1232 diei
1665 1188 1770 1231 ter-

144 1286 233 1337 tia
254 1285 287 1338 ?
315 1284 425 1339 Sed
454 1284 551 1338 hoc
575 1283 805 1353 estquod
831 1281 1021 1335 dictum
1053 1287 1124 1334 est
1166 1293 1256 1348 per
1282 1273 1582 1346 prophetam
1606 1267 1724 1323 Joel
1752 1281 1771 1321 :

146 1377 225 1433 In
252 1380 544 1433 novissimis
567 1377 760 1442 diebus,
792 1376 918 1429 dicit
950 1372 1223 1436 Dominus,
1275 1366 1536 1436 eﬂ'undam
1558 1363 1621 1417 de
1644 1360 1770 1429 Spi-

144 1474 266 1525 ritu
296 1487 407 1526 meo
453 1486 607 1540 super
642 1486 842 1525 omnem
887 1483 1091 1523 carnem
1120 1465 1274 1538 (Act.
1324 1461 1384 1517 Ξ.
1431 1480 1481 1518 υ.
1535 1453 1767 1524 14ο17).

146 1562 300 1619 llaec
327 1572 413 1620 est
442 1562 616 1618 Patris
644 1562 949 1632 promissio.
974 1559 1325 1615 Atundenam
1355 1555 1522 1625 liquet
1542 1549 1773 1623 promis-

144 1654 380 1709 sionem
407 1669 474 1708 ex
507 1669 734 1723 persona
778 1652 949 1707 Patris
976 1651 1133 1707 esse?
1186 1643 1618 1719 quandoquidem
1648 1640 1774 1695 novi

146 1744 333 1798 etiam
366 1741 560 1798 Filium
584 1743 635 1796 in
664 1742 937 1812 prophetis
963 1741 1259 1811 loquutum,
1292 1736 1562 1792 undenam
1604 1733 1774 1803 liquet

146 1833 386 1889 Patrem
427 1835 529 1889 hoc
572 1834 810 1888 dixisse?
841 1831 1119 1900 Effundam
1154 1834 1217 1886 de
1240 1829 1443 1901 Spiritu
1466 1842 1577 1880 meo
1621 1838 1775 1894 super

147 1943 371 1980 omnem
393 1942 631 1990 carnem,
657 1935 705 1980 et
735 1925 1107 1997 prop/tetabunt
1152 1924 1251 1993 filii
1278 1920 1429 1976 vestri
1447 1930 1494 1976 et
1541 1918 1664 1985 ﬁlia:
1691 1931 1772 1970 ve-

146 2029 309 2073 strae.
342 2016 510 2079 Dabo.
562 2019 754 2088 inquit,
784 2019 929 2089 signa
955 2019 1008 2072 in
1034 2019 1159 2072 caelo
1182 2031 1383 2071 sursum
1408 2055 1424 2081 ,
1457 2024 1504 2069 et
1550 2013 1605 2066 in
1638 2020 1776 2068 terra

150 2110 410 2165 deorsum
433 2129 451 2177 ;
473 2113 789 2183 sanguinem.
819 2122 865 2166 et
878 2114 1067 2183 ignem,
1099 2122 1145 2166 et
1170 2126 1408 2181 vaporem
1436 2104 1789 2182 fumi(.loel.2.

149 2209 231 2265 30
254 2202 309 2271 ).
339 2204 462 2259 Dixi
488 2220 653 2275 saepe,
698 2206 1009 2275 sanguinem
1041 2206 1206 2261 latere
1236 2203 1488 2259 ﬂuentem
1519 2219 1532 2254 :
1562 2202 1775 2273 signum

151 2299 314 2355 enim
344 2308 461 2354 erat
504 2301 801 2354 maximum
844 2314 875 2354 a
908 2308 1123 2355 mortuo
1172 2313 1401 2369 corpore
1457 2295 1775 2367 sanguinem

150 2394 483 2449 afﬂuentem
529 2396 743 2459 videre;
776 2398 1088 2466 sanguinem
1142 2411 1175 2451 e
1223 2395 1390 2450 latere
1442 2400 1771 2459 manantem,

153 2486 351 2555 ignem
401 2487 452 2539 in
506 2488 779 2558 apostolos
839 2487 1275 2544 descendentem.
1325 2486 1677 2558 Sanguinem,
1728 2494 1776 2539 et

153 2580 360 2650 ignem,
394 2589 439 2634 et
483 2597 721 2650 vaporem
767 2583 913 2654 fumi.
947 2582 1044 2637 Sol
1080 2590 1393 2637 conccrtctur
1440 2582 1495 2635 in
1525 2580 1772 2643 tenebras,

154 2684 203 2727 et
242 2673 377 2727 luna
431 2675 482 2727 in
516 2676 834 2746 sanguinem,
885 2686 1151 2746 antequam
1202 2675 1369 2730 veniat
1420 2674 1527 2728 dies
1568 2671 1777 2726 Domini

153 2782 386 2836 magnus
406 2775 452 2820 ct
484 2767 695 2821 illustris
721 2767 818 2840 (tt).
856 2767 1235 2823 Animadverte
1263 2768 1568 2837 loquentem
1608 2765 1775 2820 Deum

159 2856 413 2923 Patrem,
455 2858 726 2928 quomodo
757 2859 949 2914 Filium
991 2859 1208 2925 indicet,
1234 2860 1449 2929 quando
1480 2859 1641 2925 dicit,
1669 2858 1777 2911 An-

156 2959 371 3020 tequam
398 2952 561 3005 veniat
575 2952 680 3007 dies
697 2950 947 3021 Domini;
976 2968 1082 3008 non
1110 2953 1259 3021 dicit,
1288 2954 1413 3009 Dies
1433 2969 1604 3009 meus.
1634 2952 1774 3018 Quid

156 3043 375 3111 igitur?
402 3044 457 3099 Si
484 3054 541 3099 tu
576 3046 673 3102 das
700 3047 872 3117 signa,
898 3063 994 3103 cur
1040 3050 1093 3103 in
1148 3050 1313 3104 alium
1364 3050 1774 3121 intelligentiam

158 3134 451 3201 transfers,
481 3137 686 3199 dicens.
709 3139 990 3213 Antequam
1010 3144 1171 3196 veniat
1191 3143 1298 3198 dies
1324 3142 1534 3198 Domini
1559 3161 1776 3215 magnus

158 3236 205 3280 ct
236 3226 504 3281 illustris?
552 3230 803 3286 Animum
849 3233 1066 3288 adhibe.
1114 3234 1274 3291 Forte
1319 3236 1462 3291 dicat
1509 3238 1773 3309 quispiam

157 3318 487 3388 prophetam
528 3320 668 3391 loqui
714 3338 778 3378 ex
828 3338 924 3378 sua
979 3326 1191 3397 pmpria
1256 3342 1484 3398 persona
1534 3347 1547 3384 :
1613 3330 1773 3384 Ante-

156 3425 316 3478 quam
359 3412 526 3465 veniat
572 3415 697 3467 dies.
739 3416 809 3471 At
853 3432 957 3472 non
1006 3428 1215 3489 poterat
1251 3420 1432 3477 dicere
1464 3423 1723 3498 prophetq
1755 3466 1770 3479 .

160 3502 458 3571 Eﬂundam
482 3507 545 3561 de
570 3508 770 3579 Spiritu
812 3528 920 3565 meo
957 3530 1111 3583 super
1136 3531 1335 3569 omnem
1360 3532 1583 3579 carnem,
1630 3528 1771 3572 ante-

154 3613 315 3663 quam
340 3600 508 3654 veniat
534 3600 640 3655 dies
658 3600 860 3657 Domini
876 3622 1091 3676 magnus
1108 3616 1156 3659 et
1182 3607 1415 3663 illustris.
1444 3608 1512 3663 Et
1532 3610 1645 3678 erit,
1661 3628 1774 3668 om-

159 3688 238 3743 uis
264 3690 575 3762 quicumque
620 3695 921 3749 inrocaverit
955 3713 1136 3752 nomen
1179 3700 1405 3767 Domini,
1435 3703 1605 3759 salvus
1653 3704 1766 3759 erit.

160 3778 275 3834 Hoc
308 3783 494 3852 itaque
521 3785 660 3840 Deus
690 3787 741 3841 in
784 3789 1059 3859 prophetis
1087 3792 1236 3858 dicit,
1271 3794 1467 3851 Paulus
1496 3812 1625 3853 vero
1651 3797 1770 3855 haec

159 3871 349 3942 adjicit
382 3891 396 3927 :
426 3874 548 3945 Ipse
574 3887 743 3932 autem
767 3879 1020 3936 Dominus
1048 3885 1297 3953 omnium,
1328 3888 1467 3942 dives
1494 3890 1547 3944 in
1569 3907 1765 3959 omnes,

158 3967 246 4033 qui
273 3967 516 4022 invocant
558 3970 723 4024 illum.
760 3970 939 4027 Omnis
966 3977 1098 4029 enim
1139 3979 1437 4048 quicumque
1462 3984 1767 4039 invocaverit

162 4073 350 4113 nomen
407 4059 633 4128 Domini,
681 4065 851 4120 salvus
902 4067 996 4121 erit
1028 4067 1205 4137 (Rom.
1259 4072 1345 4127 10.
1393 4074 1478 4129 12.
1525 4106 1597 4116 --
1652 4076 1763 4150 15).

161 4152 372 4211 Deinde
399 4157 690 4214 ostendens
717 4159 818 4216 hoc
839 4161 905 4217 de
949 4161 1161 4221 Christo
1206 4166 1408 4222 dictum
1455 4185 1598 4237 esse,
1646 4175 1767 4227 ait:

166 4243 438 4310 Quomodo
465 4265 585 4320 ergo
624 4250 944 4320 invocabant,
990 4254 1044 4309 in
1080 4274 1225 4326 quem
1258 4276 1357 4313 non
1400 4263 1769 4319 crediderunt?

160 4340 417 4400 quomodo
461 4341 664 4397 credent
707 4344 770 4409 ei,
822 4362 969 4413 quem
1024 4364 1124 4403 non
1163 4352 1477 4409 audierunt?
1514 4358 1767 4425 quomodo

163 4441 277 4482 tero
321 4431 530 4485 audient
566 4434 675 4488 sine
699 4437 1005 4505 prtvdicante
1026 4438 1052 4490 ."
1090 4443 1339 4510 quomodo
1381 4456 1551 4500 autem
1580 4450 1769 4517 pra'di-

163 4516 364 4589 cubant,
398 4523 498 4577 nisi
522 4526 824 4581 mittantur?
850 4529 999 4584 Sicut
1036 4534 1282 4603 scriptum
1311 4549 1383 4590 est
1407 4553 1425 4590 .'
1463 4516 1765 4611 Quamspe-

164 4610 285 4665 ciosi
332 4614 485 4684 pedes
538 4621 991 4690 euangelizandum
1041 4642 1220 4694 pacem
1247 4670 1261 4694 ,
1311 4610 1765 4701 euangelizandum

164 4702 291 4760 bona
321 4707 428 4778 (Ib.
472 4725 518 4762 υ.
553 4711 639 4765 ll.
674 4713 810 4784 15)!
856 4716 1105 4770 Animum
1145 4720 1360 4786 adhibe,
1392 4737 1591 4793 qiucso.
1622 4724 1766 4781 Prw-

168 4804 312 4873 cepit,
357 4806 549 4875 inquit,
580 4808 650 4861 eis
684 4810 747 4863 ab
788 4808 1122 4883 Jerosolymis
1175 4833 1235 4870 ne
1275 4818 1621 4887 discederent,
1676 4823 1766 4876 sed

166 4907 513 4963 ecspectarent
534 4901 919 4969 promissionem
940 4904 1134 4973 Patris,
1157 4926 1307 4979 quant
1336 4911 1552 4967 audistis
1578 4930 1609 4967 a
1635 4932 1713 4969 nte
1741 4931 1761 4981 ,'

165 4986 279 5051 quia
292 4988 523 5044 Joannes
544 4993 745 5061 quidem
760 4995 1031 5066 baptizavit
1056 5017 1206 5071 aqua,
1231 5018 1318 5057 vos
1344 5015 1510 5060 autem
1537 5006 1767 5077 baptiza-

166 5078 337 5135 bimini
368 5083 569 5154 Spiritu
590 5100 780 5144 sancio.
813 5106 912 5144 non
937 5102 1048 5161 post
1075 5096 1258 5151 multos
1283 5098 1375 5152 ltos
1399 5100 1505 5154 dies
1537 5104 1674 5170 (.lct.
1710 5104 1761 5158 1.

168 5170 216 5222 ι.
247 5172 326 5243 5).
374 5175 507 5230 Nam
548 5193 668 5246 post
718 5182 1067 5253 quadraginta
1107 5188 1222 5243 dies
1249 5189 1434 5246 decem
1466 5205 1619 5247 erant
1647 5196 1764 5251 dies

168 5280 327 5336 usque
400 5273 470 5327 ad
523 5275 913 5345 Pentemsten,
979 5283 1029 5335 in
1101 5288 1202 5353 qua
1273 5288 1517 5357 apparuit
1587 5291 1761 5360 Spiri-

170 5368 249 5453 tus
291 5376 529 5435 sanctus,
572 5379 627 5424 et
676 5370 963 5441 baptizavit
990 5379 1295 5447 apostolos,
1344 5396 1451 5436 non
1481 5399 1639 5453 aqua,
1668 5387 1760 5441 sed

166 5449 301 5522 igne.

240 5550 325 5606 i5.
367 5553 463 5610 llic
510 5557 687 5627 itaque
717 5561 942 5617 solvitur
967 5567 1196 5634 qumstio
1240 5585 1270 5624 a
1316 5571 1560 5640 plurimis
1593 5588 1758 5632 mota.

175 5635 309 5696 llulti
356 5648 684 5717 quaesierunt
713 5694 727 5719 ,
777 5669 903 5710 num
954 5667 1076 5714 ante
1121 5662 1410 5719 Sal-caloris
1457 5669 1759 5737 passionem

332 5804 701 5885 Δῃῑςεῆῃιιιιιῑειοωι
754 5814 899 5874 uegit)
943 5812 1069 5865 2030
1112 5818 1471 5879 excorrcimus,
1514 5835 1624 5885 qua:
1666 5837 1757 5878 non

188 5864 308 5913 3mm
332 5867 375 5915 in
399 5871 731 5920 Ollttlttntimto-

838 430 899 485 IN
941 419 1414 483 ASCENSIUNEM
1457 417 1515 470 ll.
1563 410 1622 467 Ν.
1666 407 1713 460 .l.
1756 410 1769 457 t

1877 400 1947 457 Μ’
1991 399 2055 455 1Ν
2099 396 2387 455 PRINCJ’.
2435 398 2585 450 Atil.
2633 392 2688 445 ll.
3379 380 3481 429 ἷεέιὶ

1881 514 2132 585 baptizati
2173 512 2373 567 fuerint
2420 505 2649 579 apostoli
2703 502 2967 571 baptismo
2998 495 3325 567 evangelico.
3375 493 3484 546 Nos

1878 622 2008 662 vero
2071 621 2244 676 neque
2295 602 2616 659 sententiam
2669 595 2900 653 dicimus
2934 633 2951 658 ,
2984 605 3156 661 neque
3185 585 3483 642 ratiociniis

1878 699 2129 754 humanis
2155 706 2356 752 tantam
2386 690 2807 750 controversiam
2833 681 3193 757 aggredimur,
3217 677 3313 734 sed
3338 678 3483 733 Scri—

1876 791 2049 862 pturis
2079 788 2368 844 haeremus.
2413 782 2794 854 Comperinms
2851 774 3128 847 apostolos
3181 781 3308 826 ante
3358 784 3483 862 pas—

1878 860 2085 937 sionem
2121 879 2321 936 Christi
2351 877 2619 949 baptisma
2644 870 2867 929 Joannis
2907 866 3161 936 Baptista:
3187 860 3482 929 accepissr.

1879 956 2136 1029 Servaior
2163 979 2343 1025 autem
2374 976 2499 1022 ante
2528 966 2833 1036 passionem
2881 957 3023 1013 aliud
3072 953 3337 1025 baptisma
3376 964 3484 1004 non

1878 1063 2045 1127 dedit,
2070 1076 2139 1116 ne
2163 1059 2388 1115 Joannis
2420 1053 2859 1127 praedicationem
2881 1050 3197 1117 abrogaret,
3231 1054 3487 1098 ansamve

1880 1152 2285 1212 contradicendi
2334 1149 2537 1207 Judwis
2586 1146 2893 1219 praeberet,
2944 1139 3087 1212 quod
3142 1136 3209 1193 ad
3259 1134 3492 1192 Joannis

1880 1248 2136 1318 Baptistae
2163 1243 2547 1302 contumeliam
2589 1237 2731 1295 aliud
2774 1236 2877 1293 sibi
2916 1232 3191 1306 proprimn
3221 1227 3487 1298 baptisma

1879 1342 2217 1407 induxisset,
2275 1338 2370 1396 sed
2427 1337 2550 1392 illos
2591 1334 2803 1390 sinebat
2832 1331 3023 1403 pignus
3049 1341 3203 1398 aqua:
3244 1321 3446 1378 habere
3470 1359 3487 1382 .

1878 1449 2163 1493 reservans
2191 1433 2297 1489 illis
2335 1430 2563 1503 gratiam
2615 1427 2883 1497 Spiritus.
2916 1420 3280 1491 Quamobrem
3332 1415 3485 1486 quasi

1878 1525 2119 1582 nondum
2146 1523 2480 1593 accepissent
2510 1519 2767 1590 Spiritum
2787 1559 2803 1582 ,
2834 1515 2943 1583 ait,
2974 1510 3201 1582 Accipite
3228 1508 3485 1591 Spiritum

1878 1630 2108 1673 sanctum
2126 1634 2144 1684 ;
2178 1616 2433 1685 additque
2465 1632 2479 1669 :
2512 1612 2656 1667 Abite
2689 1606 3069 1679 Jerosolymam
3094 1645 3107 1671 ,
3139 1612 3184 1658 et
3214 1601 3281 1656 ibi
3309 1615 3489 1670 exspe-

1879 1722 2011 1767 ctate
2059 1710 2444 1783 promissionem
2478 1705 2672 1772 Patris,
2708 1720 2863 1776 quam
2902 1700 3122 1757 audistis
3158 1715 3193 1753 a
3216 1712 3332 1761 nte;
3368 1696 3490 1766 quia

1879 1804 2111 1857 Joannes
2137 1802 2341 1874 quidem
2385 1800 2660 1870 baptizavit
2709 1813 2864 1868 aqua,
2889 1810 2978 1850 vos
3004 1801 3175 1847 autem
3201 1788 3488 1862 baptizabi-

1881 1895 2007 1949 mini
2034 1893 2239 1965 Spiritu
2277 1901 2455 1947 sancto
2504 1908 2607 1946 non
2655 1901 2769 1961 post
2817 1888 3005 1942 multos
3056 1886 3149 1940 Itos
3191 1884 3338 1946 dies;
3380 1894 3488 1936 non

1883 1983 2106 2040 ulterius
2158 1998 2296 2055 aqua
2326 2000 2340 2037 :
2370 1983 2481 2054 jam
2534 1984 2678 2036 enim
2725 1985 3085 2049 acceperant;
3143 1973 3238 2030 sed
3285 1970 3490 2045 Spiritu

1883 2086 2070 2132 sancto
2100 2093 2112 2133 :
2139 2090 2248 2131 non
2270 2074 2423 2130 addit
2451 2088 2645 2145 aquam
2675 2086 2851 2142 aqum,
2880 2070 2974 2125 sed
3005 2067 3238 2138 complet
3262 2065 3315 2121 id
3345 2064 3491 2135 quod

1881 2167 2187 2225 deﬁciebat.
2226 2167 2329 2223 Vos
2350 2176 2521 2222 autem
2550 2162 2935 2237 baptizabimini
2984 2162 3039 2215 in
3079 2159 3281 2230 Spiritu
3314 2164 3492 2212 sancto
3564 2166 3567 2169 ’

1880 2277 1984 2316 non
2015 2270 2129 2331 post
2156 2261 2345 2314 multos
2388 2258 2482 2312 nos
2511 2258 2658 2322 dies;
2689 2255 2895 2313 scilicet
2936 2261 3060 2324 post
3102 2251 3292 2307 decem
3346 2247 3491 2305 dies.

1880 2353 2019 2423 Quid
2050 2367 2186 2424 opus
2212 2362 2295 2407 est
2325 2351 2647 2406 intervallo?
2673 2347 2827 2418 Quod
2860 2341 3241 2402 intervallum?
3292 2341 3490 2396 Decem

1880 2447 1997 2502 dies
2026 2462 2145 2517 qua:
2176 2447 2632 2508 intercesserunt;
2682 2441 2881 2512 quibus
2914 2438 3279 2509 apostolorum
3329 2432 3490 2489 tidem

1883 2537 2215 2595 exercitavit.
2247 2536 2380 2592 Nam
2407 2537 2722 2607 quiescente
2746 2530 2939 2605 gratia,
2965 2539 3020 2586 et
3063 2527 3279 2584 nemine
3318 2540 3456 2595 appa

1884 2639 2058 2695 rente,
2089 2644 2278 2685 eorum
2311 2629 2443 2684 lides
2471 2628 2844 2690 exercebatur,
2890 2639 3019 2679 num
3062 2621 3212 2693 quasi
3244 2633 3493 2675 veraccm

1883 2733 2202 2795 exspectent
2249 2739 2394 2787 eum,
2446 2723 2535 2793 qui
2591 2721 2862 2792 pollicitus
2890 2727 2994 2773 est.
3045 2714 3296 2771 Promisit
3344 2713 3490 2766 enim

1885 2817 2139 2884 dicendo,
2167 2815 2291 2871 Non
2319 2824 2429 2887 post
2450 2816 2637 2869 multos
2661 2814 2751 2868 ltos
2778 2814 2905 2867 dies.
2938 2809 3054 2866 Non
3083 2807 3326 2866 deﬁnivit
3352 2804 3491 2866 dies.

1883 2908 1979 2967 sed
2006 2909 2158 2975 dicit,
2188 2908 2312 2963 Non
2341 2919 2454 2979 post
2481 2908 2666 2962 multos
2693 2906 2800 2961 dies
2830 2921 2848 2959 :
2879 2919 2987 2959 non
3012 2902 3193 2957 omnia
3223 2914 3322 2955 nos
3350 2900 3494 2954 scire

1883 3002 2134 3059 concedit
2170 3001 2446 3069 Servatur,
2479 3000 2574 3056 sed
2604 2997 2844 3055 ostendit
2881 3011 2941 3053 se
2972 3008 3279 3051 mensuram
3309 3002 3496 3047 tenero

1882 3094 2168 3150 dominica:
2196 3092 2552 3148 auctoritatis.
2592 3090 2725 3160 Qum
2774 3089 2928 3145 audis
2954 3131 2970 3156 ,
3002 3087 3186 3153 disce;
3217 3100 3338 3157 quae
3384 3100 3492 3139 non

1881 3187 2156 3254 didiceris,
2179 3202 2247 3243 ne
2268 3187 2483 3243 curiose
2513 3184 2742 3256 inquire.
2771 3182 2873 3239 Vos
2899 3192 3070 3237 autent
3112 3177 3494 3252 baptizabimini

1879 3282 1933 3335 in
1966 3280 2167 3353 Spiritu
2192 3289 2389 3335 sancto.
2436 3278 2573 3333 Cum
2604 3278 2762 3348 igitur
2792 3276 3026 3347 Spiritus
3054 3284 3274 3329 sanctus
3299 3286 3493 3341 super-

1879 3373 2029 3429 venit
2074 3372 2154 3428 eis
2187 3372 2240 3427 in
2281 3371 2370 3426 die
2401 3370 2771 3433 Pentecostes,
2818 3367 3047 3439 replevit
3074 3376 3238 3422 tutam
3269 3365 3493 3419 domum

1879 3465 1970 3521 ubi
1998 3473 2151 3521 erant
2190 3464 2481 3529 sedentes,
2534 3472 2592 3519 ut
2638 3462 2895 3533 baptizati
2946 3468 3128 3517 essent
3180 3460 3231 3514 in
3288 3457 3493 3528 Spiritu

1879 3569 2088 3627 sancto,
2135 3560 2288 3615 velut
2328 3561 2379 3615 in
2428 3574 2586 3631 aqua.
2639 3558 2713 3613 Ea
2762 3572 2891 3613 vero
2920 3572 3040 3627 qua:
3068 3556 3122 3611 in
3156 3555 3255 3609 hac
3284 3554 3493 3608 visione

1881 3654 1983 3710 sub
2008 3663 2287 3725 aspectum
2320 3668 2428 3708 non
2458 3652 2755 3716 cadebant,
2790 3650 3108 3706 commiscet
3134 3664 3258 3704 cum
3286 3647 3357 3701 iis
3370 3662 3493 3717 qua:

1879 3746 1979 3802 sub
2030 3760 2248 3802 sensum
2304 3746 2610 3808 cadebant,
2669 3758 2865 3814 nempe
2905 3743 3107 3798 denunt
3160 3742 3487 3812 linguarum.

1878 3839 2140 3909 Baptizati
2173 3849 2299 3895 sunt
2319 3854 2449 3911 ergo
2479 3839 2534 3894 in
2555 3838 2779 3909 Spiritu.
2834 3836 2990 3905 Quod
3018 3846 3199 3891 autem
3227 3834 3488 3904 Spiritum

1877 3934 2125 4003 accipere
2176 3933 2409 4004 idipsum
2464 3940 2611 3987 esset
2658 3930 2803 4001 quod
2843 3929 3103 4001 baptizari
3147 3929 3198 3984 in
3240 3926 3441 3998 Spiritu
3469 3968 3488 3996 ,

1878 4024 2194 4079 testiﬁcatur
2222 4025 2324 4080 alia
2355 4024 2601 4079 historia.
2642 4021 2776 4078 Cum
2804 4023 2947 4079 enim
2971 4022 3164 4078 Petrus
3193 4020 3490 4091 reprehen-

1874 4116 2094 4173 deretur
2114 4117 2184 4173 ab
2212 4117 2331 4173 aliis
2361 4116 2640 4187 discipulis
2674 4135 2687 4172 :
2719 4112 2828 4171 Cur
2858 4116 3135 4186 ingressus
3163 4129 3222 4170 es
3248 4114 3313 4169 ad
3344 4112 3489 4167 viros

1874 4211 2123 4282 gentiles,
2169 4220 2225 4266 et
2254 4210 2528 4265 instituisti
2561 4225 2677 4274 eos,
2732 4224 2796 4264 ac
2825 4209 3078 4279 baptismi
3109 4218 3162 4262 et
3194 4205 3484 4279 mysterio-

1875 4318 1992 4357 rum
2044 4302 2333 4374 participes
2382 4301 2716 4358 reddidisti?
2762 4300 3041 4371 reSpondit
3070 4316 3083 4353 :
3117 4299 3231 4370 Ego
3251 4314 3399 4355 cram
3434 4304 3484 4355 in

1875 4396 2046 4468 Joppe
2090 4398 2223 4453 urbe
2251 4440 2267 4465 ,
2300 4397 2582 4453 Cornelius
2614 4406 2792 4452 autem
2824 4396 3041 4467 quidam
3070 4394 3313 4449 centurio
3344 4394 3480 4449 misit

1874 4488 1941 4542 ad
1991 4503 2099 4556 me,
2141 4498 2195 4544 et
2238 4488 2427 4544 abiens
2456 4488 2719 4545 docebam
2751 4502 2917 4545 eum?
2951 4487 3150 4542 factum
3181 4497 3263 4543 est
3306 4494 3484 4539 autent

1874 4597 1997 4637 cum
2020 4582 2291 4653 loquerer,
2324 4583 2525 4639 decidit
2556 4585 2609 4637 in
2641 4598 2735 4639 eos
2790 4583 3023 4653 Spiritus
3066 4593 3308 4649 sanctus,
3348 4583 3485 4637 sicut

1874 4682 1929 4728 et
1962 4673 2013 4728 in
2062 4688 2161 4729 nos
2207 4674 2262 4729 in
2293 4676 2464 4729 initio.
2519 4676 2585 4730 Et
2630 4684 2686 4729 ut
2712 4675 3023 4731 ostenderet
3068 4674 3293 4741 Petrus,
3342 4676 3485 4745 quod

1873 4767 2185 4837 accipiendo
2201 4767 2459 4838 Spiritum
2481 4779 2725 4823 sanetum
2757 4769 3043 4824 Cornelius
3070 4778 3125 4823 et
3144 4769 3274 4823 socii
3309 4769 3483 4839 hapti~

1871 4859 1976 4913 zali
2030 4859 2293 4925 fuissent,
2350 4862 2527 4915 statim
2576 4861 2711 4916 dixit
2760 4877 2777 4916 :
2826 4861 3143 4915 Recordatus
3172 4878 3283 4915 sunt
3315 4873 3483 4916 autem

1872 4953 2139 5006 verborum
2172 4952 2400 5019 Domini,
2424 4955 2553 5009 sicut
2581 4955 2774 5009 diccbat
2799 4970 2817 5008 :
2842 4954 3069 5009 Joannes
3091 4956 3293 5025 (ptidem
3314 4955 3482 5023 bapti-

1869 5047 2003 5101 zavit
2041 5063 2197 5117 aqua,
2230 5065 2317 5103 vos
2347 5059 2513 5104 autem
2543 5050 2927 5121 baptizabimini
2970 5050 3023 5104 in
3067 5050 3267 5119 Spiritu
3308 5060 3483 5104 sancto

1872 5140 2009 5209 (Act.
2042 5140 2277 5213 11.16).

1947 5232 2033 5287 14.
2080 5233 2249 5288 Erant
2279 5234 2438 5305 igitur
2478 5246 2603 5290 ante
2646 5237 2951 5305 passionem
3000 5236 3207 5291 Domini
3254 5236 3486 5306 apostoli

1871 5340 2007 5393 aqua
2034 5324 2127 5380 10ιὶ
2156 5341 2169 5378 :
2202 5326 2473 5381 lavacrum
2497 5338 2677 5382 autem
2710 5329 2839 5383 illud
2872 5339 2988 5383 erat
3020 5329 3071 5382 in
3106 5329 3483 5384 remissionem

1870 5426 2241 5485 peccatorum,
2265 5419 2357 5473 sed
2395 5436 2503 5474 non
2526 5430 2642 5475 erat
2671 5422 3007 5491 participatio
3031 5421 3259 5491 Spiritus
3288 5431 3481 5475 SllIlCil.

1870 5510 2002 5566 Nam
2033 5514 2187 5579 venit,
2223 5513 2425 5585 inquit,
2458 5514 2686 5569 Joannes
2736 5517 3021 5586 prardicans
3071 5517 3122 5571 in
3164 5517 3360 5570 deserto
3394 5517 3471 5571 ὑα-

1872 5607 2112 5673 ptismum
2138 5609 2443 5677 paznitcntiw
2473 5611 2525 5662 in
2557 5612 2901 5665 remissionem
2932 5621 3256 5682 peccatorum
3284 5609 3479 5683 (Marc.

1873 5701 1924 5757 1.
1946 5698 2020 5772 1).
2055 5701 2125 5753 At
2147 5688 2413 5755 undenam
2438 5702 2671 5757 sciemus
2694 5702 2834 5758 hunc
2862 5703 3184 5774 baptismum
3204 5708 3476 5773 accepisse

1871 5792 2184 5860 apostolos?
2235 5793 2346 5849 lloc
2376 5794 2828 5850 demonstremus.
2870 5795 2985 5850 Non
3016 5796 3186 5859 dixit,
3233 5796 3470 5851 Joannes

1875 5882 2159 5952 baptiravit
2188 5900 2281 5941 vos
2312 5900 2481 5955 aqua;
2515 5885 2607 5941 sed
2641 5886 2923 5956 baptizavit
2961 5899 3187 5943 tantum.
3231 5887 3478 5943 i‘fontiaa.
