4126 6520
697 432 794 488 787

697 557 872 600 autem
899 544 1070 614 palam
1099 550 1182 598 est
1205 555 1324 597 cum
1340 539 1608 604 apostolos
1632 536 1947 606 baptizasse.
1986 531 2263 589 Undenam

704 652 831 706 ergo
855 635 906 690 id
929 631 1218 701 liquidum?
1254 630 1390 687 Audi
1421 627 1726 700 prudenter.
1751 625 1885 682 Cum
1907 625 2045 680 enim
2073 623 2261 678 Petrus

704 724 1046 798 repugnando
1079 723 1300 787 diceret,
1347 721 1580 786 Domine,
1610 734 1710 773 non
1739 718 1864 771 mihi
1899 714 2084 770 laoabis
2114 714 2264 783 pedes

699 816 754 870 in
776 825 1021 870 sternuas
1049 811 1359 882 :respondit
1388 809 1640 865 Senator
1667 823 1680 860 :
1716 805 1834 861 misi
1856 806 2021 860 lavero
2063 814 2128 868 te,
2160 819 2263 856 non

701 907 900 962 habebis
935 915 1129 975 partem
1166 919 1380 958 mecum.
1426 899 1703 971 Respondit
1741 898 1923 952 Petrus
1965 912 1984 950 :
2015 895 2229 950 Domine
2245 935 2262 960 ,

704 1013 805 1050 non
830 1004 1022 1052 tantum
1069 993 1251 1063 pedes,
1293 993 1383 1048 sed
1408 1001 1456 1047 et
1481 1005 1658 1045 manus
1695 997 1743 1042 et
1785 997 1965 1057 caput;
1990 984 2267 1054 respondit

699 1085 954 1142 Servator
1005 1101 1018 1137 :
1069 1083 1171 1151 Qui
1199 1083 1331 1137 latus
1375 1090 1467 1146 est,
1515 1095 1615 1133 non
1651 1077 1841 1146 indiget
1880 1075 1978 1129 nisi
2012 1084 2066 1128 ut
2114 1075 2266 1143 pedes

699 1175 826 1229 taret
875 1173 1064 1246 (Joan.
1097 1174 1186 1228 15.
1213 1169 1424 1240 8.-10).
1456 1169 1616 1224 Vides
1657 1181 1761 1237 quo
1800 1175 1954 1234 pacto
1997 1163 2264 1218 lavacrum

699 1245 1135 1322 conﬁrmaverit?
1163 1262 1264 1318 Ubi
1291 1274 1517 1330 namque
1541 1273 1646 1312 non
1671 1245 1972 1313 nominatur
2016 1253 2168 1309 Pater
2211 1262 2265 1308 et

705 1354 872 1412 Filius
899 1364 955 1410 et
975 1352 1198 1424 Spiritus
1224 1361 1454 1417 sanctus,
1488 1351 1776 1420 baptismus
1798 1346 2122 1419 pmnitentise
2148 1352 2262 1409 est;

705 1447 792 1502 ubi
816 1461 941 1502 vero
978 1445 1300 1510 nominatur,
1347 1442 1641 1512 haptismus
1663 1437 1984 1508 adoptionis.
2014 1436 2265 1492 Servatur

705 1550 808 1590 non
836 1534 1107 1604 abrogavit
1131 1533 1449 1603 baptismum
1469 1530 1812 1601 poenitentia,
1837 1526 1931 1583 sed
1956 1526 2262 1595 complevit,

701 1632 757 1678 et
779 1623 973 1694 adjecit
991 1623 1252 1692 baptismo
1281 1622 1330 1676 in
1352 1621 1607 1676 Triuitate
1629 1620 1946 1689 baptismum
1965 1617 2130 1670 sancti
2149 1615 2269 1685 Spi-

704 1716 853 1769 ritus.
883 1713 1124 1768 Hmretici
1142 1727 1271 1769 vero
1291 1722 1545 1782 quantum
1576 1712 1628 1764 in
1651 1710 1777 1778 ipsis
1801 1708 1917 1774 l'uit,
1950 1708 2266 1776 baptismum

704 1805 755 1859 in
773 1804 1026 1860 Trinitate
1044 1805 1387 1860 constitutum
1408 1801 1744 1871 abrogarunt.
1764 1799 1877 1854 Non
1896 1799 2106 1853 reveriti
2125 1800 2266 1854 enim

703 1905 828 1952 sunt
852 1897 974 1950 mali
1002 1896 1086 1951 isti
1115 1895 1431 1950 dominicam
1479 1909 1659 1948 vocem
1691 1910 1704 1944 :
1741 1891 1839 1956 Qui
1865 1891 1995 1944 lotus
2027 1899 2116 1952 est,
2166 1905 2267 1942 non

703 1988 890 2057 indiget
911 1989 1012 2042 nisi
1039 1996 1091 2040 ut
1117 1986 1265 2056 pedes
1294 1986 1440 2039 lavet.
1494 1982 1593 2037 Vos
1631 1992 1798 2037 autem
1821 1981 2190 2050 baptisabimini
2217 1980 2268 2032 in

707 2076 904 2147 Spiritu
934 2085 1105 2130 sancto
1126 2091 1227 2130 non
1255 2085 1364 2145 post
1385 2074 1567 2127 multos
1589 2073 1680 2125 hos
1706 2072 1832 2124 dies.
1863 2070 2061 2124 Dehinc
2086 2077 2268 2122 osten-

709 2166 851 2220 ditur
877 2167 1096 2220 aviditas
1142 2165 1388 2219 humanm
1434 2173 1634 2217 natura:
1675 2164 1894 2230 ejusque
1940 2159 2216 2213 curiositas
2251 2175 2263 2210 :

707 2257 950 2326 quoniam
971 2257 1236 2326 proprium
1263 2266 1343 2310 est
1360 2254 1658 2309 hominibus
1687 2254 2013 2319 interrogare
2035 2265 2266 2319 semper.

705 2347 1048 2414 Quandonam
1074 2344 1505 2401 consummatio?
1544 2342 1755 2413 quando
1782 2344 1955 2396 veniet
1991 2338 2270 2394 Christus?

709 2448 830 2510 post
870 2446 996 2508 quot
1036 2451 1203 2490 annos
1247 2437 1364 2490 linis
1405 2434 1627 2489 aderit?
1669 2432 2002 2503 quandonam
2049 2444 2268 2500 regnum

710 2531 961 2586 caelorum
1002 2527 1310 2598 apparebit?
1343 2527 1566 2597 apostoli
1606 2525 1850 2580 humanis
1873 2522 2147 2578 exercitati
2185 2520 2271 2574 iu-

709 2621 1002 2676 cummodis
1031 2634 1095 2675 ex
1123 2618 1405 2674 Servatore
1445 2619 1800 2674 sciscitantur.
1834 2615 2002 2686 Igitur
2035 2615 2119 2682 qui
2148 2630 2272 2668 eon-

711 2719 945 2768 eenerant
982 2708 1354 2779 interrogabant
1393 2725 1507 2763 eum
1547 2708 1766 2761 dicentes
1813 2722 1832 2760 :
1879 2705 2128 2769 Domine,
2156 2704 2200 2757 si
2220 2703 2274 2758 in

711 2816 930 2872 tenipore
956 2800 1049 2854 hoc
1073 2801 1299 2855 restituas
1320 2813 1526 2869 regnum
1555 2798 1719 2852 Israel
1752 2797 1886 2866 (Act.
1922 2797 1973 2850 1.
2004 2795 2086 2865 6)?
2135 2795 2277 2862 Quo-

715 2891 856 2948 niam
899 2889 1106 2945 dixerat
1143 2889 1270 2958 ipsis
1300 2928 1318 2954 ,
1359 2886 1484 2944 Cum
1531 2888 1714 2942 uenerit
1753 2886 1918 2940 Filius
1963 2887 2179 2940 hominis
2224 2887 2278 2940 in

713 2981 880 3051 gloria
903 2996 1022 3042 sua,
1052 2979 1233 3034 dicunt
1259 2979 1340 3044 ei,
1368 2979 1412 3032 si
1453 2978 1505 3032 in
1537 2990 1758 3048 tautpora
1781 2978 1918 3031 hoc?
1957 2976 2163 3031 discere
2187 2991 2280 3032 cu-

716 3071 929 3142 piebant
968 3085 1036 3126 an
1067 3085 1100 3127 e
1128 3070 1424 3142 propinquo
1452 3079 1594 3126 esset
1622 3068 1970 3138 exspectatio,
2001 3085 2068 3122 an
2099 3068 2278 3136 procul

714 3161 877 3216 salus.
923 3159 1125 3228 Quibus
1152 3161 1424 3226 Servator.
1457 3159 1579 3214 Non
1603 3169 1673 3214 est
1710 3168 1926 3213 oestrum
1964 3176 2108 3214 nosse
2149 3169 2276 3213 tem-

719 3271 845 3323 pora
875 3264 951 3308 oet
985 3266 1269 3320 momenta,
1323 3269 1434 3324 qua:
1480 3251 1637 3306 Pater
1680 3253 1847 3323 posuit
1898 3253 1952 3305 in
2001 3268 2094 3306 sua
2142 3261 2280 3319 pote-

717 3348 889 3414 state(
918 3346 1058 3404 Ibid.
1090 3361 1139 3402 tt.
1171 3346 1204 3400 7
1238 3345 1278 3414 ).
1307 3343 1574 3414 Apostolis
1595 3358 1664 3397 ne
1686 3353 1920 3412 tempora
1950 3341 2160 3411 quidem
2188 3357 2280 3396 ex-

717 3436 929 3506 plorare
943 3433 1023 3492 fas
1045 3445 1193 3501 erat;
1216 3443 1270 3491 et
1285 3435 1554 3490 haereticis
1572 3434 1772 3488 licitum
1802 3434 1904 3488 erit
1929 3433 2279 3487 substantiam

722 3537 960 3595 tempora
979 3523 1346 3592 excedentem,
1377 3535 1430 3578 et
1456 3534 1696 3578 naturam
1733 3531 1985 3578 mternatn
2018 3522 2283 3578 scrutari?

718 3616 851 3671 Cum
882 3615 1162 3671 hereticus
1202 3616 1462 3685 quispiam
1507 3615 1576 3668 ita
1606 3615 1911 3685 qumsierit,
1965 3613 2083 3681 Quo
2127 3624 2282 3681 pacto

717 3704 896 3774 genuit
910 3703 1104 3760 Pater?
1124 3705 1243 3773 quis
1267 3703 1456 3758 divina:
1482 3703 1839 3773 generationis
1870 3702 2099 3757 modus?
2125 3711 2177 3756 tu
2208 3701 2282 3755 illi

720 3796 1038 3854 dominicam
1083 3810 1268 3851 vocem
1312 3809 1576 3865 reponas,
1628 3793 1750 3848 Non
1787 3803 1860 3848 est
1884 3804 2099 3848 vestrum
2140 3809 2284 3846 nosse

721 3899 947 3958 tempora
983 3889 1061 3943 vel
1094 3896 1379 3954 momenta;
1422 3902 1528 3942 non
1572 3896 1654 3942 est
1693 3897 1928 3942 vestrum
1979 3901 2139 3941 nosse
2190 3886 2282 3940 Dei

720 3980 1111 4050 generationem
1158 3989 1212 4035 et
1254 3979 1632 4044 substantiam;
1681 3994 1781 4034 nec
1811 3989 2011 4033 tantum
2053 3993 2155 4031 non
2204 3987 2287 4031 est

723 4081 976 4135 vestrum.
991 4071 1083 4127 sed
1105 4087 1274 4139 neque
1294 4072 1621 4140 angelorum,
1642 4087 1812 4138 neque
1829 4069 2283 4139 archangelorum,

724 4178 894 4234 neque
931 4159 1162 4232 cujusvis
1183 4173 1374 4217 creatcc
1401 4163 1695 4231 potestatis.
1737 4161 1841 4216 Sed
1885 4160 2162 4230 cujusnam
2206 4169 2288 4214 est

728 4252 924 4311 nosse?
968 4252 1136 4310 Nemo
1157 4255 1289 4308 novit
1314 4253 1517 4308 Patrem
1549 4255 1645 4307 nisi
1672 4252 1840 4307 Filius
1864 4293 1878 4316 ,
1910 4268 2069 4321 neque
2093 4250 2286 4305 Filium

721 4344 831 4411 quis
858 4343 992 4398 navit
1030 4343 1125 4397 nisi
1159 4344 1293 4398 solus
1335 4342 1490 4398 Pater
1529 4342 1752 4413 (Matth.
1791 4345 1876 4397 11.
1908 4343 2009 4411 27)
2041 4359 2055 4407 ;
2113 4356 2286 4410 neque

725 4433 981 4503 profunda
1013 4434 1129 4499 Dei,
1157 4435 1256 4488 nisi
1283 4436 1498 4504 spiritus
1523 4435 1610 4489 Dei
1633 4451 1644 4488 :
1671 4433 1790 4487 Non
1812 4444 1883 4487 est
1908 4445 2120 4487 uestrum
2147 4449 2288 4487 nosse

726 4535 952 4593 tempore
973 4525 1048 4578 vel
1074 4534 1342 4580 momenta.
1364 4525 1476 4578 Non
1504 4525 1759 4579 revereris
1787 4526 2146 4593 apostolorum
2176 4540 2289 4579 mo-

723 4615 891 4670 dum!I
917 4615 1004 4684 qui
1033 4629 1151 4669 cum
1179 4615 1458 4670 Servatore
1487 4617 1744 4678 vixerant,
1767 4614 1958 4684 quibus
1988 4615 2098 4683 ipse
2123 4629 2288 4683 appa-

729 4705 861 4772 ruit,
885 4705 974 4776 qui
1008 4705 1076 4758 ab
1116 4704 1208 4758 illo
1249 4705 1555 4770 illuminati,
1601 4704 1729 4758 illud
1770 4713 1945 4758 tamen
1988 4719 2144 4758 nosse
2184 4720 2286 4758 non

727 4798 1132 4868 permittuntur,
1173 4796 1264 4852 sed
1299 4797 1555 4850 docentur
1580 4796 1792 4851 modum
1825 4811 1977 4850 suum
2007 4812 2110 4849 non
2143 4806 2286 4850 tran-

729 4889 1006 4954 scenderc,
1031 4887 1264 4956 illudque
1288 4887 1567 4942 audierunt
1595 4928 1608 4952 ,
1653 4885 1771 4940 Non
1798 4898 1866 4940 est
1893 4898 2107 4940 vestrum
2147 4903 2290 4940 nosse

727 4991 950 5050 tempora
976 4979 1051 5032 vel
1079 4989 1326 5032 momenta
1348 4995 1366 5031 :
1393 4988 1446 5032 et
1474 4988 1528 5032 tu
1549 4977 1840 5033 scrutaris?
1870 4979 2050 5032 Daniel
2073 4980 2286 5048 quidem

725 5071 908 5127 didicit
943 5080 1176 5139 tempora
1203 5081 1257 5126 et
1285 5079 1547 5124 momenta
1574 5072 1822 5126 novisse:
1866 5087 1988 5124 nam
2033 5072 2138 5135 ait,
2189 5071 2286 5125 Sc-

731 5163 995 5235 pluaginta
1033 5163 1360 5220 hebdomadas
1393 5164 1688 5216 abbreviata:
1711 5172 1823 5216 sunt
1851 5181 2000 5231 super
2049 5166 2289 5234 populum

731 5266 890 5308 tuum.
927 5252 970 5306 Α
992 5251 1136 5309 Verbo
1159 5254 1348 5306 dierum
1374 5256 1532 5306 coitus
1554 5295 1568 5319 ,
1607 5262 1661 5305 ut
1693 5253 1968 5321 (edi/iretur
2007 5254 2244 5322 templum
2269 5271 2288 5318 ;

727 5345 1060 5402 hebdomadas
1083 5353 1291 5412 septem,
1319 5355 1363 5396 et
1395 5344 1724 5398 hebdomadas
1752 5346 2009 5413 sexaginta
2039 5355 2083 5398 at
2109 5347 2222 5398 dum
2242 5358 2288 5400 at

725 5457 828 5494 una
844 5438 1059 5508 (Dan.9.
1075 5439 1192 5509 24).
1210 5437 1284 5491 En
1301 5438 1385 5492 hic
1406 5448 1638 5507 tempora
1653 5438 1888 5492 ediscere
1904 5439 2087 5506 potuit;
2103 5454 2286 5492 verum

719 5546 786 5586 ex
810 5531 897 5584 illa
922 5538 1215 5600 temporum
1240 5531 1443 5583 ratione
1460 5529 1725 5583 hominum
1744 5528 2013 5584 audaciam
2035 5529 2285 5596 refrenat,

723 5630 782 5676 ut
805 5620 1011 5675 discant
1031 5634 1110 5686 se,
1133 5621 1175 5675 si
1204 5619 1316 5674 haec
1343 5628 1578 5688 tempora
1594 5621 1828 5674 ediscere
1852 5635 1954 5674 non
1975 5622 2286 5690 permittan-

722 5721 827 5776 tur,
855 5712 1022 5767 multo
1049 5712 1222 5766 minus
1249 5712 1442 5766 debere
1470 5710 1697 5766 divinam
1715 5717 2110 5782 generationem
2137 5731 2288 5771 scru-

730 5800 852 5858 tari.
892 5801 1010 5857 Non
1031 5813 1100 5858 as:
1129 5815 1336 5858 rastrum
1351 5819 1494 5859 nosse
1509 5811 1728 5862 tamnora
1762 5807 1838 5858 ecl
1869 5820 2137 5874 montcnta,
2176 5826 2288 5878 qum

1385 425 1441 481 S.
1477 421 1750 482 JOANNIS
1785 415 2255 477 CHRYSOSTOMI
2290 414 2601 473 ARCIIIEP.
2643 416 3169 476 CONSTANTINOP.

3852 413 3946 470 788

2372 529 2530 585 Pater
2555 533 2723 601 possit
2749 532 2802 585 in
2824 547 2917 584 sua
2943 539 3199 598 potestate.
3220 528 3434 598 Ergone
3455 527 3626 582 Filius
3646 539 3756 582 non
3778 529 3944 596 posuit

2369 624 2422 677 in
2452 638 2544 678 sua
2570 630 2859 693 potestate;
2898 621 2991 677 sed
3030 622 3082 676 in
3110 629 3368 691 potestate
3396 620 3568 674 Patris
3596 627 3726 673 sunt
3754 621 3941 674 secula

2368 722 2420 768 et
2450 722 2706 782 tempora,
2738 712 3003 782 Filiusque
3027 711 3155 766 nihil
3176 711 3334 765 habet
3357 725 3477 764 cum
3507 710 3600 763 illo
3625 708 3943 762 commune?

2367 803 2422 856 Si
2445 803 2574 856 nihil
2596 803 2752 858 habet
2771 817 3050 857 commune
3071 801 3237 856 Filius
3256 800 3398 854 circa
3420 810 3689 867 tempora,
3709 812 3947 852 momen-

2370 903 2421 945 ta
2445 903 2496 947 et
2521 893 2731 956 smcnle,
2761 893 3014 947 mentitur
3037 891 3230 945 Paulus
3248 903 3366 944 cum
3392 889 3521 944 dicit
3544 907 3559 943 :
3581 886 3650 942 In
3681 889 3946 940 novissime

2370 986 2563 1039 diarum
2594 987 2770 1039 horum
2797 986 3031 1053 loquutus
3057 994 3127 1037 est
3154 984 3293 1037 nobis
3321 984 3373 1035 in
3405 981 3564 1045 Filio,
3595 997 3686 1047 pa
3709 996 3853 1048 quem
3876 981 3950 1045 [ee

2369 1078 2434 1130 cit
2461 1086 2508 1129 et
2536 1077 2721 1130 sarcula
2747 1075 2766 1144 (
2791 1073 2922 1128 Ileb.
2965 1075 3016 1129 1.
3058 1077 3109 1128 1.
3143 1072 3180 1126 2
3204 1076 3243 1142 ).
3275 1073 3329 1128 Si
3353 1073 3675 1127 saeculorum
3704 1069 3947 1124 conditor

2370 1167 2536 1222 Filius
2557 1207 2573 1233 ,
2603 1181 2730 1237 ergo
2760 1167 2847 1221 illa
2887 1166 2938 1220 in
2981 1166 3094 1235 ejus
3132 1175 3392 1234 potestate
3421 1174 3544 1218 sunt
3572 1181 3586 1216 :
3614 1174 3674 1217 et
3715 1162 3844 1217 illud
3868 1172 3948 1216 est

2368 1261 2506 1327 quod
2548 1260 2621 1312 ait
2661 1257 2855 1312 Paulus
2876 1297 2891 1321 ,
2925 1257 3062 1321 Quos
3090 1256 3243 1310 Pater
3268 1256 3430 1325 posuit
3469 1256 3521 1308 in
3547 1271 3644 1308 sua
3687 1262 3947 1319 potestate.

2370 1349 2690 1403 Potestatem
2718 1362 2845 1418 ergo
2871 1347 3043 1402 Patris
3066 1356 3222 1402 vocat
3246 1345 3467 1412 Filium,
3497 1343 3950 1414 quemadmodum

2369 1451 2421 1495 et
2447 1441 2694 1494 virtutem
2723 1448 2777 1493 et
2804 1440 3140 1506 sapientiam.
3169 1437 3395 1493 Christus
3423 1441 3558 1492 enim
3588 1436 3688 1490 Dei
3718 1437 3874 1489 virtus
3901 1442 3950 1487 et

2370 1529 2465 1583 Dei
2490 1531 2732 1600 sapientia
2761 1531 2840 1601 (1.
2867 1529 2982 1582 (ἔον.
3012 1531 3060 1584 1.
3091 1528 3207 1598 Ἡ).

2442 1623 2528 1676 15.
2572 1619 2693 1674 Non
2736 1631 2808 1675 est
2846 1630 3060 1674 oestrum
3095 1635 3239 1672 nosse
3281 1628 3505 1686 tempora
3551 1618 3627 1670 rat
3668 1625 3942 1682 momenta.

2371 1713 2456 1768 sed
2489 1714 2746 1783 accipiatis
2778 1713 3009 1765 uirtutem
3041 1711 3428 1779 superoenientis
3461 1710 3622 1762 sancti
3649 1709 3947 1777 Spirituin

2371 1819 2455 1858 eos
2486 1803 2620 1873 (Act.
2652 1804 2703 1857 1.
2731 1803 2783 1856 7.
2807 1803 2885 1870 8).
2933 1801 3213 1868 Accipietis
3253 1801 3496 1853 virtutem
3517 1840 3532 1865 ,
3578 1815 3688 1853 non
3718 1809 3778 1853 ut
3802 1814 3950 1853 scru-

2373 1895 2554 1948 temiui
2579 1904 2813 1962 tempora
2834 1893 2916 1946 vel
2945 1900 3231 1951 momenta,
3254 1890 3347 1946 sed
3377 1900 3432 1944 ut
3452 1889 3678 1944 credatt;
3707 1889 3947 1942 Domino:

2376 1984 2442 2039 Et
2469 1985 2608 2038 eritis
2646 1984 2770 2036 uti/ti
2807 1994 2952 2036 testas
2977 1983 3028 2035 in
3055 1981 3335 2036 Jerusalem
3370 1990 3414 2034 et
3442 1983 3493 2033 in
3529 1981 3668 2033 ontni
3700 1979 3884 2033 ludant
3905 1989 3951 2032 et

2375 2079 2634 2143 Samaria,
2671 2088 2717 2131 et
2745 2094 2901 2145 usque
2925 2077 2992 2129 ad
3012 2077 3276 2129 terminum
3309 2085 3470 2128 terre.
3497 2072 3575 2127 Ne
3603 2073 3842 2126 metiaris
3867 2087 3950 2126 or-

2374 2170 2551 2223 dinem
2602 2167 2919 2231 verborum,
2973 2165 3067 2220 sed
3121 2165 3446 2219 auctoritatis
3489 2165 3801 2234 potentiam.
3856 2162 3951 2216 Hic

2375 2260 2543 2323 dixit,
2581 2257 2868 2312 Pracdicate
2896 2258 3086 2326 ubique
3120 2273 3132 2310 :
3176 2255 3297 2309 illud
3328 2265 3640 2324 potestatem
3667 2255 3783 2322 ejus
3813 2254 3948 2307 indi-

2376 2360 2480 2414 cat,
2509 2350 2552 2403 si
2585 2348 2744 2404 verba
2775 2349 2848 2403 rei
2883 2351 3054 2402 exitus
3087 2359 3356 2416 sequatur.
3407 2347 3628 2400 Possum
3651 2354 3705 2400 et
3729 2360 3830 2414 ego
3851 2359 3950 2398 au-

2377 2440 2619 2494 ctoritale
2656 2450 2711 2494 et
2744 2439 3038 2507 arrogantia
3079 2452 3238 2501 usus,
3283 2436 3611 2490 adstantibus
3658 2435 3741 2490 vel
3771 2436 3950 2488 dome-

2377 2531 2524 2584 sticis
2553 2532 2732 2600 paucis
2773 2533 2850 2584 vel
2889 2529 3140 2583 fratribus
3162 2530 3177 2558 ¹
3203 2528 3382 2581 dicere
3411 2544 3424 2581 ε
3459 2526 3856 2580 Proﬁciscimini
3885 2526 3949 2580 ad

2377 2634 2582 2694 gentes,
2607 2634 2661 2680 et
2683 2639 2869 2678 omnes
2888 2623 3096 2688 docete,
3119 2637 3301 2676 omnes
3331 2621 3642 2682 convertite.
3681 2620 3946 2674 barbaros

2379 2713 2604 2770 occidite
2624 2755 2639 2777 ,
2689 2723 2906 2768 cunctos
2956 2713 3177 2782 imperio
3221 2711 3562 2765 adversantes
3591 2709 3854 2762 concidite
3881 2711 3903 2739 '
3935 2724 3949 2759 :

2381 2807 2542 2863 verba
2565 2807 2817 2876 prodeunt
2844 2822 2859 2872 ;
2888 2805 2979 2860 sed
3005 2807 3047 2859 si
3077 2814 3221 2874 gesta
3252 2804 3362 2872 ipsa
3383 2818 3483 2856 non
3510 2811 3818 2872 sequantur,
3847 2816 3951 2854 non

2384 2897 2543 2954 modo
2571 2897 2797 2952 mendax
2821 2897 3208 2966 deprehendor,
3236 2895 3330 2950 sed
3357 2895 3515 2950 etiam
3539 2904 3594 2948 ut
3621 2908 3874 2963 arrogans
3900 2903 3950 2946 et

2386 2990 2697 3044 temerarius
2735 2990 2943 3057 punior.
2999 2988 3381 3043 Examinentur
3408 3000 3534 3056 ergo
3560 2985 3716 3039 verba
3760 2986 3950 3041 Serva-

2386 3082 2534 3144 toris,
2566 3096 2669 3135 non
2699 3097 2762 3135 ex
2787 3083 2848 3134 iis
2873 3097 2989 3149 qua:
3013 3080 3165 3146 dixit,
3197 3079 3289 3135 sed
3316 3080 3473 3134 etiam
3504 3094 3569 3133 cx
3604 3080 3668 3132 iis
3687 3093 3810 3148 quze
3840 3094 3952 3147 per-

2385 3170 2527 3226 fecit.
2576 3172 2741 3233 Dixit,
2779 3170 2965 3224 Docete
2993 3187 3161 3224 omnes
3186 3180 3353 3240 gentes
3384 3168 3596 3237 (Matth.
3627 3167 3718 3222 98.
3754 3169 3844 3235 19)
3869 3186 3884 3232 ;
3911 3169 3952 3222 si

2385 3261 2580 3316 dictum
2603 3261 2732 3316 illud
2756 3276 2857 3314 non
2887 3262 2936 3314 in
2967 3276 3098 3330 opus
3119 3261 3326 3324 exierit,
3359 3257 3481 3313 illud
3503 3260 3800 3329 arrogantia
3821 3269 3949 3324 erat,

2385 3363 2440 3407 at
2463 3368 2568 3407 non
2598 3353 2883 3406 auctoritas
2910 3351 3107 3405 divina.
3160 3351 3332 3417 Dixit,
3374 3350 3667 3405 Prtedicate
3696 3365 3861 3419 usque
3891 3350 3952 3402 ad

2388 3444 2668 3498 terminum
2711 3455 2905 3497 terrm:
2939 3443 2980 3496 si
3023 3443 3138 3511 quis
3175 3442 3244 3495 sit
3286 3442 3542 3495 terminus
3569 3441 3649 3495 vel
3692 3450 3952 3494 extremus

2389 3545 2564 3596 terrm,
2593 3534 2680 3604 qui
2709 3533 3094 3601 praedicationis
3117 3547 3304 3600 expers
3331 3529 3506 3592 fuerit,
3537 3531 3809 3600 prtedictio
3832 3531 3952 3584 fal‘a

2390 3638 2472 3684 est
2500 3649 2513 3682 :
2542 3630 2585 3684 si
2625 3638 2798 3683 autem
2830 3643 2916 3682 res
2958 3628 3082 3696 ipsa:
3110 3629 3225 3696 plus
3249 3640 3404 3695 quam
3434 3625 3596 3679 verba
3624 3624 3952 3694 splendeant,

2390 3733 2605 3774 veraces
2623 3727 2748 3773 sunt
2776 3727 2957 3782 testes,
2989 3733 3145 3771 verax
3171 3716 3258 3771 ille
3282 3716 3364 3769 cui
3393 3716 3751 3770 testimonium
3783 3715 3954 3782 perlui-

2389 3809 2532 3864 bent.
2567 3809 2633 3861 Et
2660 3826 2772 3862 cum
2807 3811 2911 3861 ha'c
2944 3808 3176 3868 dixisset,
3210 3807 3485 3860 uidentibus
3511 3805 3614 3859 illis
3647 3806 3862 3859 elevatus
3889 3813 3953 3857 est
4025 3845 4028 3850 .

2392 3900 2525 3969 (Act.
2560 3901 2608 3954 1.
2639 3905 2717 3968 9).
2770 3899 2980 3952 Poterat
3018 3913 3119 3951 non
3150 3897 3318 3965 palam
3345 3895 3673 3965 ascendere;
3705 3896 3799 3950 sed
3829 3895 3954 3949 sicut

2395 3998 2553 4044 testes
2579 3989 2980 4044 resurrectionis
3009 3987 3190 4040 habuit
3218 3986 3400 4040 oculos
3428 3978 3806 4055 discipulorum
3827 4026 3842 4050 ,
3885 3985 3955 4038 sic

2391 4091 2443 4134 ct
2484 4081 2626 4149 ipsos
2651 4080 2888 4132 oculatos
2920 4077 3292 4145 assutnptionis
3322 4086 3482 4130 testes
3520 4075 3816 4128 constituit.
3876 4072 3955 4126 γε.

2392 4172 2620 4226 dentibus
2649 4170 2752 4224 illis
2787 4171 3003 4222 elevatus
3035 4178 3103 4221 est
3129 4168 3240 4236 (a);
3291 4166 3352 4219 ab
3391 4168 3452 4220 iis
3497 4167 3722 4220 sublatus
3768 4174 3872 4231 est,
3915 4172 3956 4217 et

2393 4263 2640 4334 ferebatur
2665 4265 2715 4314 in
2740 4261 2916 4314 caelum
2941 4301 2953 4321 .
2986 4272 3030 4313 at
3055 4259 3204 4312 nubes
3226 4257 3440 4327 suscepit
3469 4274 3579 4311 eum
3607 4273 3626 4310 :
3650 4274 3859 4326 cumque
3879 4257 3954 4308 in~

2395 4364 2648 4409 tuerentur
2682 4354 2734 4406 in
2781 4353 2956 4404 uelum
2994 4361 3190 4404 euntem
3235 4350 3378 4403 illum
3420 4350 3438 4417 (
3460 4349 3597 4402 Ibid.
3629 4358 3674 4403 et
3714 4348 3839 4402 Luc.
3869 4348 3951 4402 21.

2394 4447 2482 4508 51ς
2515 4446 2621 4499 Act.
2653 4446 2701 4498 l.
2747 4443 2857 4512 10),
2885 4452 3198 4510 assumptus,
3233 4441 3470 4495 elevatus
3497 4450 3612 4503 est,
3647 4455 3856 4494 sursum
3887 4439 3955 4493 l'e-

2392 4536 2643 4600 rebatur,
2695 4544 2748 4588 ct
2788 4534 3054 4602 ingressus
3096 4541 3220 4586 est:
3255 4529 3373 4584 Non
3419 4535 3548 4584 enim
3575 4531 3628 4583 in
3673 4531 3955 4598 manufacta

2393 4637 2566 4682 sancta
2605 4628 2858 4695 ingressus
2888 4635 2957 4677 est
2993 4622 3143 4677 Iesus
3167 4665 3181 4689 ,
3227 4621 3316 4677 sed
3352 4621 3406 4674 in
3444 4622 3610 4688 ipsum
3653 4621 3866 4683 calum,
3904 4628 3954 4672 ut

2392 4727 2653 4788 appararet
2677 4733 2845 4769 coram
2874 4713 2981 4768 Deo
3007 4712 3188 4785 (Hebr.
3219 4712 3272 4767 9.
3301 4709 3415 4782 24).
3439 4709 3547 4764 Nec
3566 4709 3736 4764 solum
3767 4711 3954 4780 ingrcs-

2393 4827 2484 4866 sus
2514 4819 2613 4875 est,
2642 4809 2733 4862 sed
2767 4809 2923 4862 etiam
2957 4806 3253 4876 penetravit
3284 4822 3297 4857 :
3330 4818 3453 4857 nam
3483 4802 3555 4855 ait
3584 4802 3779 4856 Paulus
3806 4821 3818 4855 :
3855 4801 3952 4854 Ha-

2393 4902 2558 4955 bentes
2584 4899 2865 4968 pontiﬁcem
2893 4912 3148 4967 magnum,
3175 4895 3260 4964 qui
3291 4893 3561 4963 penetravit
3589 4894 3761 4956 cwlos,
3793 4891 3951 4946 Iesum

2396 4990 2548 5060 (Heb.
2577 4991 2628 5045 4.
2674 4990 2780 5059 14).
2832 4987 3112 5052 Ascendit,
3153 4985 3312 5049 adiit,
3345 4995 3648 5053 assumptus
3690 4994 3806 5048 est,
3850 4985 3947 5043 ivit,

2396 5080 2707 5151 penetravit.
2757 5077 3148 5132 Animadverte.
3175 5075 3429 5129 Ascendit
3465 5075 3615 5143 quasi
3650 5084 3950 5141 potestatem

2395 5172 2597 5226 habens
2621 5212 2635 5235 ,
2663 5179 2720 5224 ut
2757 5170 3063 5239 impleretur
3087 5167 3358 5236 prophetae
3381 5163 3651 5219 oraculum
3686 5180 3701 5217 :
3734 5162 3950 5217 Ascendit

2397 5266 2532 5320 Deus
2552 5267 2604 5320 in
2626 5266 2947 5335 jubilatione.
2977 5263 3071 5318 llic
3103 5263 3358 5331 propheta
3385 5268 3620 5330 apertam
3650 5259 3803 5313 aﬂert
3829 5257 3947 5311 ﬁdu-

2393 5362 2549 5413 ciam.
2599 5358 2833 5411 Ascendit
2872 5356 3006 5409 Deus
3039 5357 3090 5408 in
3111 5355 3414 5424 jubilatione
3439 5351 3613 5423 (Psal.
3639 5353 3729 5406 ιϐ.
3759 5352 3835 5418 6).
3875 5351 3951 5403 Αι-

2459 5453 2487 5519 “
2513 5458 2560 5498 In
2585 5448 2692 5519 god.
2720 5448 2832 5496 Nl?
2854 5449 2922 5496 sic
2945 5447 3166 5504 habetur,
3191 5444 3358 5514 paucis
3378 5442 3676 5492 adstantibus
3699 5437 3949 5491 domanda

2391 5519 2436 5563 et
2456 5511 2487 5605 If
2795 5569 2904 5618 Cod.
2933 5568 3071 5627 1186,
3110 5566 3152 5617 si
3188 5564 3269 5630 qui
3293 5568 3625 5622 adversentur,
3647 5576 3726 5614 eos
3758 5576 3789 5610 α
3826 5571 3952 5620 raquo

2391 5648 2495 5686 meo
2514 5634 2770 5683 aa'cludile.
3926 5682 3933 5688 _

2454 5697 2526 5758 (a)
2552 5702 2631 5743 Hic
2656 5697 2698 5741 in
2725 5694 2879 5754 Regiis
2901 5691 3019 5741 902:5
3044 5697 3092 5758 et
3122 5690 3245 5738 2050
3269 5697 3343 5738 est
3382 5695 3740 5758 assumenlum‘
3757 5686 3950 5758 longissi-

2392 5744 2522 5831 ηιιῖῃὶ
2544 5765 2730 5819 septem
2753 5744 2924 5807 octove
2948 5756 3241 5818 paginarum,
3267 5751 3396 5815 quod
3434 5762 3674 5813 nugacem
3711 5744 3952 5797 ϐητωιυ

2393 5832 2527 5883 επιηι.
