4182 6492
228 449 337 512 71⁸1

225 567 493 626 ιεάπτισε
529 562 710 635 μόνον.
741 557 911 619 Οῦπω
941 559 1000 613 δδ
1032 558 1194 630 δῆλον
1234 559 1285 613 εἰ
1314 558 1411 612 καὶ
1435 556 1564 619 τοὺς
1589 551 1827 608 ἀποστό-

225 656 353 721 λους
400 652 717 708 ἐϐάπτισεν.
762 649 938 706 Πόθεν
970 643 1065 703 οῦν
1111 645 1272 701 τοῦτο
1319 646 1516 717 δῆλον;
1565 644 1835 697 Ἄκουσον

230 745 490 810 συνετῶς.
517 744 650 798 Ὅτε
683 740 817 811 γοῦν
855 739 1111 809 ἀντέλεγε
1157 739 1367 809 Πέτρος
1402 737 1598 806 λέγων,
1630 736 1832 804 Κύριε,

229 840 307 896 οὐ
343 837 431 909 μή
475 852 597 906 μου
635 836 827 904 νίψῃς
873 832 1019 898 τοὺς
1050 830 1245 898 πόδας
1287 832 1377 897 εἰς
1423 830 1533 884 τὸν
1563 825 1771 892 αἰῶνα,
1805 826 1837 879 6

230 929 431 1001 Σωτὴρ
459 926 667 996 ἔλεγεν,
702 925 839 979 Ἐὰν
859 922 948 994 μὴ
990 923 1154 992 νίψω
1194 936 1291 987 σε,
1323 922 1436 976 οὐκ
1466 921 1631 989 έχεις
1654 917 1838 990 μέρος

225 1017 553 1092 μετ’έμοῦ.
590 1013 891 1086 ’Δπεκρίθη
918 1015 948 1068 6
990 1013 1232 1084 Πέτρος,
1279 1011 1479 1082 Κύριε,
1513 1010 1603 1081 μὴ
1642 1010 1840 1079 μόνον

231 1110 381 1177 τοὺς
414 1107 630 1175 πόδας,
670 1106 831 1162 ἀλλὰ
856 1104 955 1160 καί
984 1105 1091 1172 τὰς
1133 1103 1339 1174 χεῖρας
1370 1103 1472 1158 καί
1506 1103 1624 1172 τὴν
1652 1116 1839 1172 κεφα-

232 1199 378 1268 λήν.
426 1197 727 1270 ’Δπεκρίθη
750 1199 779 1252 6
808 1197 1022 1270 Σωτήρ·
1056 1196 1110 1249 '0
1134 1194 1511 1265 λελουμένος
1529 1196 1603 1249 οὐ
1628 1193 1842 1264 χρείαν

232 1290 362 1359 ἔχει
396 1289 693 1357 νίψασθαι
738 1287 779 1355 ἠ
824 1285 970 1353 τοὺς
1018 1284 1214 1352 πόδας
1249 1286 1465 1355 μόνον.
1503 1284 1671 1356 Ὁρᾷς
1721 1282 1842 1346 πῶς

236 1381 521 1454 ἐκύρωσεν
556 1379 618 1431 τὸ
643 1376 903 1449 λουτρόν;
931 1377 1106 1431 Ὅπου
1139 1374 1248 1447 7&9
1274 1375 1377 1428 οὐκ
1405 1371 1698 1445 ὠνομάσθη
1728 1374 1840 1427 Πα-

238 1471 344 1544 τηρ
367 1469 463 1525 καὶ
488 1468 617 1532 Υἰὸς
643 1469 737 1521 καί
769 1466 927 1536 ἇγιον
960 1465 1210 1536 Πνεῦμα,
1240 1463 1525 1535 βάπτισμα
1553 1461 1845 1534 μετανοίας

240 1560 407 1633 μόνον
444 1559 625 1613 ἐστίν·
674 1558 810 1612 ὅπου
855 1556 916 1610 δὲ
963 1554 1283 1626 ὠνομάσθη,
1335 1555 1622 1625 βάπτισμα
1663 1552 1844 1607 υἱοθε-

240 1648 385 1712 σίας.
421 1650 484 1703 '0
516 1647 708 1719 Σωτὴρ
732 1646 833 1700 οὐκ
860 1646 1128 1717 ήθέτησεν
1152 1643 1215 1697 τὸ
1244 1644 1346 1713 τῆς
1384 1644 1699 1715 μετανοίας,
1727 1641 1844 1696 ἀλλ’

240 1738 559 1809 ἐπλήρωσε,
603 1737 697 1790 καὶ
736 1734 1048 1807 προσέθηκε
1092 1734 1154 1789 τὸ
1198 1734 1294 1788 τοῦ
1335 1735 1492 1803 ἀγίου
1528 1733 1847 1805 Πνεύματος

240 1827 321 1898 τῷ
366 1826 463 1882 τοῦ
495 1830 554 1881 ἐν
591 1825 802 1898 Τριάδι.
832 1826 898 1879 οι
937 1825 996 1879 δὲ
1046 1824 1317 1897 αἰρετικοὶ
1360 1824 1651 1895 βάπτισμα
1681 1823 1745 1878 τὸ
1787 1824 1847 1877 ἐν

240 1918 439 1990 Τριάδι
476 1917 721 1989 κυρωθὲν
753 1916 1051 1988 ἠθέτησαν,
1081 1916 1206 1971 ὅσον
1232 1916 1296 1970 τὸ
1337 1917 1470 1989 παρ’
1500 1916 1706 1978 αὐτοῖς.
1733 1916 1850 1970 Οὐκ

241 2009 548 2084 ᾐδέσθησαν
584 2008 694 2082 γὰρ
732 2010 782 2064 οἰ
817 2008 1041 2062 δείλαιοι
1090 2009 1190 2079 τὴν
1243 2008 1587 2079 Δεσποτικὴν
1620 2007 1805 2078 φωνήν
1829 2021 1846 2039 ·

253 2102 311 2156 '0
338 2102 713 2173 λελουμένος
739 2103 813 2157 οὐ
844 2101 1060 2173 χρείαν
1103 2100 1231 2171 ἔχει
1278 2100 1578 2169 νίψασθαι
1624 2099 1664 2170 ἣ
1707 2098 1851 2166 τοὺς

242 2192 439 2259 πόδας
464 2194 681 2263 μόνον.
713 2191 903 2262 Ὑμεῖς
933 2191 1002 2245 δέ
1028 2191 1532 2259 βαπτισθήσεσθε
1555 2192 1628 2246 ἐν
1664 2190 1852 2245 11νεύ-

236 2300 383 2355 ματι
414 2283 565 2353 ἁγίῳ
590 2285 663 2337 οὐ
686 2284 839 2353 μετά
879 2284 1115 2348 πολλὰς
1158 2283 1384 2351 ταύτας
1438 2282 1686 2353 ἡμέρας.
1716 2276 1853 2335 Εἶτα

244 2376 433 2430 λοιπδν
455 2376 519 2430 τὸ
547 2375 726 2446 λίχνον
764 2375 866 2446 τῆς
895 2373 1247 2446 ἀνθρωπίνης
1294 2374 1513 2445 φύσεως
1554 2374 1655 2428 καὶ
1683 2372 1851 2428 πολυ-

245 2465 669 2540 πραγμόσυνον·
707 2466 897 2537 ἐπειδὴ
950 2466 1080 2521 ῐδιον
1125 2467 1237 2521 τῶν
1286 2466 1594 2540 ἀνθρώπων
1640 2468 1854 2539 ἐρωτᾷν

246 2560 505 2617 πάντοτε.
527 2560 665 2615 Πότε
694 2562 730 2632 ή
758 2560 1077 2630 συντέλεια;
1112 2562 1245 2616 πότε
1274 2562 1496 2635 ἔρχεται
1523 2564 1553 2616 6
1580 2561 1852 2633 Χριστός;

250 2651 394 2725 μετά
440 2654 584 2707 πόσα
617 2652 710 2725 ἐτη
734 2653 806 2707 ’τὸ
836 2652 989 2717 τέλος
1021 2654 1174 2723 ἐστί;
1220 2654 1354 2709 πότε
1380 2656 1415 2727 ή
1462 2653 1713 2725 βασιλεία
1758 2654 1856 2709 a6-

246 2742 346 2798 τοῦ
402 2744 687 2814 φαίνεται;
745 2745 795 2798 οἰ
847 2744 1138 2799 ἀπόστολοι
1183 2746 1247 2799 τὸ
1298 2745 1643 2818 ἀνθρώπινον
1682 2746 1854 2811 πάθος

250 2835 629 2907 γυμνάζοντες
679 2836 940 2909 ἄρχονται
986 2835 1174 2909 ζητεῖν
1224 2838 1382 2910 παρά
1433 2836 1529 2892 τοῦ
1577 2838 1853 2911 Σωτῆρος.

254 2930 323 2983 οι
359 2926 478 2997 μὲν
512 2923 627 2983 οὖν
663 2929 1073 2995 συνελθόντες
1126 2929 1451 2999 ἐπηρώτων
1491 2928 1702 2995 αὑτὸν,
1750 2929 1855 2984 λέ-

252 3034 495 3090 γοντες·
545 3017 744 3089 Κύριε,
792 3022 843 3075 εἰ
885 3022 955 3075 ἐν
986 3018 1068 3087 τῷ
1109 3020 1308 3090 χρόνῳ
1354 3022 1547 3089 τούτῳ
1590 3022 1859 3079 ἀποκαθ-

254 3111 526 3178 ιστάνεις
552 3111 669 3180 τὴν
695 3112 1027 3178 ,ϐασιλείαν
1053 3112 1134 3179 τῷ
1172 3113 1448 3183 Ἰσραήλ;
1489 3114 1707 3186 Ἐπειδὴ
1741 3115 1859 3169 έλει-

253 3219 353 3273 γεν
404 3203 609 3267 αὐτοῖς,
635 3204 817 3258 Ὅταν
853 3204 1003 3273 ἔλθῃ
1044 3207 1079 3259 ό
1119 3204 1255 3271 Υἱὸς
1284 3206 1393 3261 τοῦ
1438 3206 1758 3277 ἀνθρώπου
1788 3208 1860 3262 ἐν

254 3293 335 3365 τῇ
362 3293 515 3364 δόξῃ
545 3295 757 3361 αὑτοῦ,
790 3294 1062 3364 λέγουσιν,
1090 3298 1162 3351 Εἰ
1195 3296 1267 3350 ἐν
1292 3295 1372 3363 τῷ
1400 3299 1601 3368 χρόνῳ
1631 3299 1858 3366 τούτφ;

258 3383 546 3440 ἐϐούλοντο
588 3386 781 3458 μαθεῖν
821 3387 872 3440 εί
905 3385 1029 3440 τότε
1068 3387 1240 3457 ἐγγύς
1271 3390 1420 3443 ἐστιν
1454 3390 1489 3461 ή
1536 3390 1858 3461 προσδοκία,

254 3477 305 3531 εἰ
349 3475 667 3548 βραδύνειή
714 3475 979 3547 σωτηρία.
1028 3472 1163 3531 Εἶτα
1196 3479 1225 3533 6
1261 3478 1482 3550 Σωτήρ·
1520 3480 1644 3547 Οὐχ
1692 3476 1862 3548 ὑμῶν

251 3566 389 3622 ἀστι
434 3566 658 3639 γνῶναι
708 3570 969 3638 χρόνους
1003 3568 1044 3638 ἢ
1083 3569 1368 3641 καιροὺς,
1421 3568 1532 3635 οὓς
1576 3571 1609 3623 ό
1656 3568 1861 3638 Πατὴρ

256 3657 427 3714 ἔθετο
469 3660 540 3714 έν
575 3658 654 3728 τῇ
696 3659 817 3727 ἰδίᾳ
873 3659 1147 3730 ἐξουσίᾳ.
1201 3661 1331 3725 Τοῖς
1378 3660 1701 3725 ἀποστόλοις
1739 3661 1862 3715 οὐδὲ

257 3750 444 3822 χρόνοι
479 3749 875 3823 ἐπετράπησαν
902 3753 981 3817 εἰς
1013 3751 1273 3824 ἔρευναν·
1304 3750 1402 3804 καὶ
1429 3752 1729 3820 αἰρετικοῖς
1762 3752 1862 3804 ἐπ-

258 3842 477 3914 ετράπη
505 3842 605 3915 τὴν
645 3843 833 3898 οὐσίαν
868 3842 971 3917 τὴν
1011 3844 1371 3917 ὑπερχρόνιον
1404 3844 1496 3898 καὶ
1545 3845 1647 3917 τήν
1697 3844 1863 3915 φύσιν

258 3933 361 4006 τὴν
389 3932 716 4009 προαιώνιον
742 3936 999 4008 ἐρευνᾷν;
1031 3938 1201 3991 Ὅταν
1235 3933 1329 3990 οῦν
1354 3954 1438 4001 τις
1460 3936 1738 4009 αἱρετικὸς
1766 3953 1863 3990 συ-

260 4024 401 4098 ζητῇ
429 4025 500 4080 τά
520 4025 769 4091 τοιαῦτα,
798 4027 893 4081 καὶ
922 4026 1078 4101 λέγῃ,
1108 4027 1235 4091 Πῶς
1264 4027 1553 4098 ἐγέννησεν
1582 4027 1613 4079 6
1635 4027 1858 4098 Πατήρ;

261 4119 358 4173 καί
383 4116 470 4181 τίς
496 4116 526 4169 6
556 4116 658 4187 τῆς
681 4118 834 4183 θείας
857 4120 1165 4189 γεννήσεως
1193 4118 1428 4190 τρόπος;
1476 4119 1541 4172 σὺ
1575 4117 1863 4190 ἀντίστρε-

259 4208 362 4280 ψον
389 4207 541 4280 αὐτῷ
566 4208 668 4281 τὴν
701 4208 1045 4281 Δεσποτικήν
1101 4210 1289 4281 φωνήν
1314 4226 1327 4239 ·
1376 4212 1500 4279 Οὐχ
1534 4211 1705 4281 ὑμῶν
1729 4211 1863 4266 ἐστι

259 4299 487 4372 γνῶναι
517 4300 781 4371 χρόνους
812 4300 851 4370 ἢ
885 4303 1132 4373 καιρούς
1157 4318 1170 4332 ·
1199 4304 1299 4374 οὐχ
1319 4302 1474 4375 ὑμῶν
1502 4305 1620 4359 ἐστι
1649 4304 1860 4373 γνῶναι

260 4392 399 4449 Θεοῦ
428 4392 686 4464 γέννησιν
713 4394 811 4449 καὶ
841 4394 1066 4461 οὐσίαν,
1116 4397 1212 4450 καὶ
1255 4396 1319 4450 οὐ
1352 4396 1516 4467 μόνον
1549 4398 1649 4468 οὐχ
1683 4398 1860 4469 ὑμῶν,

260 4486 379 4541 ἀλλ’
405 4485 528 4541 οὐδὲ
558 4487 830 4557 ἀγγέλων,
864 4486 988 4541 οὐδὲ
1029 4487 1413 4559 ἀρχαγγέλων,
1454 4488 1517 4541 οὐ
1553 4491 1736 4560 πάσης
1761 4490 1863 4561 τῆς

262 4580 490 4650 κτιστῆς
519 4577 824 4648 δυνάμεως.
867 4577 1031 4631 Ἀλλά
1058 4579 1205 4642 τίνος
1233 4579 1353 4634 ἐστὶ
1372 4579 1579 4649 γνῶναι
1602 4600 1616 4648 ;
1650 4581 1864 4649 Οὐδεὶς

261 4665 390 4727 οῖδε
415 4669 526 4725 τὸν
550 4668 786 4738 Πατέρα
814 4671 869 4725 εἰ
891 4668 974 4739 μὴ
1007 4673 1041 4725 ό
1071 4671 1223 4738 Υἱὸς,
1259 4670 1405 4726 οὐδὲ
1436 4672 1548 4728 τὸν
1601 4674 1742 4727 Υἰόν
1773 4690 1865 4741 τις

259 4758 647 4831 ἐπιγινώσκει
677 4761 733 4813 εἰ
771 4758 861 4831 μὴ
900 4762 935 4815 ό
967 4758 1174 4830 Πατὴρ
1210 4762 1425 4831 μόνος,
1462 4762 1585 4816 οὐδὲ
1626 4763 1694 4817 τὰ
1722 4762 1863 4836 βάθη

260 4853 361 4908 τοῦ
392 4853 554 4916 Θεοῦ,
602 4853 652 4907 εἰ
709 4852 784 4923 μὴ
823 4852 887 4906 τὸ
920 4852 1149 4924 Πνεῦμα
1179 4851 1275 4906 τοῦ
1316 4852 1489 4907 Θεοῦ·
1533 4855 1660 4925 Οὐχ
1694 4853 1865 4925 ὑμῶν

262 4949 399 5002 ἐστι
427 4942 653 5015 γνῶναι
682 4944 943 5013 χρόνους
970 4944 1009 5012 ἢ
1048 4945 1317 5013 καιρούς.
1371 4947 1487 5000 Οὐκ
1515 4946 1638 5019 αἰδῇ
1670 4946 1732 5000 τὸ
1769 4948 1863 5018 μέο

263 5058 395 5114 τρον
420 5038 530 5093 τῶν
566 5036 922 5105 ἀποστόλων;
959 5038 1009 5090 οἰ
1046 5036 1462 5103 συναλισθέντες
1503 5038 1583 5109 τῷ
1609 5039 1860 5111 Σωτῆρι,

262 5130 347 5198 οἷς
370 5131 572 5205 ἐφάνη,
603 5132 653 5185 οἰ
683 5130 1045 5201 φωτισθέντες
1071 5132 1200 5204 παρ’
1218 5131 1407 5199 αὑτοῦ,
1425 5133 1527 5186 ούκ
1548 5133 1866 5204 ἐπιτρέπονο

264 5242 357 5281 ται
385 5224 606 5288 εἰδέναι,
639 5220 777 5277 ἀλλά
804 5221 1152 5277 διδάσκονται
1184 5222 1260 5294 μὴ
1284 5222 1638 5296 ὑπερϐαίνειν
1663 5224 1860 5297 μέτρα,

266 5318 365 5374 καὶ
392 5318 654 5388 ῆκουσαν·
682 5314 807 5383 Οὐχ
840 5312 1010 5384 ὑμῶν
1052 5314 1188 5369 ἐστι
1236 5314 1463 5385 γνῶναι
1509 5320 1773 5387 χρόνους
1820 5317 1859 5388 ἢ

265 5410 535 5479 καιρούς·
564 5406 661 5461 καὶ
693 5406 759 5461 σὺ
790 5408 1051 5479 ἐρευνᾷςς
1094 5408 1232 5464 Ἀλλ’
1261 5409 1290 5462 6
1332 5409 1535 5482 Δανιὴλ
1562 5410 1733 5483 ἔμαθε
1766 5412 1863 5466 καὶ¹

266 5501 495 5575 χρόνους
523 5499 619 5554 καὶ
649 5497 802 5571 [⁵172]
832 5500 1059 5571 καιροὺς
1076 5502 1173 5554 καὶ
1207 5502 1384 5573 μέτρα
1409 5503 1635 5571 γνῶναι.
1663 5507 1865 5562 Ἑϐδο.

262 5592 545 5666 ιιήκοντα
596 5590 705 5663 γὰρ
760 5590 1114 5660 έϐδομὰδες,
1160 5594 1294 5665 φησὶ
1318 5634 1333 5659 ,
1386 5597 1865 5667 συνετμήθησαν

267 5688 369 5745 ἐπὶ
404 5688 517 5743 τὸν
558 5688 714 5743 λαόν
758 5704 901 5742 σου.
962 5688 1098 5743 Ἀπὸ
1150 5688 1339 5758 λόγου
1380 5687 1618 5758 ἡμερῶν
1648 5690 1865 5755 ἐξόδου

268 5774 380 5832 τοῦ
430 5771 897 5843 οικοδομηθῆναι
939 5771 1047 5825 τὸν
1098 5774 1288 5827 ναδνο
1340 5772 1668 5843 έῧδομάδες
1715 5775 1866 5831 ἑπτὰ

270 5863 376 5923 καὶ
411 5863 733 5935 ἑϐδομάδος
772 5862 1090 5929 ἐξήκοντα,
1138 5861 1237 5915 καὶ
1281 5860 1393 5916 δύο
1423 5863 1521 5916 καὶ
1550 5864 1679 5932 μία.
1727 5864 1859 5918 ’ἰδοῦ

271 5949 551 6021 ἐνεδέχετο
601 5950 793 6021 μαθεῖν
838 5948 1066 6019 χρόνους
1093 5964 1104 5977 ·
1157 5946 1271 6001 ἀλλ’
1326 5947 1435 6001 ἀπὸ
1492 5948 1599 6001 τῶν
1652 5949 1861 6020 χρόνων

277 6038 613 6109 ἐπιστομίζει
650 6040 741 6111 τὴν
776 6039 996 6108 τόλμαν,
1044 6038 1131 6093 ἵνα
1206 6037 1449 6111 μάθωσιν
1493 6041 1538 6095 οἱ
1587 6039 1860 6111 ἄνθςωπον.

918 444 985 497 m
1018 405 1509 497 ASCENSIONEM
1549 435 1614 491 ο.
1648 432 1717 491 N.
1757 431 1812 493 ι.
1852 430 1917 491 c.
1959 429 2052 488 ET
2089 428 2157 485 IN
2198 426 2505 486 ΡιιιΝοιε.
2527 425 2685 484 Αοτ.
2723 423 2785 483 ιι.

3424 414 3535 474 ’188

1944 550 2027 604 ὅτι
2046 551 2097 603 εἰ
2134 547 2264 619 περὶ
2293 547 2502 621 χρόνων
2526 545 2629 600 οὐκ
2660 539 3051 612 ἐπιτρέπονται
3079 535 3308 609 μαθεῖν,
3351 531 3538 606 πολλῷ

1940 641 2144 713 μᾶλλον
2192 642 2320 713 περὶ
2371 640 2469 711 τῆς
2516 637 2669 700 θείας
2717 634 3029 706 γεννήσεως
3078 630 3181 685 ούκ
3226 624 3538 713 ὀφείλουσιν

1935 710 2185 807 ἐρευνᾷν.
2207 710 2292 788 οὗ
2297 752 2333 801 χ
2352 729 2524 802 ὑμῶν
2541 729 2676 785 ἐστι
2694 726 2922 798 γνῶναι
2944 722 3209 794 χρόνους
3226 721 3266 789 ἦ
3288 710 3540 807 Mc

1939 805 2049 895 οὓς
2074 829 2107 881 ό
2125 826 2331 894 Πατὴρ
2350 824 2520 880 ἔθετο
2541 823 2613 877 έν
2638 819 2714 889 τῇ
2742 818 2867 888 ἰδίᾳ
2891 816 3168 889 ἐξουσίᾳ.
3203 812 3264 867 '0
3287 810 3420 875 Υιδς
3442 805 3541 865 οῦν

1938 920 2042 974 οὐκ
2064 918 2241 985 ἔθετο,
2283 917 2401 972 ἀλλ’
2443 917 2503 970 ἐν
2549 911 2775 984 ἐξουσίᾳ
2806 908 2910 977 τοῦ
2957 906 3176 979 Πατρδς
3206 903 3405 967 αἰῶνες
3443 901 3543 957 καὶ

1940 1010 2146 1084 χρόνοι,
2184 1009 2282 1065 καὶ
2310 1010 2341 1063 6
2378 1007 2510 1073 Υιδς
2548 1005 2703 1061 οὐδὲν
2733 1004 2849 1076 εχει
2879 1001 3098 1065 κοινόν;
3128 999 3194 1053 Εἰ
3238 992 3337 1052 οῦν
3374 994 3540 1050 ὀὐδέν

1941 1100 2057 1172 ἔχει
2093 1100 2274 1155 κοινὸν
2296 1100 2326 1153 6
2355 1098 2488 1164 Υἰδς
2508 1099 2588 1163 εἰς
2616 1097 2744 1162 τοὺς
2772 1094 3003 1168 χρόνους
3022 1090 3120 1147 καὶ
3154 1091 3283 1153 τοὺς
3312 1088 3545 1161 καιροὺς

1942 1195 2039 1251 καὶ
2088 1193 2219 1257 τοὺς
2272 1191 2500 1257 αἰῶνας,
2551 1189 2814 1261 ψεύδεται
2864 1183 3091 1247 Παῦλος
3132 1183 3309 1253 λέγων
3333 1200 3348 1215 ·
3414 1178 3546 1237 νεα·

1942 1285 2212 1357 ἐσχάτου
2246 1283 2369 1340 τῶν
2406 1282 2648 1354 ἡμερῶν
2688 1280 2921 1337 τούτών
2950 1276 3264 1345 ἐλάλησεν
3297 1272 3448 1343 ἡμῖν
3476 1271 3549 1326 ἂν

1952 1375 2086 1443 Υιῷ,
2118 1374 2192 1429 δι’
2245 1368 2319 1431 οὗ
2372 1374 2473 1428 καί
2518 1373 2664 1439 τοὺς
2715 1367 2943 1435 αἰῶνας
2979 1366 3294 1433 ἐποίησεν.
3326 1363 3392 1418 Εἰ
3433 1359 3550 1416 τῶν

1946 1467 2162 1523 αἰώνων
2190 1464 2421 1536 ποιητὴς
2452 1465 2482 1518 6
2520 1462 2675 1527 Υἰδς,
2706 1462 2803 1517 καὶ
2827 1462 2887 1514 ἐν
2923 1461 2995 1532 τῇ
3030 1455 3254 1527 ἐξουσίᾳ
3283 1452 3385 1509 τοῦ
3414 1450 3551 1507 Υἰοῦ

1944 1562 2180 1615 κεῖνται·
2216 1558 2313 1612 καὶ
2345 1554 2503 1611 τοῦτό
2530 1556 2682 1609 ἐστιν
2709 1552 2739 1607 6
2761 1553 2912 1621 λέγει
2951 1548 3189 1611 Παῦλος·
3218 1547 3338 1612 Οὓς
3366 1548 3401 1600 ό
3428 1546 3551 1599 Ha-

1945 1653 2059 1722 τὴρ
2090 1649 2262 1707 ἔθετο
2292 1649 2367 1703 έν
2403 1644 2479 1715 τῆ
2515 1644 2637 1713 ἰδίᾳ
2668 1642 2947 1710 ἐξουσίᾳ.
2986 1639 3275 1706 Ἐξουσίαν
3304 1638 3415 1710 ἄρα
3444 1652 3553 1692 κα-

1945 1746 2031 1800 λεῖ
2075 1741 2173 1799 τοῦ
2226 1738 2446 1811 Πατρὸς
2492 1736 2589 1793 τὸν
2632 1735 2786 1801 Υἰδν,
2817 1734 3012 1805 ὥσπερ
3042 1732 3138 1791 καὶ
3169 1729 3405 1802 δύναμιν
3455 1727 3556 1785 καὶ

1951 1837 2165 1907 σοφίαν.
2179 1831 2440 1905 Χριστὸς
2463 1829 2572 1903 γὰρ
2595 1827 2746 1885 Θεοῦ
2769 1826 3028 1897 δύναμις
3049 1824 3152 1880 καί
3169 1822 3322 1879 Θεοῦ
3337 1822 3550 1892 σοφία.

2024 1934 2105 1983 ιε’.
2136 1928 2261 1995 Οὐχ
2288 1920 2460 1995 ὑμῶν
2481 1922 2619 1977 ἐστι
2652 1917 2878 1992 γνῶναι
2904 1917 3168 1988 χρόνους
3193 1915 3234 1984 ἢ
3264 1912 3513 1983 καιροὺς
3536 1952 3553 1979 ,

1949 2016 2113 2075 ἀλλὰ
2158 2014 2442 2084 λήψεσθε
2491 2011 2755 2081 δύναμιν
2810 2007 3183 2071 έπελθόντος
3224 2003 3337 2058 τοῦ
3378 2002 3557 2084 ἀτίου

1949 2082 2305 2180 Πνεύματος
2336 2106 2430 2181 ἐφ’
2462 2102 2642 2176 ὑμᾶς.
2669 2101 2925 2175 Λήψεσθε
2954 2100 3211 2170 δύναμιν,
3241 2098 3347 2152 οὐκ
3380 2099 3463 2161 εἰς
3495 2082 3560 2150 τὸ

1963 2190 2431 2273 πολυπραγμονεῖν
2483 2197 2713 2270 χρόνους
2770 2195 2806 2267 ἢ
2865 2194 3137 2266 καιροὺς,
3192 2190 3309 2246 ἀλλ’
3361 2193 3444 2253 εἰς
3495 2189 3561 2244 τὸ

1954 2296 2237 2351 πιστεύειν
2263 2291 2345 2365 τῷ
2372 2291 2646 2363 Δεσπότῃ·
2693 2288 2807 2345 Καὶ
2859 2286 3085 2343 ἔσεσθέ
3106 2302 3212 2355 μοι
3255 2284 3563 2355 μάρτυρες

1952 2391 2110 2446 έντε
2150 2385 2549 2457 Ἰερουσαλὴμ
2585 2383 2688 2439 καί
2727 2382 2801 2437 έν
2828 2380 3004 2450 πάσῃ
3045 2378 3123 2449 τῇ
3164 2377 3433 2446 Ἰουδαία
3460 2373 3564 2430 καὶ

1952 2475 2277 2549 Σαμαρείᾳ,
2300 2473 2402 2530 καί
2425 2473 2539 2540 έως
2559 2470 2831 2543 ἐσχάτου
2861 2467 2977 2539 τῆς
3000 2467 3135 2539 τῆς.
3155 2466 3250 2539 Μὴ
3278 2465 3565 2540 μετρήσῃς

1952 2571 2063 2628 τῶν
2092 2571 2270 2641 λόγων
2301 2569 2404 2640 τὴν
2427 2566 2605 2631 τάξιν,
2637 2563 2778 2619 ἀλλά
2809 2562 2911 2634 τῆς
2935 2559 3230 2624 αὑθεντίας
3261 2558 3363 2631 τὴν
3396 2556 3565 2611 δύνα-

1958 2682 2072 2739 μιν.
2095 2657 2269 2728 Οὗτος
2294 2656 2440 2716 εἷπε·
2464 2661 2552 2731 Κη
2562 2656 2759 2730 ρύξατε
2791 2652 3098 2726 πανταχοῦ·
3130 2651 3294 2706 τοῦτο
3320 2649 3566 2704 δείκνυσι

1954 2758 2054 2831 τήν
2085 2757 2320 2828 δύναμιν
2356 2751 2545 2816 αὑτοῦ,
2593 2751 2643 2805 εἰ
2687 2749 2851 2821 ἐξέϐη
2900 2750 2981 2812 εἰς
3026 2748 3265 2819 πρᾶγμα
3294 2744 3358 2799 τὸ
3387 2746 3564 2816 ῥῆμα.

1956 2851 2207 2921 Δύναμαι
2251 2845 2365 2917 ἐγὼ
2419 2842 2683 2915 αὐθεντίᾳ
2732 2840 3088 2914 χρησάμενος
3128 2840 3226 2895 καὶ
3271 2834 3569 2906 ἀλαζονεία

1957 2944 2133 3005 εἰπεῖν
2172 2942 2287 3004 τοῖς
2319 2934 2673 3009 παρεστῶσιν
2721 2932 2755 3005 ἢ
2804 2931 3010 3000 ὀλίγοις
3061 2929 3312 2992 οἰκέταις
3342 2926 3378 2999 ἢ
3406 2922 3569 2980 ἀδελ-

1960 3034 2083 3103 φοῖς
2112 3042 2161 3072 ι·
2210 3028 2488 3095 Ἐξέλθετε
2522 3026 2603 3090 εἰς
2636 3024 2707 3079 τά
2745 3022 2909 3094 ἔθνη,
2935 3021 3032 3075 καὶ
3062 3020 3243 3074 πάντα
3281 3017 3566 3085 διδάξατε,

1961 3124 2172 3188 πάντας
2205 3118 2598 3192 ἐπιστρέψατε,
2630 3114 2947 3188 βαρϐάρους
2985 3112 3232 3177 ἀνέλετε,
3252 3110 3383 3173 τοὺς
3412 3108 3572 3163 ἐναν-

1959 3217 2287 3288 τιουμένους
2308 3216 2378 3285 τῇ
2412 3209 2665 3283 βασιλείᾳ
2698 3207 2973 3278 ἐκκόψατε
2997 3206 3051 3245 δ’
3079 3204 3150 3259 τά
3183 3205 3409 3277 ῥήματα
3432 3218 3572 3274 προ-

1961 3308 2161 3371 ϐαίνει,
2211 3306 2328 3361 ἀλλ’
2371 3305 2467 3359 ἐὰν
2511 3302 2581 3358 τά
2611 3301 2920 3375 πράγματα
2958 3298 3033 3371 μὴ
3067 3297 3455 3371 ἀκολουθήσῃ,
3504 3295 3570 3350 ού

1964 3398 2126 3470 μόνον
2168 3394 2246 3459 ὡς
2289 3393 2533 3465 ψεύστης
2581 3388 3072 3461 καταγινώσκομαι
3097 3429 3112 3454 ,
3158 3387 3298 3442 ἀλλά
3348 3387 3447 3440 καὶ
3493 3385 3573 3451 ὡς

1962 3489 2180 3556 ἀλαζὼν
2204 3488 2313 3549 καί
2355 3486 2637 3559 προπετὴς
2663 3484 2991 3555 κολάζομαι.
3047 3480 3330 3551 Ζητείσθω
3376 3475 3471 3533 οῦν
3502 3478 3572 3533 τὰ

1965 3585 2189 3656 ῥήματα
2219 3579 2315 3635 τοῦ
2347 3579 2622 3651 Σωτῆρος,
2665 3577 2743 3649 μὴ
2792 3575 2853 3644 ἐξ
2900 3568 2978 3629 ὧν
3022 3574 3310 3645 ἐλάλησεν,
3357 3570 3476 3626 ἀλλ’
3511 3571 3573 3638 ἐξ

1963 3670 2039 3732 ὧν
2074 3674 2341 3730 ἐτέλεσεν.
2379 3668 2540 3726 Εῐπε·
2566 3669 3007 3737 Μαθητεύσατε
3036 3666 3239 3721 πάντα
3271 3665 3345 3719 τὰ
3377 3663 3529 3733 ἔθνη
3552 3679 3567 3693 ·

1963 3768 2014 3821 εἰ
2056 3766 2133 3838 μή
2170 3763 2445 3835 προῆλθεν
2499 3764 2530 3816 6
2577 3762 2740 3832 λόγος
2791 3762 2870 3825 εἰς
2903 3759 3102 3830 ἔργον,
3142 3757 3431 3823 ἀλαζονεία
3465 3751 3571 3828 ῆν,

1964 3859 2060 3912 καὶ
2078 3857 2180 3911 οὐκ
2208 3854 2467 3911 αύθεντία
2489 3852 2669 3925 θεῖκή.
2694 3847 2853 3907 Εἶπε·
2887 3848 3184 3925 Κηρύξατε
3207 3850 3315 3912 ἓως
3338 3847 3574 3919 ἐσχάτου

1963 3948 2066 4019 τῆς
2090 3948 2212 4020 γῆς·
2243 3950 2292 4001 εἰ
2326 3946 2473 4000 ἔστιν
2509 3943 2748 4016 ἐσχατιά
2778 3960 2866 4007 τις
2901 3940 3217 4014 ἀμοιροῦσα
3260 3937 3358 3992 τοῦ
3395 3936 3576 4010 κηρύ-

1965 4059 2198 4114 γματος,
2224 4040 2494 4111 ἐψεύσατο
2518 4042 2553 4111 ή
2588 4038 2919 4111 πρόρρησις·
2948 4037 2998 4089 εἰ
3025 4034 3083 4089 δὲ
3106 4034 3215 4106 πρὸ
3246 4031 3359 4088 τῶν
3394 4024 3576 4103 ῥημά-

1964 4155 2075 4191 των
2107 4133 2411 4207 λάμπειτά
2444 4133 2774 4204 πράγματα,
2810 4128 3032 4201 ἀληθεῖς
3068 4129 3121 4182 οἰ
3161 4128 3443 4199 μάρτυρες
3479 4125 3576 4179 καὶ

1967 4230 2174 4302 ἀληθὴς
2196 4231 2225 4282 6
2251 4225 2725 4300 μαρτυρούμενος.
2744 4224 2855 4279 Καὶ
2870 4222 3065 4279 ταῦτα
3082 4222 3289 4287 εἰπὼν,
3301 4219 3577 4287 ,ϐλεπόν-

1966 4344 2086 4381 των
2112 4323 2314 4380 αὐτῶν
2335 4321 2592 4392 ἐπήρθη.
2636 4320 2903 4375 Ἦδύνατο
2940 4320 3042 4391 μὲν
3067 4317 3179 4389 γάρ
3212 4317 3288 4388 μὴ
3320 4312 3577 4387 φανερῶς

1965 4417 2234 4484 ἀνελθεῖν,
2258 4415 2374 4471 ἀλλ’
2392 4415 2583 4487 ὥσπερ
2608 4414 2710 4486 τῆς
2740 4411 3099 4474 ἀναστάσεως
3121 4410 3251 4482 ἔσχε
3286 4409 3577 4481 μάρτυρας

1962 4514 2094 4577 τοὺς
2131 4509 2449 4581 ὀφθαλμοὺς
2496 4507 2607 4561 τῶν
2656 4505 2941 4579 μαθητῶν,
2975 4503 3125 4559 οὕτω
3161 4502 3329 4557 πάλιν
3371 4501 3577 4565 αὐτοὺς

1966 4606 2247 4669 αὐτόπτας
2269 4604 2416 4658 ποιεῖ
2447 4602 2544 4656 καὶ
2571 4601 2673 4670 τῆς
2702 4597 3054 4670 ἀναλήψεως.
3072 4595 3441 4651 Βλεπόντων
3466 4593 3578 4647 αὐ-

1965 4698 2089 4753 τῶν
2123 4696 2377 4766 ἐπήρθη·
2405 4693 2617 4761 διέστη
2650 4692 2753 4747 ἀπ’
2783 4690 2986 4744 αὐτῶν
3015 4688 3115 4743 καί
3133 4686 3461 4757 ἀνεφέρετο
3486 4686 3577 4753 εἰς

1966 4794 2075 4848 τὸν
2100 4789 2385 4860 οὐρανὸν,
2419 4788 2519 4843 καί
2546 4785 2775 4855 νεφέλη
2801 4784 3110 4839 ὑπέλαϐεν
3130 4784 3337 4837 αὐτόν’
3374 4778 3472 4833 καί
3494 4778 3578 4845 ὡς

1967 4883 2339 4948 ἀτενίζοντες
2371 4878 2539 4953 ἦσαν
2584 4881 2674 4946 εἰς
2701 4878 2811 4933 τὸν
2850 4875 3117 4946 οὐρανὸν
3160 4871 3578 4943 πορευομένου

1965 4977 2176 5041 αὑτοῦ,
2202 4973 2507 5045 ἀνελήφθη,
2546 4970 2787 5045 ἐπήρθη,
2813 4969 3135 5040 ἀνεφέρετο,
3178 4964 3451 5036 εἰσῆλθεν·
3489 4963 3576 5018 Οὐ

1964 5070 2081 5143 γὰρ
2112 5072 2201 5136 εἰς
2255 5069 2646 5138 χειροποίητα
2699 5064 2840 5136 ἅγια
2876 5061 3172 5131 εἰσῆλθεν
3210 5062 3243 5113 ό
3292 5056 3574 5125 Ἰησοῦς,

1968 5163 2109 5220 ἀλλ’
2156 5164 2243 5229 εἰς
2275 5160 2465 5215 αὐτὸν
2505 5158 2616 5214 τὸν
2671 5156 2937 5226 οὐρανὸν
2991 5149 3444 5224 ἐμφανισθῆναι
3495 5148 3579 5217 τῷ

1972 5253 2116 5322 Θεῷ.
2163 5256 2275 5309 Καὶ
2326 5254 2387 5307 οὐ
2444 5253 2605 5325 μόνον
2651 5250 2941 5322 εἰσῆλθεν,
2997 5248 3137 5303 ἀλλά
3188 5247 3284 5302 καὶ
3332 5243 3575 5315 διῆλθεν.

1972 5348 2266 5417 Ἔχοντες
2309 5346 2439 5416 γάρ,
2482 5344 2650 5417 φησὶν
2704 5345 2733 5397 6
2792 5341 3041 5406 Παῦλος,
3080 5337 3237 5413 [7Ἰ5]
3296 5335 3579 5408 ἀρχιερέα

1963 5440 2158 5513 μέγαν
2180 5436 2583 5506 διεληλυθότα
2602 5434 2746 5501 τοὺς
2771 5433 3071 5503 οὐρανοὺς
3100 5431 3367 5501 Ἰησοῦν.
3388 5428 3579 5498 Ἀνῆλ-

1970 5534 2083 5598 θεν,
2121 5532 2312 5603 ἀνέϐη,
2335 5528 2639 5601 ἀνελήφθη,
2671 5526 2989 5599 ἐπορεύετο.
3018 5525 3259 5596 διῆλθεν.
3300 5522 3575 5594 Πρόσεχε.

1981 5625 2177 5698 ’Δνέϐη
2196 5626 2273 5689 ὡς
2301 5622 2553 5691 ἐξουσίαν
2583 5620 2744 5691 ἔχων,
2781 5620 2867 5674 ἵνα
2909 5617 3178 5691 πληρωθῇ
3213 5616 3275 5671 τὸ
3301 5614 3398 5671 τοῦ
3433 5632 3576 5687 προ-

1972 5720 2147 5791 φήτου
2170 5717 2374 5787 λόγιον·
2392 5714 2601 5783 Ἀνέϐη
2619 5717 2651 5769 ό
2678 5713 2823 5781 Θεὸς
2845 5714 2915 5767 ἐν
2931 5708 3287 5780 ἀλαλαγμῷ.
3306 5707 3579 5763 Ἐνταῦθα

1969 5816 1998 5868 6
2026 5812 2316 5884 προφήτης
2346 5809 2565 5881 γυμνὴν
2582 5807 2742 5878 φέρει
2772 5804 3115 5878 παρρησίαν.
3145 5801 3351 5872 Ἀνέϐη
3378 5803 3411 5857 ὁ
3429 5802 3578 5869 Θεὸς

2038 5924 2207 6001 f’
2223 5922 2348 6001 Η·ἑῖ
2367 5923 2466 6001 τρῖς
2487 5924 2793 6001 vim???”
2812 5915 3429 6001 ὀλίγοιςξιῖξῑισξὶὲξεὲφοξῖξ
3441 5915 3575 6001 ειιεὲ

2031 5987 2059 6027 ὶ»
2079 5987 2197 6036 Cod.
2231 5977 2463 6042 11861516
2496 5977 2738 6046 βασιλείας
2771 6002 2862 6047 ιιι-υ
2888 5977 3127 6046 ἓκκὸοξιατε
3154 5977 3345 6037 αὐτούς.
3374 5977 3492 6030 ΗΠ
3511 5984 3575 6043 τὴ

1976 6050 2196 6114 βασιλεῖ-’τ
2227 6050 2305 6099 ἐγι
2356 6049 2541 6106 αὐτούς.
3550 6036 3572 6051 ”
