4126 6482
192 373 303 433 780

189 501 353 555 tollite
373 512 546 570 portes
567 544 583 566 ,
627 504 877 571 principes
898 545 912 567 ,
941 492 1127 556 vestr?»
1146 544 1161 568 ,
1204 514 1249 556 et
1272 502 1533 556 elevamini
1558 541 1575 569 ,
1616 509 1776 569 porta

188 595 458 649 a'teruales
476 636 492 659 ,
523 606 568 648 et
593 596 812 649 introibit
839 595 947 649 Rea:
977 597 1152 665 gloritr
1184 593 1351 666 (Psal.
1377 595 1465 649 25.
1494 596 1543 648 7.
1572 596 1650 664 8).
1679 592 1775 647 In-

191 686 363 738 troibit
392 701 411 739 :
453 685 573 739 Non
616 689 750 740 enim
792 689 844 739 in
879 690 1169 756 manufacta
1206 696 1382 741 sancta
1426 688 1679 757 ingressus
1706 695 1777 740 est

187 777 382 842 lenis;
409 780 497 833 sed
523 779 578 833 in
609 782 777 849 ipsum
804 780 983 835 uelum
1031 780 1215 851 (Ilebr.
1244 782 1296 835 9.
1322 780 1416 847 24)
1455 781 1778 851 ingredietur

186 870 305 924 Rex
330 870 534 940 gloriae.
582 871 699 925 Duo
722 871 938 927 demunt
974 870 1109 925 facta
1134 882 1257 925 sunt
1289 890 1301 925 :
1330 872 1775 941 quemadmodum

184 964 334 1017 enim
384 962 654 1033 obstupuit
683 972 823 1018 terra
859 978 978 1017 cum
1021 963 1153 1018 vidit
1177 962 1513 1019 Servatorem
1551 979 1779 1033 corpore

185 1052 473 1118 indutum;
501 1063 556 1109 ct
591 1055 729 1109 sicut
762 1070 882 1109 cum
914 1066 1227 1111 extraneum
1254 1064 1308 1109 et
1329 1056 1563 1125 ignotum
1593 1071 1779 1126 quem-

186 1142 333 1212 piam
358 1142 599 1198 videmus
618 1184 636 1211 ,
670 1144 905 1199 solemus
927 1144 1123 1212 dicere,
1153 1145 1281 1211 Quis
1303 1145 1387 1199 hic
1413 1146 1531 1200 est?
1560 1146 1626 1201 de
1652 1155 1779 1201 noto

192 1234 395 1302 quippe
438 1249 596 1289 nemo
643 1234 985 1289 sciscitatur:
1018 1236 1096 1290 sic
1143 1236 1303 1289 etiam
1344 1244 1485 1290 terra
1523 1234 1777 1290 Servato-

185 1338 305 1378 rem
337 1323 523 1379 videns
568 1325 745 1380 divina
798 1326 991 1380 virtute
1032 1326 1349 1395 praeditum,
1401 1326 1681 1394 ventisque
1724 1334 1780 1381 et

185 1416 326 1470 mari
374 1416 761 1486 imperantem,
812 1416 982 1472 dicit:
1028 1417 1152 1485 Quis
1200 1428 1274 1471 est
1322 1418 1438 1483 hic,
1485 1418 1605 1487 quia
1644 1418 1780 1471 vetiti

186 1516 237 1561 et
275 1524 417 1563 mare
455 1508 691 1563 obediunt
720 1509 768 1563 ei
797 1508 1011 1581 (Matth.
1040 1510 1094 1564 8.
1126 1510 1266 1577 27)?
1318 1509 1776 1578 Quemadmodum

181 1599 372 1669 itaque
414 1598 799 1668 obstupescens
834 1610 973 1655 terra
1018 1600 1282 1655 clamabat
1323 1618 1335 1655 :
1369 1599 1495 1666 Quis
1533 1608 1607 1653 cst
1650 1600 1731 1653 hic
1754 1600 1780 1653 Ζ)

186 1688 267 1742 sic
293 1698 348 1743 ct
366 1688 554 1744 escium
580 1690 982 1759 obstupescens,
1005 1690 1146 1759 quod
1182 1690 1234 1745 in
1256 1704 1417 1745 carne
1440 1688 1776 1744 divinitatem

186 1789 454 1844 cerneret,
486 1780 650 1836 dicit:
686 1781 809 1849 Quis
836 1793 905 1837 est
935 1783 1027 1838 iste
1054 1782 1164 1836 Rea:
1186 1784 1363 1854 gloria:
1384 1781 1554 1856 (Psal.
1578 1784 1666 1837 2'5.
1687 1783 1777 1851 8)?

262 1873 354 1927 16.
385 1873 451 1927 Et
475 1872 593 1927 vide
622 1872 770 1938 mihi,
802 1888 1003 1944 quaso,
1035 1890 1147 1929 rem
1178 1876 1495 1931 mirabilem.
1529 1875 1777 1930 Salvator

185 1964 355 2027 venit,
382 1966 705 2037 veniensque
725 1965 979 2037 Spiritum
997 1977 1239 2023 sanctum
1265 1969 1460 2034 attulit,
1482 1968 1777 2024 ascendens

184 2071 386 2126 corpus
414 2065 654 2113 sanetum
683 2058 887 2125 retulit,
932 2068 992 2113 ut
1032 2058 1183 2113 daret
1226 2059 1425 2114 mundo
1458 2060 1646 2129 pignus
1688 2073 1777 2112 sa-

185 2145 333 2208 lutis.
359 2145 589 2217 Spiritus
616 2148 783 2202 sancti
819 2148 1088 2203 virtutem.
1124 2148 1329 2202 Rursus
1365 2149 1537 2202 eidem
1580 2148 1779 2202 mundo

186 2247 434 2293 sanctum
464 2253 658 2308 corpus
685 2238 870 2293 salutis
898 2240 1089 2309 pignus
1112 2254 1232 2294 esse
1254 2239 1397 2294 dicat
1415 2239 1775 2294 Christianus.

184 2329 324 2384 Cum
355 2328 458 2384 hoc
476 2329 617 2393 dico,
649 2338 703 2384 et
732 2341 783 2384 te
812 2329 932 2384 dico
952 2339 1003 2383 et
1043 2345 1469 2400 unamquamque
1497 2345 1777 2400 personam

184 2418 568 2474 Christianam.
595 2420 706 2491 Ego
731 2419 1065 2475 Christianus
1087 2434 1205 2476 sum
1231 2431 1285 2477 et
1308 2422 1402 2476 Dei
1432 2436 1548 2477 sum
1576 2440 1588 2475 :
1612 2436 1779 2491 quare

186 2512 334 2567 hoc?
370 2512 625 2583 Spiritum
666 2522 906 2568 sanctum
948 2514 1014 2568 de
1056 2514 1190 2568 eselo
1224 2513 1553 2569 descendens
1584 2513 1774 2567 habeo.

187 2602 285 2658 Vis
331 2603 477 2658 aliud
517 2603 809 2659 indicium?
847 2604 1038 2673 Accepi
1082 2595 1339 2673 Spiritum
1391 2605 1483 2659 Dei
1528 2604 1594 2659 de
1624 2605 1775 2668 caelo,

192 2698 392 2765 pignus
422 2710 597 2750 meum
628 2696 798 2751 habeo
824 2705 1052 2750 certum.
1090 2695 1366 2762 Quodnam
1398 2696 1619 2766 pignus?
1647 2695 1781 2750 Cor-

185 2802 290 2859 pus
320 2788 435 2855 ejus
459 2802 667 2842 sursum
692 2799 802 2852 est;
832 2788 1060 2858 Spiritus
1080 2789 1194 2857 ejus
1221 2788 1475 2843 deorsum
1497 2788 1636 2859 apud
1659 2803 1776 2843 nos.

185 2878 506 2939 Dubitasne.
539 2877 810 2945 hieretice,
841 2894 940 2933 nos
980 2893 1100 2934 esse
1128 2879 1259 2934 Dei?
1289 2878 1469 2934 Genus
1499 2894 1662 2932 unum
1703 2877 1780 2931 fa-

185 2980 334 3027 ctum
360 2979 446 3024 est
484 2969 574 3025 Dei
602 2980 761 3040 atque
806 2971 1097 3026 hominum.
1141 2969 1599 3039 Quemadmodum
1636 2971 1777 3025 enim

185 3068 474 3131 separatas
496 3068 674 3130 partes
698 3060 870 3131 jungit
892 3062 1159 3131 cognatio,
1186 3071 1240 3116 et
1269 3062 1332 3127 is,
1358 3062 1446 3131 qui
1476 3063 1779 3132 quempiam

186 3167 299 3209 non
328 3152 496 3217 novit,
538 3167 603 3207 ex
650 3154 807 3208 unius
847 3154 950 3206 viri
990 3168 1110 3208 cum
1156 3153 1383 3209 muliere
1408 3154 1781 3223 eonjunctione

186 3242 328 3298 duas
356 3242 579 3297 familias
610 3252 746 3297 totas
770 3243 983 3313 c0pulat
1007 3244 1074 3297 ita
1103 3253 1155 3297 ut
1187 3243 1278 3297 ille
1297 3244 1667 3308 consobrinus,
1691 3244 1781 3300 ille

185 3333 485 3389 avunculus
510 3335 893 3388 constituatur:
926 3333 1003 3388 sic
1022 3331 1235 3388 Christo
1261 3349 1475 3389 carnem
1504 3349 1783 3390 assumen-

185 3434 266 3491 te,
300 3439 397 3495 per
423 3439 640 3480 carnem
667 3433 773 3479 tota
805 3424 1066 3493 Ecclesia,
1100 3424 1296 3480 Christi
1334 3436 1557 3497 cognata
1592 3426 1780 3483 cliecta

185 3526 276 3573 est
309 3531 324 3570 :
355 3516 547 3571 Paulus
583 3526 665 3571 est
705 3515 901 3571 Christi
937 3526 1214 3587 cognatus,
1261 3516 1446 3571 Petrus
1482 3518 1631 3585 item,
1661 3535 1781 3573 om-

185 3607 385 3676 nisque
405 3605 597 3675 ﬁdelis,
624 3621 721 3661 nos
740 3620 948 3674 omnes,
976 3607 1149 3677 quivis
1177 3608 1313 3676 pius.
1348 3607 1469 3662 ideo
1490 3607 1618 3663 dicit
1638 3609 1782 3663 Pau-

186 3695 301 3762 lus,
330 3693 499 3750 Genus
530 3712 647 3767 ergo
674 3712 788 3749 cum
813 3698 970 3751 simus
1010 3695 1103 3749 Dei
1124 3697 1258 3765 (Act.
1302 3698 1390 3752 17.
1432 3697 1547 3767 29).
1582 3702 1650 3752 At
1680 3700 1777 3754 etsi

184 3788 358 3844 sciam
384 3802 487 3859 qua
533 3796 711 3843 mente
750 3789 802 3843 id
846 3788 1045 3844 dictum
1092 3790 1180 3853 sit,
1224 3804 1329 3845 non
1362 3791 1415 3845 in
1455 3806 1620 3861 scopo
1650 3792 1779 3848 mihi

184 3888 296 3945 est,
326 3889 487 3935 totam
516 3881 642 3935 dicti
691 3880 954 3937 rationem
996 3890 1050 3936 et
1092 3896 1309 3937 sensum
1340 3883 1654 3953 explorare;
1683 3886 1779 3941 sed

185 3970 239 4025 id
273 3970 447 4024 solum
473 3970 669 4037 dicam,
696 3970 913 4026 Paulum
940 3986 1108 4041 genus
1139 3972 1265 4027 illud
1298 3973 1528 4029 ﬁrmare.
1562 3974 1627 4029 Et
1652 3974 1779 4031 al.bi

184 4076 403 4117 rursum
426 4077 443 4117 :
472 4061 581 4116 Nos
601 4078 773 4117 sumus
786 4078 970 4131 corpus
986 4061 1193 4127 Christi,
1221 4072 1268 4117 et
1294 4066 1517 4118 membra
1532 4082 1595 4119 ea;
1615 4075 1773 4136 parte,

184 4165 251 4205 ea:
282 4165 433 4203 carne
456 4151 566 4220 eius
589 4151 664 4221 (1.
693 4149 810 4205 Car.
835 4152 923 4205 12.
952 4151 1067 4222 27).
1098 4152 1312 4208 Scilicet
1331 4163 1549 4223 propter
1562 4170 1777 4211 carnem

184 4258 353 4313 quam
380 4244 668 4313 assumpsit
690 4244 902 4314 cognati
940 4244 1054 4315 ejus
1092 4259 1296 4301 sumus.
1327 4246 1592 4302 Habemus
1623 4249 1779 4318 igitur

187 4336 387 4407 pignus
413 4335 531 4405 ejus
556 4349 791 4401 sursum,
836 4337 1087 4392 nimirum
1115 4352 1310 4406 corpus
1346 4339 1486 4409 quod
1516 4354 1580 4394 ex
1624 4340 1778 4396 nobis

183 4426 508 4495 assumpsit;
531 4436 585 4482 et
614 4426 665 4480 in
690 4434 830 4481 terra
852 4426 1106 4496 Spiritum
1124 4436 1363 4482 sanctum
1386 4428 1678 4485 nobiscum.
1711 4430 1779 4486 Et

182 4518 313 4575 vide
341 4532 456 4573 rem
492 4518 817 4584 mirabilem;
845 4533 951 4573 non
987 4518 1108 4573 dico
1133 4519 1272 4589 quod
1299 4519 1527 4588 Spiritus
1554 4520 1780 4575 descen-

184 4610 329 4671 derit
355 4608 424 4665 de
447 4610 601 4675 ctelo,
628 4618 683 4665 et
717 4623 823 4664 non
867 4610 1005 4663 ultra
1032 4609 1103 4664 sit
1132 4610 1182 4663 in
1224 4611 1375 4674 αυιο,
1404 4619 1457 4666 ct
1485 4613 1627 4681 quod
1662 4628 1779 4667 mu-

184 4704 314 4760 tatis
339 4702 573 4766 sedibus.
604 4716 798 4772 corpus
812 4702 1023 4768 caelum,
1046 4701 1275 4771 Spiritus
1306 4712 1499 4757 terram
1530 4716 1774 4777 occupet;

184 4793 285 4852 sed
316 4793 461 4864 quod
486 4792 711 4862 Spiritus
734 4793 805 4847 sit
843 4794 1140 4856 nobiscum,
1187 4804 1239 4848 et
1266 4795 1479 4863 ubique,
1510 4806 1563 4850 et
1591 4798 1641 4849 in
1670 4812 1776 4850 ρευ-

183 4886 281 4942 lo:
315 4900 462 4951 nam,
492 4884 605 4952 Quo
629 4884 730 4953 ibo,
750 4884 936 4954 inquit,
970 4885 1505 4959 aSpiritutuo(Psal.
1540 4889 1659 4944 138.
1694 4890 1777 4960 7)?

182 4976 399 5049 Ecquid
439 4977 648 5031 miraris
673 4976 718 5031 si
762 4976 989 5046 Spiritus
1036 4979 1103 5032 sit
1141 4978 1416 5035 nobiscum
1449 4991 1505 5035 et
1540 4995 1773 5048 sursum,

186 5066 413 5139 quando
438 5066 601 5121 etiam
629 5080 826 5136 corpus
848 5066 1043 5122 Christi
1085 5077 1167 5122 est
1200 5078 1253 5123 et
1276 5084 1483 5125 sursum
1513 5081 1562 5126 et
1599 5072 1777 5127 nobis-

182 5156 353 5215 cum?
380 5154 575 5211 Ilsbuit
593 5155 781 5211 calum
807 5167 1046 5212 sanctum
1063 5173 1285 5228 corpus;
1314 5164 1546 5230 suscepit
1566 5174 1617 5218 et
1638 5174 1777 5220 terra

184 5256 434 5308 sanctum
456 5246 746 5317 Spiritum;
777 5248 920 5303 venit
957 5249 1202 5305 Christus
1227 5260 1281 5306 et
1322 5253 1496 5307 attulit
1520 5253 1775 5324 Spiritum

184 5340 720 5407 sanctum,ascendit
743 5339 985 5395 Christus
1013 5352 1066 5395 et
1095 5343 1276 5397 retulit
1302 5354 1541 5399 nostrum
1560 5361 1773 5415 corpus.

185 5430 494 5502 Videreque
514 5438 631 5487 erat
656 5429 938 5497 imaginem
976 5430 1163 5485 Adami
1198 5434 1249 5487 in
1296 5436 1541 5503 sepulcro
1592 5437 1776 5490 Imma-

186 5534 324 5591 tam,
350 5539 459 5578 non
497 5522 635 5577 ultra
676 5536 797 5576 cum
834 5522 1035 5591 angelis
1080 5534 1444 5593 apparentem,
1474 5526 1568 5581 sed
1614 5542 1775 5597 super

183 5614 409 5685 angelos
428 5627 549 5667 cum
577 5611 686 5667 Deo
711 5610 1005 5677 sedentem,
1038 5624 1094 5665 ut
1134 5622 1187 5668 et
1216 5630 1315 5670 nos
1343 5616 1458 5685 ejus
1482 5631 1643 5687 Opera
1675 5618 1772 5688 ipsi

182 5705 569 5765 assideremus.
596 5702 641 5757 0
663 5701 990 5757 tremendam
1014 5713 1066 5757 et
1089 5705 1402 5773 stupendam
1422 5705 1771 5777 dispensatio-

187 5797 348 5853 nem'
380 5812 416 5853 ο
444 5808 691 5867 magnum
716 5808 892 5865 regem
922 5809 1014 5865 per
1044 5810 1219 5852 omnia
1257 5813 1525 5870 magnum,
1558 5802 1629 5856 ita
1658 5816 1766 5873 ma,-

903 386 966 441 ΙΝ
1008 350 1474 442 ᾹΞΟΕΝΞΙΟΝΕΜ
1508 386 1569 441 D.
1611 385 1675 440 N.
1718 385 1769 441 J.
1809 384 1869 441 C.
1914 386 2003 440 ET
2036 387 2099 441 IN
2141 387 2430 445 l’l'thClP.
2461 390 2617 446 ACT.
2659 390 2724 445 ll.

3376 394 3482 450 δυο

1889 515 2076 569 gnum,
2106 503 2339 573 inquam.
2365 514 2420 559 et
2449 504 2782 560 mirabilem!
2807 506 2983 573 Atque
3004 512 3062 559 ut
3085 505 3160 560 ait
3184 507 3481 578 propheta:

1886 591 2105 647 Domine
2144 594 2392 650 Dominus
2422 608 2624 660 noster,
2670 614 2825 668 qutun
2866 597 3170 652 admirabile
3206 608 3278 653 est
3303 615 3487 653 nomen

1886 691 2029 737 tuum
2058 685 2110 738 in
2141 686 2373 740 universa
2414 688 2588 740 terra!
2611 689 2849 756 quoniam
2894 689 3084 742 elevata
3123 697 3196 743 est
3242 690 3485 761 magniﬁ-

1886 777 2047 830 centia
2076 786 2162 830 tua
2185 795 2338 848 super
2367 780 2516 833 cales
2546 779 2715 850 (Psal.
2740 780 2793 834 8.
2824 780 2903 849 2).
2940 782 3159 836 Elevata
3186 791 3267 835 est
3292 780 3487 836 divini-

1886 876 1970 920 tas
1990 868 2165 943 ;ipsis
2205 868 2377 923 verbis
2406 869 2601 924 dicitur
2625 890 2639 926 :
2684 868 2976 924 Videntibus
3007 871 3111 925 illis
3138 870 3366 926 elevatus
3389 881 3483 935 est,

1886 959 1974 1027 qui
2005 960 2295 1014 secundum
2329 962 2505 1015 omnia
2538 977 2782 1031 magnus,
2820 977 3043 1032 magnus
3074 962 3235 1028 Deus,
3261 977 3486 1033 magnus

1886 1052 2144 1107 Dominus
2174 1072 2185 1105 :
2219 1052 2443 1123 Maqnus
2488 1054 2737 1107 Dominus
2762 1063 2809 1108 et
2837 1054 3109 1108 laudabilis
3130 1055 3280 1109 nimis
3306 1053 3482 1126 (Psal.

1886 1141 1976 1195 47.
1994 1141 2067 1212 2).
2100 1142 2153 1196 Si
2174 1158 2302 1197 vero
2328 1159 2549 1213 magnus
2578 1145 2715 1198 Deus
2737 1154 2791 1199 et
2818 1159 3041 1215 magnus
3062 1144 3339 1209 Dominus,
3366 1159 3485 1199 ma-

1884 1246 2019 1301 gnus
2047 1233 2205 1287 etiam
2234 1248 2324 1287 rex
2367 1243 2449 1288 est
2474 1274 2487 1297 ,
2517 1233 2630 1288 Rea:
2650 1251 2863 1305 magnus
2888 1250 3041 1304 super
3082 1251 3280 1289 omnem
3302 1244 3487 1289 terram

1888 1321 1935 1380 (Ι
1945 1321 2074 1389 bid).
2102 1322 2300 1376 Montes
2323 1322 2475 1388 Sion,
2510 1324 2669 1377 latera
2695 1325 2972 1392 aquilonis,
3007 1325 3184 1378 ciuitas
3210 1326 3344 1396 regis
3376 1342 3489 1379 ma-

1885 1428 1972 1481 gm
2004 1410 2109 1482 (Ib.
2134 1428 2181 1464 υ.
2216 1414 2290 1482 5).
2339 1412 2558 1482 Magnus
2599 1412 2891 1482 propheta,
2935 1428 3157 1483 magnus
3205 1413 3474 1477 sacerdos,

1886 1516 2136 1571 maguum
2175 1502 2376 1567 lumen,
2408 1502 2699 1557 secundum
2747 1502 2924 1556 omnia
2959 1518 3201 1572 magnus.
3233 1504 3489 1572 Semper-

1886 1610 1989 1663 qnc
2019 1594 2293 1665 Scriptura
2342 1610 2587 1665 maguum
2618 1594 2907 1664 praedicat;
2942 1603 2995 1649 ut
3026 1609 3145 1648 cum
3189 1596 3381 1650 Paulus
3405 1595 3487 1649 di-

1885 1687 1997 1739 cit:
2025 1685 2204 1757 Magni
2230 1686 2327 1740 Dei
2373 1695 2421 1740 et
2466 1686 2751 1741 Saluatoris
2782 1686 2943 1739 nostri
2984 1685 3110 1740 Jesu
3138 1686 3324 1741 Christi
3358 1686 3483 1757 (Tit.

1884 1777 1939 1832 2.
1975 1776 2101 1851 15);
2129 1777 2579 1848 quemadmodum
2611 1788 2664 1833 et
2693 1778 2855 1831 David
2899 1778 3030 1833 dicit
3068 1796 3081 1832 :
3128 1779 3355 1849 Magnus
3384 1778 3488 1833 Do-

1885 1872 2055 1924 minus
2083 1879 2130 1923 et
2167 1870 2437 1925 lmtdabilis
2466 1871 2635 1923 nimis.
2688 1870 2908 1940 Magnus
2947 1885 3064 1933 rex,
3096 1884 3320 1939 magnus
3360 1886 3487 1940 pro-
3516 1862 3520 1867 ’

1886 1962 2043 2031 pheta
2077 1980 2089 2017 :
2120 1977 2240 2015 cum
2271 1962 2412 2016 enim
2466 1962 2720 2015 miracula
2766 1960 2950 2015 ederet
2992 1961 3184 2027 Jesus,
3235 1960 3484 2017 dicebant

1888 2051 2057 2106 turba:
2096 2051 2235 2121 vulgi
2271 2069 2284 2105 :
2334 2049 2596 2120 Propheta
2637 2067 2849 2121 magnus
2896 2052 3114 2105 surrexit
3155 2051 3208 2104 in
3233 2051 3397 2117 nobis,
3440 2061 3488 2108 et

1891 2143 2028 2197 Deus
2051 2144 2266 2198 uisitauit
2297 2144 2489 2212 plebem
2518 2161 2663 2197 suam
2700 2142 2853 2212 (Luc.
2900 2145 2951 2197 7.
3002 2143 3113 2215 16).
3172 2143 3287 2197 Νοη
3327 2143 3489 2199 modo

1886 2244 2062 2290 autem
2091 2234 2386 2289 secundum
2416 2234 2748 2289 divinitatem
2784 2249 3029 2303 magnus,
3072 2234 3167 2290 sed
3194 2234 3353 2288 etiam
3396 2248 3485 2289 sc—

1885 2328 2119 2384 cundum
2145 2344 2361 2384 carnem
2390 2347 2405 2384 :
2432 2327 2879 2398 quemadmodum
2902 2328 3045 2383 enim
3070 2327 3213 2381 Deus
3238 2342 3482 2397 magnus,

1886 2420 2143 2475 Dominus
2170 2433 2413 2489 magnus,
2445 2428 2499 2473 et
2526 2434 2620 2473 rex
2652 2433 2875 2488 magnus
2907 2428 2991 2473 est
3031 2416 3322 2473 secundum
3351 2416 3487 2470 divi-

1886 2511 2105 2565 nitatem
2134 2527 2148 2563 :
2181 2510 2251 2563 ita
2296 2525 2480 2563 rursus
2507 2518 2561 2564 et
2592 2524 2812 2579 magnus
2850 2507 3134 2570 sacerdos,
3173 2515 3228 2563 et
3265 2522 3487 2578 magnus

1886 2601 2165 2673 propheta.
2196 2600 2476 2667 Quomodo
2503 2600 2668 2655 illud?
2696 2600 2785 2657 Ait
2828 2600 3025 2655 Paulus
3054 2619 3067 2653 :
3101 2599 3357 2653 [labentes
3382 2599 3485 2652 ita-

1886 2710 1980 2761 que
2004 2694 2293 2763 pontiﬁcent
2314 2708 2554 2763 magnum
2575 2692 2661 2760 qui
2690 2692 2966 2760 penetravit
2995 2691 3145 2744 cit-los
3182 2690 3358 2744 Iesum
3390 2688 3487 2742 Εἰς

1887 2784 2010 2836 lium
2037 2782 2152 2849 Dei,
2178 2792 2400 2835 tenemus
2425 2782 2789 2851 confessionem
2817 2792 3042 2835 nostram
3065 2779 3250 2852 (Hebr.
3283 2781 3337 2834 4.
3371 2780 3483 2883 1f).

1887 2870 1943 2927 Si
1974 2882 2149 2926 autem
2183 2870 2417 2937 pontifex
2449 2886 2672 2939 magnus
2700 2880 2754 2923 et
2786 2870 3043 2939 prOpheta
3076 2885 3321 2938 magnus,
3356 2870 3481 2924 vére

1889 2962 2120 3017 visitavil.
2150 2962 2288 3016 Deus
2326 2961 2532 3029 plebem
2563 2974 2735 3021 suam,
2765 2968 2818 3013 et
2852 2961 3128 3013 suscitavit
3172 2958 3483 3029 prophetam

1890 3069 2142 3123 maguum
2176 3053 2228 3106 iu
2258 3052 2438 3106 Israel.
2467 3051 2620 3119 Quod
2643 3052 2687 3105 si
2717 3066 2940 3120 magnus
2962 3060 3045 3105 est
3068 3051 3345 3121 propheta,
3370 3069 3484 3105 ma-

1885 3160 2021 3216 gnus
2050 3144 2333 3208 sacerdos,
2378 3159 2472 3198 rex
2510 3157 2753 3213 magnus,
2794 3142 2881 3196 lux
2927 3144 3087 3197 etiam
3130 3157 3321 3213 inagna
3360 3151 3483 3199 est:

1890 3236 2104 3290 Galilrca
2127 3235 2369 3305 gentium,
2411 3236 2632 3302 populus
2670 3233 2756 3296 qui
2796 3231 2997 3286 sedebat
3024 3234 3075 3286 in
3104 3234 3337 3299 tenebris,
3365 3232 3505 3286 ridit'

1887 3333 2046 3386 lucem
2068 3346 2302 3400 magnam
2334 3326 2482 3397 (Isai.
2515 3326 2568 3382 9.
2600 3326 2654 3382 1.
2689 3324 2745 3395 2)
2773 3343 2786 3391 ;
2834 3324 2941 3380 imo
2983 3334 3036 3400 et
3062 3326 3177 3379 dies
3219 3325 3335 3395 ejus
3375 3341 3487 3380 Ina-

1886 3436 2041 3493 gnus,
2071 3430 2129 3475 ut
2152 3396 2228 3473 ait
2272 3418 2530 3490 propheta
2573 3436 2586 3471 :
2630 3418 2914 3487 Antequam
2957 3396 3122 3471 veniat
3148 3417 3253 3471 dies
3282 3415 3487 3470 Domini

1888 3532 2102 3586 magnus
2132 3524 2177 3567 et
2208 3514 2461 3566 horribilis
2498 3509 2639 3573 (Ιοεί
2674 3509 2729 3563 2.
2759 3506 2872 3578 31).
2921 3507 3052 3563 Cum
3110 3507 3341 3577 undique
3368 3523 3485 3562 ma-

1886 3622 2047 3677 gnum
2071 3604 2255 3660 audias
2286 3613 2339 3659 et
2380 3618 2568 3673 magna
2597 3617 2716 3657 esse
2743 3616 2907 3669 opera
2952 3600 3088 3670 ejus,
3128 3599 3269 3654 unde
3301 3601 3393 3654 tibi
3430 3601 3485 3654 in

1886 3708 2119 3754 mentem
2142 3698 2306 3764 venit,
2339 3712 2373 3751 o
2401 3696 2671 3759 hmrctice,
2704 3694 3019 3749 scissionem
3051 3692 3246 3757 facere,
3280 3701 3333 3746 et
3363 3706 3481 3745 ma-

1886 3808 2047 3862 guum
2093 3791 2241 3846 illum
2292 3789 2576 3844 minuere?
2620 3788 2924 3842 Habeamus
2964 3785 3123 3855 igitur
3148 3787 3337 3855 pignus
3361 3784 3483 3839 vitat

1888 3894 2085 3938 nostra:
2126 3884 2180 3937 in
2209 3882 2380 3949 cmlo;
2413 3878 2671 3945 assumpti
2714 3893 2901 3932 sumus
2939 3892 3042 3932 una
3084 3891 3205 3931 cum
3246 3874 3481 3931 Christo.

1886 3976 2093 4030 Rursus
2117 3983 2263 4030 certe
2290 3974 2559 4043 rapiemur
2590 3974 2641 4025 in
2670 3970 2921 4034 nubibus,
2951 3970 2995 4024 si
3019 3969 3165 4040 digni
3201 3969 3481 4034 fuerimus,

1884 4068 1973 4138 qui
2005 4068 2076 4121 illi
2106 4066 2156 4120 in
2180 4064 2405 4120 nubibus
2428 4064 2637 4119 obviam
2660 4065 2954 4118 veniamus.
2982 4062 3123 4118 Reus
3142 4077 3247 4117 nou
3269 4061 3482 4117 obviam

1885 4157 2237 4229 venitjudici,
2280 4156 2376 4212 sed
2426 4170 2607 4211 coram
2645 4170 2710 4210 eo
2747 4156 2975 4220 sistitur,
3007 4170 3108 4210 nec
3133 4156 3365 4210 occurrit
3404 4154 3480 4211 illi

1886 4268 2157 4323 umquam,
2190 4260 2374 4321 utpote
2399 4250 2487 4320 qui
2515 4248 2690 4303 minus
2718 4247 2909 4303 haheat
2937 4247 3159 4302 tiducize-
3191 4246 3482 4302 Precemur

1884 4345 2063 4415 itaque
2085 4353 2139 4398 et
2167 4357 2267 4397 nos
2292 4354 2501 4407 omnes,
2537 4339 2823 4403 carissimi,
2855 4348 2914 4393 ut
2953 4338 3121 4393 simus
3160 4352 3228 4393 ex
3255 4352 3482 4395 numero

1885 4449 2070 4489 eorum
2101 4434 2190 4505 qui
2232 4433 2330 4502 ipsi
2360 4432 2569 4486 obviam
2612 4430 2849 4494 venient,
2880 4428 3006 4483 licet
3056 4428 3109 4483 in
3157 4427 3351 4483 minori
3393 4442 3481 4483 or-

1885 4525 2030 4580 dine.
2061 4524 2130 4581 Ut
2151 4524 2292 4579 enim
2322 4521 2358 4577 ii
2389 4524 2478 4592 qui
2511 4520 2620 4592 regi
2647 4528 2960 4587 occurrunt,
2988 4518 3197 4574 etiamsi
3227 4534 3332 4573 non
3365 4532 3479 4573 om-

1885 4631 1982 4669 nes
2008 4614 2121 4685 pari
2150 4615 2203 4668 in
2226 4613 2432 4668 honore
2458 4612 2585 4677 sint,
2620 4608 2913 4664 honoriﬁce
2936 4619 3114 4664 tamen
3143 4610 3481 4679 excipiuntur

1884 4706 1951 4761 ab
1972 4720 2037 4761 eo
2071 4724 2084 4760 :
2112 4704 2190 4759 sic
2214 4705 2317 4759 erit
2351 4715 2407 4758 et
2446 4701 2541 4757 illo
2576 4709 2834 4771 tempore.
2874 4698 3058 4770 Neque
3104 4700 3247 4755 enim
3289 4714 3480 4758 omnes

1883 4799 2071 4854 eodem
2112 4795 2325 4852 vivendi
2368 4809 2565 4866 genere
2616 4801 2743 4848 sunt
2790 4793 2913 4847 usi:
2956 4806 3079 4847 nam
3128 4789 3483 4863 Unusquisque

1883 4890 2162 4945 mercedem
2190 4904 2334 4942 suam
2367 4886 2600 4957 accipiet,
2650 4884 2927 4940 secundum
2969 4884 3233 4955 praprium
3257 4885 3481 4939 laborem

1885 4985 1963 5055 (1.
1990 4982 2109 5039 Cor.
2135 4984 2187 5037 3.
2216 4982 2294 5048 8).
2334 4980 2632 5050 Numquam
2674 4979 2852 5047 itaque
2899 4977 3219 5048 impediatur
3255 4978 3477 5033 verbum

1883 5075 2115 5140 Christi;
2148 5074 2241 5129 sed
2280 5087 2402 5127 cmn
2428 5073 2652 5125 veritate
2679 5069 2929 5124 ﬁduciam
2971 5068 3265 5126 habeamus
3290 5085 3478 5125 omnes

1884 5168 1937 5220 in
1967 5166 2187 5220 caritate.
2210 5162 2429 5225 Christi,
2479 5160 2733 5231 populum
2782 5172 3080 5229 pascentes,
3109 5161 3316 5215 animas
3357 5160 3478 5214 irri-

1882 5265 2087 5325 gantes,
2115 5254 2307 5309 animis
2334 5253 2525 5317 divisi,
2571 5252 2665 5307 sed
2694 5252 3101 5334 cogitationibus
3148 5266 3254 5306 non
3298 5251 3472 5306 divisi.

1884 5347 2035 5401 Pacis
2066 5346 2314 5400 inimicus
2356 5344 2589 5413 judicem
2634 5343 2813 5398 habet.
2849 5343 2917 5397 Et
2955 5342 3229 5413 quoniam,
3260 5342 3475 5407 fratres,

1883 5436 2186 5491 hominibus
2237 5434 2455 5505 quidem
2490 5434 2669 5511 verbis
2714 5432 3115 5503 persuademus,
3156 5434 3264 5488 Deo
3295 5442 3474 5489 autem

1883 5530 2015 5585 tales
2046 5528 2306 5592 videmur,
2350 5528 2534 5597 quales
2574 5542 2779 5593 sumus,
2819 5526 2968 5581 testis
3013 5534 3095 5581 est
3142 5526 3231 5581 ille
3276 5526 3473 5596 cogita-

1882 5624 2082 5676 tionum
2119 5621 2413 5690 inspector,
2449 5621 2536 5689 qui
2568 5618 2829 5674 rationem
2875 5626 3084 5688 repetet
3120 5616 3278 5673 abiis
3303 5618 3469 5671 omni-

1882 5712 1979 5766 bus
2000 5712 2090 5781 qui
2118 5710 2392 5766 mendacia
2416 5711 2723 5781 loquentur,
2753 5725 2851 5765 nos
2874 5726 3161 5779 numquam
3201 5710 3346 5779 pacis
3374 5709 3469 5764 iui-

1890 5805 2055 5860 mices
2088 5818 2203 5859 esse
2236 5817 2333 5860 nec
2366 5802 2616 5869 voluisse,
2650 5817 2750 5859 nec
2776 5802 2936 5860 hodie
2960 5801 3115 5860 velle.
3146 5801 3276 5858 Nam
3303 5799 3347 5857 si
3368 5812 3468 5869 pa-
