4126 6494
659 431 761 492 τοι

655 554 779 597 cem
799 535 1205 608 perdiderimus,
1225 533 1419 591 inimici
1439 531 1642 590 erimus
1658 545 1841 586 eorum
1862 528 1951 602 qui
1979 544 2009 582 a
2030 526 2241 583 Christo

656 630 955 686 audierant.
996 627 1112 682 Pas
1135 627 1294 682 vobis.
1322 627 1514 682 Verum
1545 623 1686 694 quod
1711 637 1895 692 pacem
1922 621 2167 687 velimus,
2188 624 2246 672 ct

659 737 930 787 mre-Ius,
963 732 1021 777 et
1039 721 1500 790 concupiscamus,
1529 717 1678 772 testis
1717 716 1808 770 ille
1835 715 1926 786 qui
1963 713 2140 776 novit;
2177 711 2246 766 de

658 812 882 882 reliquis
910 809 1220 866 taccbimus.
1265 808 1397 863 Nam
1437 806 1528 877 qui
1565 807 1905 875 prtemiorum
1943 804 2245 874 largitorem

659 909 936 972 exspectat
969 900 1158 964 Deum,
1196 898 1261 954 ad
1293 915 1351 954 se
1379 897 1708 968 purgandum
1739 913 1845 952 non
1873 894 2247 951 contumeliam

663 990 861 1049 tulerat.
879 1006 1114 1064 superno
1134 990 1210 1046 illi
1241 988 1506 1046 tribunali.
1532 988 1718 1044 Potest
1737 987 1876 1044 Deus
1889 999 2074 1057 pacem
2092 983 2241 1048 dare,

2183 407 2455 468 SPURIA.

3835 399 3933 454 791

2345 535 2529 592 pacem
2572 518 2809 582 ﬂrmsre.
2841 529 3025 584 pacem
3053 513 3346 570 decernere
3389 512 3531 567 inter
3557 508 3937 582 pradicatons

2344 620 2400 669 et
2426 611 2716 675 auditores,
2748 610 2887 665 inter
2911 607 3158 663 doctores
3181 618 3237 661 et
3264 603 3577 675 discipulos,
3612 610 3672 656 ut
3706 615 3803 670 per
3820 614 3925 654 om-

2348 706 2432 762 nia
2454 719 2486 758 a
2512 718 2640 774 pace
2664 702 2793 764 orsi,
2821 710 2876 756 et
2903 701 2956 755 in
2982 714 3110 770 pace
3134 697 3370 753 medium
3394 695 3774 766 transigentes.
3802 700 3858 750 et
3884 693 3934 747 ia

2351 811 2482 868 pace
2535 801 2935 865 perseverantes
2961 833 2976 857 ,
3025 792 3134 845 Deo
3163 789 3308 859 pacis
3349 786 3572 858 gloriam
3611 784 3934 848 reteramus,

2352 889 2496 946 Patri
2521 898 2574 944 et
2594 887 2730 942 Filio
2753 894 2808 941 et
2834 882 3054 956 Spiritui
3077 888 3284 948 sancto,
3306 893 3451 936 nunc
3468 885 3526 936 et
3545 891 3786 948 semper,
3807 884 3861 932 et
3886 875 3935 932 ia

2353 977 2546 1038 anicula
2571 976 2912 1034 saetacum.
2942 976 3136 1030 Amen.

668 1224 3904 1273 Μ

1915 1409 2651 1568 SPURIA.

681 1709 3877 1742 _________________.____________________

2010 1908 2172 1987 [776]
2203 1909 2556 1970 MONITUM

741 2075 1118 2148 lnterspurlas
1143 2075 1267 2150 iure
1321 2076 1582 2147 able-gata
1609 2086 1737 2134 sunt
1783 2077 1869 2134 bc
1915 2078 2158 2149 quinque
2197 2078 2445 2134 liomilizc
2480 2076 2530 2130 in
2591 2074 3030 2145 Assumptiooem
3088 2071 3328 2136 Domini.
3378 2085 3614 2141 quarum
3676 2079 3908 2141 quatuor

669 2171 884 2242 priores
910 2186 941 2224 a
969 2169 1191 2225 κοιλοηο
1207 2169 1495 2238 publicata
1523 2180 1652 2224 sunt
1676 2169 1847 2225 Temo
1877 2170 1931 2236 ϐ,
1975 2168 2163 2238 quinta
2190 2185 2363 2239 eaque
2393 2168 2712 2223 brevissima
2754 2167 2895 2238 apud
2932 2163 3194 2220 Savilium
3237 2163 3490 2219 habetur.
3523 2161 3630 2230 Qui
3670 2161 3907 2218 Savilius

669 2263 831 2317 etiam
865 2271 1093 2332 excepta
1125 2264 1305 2332 prima
1321 2262 1456 2316 alias
1485 2275 1676 2317 omnes
1696 2262 1892 2316 edidit.
1914 2262 1989 2316 Es
2015 2277 2242 2318 numero
2262 2270 2442 2316 autem
2474 2259 2728 2314 videntur
2748 2271 3070 2313 esseeorum
3111 2255 3300 2325 viginti
3339 2254 3512 2310 duum
3542 2255 3795 2310 brevium
3825 2255 3908 2308 λό-

669 2369 782 2421 γων
814 2353 867 2407 in
897 2354 1364 2424 Assumptionem,
1387 2368 1528 2422 quos
1563 2363 1956 2410 continuerat
1974 2355 2200 2410 Pbotius
2228 2356 2282 2410 in
2311 2354 2569 2411 Biblioth.
2605 2353 2740 2410 Cod.
2768 2353 2859 2410 2.5.

741 2442 971 2500 Homilia
1020 2445 1194 2515 prima
1229 2446 1388 2500 nobis
1426 2445 1820 2516 Chrysossomo
1847 2446 2063 2517 indigna
2101 2447 2315 2503 videtur
2346 2461 2468 2503 esse
2500 2461 2515 2499 :
2546 2448 2637 2502 hic
2689 2447 2835 2502 enim
2876 2449 3108 2518 scriptor
3145 2446 3569 2519 ἁπροσδιόνυσος
3600 2456 3673 2498 an
3699 2441 3809 2496 alio
3841 2438 3908 2495 ad

667 2534 814 2591 aliud
843 2535 1029 2606 inepte
1050 2536 1290 2593 excurrit
1319 2553 1332 2589 :
1367 2537 1560 2590 namia
1586 2535 1907 2591 brevissima
1940 2536 2188 2592 oratione
2225 2539 2294 2592 ab
2337 2537 2728 2607 Assumptione
2780 2537 2994 2594 Domini
3033 2554 3217 2604 orsus,
3237 2539 3309 2594 ab
3344 2538 3448 2592 hoc
3477 2543 3811 2607 argumento
3839 2532 3908 2586 ad

668 2630 815 2685 aliud
850 2629 1068 2698 transit,
1103 2647 1296 2700 nempe
1342 2632 1412 2685 ad
1443 2631 1737 2700 apostolos,
1761 2631 1827 2685 ad
1863 2631 2091 2686 Paulum
2118 2632 2355 2688 maxime
2390 2650 2404 2687 :
2436 2648 2500 2687 ex
2533 2632 2765 2703 abrupto
2797 2644 2977 2689 autem
3012 2634 3080 2690 ad
3108 2636 3321 2704 alapam
3367 2632 3527 2703 jussit
3560 2630 3792 2685 Anania:
3823 2643 3908 2682 sa-

668 2720 948 2776 cerdotum
982 2721 1243 2792 principis
1274 2720 1443 2776 Paulo
1469 2721 1747 2776 incussam
1775 2722 2139 2791 progreditur.
2172 2729 2231 2776 et
2253 2723 2410 2792 quasi
2435 2723 2633 2792 prioris
2669 2724 2902 2779 instituti
2941 2724 3163 2787 oblitus.
3187 2725 3280 2779 hic
3305 2721 3459 2777 Pauli
3498 2718 3691 2774 laudes
3725 2717 3909 2772 multis

667 2817 926 2872 celebrat.
955 2814 1128 2872 Voces
1159 2830 1319 2886 porro
1354 2823 1582 2884 usurpat
1605 2813 2050 2885 aChrysostomo
2082 2816 2163 2868 vel
2188 2829 2469 2884 nunquam
2506 2816 2586 2868 vel
2633 2831 2825 2884 parum
2849 2815 3236 2886 frequentans,
3262 2824 3320 2870 ut
3349 2811 3714 2876 ἱκονδύλιζον,
3741 2811 3904 2862 inter-

667 2911 936 2982 ﬁciebant.
1001 2907 1273 2980 πλῆκτρον
1330 2907 1429 2975 τῆς
1490 2905 1656 2974 ζωῆς,
1706 2907 1961 2974 plectrum
2021 2907 2166 2970 vim,
2216 2921 2281 2972 ep

2347 2915 2495 2959 teton
2549 2903 2739 2971 Pauli;
2791 2905 3226 2977 Θιοχλητοῦντες,
3277 2905 3444 2960 Duas
3491 2904 3909 2966 invocantes;ci

663 3001 769 3057 alia
820 2999 873 3054 id
913 3012 1104 3070 genus,
1147 3013 1268 3066 qua:
1321 2996 1475 3066 plura
1513 2995 1754 3066 proferre
1786 3011 2104 3066 possemus,
2153 2996 2255 3049 nisi
2277 2997 2387 3064 jam
2425 3005 2701 3052 constaret
2723 2999 2826 3052 hoc
2852 2997 3176 3068 opusculum
3214 3009 3468 3051 nonesse
3497 2992 3900 3065 Chrysostomi.

738 3091 907 3147 Paulo
947 3090 1188 3147 melioris
1209 3099 1350 3152 notae
1387 3097 1471 3144 est
1504 3089 1727 3144 homilia
1753 3090 1990 3145 secunda
2023 3109 2036 3144 :
2075 3090 2170 3144 sed
2199 3105 2320 3158 quae
2345 3099 2523 3143 tamen
2559 3105 2669 3146 non
2694 3100 2883 3146 careat
2937 3092 3248 3162 suspicione
3279 3089 3490 3154 νοθείας
3519 3106 3532 3143 :
3576 3103 3702 3143 nam
3732 3090 3905 3145 liben-

667 3192 752 3239 ter
799 3181 1120 3238 crediderim
1165 3196 1289 3236 esse
1328 3190 1609 3235 centonem
1643 3183 1725 3248 {es
1765 3183 1927 3237 variis
1982 3181 2355 3253 Ciirysostomi
2403 3182 2536 3237 locis
2592 3184 3053 3239 consarcinatum.
3094 3183 3154 3239 in
3191 3183 3440 3238 Editione
3490 3189 3676 3236 autem
3718 3181 3904 3237 Savllii

667 3272 894 3327 habetur
925 3269 1098 3326 Tomo
1126 3269 1180 3335 5,
1213 3285 1266 3340 p.
1308 3269 1433 3336 975,
1473 3269 1510 3324 l.
1553 3271 1641 3336 37,
1676 3278 1731 3326 et
1773 3272 2058 3326 consuitur
2093 3288 2216 3328 cum
2271 3275 2436 3328 altera
2465 3273 2533 3329 de
2571 3275 2909 3332 Ascensione
2942 3275 3166 3332 bomiiia
3199 3273 3522 3331 brevissima
3550 3313 3567 3338 ,
3616 3271 3907 3329 manifeste

667 3364 878 3433 spuria,
900 3378 1063 3434 quam
1084 3372 1416 3432 postremam
1449 3363 1689 3418 omnium
1713 3365 1778 3418 de
1793 3363 2501 3421 Ascensioneiiomiliarum
2535 3365 2678 3421 inira
2709 3366 3000 3424 relerimus
3047 3385 3062 3422 :
3094 3367 3150 3422 in
3194 3365 3383 3424 multis
3403 3373 3586 3421 autem
3625 3366 3825 3431 variat,
3851 3374 3904 3422 et

665 3457 869 3526 aliquot
889 3456 942 3511 in
971 3456 1106 3544 locis
1131 3472 1238 3512 non
1271 3457 1616 3514 mediocriter
1641 3457 1712 3513 ab
1734 3459 1834 3515 hac
1862 3459 1930 3515 de
1953 3476 2059 3530 qua
2091 3461 2300 3530 agimus
2321 3461 2613 3533 discrepat.
2648 3462 2798 3518 Unde
2821 3463 3023 3532 liqueat
3047 3462 3191 3518 hanc
3214 3461 3490 3520 bomilistn
3522 3461 3695 3518 fuisse
3720 3462 3896 3516 tliverb

663 3565 850 3609 sorum
879 3550 1133 3610 manibus
1183 3561 1488 3611 tractatam.
1539 3553 1675 3610 Esse
1712 3553 1894 3626 itaque
1924 3566 2210 3611 centonem
2254 3557 2526 3626 suspicor,
2574 3566 2634 3612 ut
2661 3556 2798 3622 dixi,
2829 3557 2998 3612 variis
3025 3571 3092 3612 es
3138 3554 3515 3630 Chrysostomi
3559 3556 3696 3614 locis
3739 3557 3898 3611 ador-

1762 4026 1884 4114 IN

1983 4023 2810 4116 ASCENSIONEM

1502 4281 1732 4326 DCIIII
1784 4281 2008 4327 NOS‘I‘BI
2041 4282 2188 4328 IBSU
2229 4283 2510 4341 CHRISTI,
2556 4285 2768 4331 BBIIO
2809 4286 3066 4334 νεικοι

739 4688 863 4744 Tria
883 4706 1098 4773 summa
1118 4693 1424 4750 admiranda
1454 4705 1612 4767 atque
1641 4701 1899 4773 stupenda
1931 4741 1945 4765 ,
1981 4703 2239 4770 tempori-

670 4760 768 4841 bus
787 4762 1018 4843 antiqtn's
1044 4760 1551 4843 ignota.,_superani
1575 4760 1786 4839 quidem
1819 4760 2019 4843 natm-sc
2046 4760 2242 4843 nostra:

669 4836 830 4908 vires,
860 4836 1170 4908 ipsatamen
1202 4836 1421 4908 infracta
1454 4836 1767 4908 permanent
1795 4852 1848 4895 et
1875 4842 2127 4896 immota:
2159 4842 2243 4896 l'u-

670 4901 893 4980 nicnlns
912 4905 1054 4959 enim
1108 4907 1297 4980 triplex
1340 4901 1646 4980 non-facile
1687 4913 1964 4980 rumpitur.
2000 4914 2072 4967 Ea
2118 4928 2246 4968 vero

666 4982 790 5053 sum
817 4989 831 5028 :
862 4977 1094 5053 innupta:
1125 4977 1309 5053 matris
1346 4978 1535 5053 Partus
1567 5021 1581 5044 ,
1607 4995 1686 5053 es
1720 4977 1957 5038 triduana
1995 4983 2245 5053 passinne

667 5040 1046 5132 liesurrec‘tio,
1091 5050 1371 5132 carnisque
1418 5051 1470 5104 in
1523 5040 1711 5132 calum
1761 5040 2038 5132 ascensio.
2089 5054 2244 5132 Novit

668 5125 880 5206 tempus
902 5118 1111 5206 steriles
1138 5118 1431 5202 peperisse.
1463 5121 1557 5176 sed
1601 5138 1704 5177 non
1731 5125 1929 5206 absque
1967 5127 2243 5206 matrimo-

669 5185 790 5260 niali
810 5185 1181 5256 conjunctione
1196 5185 1443 5260 {agnovit
1467 5202 1705 5246 mortuos
1725 5194 1790 5247 ad
1811 5185 1970 5250 vitam
1999 5196 2240 5258 rediisse,

667 5255 762 5308 sed
792 5255 991 5312 nonad
1018 5255 1391 5332 sempiternam
1422 5279 1436 5328 ;
1461 5263 1673 5332 agnovit
1702 5265 2010 5332 prophetam
2033 5255 2242 5320 assum;

669 5333 816 5390 ptum
858 5342 999 5401 esse,
1031 5331 1123 5384 sed
1147 5339 1429 5401 tamquam
1460 5331 1512 5386 in
1537 5331 1722 5388 calum
1751 5351 1764 5388 :
1799 5331 2062 5401 tamquam
2098 5378 2111 5399 ,
2142 5336 2244 5392 hoc

667 5403 780 5474 est,
823 5411 930 5452 non
971 5398 1024 5474 in
1065 5400 1262 5474 calum
1291 5398 1498 5458 verum.
1527 5403 1798 5474 Siquidem
1847 5398 2024 5460 Helias
2071 5398 2244 5463 locum

669 5465 1028 5549 locotnmavit
1054 5487 1070 5523 :
1100 5480 1156 5549 at
1178 5472 1426 5549 salvator
1453 5465 1690 5549 ascendit
1714 5517 1728 5540 ,
1765 5475 1916 5549 unde
1929 5478 2202 5532 descendit
2225 5521 2242 5546 ,

668 5538 849 5617 multis
869 5542 1349 5617 contemplantibus
1370 5543 1496 5617 viris
1516 5553 1671 5617 atque
1692 5538 2026 5613 mulieribus,
2043 5538 2242 5617 quousl

668 5615 771 5689 que
799 5609 1225 5689 ittﬁaltumﬁisus
1252 5609 1602 5689 imbecillitas
1627 5616 1750 5689 ferri
1798 5622 1966 5685 potuit
1997 5609 2021 5686 ,⁷
2041 5609 2246 5689 angelis

673 5678 805 5758 ipsis
852 5680 1209 5758 “dqm_bnie
1235 5685 1542 5752 spectaculo
1593 5678 1952 5756 praiben'tibus
1977 5678 2023 5758 ,ί
2050 5678 2244 5744 secun-

670 5746 901 5821 dltthuc
923 5751 1117 5812 Chrisu'
1145 5746 1431 5813 adventum
1465 5746 2070 5830 praenuntiantibus.'Et
2101 5774 2244 5828 ecce,

2350 4701 2513 4794 inquit
2523 4705 2666 4794 ,Jduo
2685 4703 2777 4794 viri
2800 4703 3274 4794 adstiterantjuata
3296 4703 3414 4794 illo:
3441 4706 3500 4794 iis
3519 4705 3759 4794 rigabas.
3776 4707 3930 4794 cibis,

2348 4775 2434 4854 qui
2458 4783 2502 4826 et
2527 4775 2802 4829 dixerunt:
2841 4773 2948 4828 Viri
2999 4773 3201 4858 (istiisti
3225 4817 3242 4841 ,
3282 4776 3406 4844 quid
3453 4779 3596 4831 statis
3640 4773 3932 4860 aspicietuer

2347 4857 2399 4916 tn
2429 4843 2644 4898 cwlum.’
2675 4843 2775 4897 Hic
2799 4843 2969 4909 Iesus,
2992 4861 3077 4916 qui
3107 4857 3395 4914 assumptus
3431 4856 3503 4901 est
3535 4865 3568 4900 α
3606 4848 3749 4901 sobts
3772 4849 3825 4902 in
3848 4862 3929 4902 co-

2348 4914 2454 4967 lant
2473 4955 2486 4978 ,
2526 4916 2598 4968 sic
2636 4918 2794 4968 saties
2813 4956 2827 4982 ,
2857 4914 3280 4984 quemadmodum
3306 4917 3502 4971 vidistis
3529 4934 3644 4972 estus
3671 4919 3929 4979 suntsunt

2347 4986 2527 5038 calum
2555 4986 2701 5057 (Act.
2736 4988 2786 5041 l.
2819 4986 2905 5042 i0.
2936 4989 2997 5042 ll
3031 4987 3072 5056 ).
3101 4987 3146 5041 Ο
3171 4998 3367 5054 quanta
3389 4989 3806 5056 benignissimus
3835 4990 3929 5044 Do-

2347 5057 2523 5110 minus
2551 5066 2764 5127 propter
2793 5057 3060 5126 improbos
3085 5072 3271 5112 servos
3302 5099 3318 5124 ,
3349 5058 3400 5112 in
3431 5058 3658 5114 salutem
3682 5061 3884 5130 peregit
3910 5060 3927 5112 l

2346 5126 2620 5181 descendit
2645 5143 2675 5182 e
2703 5129 2865 5188 caelis,
2892 5128 2942 5182 in
2959 5129 3120 5183 cmlos
3136 5128 3395 5188 ascendit.
3417 5129 3550 5183 etde
3567 5131 3715 5184 caelis
3745 5131 3926 5188 iterum

2349 5207 2606 5268 venturus
2628 5209 2710 5253 est
2726 5213 2745 5249 ς
2777 5168 2868 5252 sed
2899 5213 3003 5268 quo
3025 5211 3184 5267 pacto
3204 5170 3460 5254 venturus
3477 5201 3502 5252 ἳ
3544 5198 3662 5254 Non
3688 5201 3790 5256 alia
3812 5168 3925 5268 qui:

2345 5266 2467 5338 dem
2493 5280 2763 5338 assumpta
2788 5266 3034 5336 persona,
3054 5269 3150 5322 sed
3175 5273 3224 5323 in
3253 5268 3421 5324 forma
3447 5272 3648 5334 carnis,
3669 5280 3726 5325 et
3755 5266 3926 5326 habitu

2347 5337 2616 5404 humano;
2649 5337 2950 5394 nontamen
2985 5339 3203 5393 humilia
3243 5355 3404 5408 agens
3433 5351 3492 5394 ut
3517 5350 3709 5400 antea.
3740 5357 3844 5396 non
3878 5343 3924 5394 in

2346 5424 2481 5464 nave
2507 5409 2778 5464 dormiens
2808 5451 2824 5476 ,
2857 5425 2962 5464 non
2992 5409 3057 5462 ad
3090 5419 3305 5478 puteum
3335 5411 3452 5465 sitis
3494 5412 3741 5466 molestia
3775 5409 3922 5464 labo—

2348 5495 2494 5552 rans,
2525 5495 2700 5549 neque
2724 5496 2881 5549 snper
2908 5479 3106 5548 pullum
3127 5482 3293 5534 asinae
3318 5481 3533 5547 sedens,
3550 5481 3645 5536 sed
3672 5483 3922 5552 pullonn-

2347 5551 2428 5604 bis
2454 5559 2637 5605 vectus
2661 5565 2676 5615 ;
2705 5567 2810 5606 non
2842 5553 3131 5623 piscatores
3155 5552 3425 5606 adducens
3443 5591 3459 5618 ,
3490 5567 3679 5623 verum
3720 5553 3926 5623 angelo-

2345 5637 2464 5675 rum
2510 5623 2766 5679 comitatu
2809 5621 3033 5691 stipatus
3065 5637 3222 5692 tuon
3275 5631 3400 5692 ante
3450 5621 3649 5692 judieis
3702 5621 3923 5677 tribmsl

2346 5695 2668 5749 constitutus
2697 5735 2715 5759 ,
2741 5694 2832 5749 sed
2875 5693 2990 5762 ipse
3014 5691 3264 5762 judicans
3287 5691 3420 5762 lines
3447 5691 3599 5747 urbis
3623 5704 3881 5748 terramm
3905 5732 3921 5758 ,

2348 5764 2581 5836 ipsisque
2609 5761 2960 5837 piscatoribus
2973 5761 3639 5834 potestatetujndiciariam
3667 5763 3922 5832 pra-bons;
