4126 6506
202 465 306 521 795

195 586 742 675 queniadtnodi't‘utct
762 585 895 675 ipse
916 585 1069 670 docet
1099 626 1115 653 ,
1136 585 1211 675 'ad
1250 584 1545 675 discipulos
1574 582 1799 675 dicens:

197 655 334 714 Cum
358 661 544 714 sederit
576 658 743 713 Filius
755 657 969 711 hominis
989 660 1041 710 itt
1061 657 1177 710 sede
1199 656 1477 726 majestatis
1504 670 1629 726 sure,
1656 655 1803 706 sede-

196 732 321 785 bitis
352 742 396 785 et
425 746 513 784 vos
546 746 699 798 super
721 729 862 784 sedes
883 727 1149 782 duodenum
1180 769 1195 791 ,
1217 724 1510 798 judicent“
1539 724 1805 798 duodecim

198 813 238 855 tt
253 803 368 856 ibus
420 800 587 872 Israel
660 800 850 872 Matth.
876 798 1062 872 “L28
1094 799 1153 872 );
1177 793 1243 851 ad
1285 796 1721 872 Judieosverog

195 882 376 926 autem
404 873 459 926 in
484 866 765 925 Beelzebub
812 886 903 940 ego
941 866 1099 940 ejicio
1121 868 1375 922 dwmonia
1408 910 1419 931 ,
1450 868 1545 935 filii
1573 866 1721 940 uestri
1751 866 1803 940 in

193 960 305 1009 quo
326 944 537 1012 ejiciunt
558 941 584 995 ?
604 936 868 1012 propterea
895 936 1203 1012 ipsijudices
1227 940 1385 1012 rostri
1406 948 1552 993 erunt
1584 936 1801 1009 (Matth.

195 1015 293 1068 ii.
327 1009 433 1081 i7)
464 1029 479 1066 :
508 1009 937 1082 quatIquuiilem
964 1009 1085 1065 eum
1123 1026 1188 1066 ex
1218 1009 1417 1082 Judteis
1446 1018 1666 1082 essent,
1697 1018 1801 1061 non

193 1077 487 1152 sapiebant
515 1077 576 1137 ea
604 1098 724 1153 quat
742 1077 1050 1139 dudzeorum
1075 1092 1231 1139 erant
1258 1122 1273 1144 ,
1306 1080 1415 1153 sed
1443 1077 1641 1153 Cb_ri5ti
1678 1093 1805 1153 sup-

196 1149 358 1223 pli'cia
393 1196 408 1217 ,
443 1149 664 1223 ejusque
688 1156 932 1223 stigmata
964 1153 1206 1221 cognatis
1235 1152 1347 1205 suis
1374 1149 1804 1223 interfectoribus

197 1220 419 1299 :llomini
449 1220 815 1299 pragtulernn't.
832 1224 977 1299 Rem;
996 1220 1241 1299 magnam
1265 1231 1422 1289 atque
1449 1220 1798 1299 stupendant!

195 1290 518 1349 inusitatum
544 1297 729 1363 iudicii
773 1310 941 1365 genus
958 1296 987 1365 ?¢
1014 1290 1334 1365 piscatorem
1384 1294 1628 1365 aspicere
1654 1290 1800 1365 judi-

191 1377 435 1431 cautem,
469 1378 522 1421 et
550 1363 873 1421 Pharisazum
901 1364 1160 1433 judicari;
1192 1364 1658 1433 tabernaculorum
1688 1363 1805 1430 opi-

195 1440 357 1492 ficem
376 1438 711 1493 confidenter
737 1432 1013 1492 sedentem
1039 1478 1053 1498 ,
1082 1446 1138 1491 et
1166 1450 1435 1492 summum
1465 1432 1800 1488 sacerdotem

191 1522 323 1561 eum
352 1508 596 1577 suspiriis
621 1508 879 1577 judicium
905 1506 1245 1561 subeuntem.
1278 1506 1385 1561 Cur
1409 1506 1551 1559 enim
1576 1505 1802 1559 Domino

192 1579 251 1631 iu
285 1579 473 1661 faciem
496 1580 678 1661 alapas
711 1580 1047 1661 impegcrnnt
1071 1620 1086 1641 ,
1116 1587 1384 1659 caputque
1399 1577 1753 1661 vet-berorum
1780 1616 1795 1661 Ξ

191 1660 249 1701 et
269 1649 488 1705 demunt
517 1645 770 1705 heredem
790 1645 962 1715 ipsum
991 1660 1139 1703 extra
1161 1645 1370 1703 vineam
1399 1645 1803 1701 interfecerunt?

192 1733 301 1774 cur
350 1720 565 1774 Petrqu
605 1721 672 1773 ad
720 1734 990 1776 carcerem
1049 1731 1368 1782 traxerunt,
1416 1718 1580 1772 Paulo
1622 1726 1799 1771 autem

193 1792 608 1860 quadragenas,
637 1807 741 1844 una
769 1789 963 1856 minus,
995 1790 1173 1860 plagas
1202 1791 1508 1844 inllixerunt
1533 1788 1558 1839 τ
1586 1788 1733 1860 Quin
1749 1797 1803 1841 et

190 1859 547 1914 admirandus
574 1861 713 1929 apud
755 1874 850 1914 eos
896 1859 1143 1929 princeps
1178 1860 1518 1915 sacerdotum
1566 1859 1801 1913 Ananias

191 1930 805 2001 pimcepitadsmntibus
825 1932 925 1985 sibi
944 1932 1203 1986 ministris
1226 1941 1506 2001 percutere
1521 1944 1583 1985 os
1610 1929 1758 2001 Pauli
1785 1947 1797 1982 :

190 2000 405 2057 bsilico
436 2002 604 2066 Pauli,
638 2017 701 2056 os
726 2004 932 2071 gratim,
966 2017 1028 2056 os
1059 2000 1601 2070 veritatis,plectrum
1630 2000 1749 2054 vita:
1782 2042 1798 2067 ,

190 2072 343 2141 quod
376 2074 563 2142 quavis
591 2073 713 2128 tuba
737 2072 1107 2127 vehementius
1125 2082 1361 2135 resonat,
1386 2083 1440 2126 et
1466 2086 1801 2141 quacumque

192 2142 480 2198 harmOnia
505 2143 890 2215 consonantins
911 2155 988 2197 εει
1012 2161 1026 2197 :
1052 2158 1334 2215 organum,
1361 2146 1611 2212 inquam,
1640 2142 1799 2196 Chri-

188 2214 263 2266 διί
294 2255 308 2275 ,
344 2227 407 2267 ac
438 2216 665 2267 listulam
707 2212 938 2283 Spiritus
969 2212 1160 2269 sancti.
1190 2219 1319 2280 Qtue
1346 2216 1488 2268 enim
1518 2214 1628 2267 visa
1676 2221 1804 2267 sunt

188 2283 422 2352 Spiritui
452 2294 658 2351 saneto,
693 2285 888 2339 Paulus
914 2284 1091 2356 lingua
1111 2300 1206 2339 sua
1232 2286 1546 2355 publicavit:
1580 2284 1721 2356 unde
1747 2294 1804 2339 et

188 2357 433 2426 arbitror
454 2356 616 2410 David
658 2356 973 2426 prophetam
999 2354 1109 2410 sub
1138 2354 1365 2425 persona
1392 2355 1543 2411 Pauli
1572 2354 1754 2426 dicere
1784 2372 1797 2409 :

190 2424 401 2495 Lingua
442 2444 551 2480 mea
590 2424 820 2482 calamus
846 2429 1025 2481 scriba:
1049 2424 1284 2481 reieciter
1307 2426 1570 2481 scribentis
1595 2494 1603 2496 _
1626 2424 1796 2496 (Psnl.

188 2494 382 2569 4452).
409 2497 543 2565 Quid
574 2500 734 2569 igitur
756 2500 821 2552 ad
851 2500 1113 2569 Ananiam
1145 2497 1362 2559 Paulus,
1390 2494 1799 2569 impende'usilli

192 2568 524 2636 supplicium
572 2568 901 2639 prospiciens
930 2568 1114 2623 'l'disit
1153 2571 1219 2622 ad
1269 2584 1432 2623 eum:
1471 2568 1726 2639 Percutirt
1755 2576 1803 2621 te

192 2639 361 2703 Deus,
391 2640 557 2709 paries
578 2640 806 2695 dealbats
826 2640 960 2711 (Act.
983 2640 1069 2696 25.
1105 2641 1185 2709 5).
1217 2639 1348 2695 Nam
1378 2640 1552 2708 paries
1582 2638 1799 2711 dealba-

188 2720 301 2769 tus,
335 2712 641 2777 sepulcrum
687 2709 988 2781 speciosum
1038 2721 1176 2770 erat.
1209 2711 1335 2766 toris
1359 2709 1800 2781 inimicus,iutus

194 2794 331 2835 vero
372 2791 647 2853 mortuus.
681 2780 942 2849 Quoniam
985 2781 1143 2853 igitur
1195 2782 1263 2837 de
1305 2782 1467 2836 rebus
1507 2780 1795 2853 omnibus,

192 2868 319 2920 qua:
372 2853 424 2905 in
476 2853 581 2905 vita
629 2851 824 2908 fuerint
852 2850 1027 2919 actm,
1056 2854 1292 2908 rationes
1329 2853 1481 2906 nobis
1511 2850 1798 2906 reddenda:

185 2934 602 2991 proponuntur,
632 2940 695 2978 ac
718 2926 976 2993 judicium
1010 2924 1313 2979 universale
1343 2923 1686 2978 constituitur
1711 2921 1799 2975 ubi

185 2996 314 3063 quid
347 2994 417 3048 de
457 2997 671 3048 talentis
710 2997 979 3065 egerimus
1020 2996 1253 3061 exigitur
1285 3038 1299 3057 ,
1343 2995 1410 3049 de
1451 2995 1797 3066 mysticarmn

186 3068 498 3135 nuptiarum
537 3064 850 3136 contemptu
871 3108 884 3129 ,
908 3067 975 3120 tle
1004 3066 1339 3137 lampadibus
1370 3064 1554 3137 sponsi
1579 3106 1596 3131 ,
1627 3064 1695 3120 de
1716 3078 1801 3119 se-

1447 468 1511 525 l.\‘
1551 464 2045 532 .\S(ZENSlONE.\l,
2092 464 2221 523 ETC
2238 517 2251 533 ,

3411 471 3518 531 riu

1918 579 2116 635 mentis
2138 579 2491 643 incremento,
2524 577 2590 633 de
2613 578 2785 633 vinea:
2811 576 2984 634 fructu
3010 619 3025 643 ,
3052 575 3230 646 deque
3256 576 3321 631 iis
3341 580 3522 633 omni-

1919 653 2017 706 bus
2033 667 2151 719 qum
2166 650 2321 704 nobis
2345 665 2443 720 per
2469 648 2753 720 parabolas
2772 650 3028 705 revelavit
3055 666 3067 702 :
3093 649 3256 702 vitam
3275 657 3520 705 nostram

1915 721 2283 792 expendamus
2311 763 2327 787 ,
2355 732 2410 775 et
2452 738 2539 775 res
2585 722 2747 791 hujus
2778 723 2901 775 vita:
2947 728 3344 775 commutemus
3372 760 3388 785 ,
3412 735 3523 777 non

1912 808 2034 847 cum
2066 802 2307 863 argento,
2339 808 2444 846 non
2470 808 2657 847 aurum
2692 792 2846 847 nobis
2861 800 3134 863 parantes,
3164 805 3271 844 non
3301 804 3519 861 gravem

1913 860 2151 923 usuram'
2176 874 2533 918 exercentes:
2566 863 2681 917 huic
2711 860 3044 931 etiinrjudex
3078 860 3361 915 aversatur
3386 877 3402 925 ;
3430 876 3524 916 ve.

1913 950 2031 1002 rum
2065 936 2298 1005 inopiam
2344 949 2635 1005 pauperum
2676 934 3021 988 sublevantes
3052 974 3065 993 ,
3102 932 3521 1005 hospitalitatem

1914 1002 2227 1061 exercentes
2257 1047 2272 1069 ,
2302 1002 2365 1061 ac
2387 1002 2554 1060 Deum
2584 1006 2897 1059 invocantes
2925 1046 2942 1068 ,
2977 1002 3266 1071 omniaque
3298 1011 3521 1069 agentes

1912 1091 2033 1146 quae
2078 1077 2143 1131 ad
2184 1076 2379 1147 judicis
2409 1076 2721 1145 placandam
2753 1076 2885 1129 iram
2920 1075 3056 1129 bona
3084 1073 3522 1147 noscuntur.‘l)i-

1912 1143 2003 1201 see
2036 1143 2239 1201 lucrum
2292 1143 2666 1217 hospitalitatis
2691 1189 2704 1209 ,
2756 1147 3051 1217 respiciens
3094 1145 3160 1197 ad
3195 1143 3516 1217 exemplum

1913 1218 2177 1272 Abralue:
2210 1214 2573 1289 orationisque
2596 1214 2877 1272 utilitatem
2901 1232 2968 1289 ex
2988 1215 3238 1289 Ninivitis
3263 1214 3517 1272 conside-

1913 1304 2039 1361 rans
2069 1330 2083 1352 ,
2110 1305 2173 1343 ac
2198 1286 2557 1361 eleemosynze
2589 1293 2899 1361 thesaurum
2933 1288 2987 1361 in
3013 1286 3243 1341 Tabitha
3274 1296 3522 1361 contem-

1912 1360 2099 1429 plans:
2126 1377 2245 1431 qua:
2267 1377 2388 1416 cum
2422 1358 2472 1414 in
2502 1362 2641 1415 lecto
2670 1360 2932 1413 exanii‘nis
2954 1358 3180 1428 jaceret,
3208 1358 3523 1431 sepulturae-

1910 1446 2015 1500 qne
2066 1429 2176 1501 jam
2244 1434 2482 1501 proxima
2539 1442 2682 1485 esset
2711 1472 2725 1494 ,
2776 1432 3255 1501 circumsteterunt
3299 1429 3517 1501 Petrum

1911 1499 2099 1557 manus
2126 1499 2297 1557 vidua:
2321 1504 2526 1565 ﬂentes,
2548 1512 2602 1556 et
2622 1502 2969 1557 ostendentes
2990 1501 3039 1555 ei
3064 1500 3205 1555 dona
3227 1499 3515 1563 defunctae,

1909 1574 1979 1643 ab
2018 1574 2201 1629 inferis
2246 1584 2508 1628 mortuam
2538 1581 2890 1629 extraxerunt
2928 1572 2947 1643 (
2980 1573 3093 1626 Act.
3126 1571 3180 1626 9.
3213 1572 3302 1627 59.
3330 1586 3439 1643 sqq.
3471 1570 3510 1638 ).

1910 1642 2065 1710 Quod
2106 1646 2150 1698 si
2206 1656 2475 1699 mortuum
2520 1658 2718 1715 corpus
2764 1642 3045 1697 viduarum
3094 1643 3348 1715 lacrymaa
3397 1642 3519 1698 vita:

1913 1716 2246 1770 restituerint
2274 1757 2289 1779 ,
2323 1731 2511 1771 rursus
2537 1714 2678 1768 haud
2706 1714 2868 1770 dubie
2893 1715 3215 1768 moriturum
3256 1730 3269 1767 :
3318 1722 3515 1783 quanta

1910 1796 2066 1855 putas
2114 1788 2166 1841 in
2199 1786 2464 1841 bonorum
2499 1786 2800 1841 mercedem
2829 1786 3179 1856 prtebiturum
3211 1798 3331 1840 esse
3358 1783 3514 1856 Judi-

1909 1872 2027 1912 cem
2083 1858 2147 1913 iis
2176 1858 2265 1928 qui
2315 1857 2461 1927 larga
2491 1873 2652 1911 manu
2684 1855 2946 1927 pauperes
2967 1856 3205 1928 _al_nerint
3224 1897 3240 1920 ,
3271 1868 3334 1909 ac
3358 1855 3515 1928 testi-

1910 1929 2150 1982 monium
2194 1925 2487 1998 pauperum
2517 1942 2622 1982 non
2646 1925 2985 1999 abjec‘erintt
3009 1925 3162 1981 Tunc
3199 1929 3343 1999 enim
3373 1926 3515 1999 dona

1909 1999 2106 2054 auferri
2137 1996 2243 2054 neu
2279 1996 2603 2068 potuerunt,
2638 1996 2811 2053 morte
2840 2014 2947 2052 non
2976 1996 3342 2052 intercedente
3375 2036 3390 2060 ,
3416 1996 3513 2068 sed

1908 2072 2101 2143 vitain
2124 2066 2723 2143 perpetuumdurante.
2753 2069 2911 2143 Const
2932 2069 3108 2143 enim,
3140 2069 3355 2143 inquit,
3395 2066 3518 2143 tuon

1908 2142 1960 2195 in
1981 2136 2203 2202 Christo,
2220 2136 2263 2194 et
2282 2142 2468 2195 mortui
2488 2151 2749 2211 resurgant
2760 2141 3041 2210 incorrupti
3057 2139 3106 2208 (l
3122 2183 3132 2193 .
3152 2136 3272 2211 Cor.
3290 2136 3509 2211 15.53).

1909 2223 2069 2282 atque
2097 2212 2479 2277 itmnutabiles,
2510 2211 2577 2266 ad
2609 2210 2965 2267 imitationem
3005 2210 3243 2266 Domini.
3286 2210 3355 2265 Et
3376 2210 3516 2282 sicut

1910 2279 2030 2338 eum
2065 2285 2235 2337 nubes
2266 2283 2513 2352 quaedam
2544 2282 2777 2351 suscepit
2804 2323 2818 2343 ,
2853 2284 2925 2336 ita
2954 2290 3008 2336 et
3037 2296 3135 2336 nos
3163 2322 3179 2347 ,
3199 2279 3513 2352 secu_ndum

1907 2369 2096 2409 vocem
2121 2350 2306 2418 Pauli,
2336 2351 2401 2415 In
2424 2352 2636 2407 nubibus
2662 2350 2921 2423 rapientur
2947 2353 3143 2425 obviam
3162 2351 3207 2405 ei
3225 2351 3300 2425 (l.
3327 2350 3511 2425 Thess.

1907 2427 1964 2479 4.
2000 2426 2110 2495 lli).
2142 2426 2208 2480 Et
2237 2426 2374 2480 sicut
2404 2425 2518 2495 ipse
2555 2426 2605 2478 in
2628 2422 2799 2494 jubilo
2820 2434 2876 2480 et
2897 2438 3027 2479 voce
3055 2423 3197 2477 tuba:
3220 2422 3463 2495 ascendit
3493 2462 3511 2489 ,

1909 2496 1981 2550 ita
2001 2506 2056 2551 et
2071 2492 2180 2550 nos
2204 2498 2393 2550 mortis
2417 2492 2688 2560 nebulam,
2714 2497 2861 2551 velut
2880 2510 3128 2550 somnum
3151 2492 3512 2559 es’cutientes,

1913 2569 2134 2622 Aurtori
2163 2571 2287 2621 vita:
2328 2567 2751 2689 conjungemur:
2789 2566 2858 2620 Et
2904 2567 2977 2619 sic
3005 2608 3021 2631 ,
3070 2564 3285 2634 inquit,
3314 2579 3516 2689 86mg:

1913 2654 2022 2689 cum
2051 2638 2271 2689 Domino
2292 2638 2514 2689 erimusl
2553 2636 2719 2689 bid.l:
2748 2638 3018 2689 sapientes
3040 2650 3101 2689 ea
3123 2650 3243 2689 uuae
3268 2643 3392 2689 sunt

1907 2654 2022 2709 cum
2051 2638 2271 2692 Domino
2292 2638 2479 2693 erimus
2497 2636 2545 2709 (Ι
2553 2636 2686 2708 bid.)
2705 2653 2719 2701 ;
2748 2638 3018 2707 sapientes
3040 2650 3101 2689 ea
3123 2650 3243 2703 quae
3262 2643 3392 2709 sunt

1908 2708 2039 2763 mini
2068 2752 2083 2775 ,
2113 2709 2399 2779 divinaque
2433 2706 2552 2777 ejus
2592 2706 2860 2777 pra-cepta
2908 2716 3205 2762 servantes.
3259 2706 3517 2779 Dignetur

1906 2792 2085 2835 autem
2116 2798 2214 2833 nos
2239 2775 2427 2834 omnes
2457 2775 2611 2835 beata
2648 2793 2710 2834 ac
2737 2775 2874 2834 felici
2900 2779 2987 2833 illa
3018 2793 3112 2832 sua
3140 2792 3307 2832 voce:
3332 2775 3506 2846 Euge,

1906 2869 2044 2906 serve
2069 2850 2196 2905 bone
2217 2861 2263 2905 et
2292 2851 2461 2919 ﬁdelis
2494 2893 2509 2916 ,
2540 2851 2658 2912 quia
2683 2866 2835 2918 super
2859 2866 3022 2921 pauca
3030 2850 3190 2972 luisti
3218 2846 3513 2912 ﬁdelis,su-

1911 2940 2002 2972 ora
2023 2924 2187 2972 multa
2217 2932 2263 2972 te
2296 2923 2639 2972 constituam:
2670 2922 2804 2972 intra
2846 2928 2898 2972 in
2928 2937 3027 2972 artu
3067 2921 3171 2972 ium
3201 2917 3413 2972 Domini
3437 2917 3512 2971 (tsi

1909 2940 2002 2991 pra
2023 2924 2189 2993 multa
2217 2932 2263 2977 te
2294 2917 2639 2993 constituant:
2670 2917 2804 2975 intm
2846 2917 2898 2975 in
2927 2917 3171 2993 gaudium
3201 2917 3413 2993 Domini
3437 2917 3512 2971 tui

1908 2996 1926 3063 (
1952 2993 2139 3046 Matth.
2168 2992 2260 3047 25.
2288 2994 2352 3048 21
2379 2992 2421 3063 ).
2449 2993 2553 3061 Ipsi
2590 2992 2758 3062 gloria
2790 3003 2841 3047 et
2870 2991 3152 3061 imperium
3174 3032 3190 3059 ,
3241 2999 3298 3047 et
3323 2991 3377 3044 in
3402 3003 3512 3043 sa:-

1909 3066 2027 3119 cula
2055 3065 2399 3119 smculorntn.
2430 3067 2621 3119 Amen.

1392 3292 1507 3365 IN
1564 3291 2158 3365 ASCENSION
2181 3292 2334 3391 EM

1076 3474 1082 3482 '
1157 3464 1388 3511 DOlllNl
1431 3463 1657 3509 NOSTBI
1701 3463 1850 3509 JESU
1880 3464 2164 3522 CHRISTI,
2211 3464 2423 3510 διικΜο
2466 3466 2536 3509 ιι.

1639 3596 2061 3666 mw

259 3742 569 3799 Bmtcdirtus
604 3740 758 3797 Dens.
784 3739 1154 3812 Opportunum
1185 3749 1266 3796 est
1296 3740 1455 3796 hodie
1484 3754 1582 3795 nos
1599 3753 1791 3794 omnes

186 3815 565 3939 propheticum
612 3813 739 3867 illud
782 3815 1050 3874 clamare,
1108 3814 1372 3882 simulque
1418 3813 1792 3868 universorum

217 3888 479 3939 tominum
518 3885 843 3939 collandare.
871 3900 932 3938 ac
958 3885 1137 3939 dicere
1164 3902 1178 3939 :
1210 3882 1337 3939 Ouis
1356 3886 1587 3939 loquetur
1615 3892 1792 3939 noten-

217 3882 479 3940 totiiinum
518 3885 843 3947 collandare,
871 3900 932 3938 ac
958 3885 1137 3940 dicere
1164 3902 1178 3939 :
1210 3882 1337 3949 Quis
1356 3886 1587 3951 loquetur
1615 3892 1795 3952 poten-

187 3958 290 4011 tias
336 3955 560 4021 Domini,
612 3956 813 4009 auditas
860 3956 1009 4026 faciet
1044 3973 1219 4010 omnes
1263 3955 1440 4026 laudes
1477 3956 1589 4024 ejus
1620 3952 1792 4025 (Psql.

189 4028 318 4082 105.
349 4027 435 4096 2)?
464 4026 635 4082 llodie
668 4028 809 4082 enim
839 4024 1037 4080 nostra:
1068 4027 1314 4096 primitia:
1342 4024 1588 4081 Christus
1612 4026 1661 4079 in
1692 4040 1796 4079 ca:-

188 4098 275 4153 los
296 4098 561 4164 ascendit,
588 4107 644 4153 et
671 4099 758 4168 qui
782 4113 848 4152 ex
881 4098 1033 4153 nobis
1049 4113 1265 4153 carnem
1288 4097 1386 4151 sibi
1407 4104 1792 4163 assumpserat,

194 4171 451 4224 thronum
480 4170 656 4223 Patris
681 4169 904 4238 accepit,
928 4177 990 4223 ut
1030 4184 1128 4222 nos
1175 4182 1362 4223 servos
1403 4168 1792 4230 reconciliaret,

191 4249 549 4310 veteremque
566 4240 894 4294 inimicitiam
911 4240 1135 4311 deleret,
1152 4255 1213 4295 ac
1231 4254 1418 4311 pacem
1442 4254 1795 4311 supernorum

192 4309 529 4394 exercituum
553 4312 857 4393 hominibus
883 4309 1137 4394 adbqtzjn
1165 4309 1311 4394 terra
1342 4310 1660 4394 degentibus
1688 4310 1795 4394 ¹(10-

191 4391 371 4438 naret.
388 4381 706 4437 Communis
732 4381 874 4436 enim
900 4380 1053 4436 nobis
1074 4380 1231 4437 hodie
1246 4380 1507 4438 adverSus
1524 4380 1795 4436 diabolum

192 4454 519 4522 proponitur
557 4454 774 4507 victoria
800 4494 815 4518 ,
853 4454 1158 4508 comnmnia
1202 4453 1511 4508 certaminis
1555 4453 1795 4521 prauuia,

191 4530 514 4579 communes
539 4538 775 4585 coronre,
798 4527 1097 4578 communis
1116 4524 1306 4594 gloria.
1325 4526 1585 4590 Quocirca
1612 4524 1797 4578 exsul-

193 4604 374 4650 tetnus
397 4597 572 4650 Cuncti
604 4595 926 4665 aspicientes
967 4593 1229 4665 primitias
1256 4606 1470 4650 nostras
1500 4593 1794 4657 Christum,

193 4682 413 4720 sursum
462 4668 777 4727 sedentem,
824 4677 1169 4735 nostramque
1239 4676 1482 4721 naturam
1543 4667 1796 4720 thronum

194 4739 436 4792 destene
456 4738 545 4791 Dei
564 4748 931 4802 occupantem.
953 4737 1085 4791 Nam
1112 4738 1157 4793 si
1185 4737 1514 4792 admirabilis
1540 4736 1796 4807 propheta

193 4808 386 4863 beatos
421 4823 517 4863 eos
552 4810 807 4877 prmdicat
844 4808 937 4879 qui
987 4811 1185 4863 habent
1230 4824 1414 4865 semen
1466 4810 1517 4862 in
1562 4808 1712 4873 Sion,
1744 4817 1799 4864 et

195 4879 523 4952 domesticos
551 4882 601 4933 in
648 4879 946 4935 Jerusalem
975 4879 1128 4952 (lsai.
1152 4882 1239 4935 5|.
1270 4880 1353 4952 9),
1384 4889 1588 4949 quanto
1609 4880 1797 4952 inagis

197 4964 299 5004 nos
325 4950 558 5019 gaudere
584 4959 639 5005 ct
663 4952 932 5006 exsultare
978 4950 1212 5020 oportet.
1257 4950 1496 5005 videntes
1539 4950 1799 5020 primitias

197 5032 403 5077 nostra:
430 5022 616 5075 salutis
660 5021 931 5077 Christum
964 5021 1029 5075 ad
1058 5024 1229 5091 ipsum
1260 5022 1513 5076 caularum
1544 5023 1796 5077 verticem

196 5092 599 5158 ascendentem,
624 5103 679 5148 et
714 5096 946 5162 regalem
992 5092 1268 5157 thronum,
1317 5110 1473 5164 quem
1520 5094 1634 5164 ip-e
1677 5094 1799 5147 reli-

196 5172 412 5229 querat,
462 5164 560 5217 sibi
612 5165 1008 5220 vindicantem?
1046 5163 1343 5219 Considera
1385 5163 1797 5227 euim,dilectc,

195 5241 398 5305 quanta
437 5234 527 5289 Dei
568 5237 733 5290 nostri
776 5238 844 5290 sit
886 5237 1128 5298 bonitas,
1178 5252 1443 5305 quamque
1491 5238 1698 5290 occulta
1748 5246 1802 5289 et

197 5303 485 5359 ineffibilis
512 5306 627 5375 ejus
680 5308 811 5361 facta
860 5308 929 5361 sit
969 5303 1297 5375 dispensatio
1346 5303 1468 5376 erga
1509 5322 1679 5376 genus
1705 5322 1802 5361 no-

194 5385 394 5438 strum,
422 5379 563 5444 quod
588 5377 773 5433 fraude
808 5378 1005 5433 diaboli
1051 5378 1299 5448 paradiso
1344 5378 1645 5441 exciderat;
1682 5389 1801 5431 tan-

199 5456 364 5514 taque
412 5448 783 5504 maledictione
825 5450 1159 5513 danmatum,
1213 5458 1431 5518 repente
1469 5449 1520 5502 in
1548 5458 1800 5518 quantam

196 5518 574 5589 celsitudinem
620 5522 794 5575 evexit
832 5538 842 5572 :
878 5531 929 5575 et
956 5535 1062 5589 quo
1109 5529 1265 5589 pacto
1314 5535 1431 5581 nos,
1465 5521 1631 5588 quiet
1662 5530 1801 5574 terra

197 5587 316 5661 ipsa
343 5589 657 5645 videbamur
688 5591 911 5661 indigni,
936 5587 1165 5645 hodiein
1189 5591 1379 5646 cmlum
1402 5587 1572 5645 evecti
1608 5591 1797 5657 simus,

199 5658 423 5729 ipsaque
454 5672 631 5715 nostra
654 5658 866 5728 natura,
894 5677 1014 5731 mue
1051 5662 1209 5714 etiam
1238 5662 1490 5730 paradiso
1521 5662 1669 5731 prius
1700 5678 1799 5731 pu-

201 5732 413 5784 tabamr
458 5732 693 5802 indigna.
726 5733 1037 5786 ll:ec.euim
1072 5733 1123 5785 in
1154 5733 1299 5786 ca-lis
1345 5735 1570 5801 primam
1617 5733 1801 5789 sedem

197 5804 529 5873 occupavit;
575 5819 801 5873 qiueqne
844 5804 1153 5857 dtemonum
1194 5803 1485 5857 ludibrium
1531 5813 1796 5867 evaserat,

203 5870 365 5946 hodie
395 5873 463 5926 ab
487 5870 691 5946 angelis
714 5870 1079 5944 supernisque
1128 5876 1478 5946 potestatibus
1522 5876 1796 5946 adorator.

197 5942 247 6001 0
269 5942 483 6002 beatam
513 5942 657 6002 illam
686 5942 1043 6002 ‘invidiatnlo
1064 5942 1230 6002 bonas
1262 5945 1514 6005 insidias!
1548 5964 1582 6005 0
1606 5945 1802 6003 invidia

1904 3740 2165 3795 bonorum
2187 3756 2503 3809 causa,qu:e
2527 3740 2906 3797 nobisiuflnita
2949 3741 3208 3798 concilias
3248 3742 3509 3808 bona,lo-

1900 3825 2126 3882 genique
2144 3814 2559 3883 immortalitatis
2576 3813 2828 3883 peperisti
2848 3816 2861 3869 ε
2880 3813 3013 3869 Cum
3029 3816 3172 3869 enim
3192 3823 3349 3871 antea
3368 3825 3517 3871 natu-

1902 3897 1977 3955 ra:
1994 3894 2190 3955 nostra:
2204 3882 2453 3939 humana:
2474 3886 2524 3938 in
2548 3882 2705 3939 terris
2725 3883 2940 3954 degenti
2961 3885 3514 3955 invideretimprobus

1902 3953 1991 4008 ille
2006 3953 2241 4027 diemon,
2259 3971 2399 4010 nunc
2422 3970 2539 4011 eam
2560 3957 2614 4009 in
2632 3956 2777 4011 cadis
2793 3953 3005 4012 adorari
3028 3957 3173 4011 videt
3193 3975 3206 4011 :
3223 3968 3277 4013 et
3297 3953 3385 4027 qui
3415 3972 3514 4013 sn—

1903 4032 1985 4078 tea
2023 4025 2375 4098 perfraudem
2407 4042 2596 4098 magna
2612 4027 3120 4096 etinComparabiliit
3154 4025 3511 4097 surripuerat,

1902 4104 1961 4179 ut
1989 4097 2206 4179 putabat
2230 4112 2410 4179 ,_t_mnc
2444 4099 2739 4179 majoribus
2770 4110 2825 4179 et
2858 4098 3239 4179 illustrioribus
3265 4114 3514 4179 uesper-

1902 4165 2007 4221 frui
2028 4168 2220 4221 cernit.
2246 4170 2364 4225 ldeo
2381 4165 2551 4236 jubilo
2580 4180 2635 4224 et
2668 4171 2881 4227 exsulto
2927 4170 3106 4236 hodie,
3126 4177 3294 4225 etvos
3334 4165 3516 4225 utme-

1901 4254 2023 4293 cum
2046 4238 2202 4293 simul
2233 4241 2327 4312 has
2351 4238 2580 4296 choreas
2608 4245 2777 4312 agatis
2803 4242 3079 4297 cohortor.
3110 4240 3211 4309 Qui
3250 4242 3392 4297 enim
3417 4256 3517 4297 nec

1904 4317 2118 4365 terreno
2134 4311 2347 4381 quidem
2366 4312 2571 4367 honore
2585 4311 2731 4383 digni
2756 4328 2992 4379 eramus,
3013 4312 3079 4367 ad
3105 4327 3396 4382 supernum
3425 4327 3515 4367 ne-

1904 4396 2069 4456 gnum
2120 4383 2517 4456 ascendimus,
2543 4385 2707 4439 cauos
2756 4385 3133 4456 pervasimns,
3181 4391 3239 4439 et
3278 4384 3514 4453 regalem

1904 4452 2158 4526 thronum
2191 4452 2913 4526 apprehepdimustéaque
2962 4464 3177 4518 natura,
3217 4470 3311 4523 per
3347 4469 3504 4526 qua!“

1903 4525 2279 4597 custodiebant
2300 4525 2605 4595 paradisum
2629 4527 2944 4591 Cherubim,
2982 4526 3091 4597 jam
3135 4536 3320 4581 evecta
3348 4537 3430 4582 est
3460 4534 3519 4583 et

1904 4596 2181 4649 adorator.
2221 4596 2555 4667 Obstupesce
2603 4598 2761 4667 igitur
2802 4610 2855 4653 et
2878 4596 3167 4658 admirare.
3210 4596 3511 4660 carissime,

1905 4680 2168 4739 magnam
2193 4667 2467 4739 solertiam
2504 4668 2712 4724 Domini
2747 4670 2842 4733 tui,
2877 4684 2942 4725 ac
2966 4670 3205 4739 glorilica
3233 4684 3379 4732 eum,
3421 4668 3515 4739 qui

1905 4744 2053 4791 tanta
2082 4738 2171 4792 tibi
2204 4738 2427 4808 largitus
2456 4750 2559 4794 est.
2588 4742 2945 4797 ‘l‘ranscendit
2970 4738 3113 4795 enim
3145 4740 3273 4793 doni
3300 4738 3513 4808 magni-

1906 4809 2116 4881 liccntia
2140 4809 2323 4865 damni
2352 4812 2798 4881 magnitudinem.
2830 4812 2963 4867 Nam
2992 4825 3119 4865 ecce
3144 4811 3234 4880 qui
3264 4809 3517 4879 paradiso

1904 4880 2414 4954 excideramus,>ad
2452 4880 2645 4937 cadum
2694 4884 2865 4954 ipsum
2910 4882 3109 4954 sublati
3152 4894 3377 4945 sumus;
3422 4882 3515 4954 qui

1905 4959 2079 5005 morte
2104 4952 2342 5023 damnati
2372 4951 2591 5019 fuimus,
2629 4951 3045 5010 immortalitatis
3080 4952 3280 5007 donum
3304 4951 3517 5023 accepi-

1907 5038 2027 5097 mus
2058 5039 2074 5078 :
2104 5022 2297 5079 infensi
2326 5039 2549 5097 eramus
2566 5038 2617 5080 et
2644 5026 2877 5097 abjecti;
2908 5034 2964 5083 et
2996 5024 3135 5097 filios
3177 5038 3280 5097 nos
3318 5038 3515 5079 vocare

1906 5094 2153 5160 dignatus
2183 5102 2285 5155 est.
2317 5111 2489 5164 neque
2525 5096 2665 5151 filios
2694 5093 2890 5162 solum,
2919 5096 3013 5152 sed
3042 5106 3096 5151 et
3120 5093 3380 5158 heredes;
3413 5109 3512 5150 ne-

1906 5181 2011 5235 quc
2039 5168 2201 5221 etiam
2245 5165 2475 5223 heredes
2513 5178 2741 5233 tantum,
2771 5169 2864 5223 sed
2891 5180 2946 5222 et
2970 5166 3265 5223 coheredes
3290 5166 3513 5221 Christi.

1907 5237 2051 5291 Ecce
2079 5238 2351 5306 quomodo
2380 5239 2582 5308 majora
2628 5240 2783 5295 nobis
2813 5255 2840 5291 a
2872 5239 3105 5294 Domino
3137 5239 3246 5293 sint
3289 5236 3509 5300 donaui,

1907 5323 2068 5377 quam
2112 5318 2266 5363 antea
2315 5311 2525 5365 fuerant
2576 5311 2772 5365 ablata.
2820 5310 3019 5366 Verum
3058 5310 3187 5364 dum
3211 5308 3365 5362 audis
3388 5323 3513 5362 emn

1907 5378 2218 5450 ascendisse
2246 5388 2301 5435 et
2336 5391 2669 5450 assumptum
2709 5397 2850 5446 esse,
2888 5396 3019 5435 cave
3068 5382 3291 5435 locatem
3322 5380 3373 5433 in
3406 5381 3515 5434 Deo

1908 5448 2226 5505 descensum
2269 5448 2561 5519 opineris:
2592 5452 2845 5507 divinitas
2884 5455 3027 5507 enim
3075 5451 3253 5506 omnia
3305 5450 3513 5520 implet,

1910 5522 2107 5595 ubique
2139 5536 2378 5590 pnesens
2408 5533 2509 5583 est.
2543 5533 2598 5577 ct
2632 5538 2894 5595 nusquam
2943 5523 3113 5595 abest,
3135 5522 3286 5595 velut
3335 5523 3517 5576 omnia

1910 5591 2239 5664 inspiciens,
2263 5604 2317 5647 et
2340 5595 2713 5649 universorum
2752 5591 2952 5664 opifex.
2981 5594 3236 5662 Ejusdem
3265 5608 3385 5646 cum
3416 5608 3516 5645 uo-

1909 5673 2023 5716 stro
2061 5663 2273 5733 generis
2313 5678 2529 5735 corpus,
2549 5681 2655 5735 quo
2695 5663 3005 5735 assumpto,
3049 5678 3313 5733 apparere
3355 5677 3519 5733 super

1912 5742 2112 5807 terram
2137 5735 2386 5803 dignatus
2424 5745 2525 5799 est,
2574 5734 2703 5792 cum
2745 5734 2968 5807 prorSus
3007 5736 3184 5789 simile
3225 5734 3379 5788 nobis
3424 5736 3515 5799 sit,

1910 5804 2041 5879 illud
2070 5806 2240 5875 ipsum
2270 5817 2512 5862 nostrum
2542 5817 2648 5877 est,
2677 5804 2819 5879 quod
2864 5816 3367 5879 sursumevectum
3412 5818 3516 5879 est.

1912 5875 1982 5930 Et
2011 5884 2291 5947 propterea
2321 5874 2707 5937 communibus
2730 5879 2889 5936 hodie
2930 5878 3107 5935 cuncti
3146 5878 3368 5947 vocibus
3394 5874 3510 5947 cla-

1912 5942 2127 6003 metuns
2147 5947 2519 6019 propheticum
2566 5952 2701 6010 illud
2742 5953 2983 6009 dictum:
3016 5948 3257 6006 Ascendit
3280 5942 3425 6003 Deus
3454 5945 3513 6003 in
