4126 6516
207 597 455 652 ritum
494 608 668 667 eorum
705 590 885 666 (Ρωι.
924 587 1450 718 ’18.ὀροι’ω1)ιιι
1491 588 1635 645 enim
1679 603 1802 645 eum

209 668 402 718 urbem
419 661 1022 718 terrarumcomurehe
1097 675 1209 718 ere.
1244 669 1298 716 et
1321 660 1618 715 secundum
1649 675 1802 716 men-

209 668 402 722 urbem
419 660 1216 734 terrarumr'comprehendere,
1244 669 1298 716 et
1321 660 1618 734 sectmdum
1649 675 1804 716 men-

213 747 398 792 suram
426 733 611 789 ﬁnium
639 735 757 805 ejus
775 729 1012 800 exiendi,
1037 731 1421 805 neminemque
1446 729 1692 805 docirina
1707 746 1804 805 ex-

211 801 753 876 prtem‘adesse,'ac
776 805 894 876 sine
932 803 1270 876 institutione
1298 801 1660 876 praetermitti.
1681 802 1806 876 έρ-

199 871 511 947 iiarnerunt
543 883 722 947 autem
753 876 806 947 in
837 874 1007 947 forma
1050 874 1194 947 ignis
1211 871 1400 928 divisa:
1426 871 1642 941 linguae.
1676 871 1808 926 Ete-

205 945 328 1002 iim
365 946 733 1013 apostolorum
757 946 950 1016 linguae
969 945 1106 1016 ignis
1133 960 1284 1016 more
1307 953 1606 1016 cperatura:
1627 950 1804 1016 erant,

212 1028 272 1074 et
295 1017 570 1088 duplicem
619 1031 775 1081 usum
822 1013 1311 1088 éxhibituraipita“
1338 1013 1499 1088 utet
1531 1013 1806 1088 diaboiurn

211 1083 524 1154 adurerent,
555 1096 610 1142 et
633 1088 882 1142 sedentes
921 1087 974 1142 in
1006 1085 1238 1142 tenebris
1260 1086 1648 1141 illuminarent.
1676 1083 1808 1139 Vide

211 1160 349 1231 mihi
378 1161 552 1231 ignem
582 1157 828 1231 lidelihus
841 1157 1164 1231 oleoquovis
1190 1157 1494 1231 mitiorem;
1533 1155 1660 1210 vide
1673 1154 1806 1231 mihi

210 1225 454 1300 linguain
477 1230 666 1300 quovis
709 1229 831 1298 igne
874 1225 1105 1300 diabolo,
1135 1227 1604 1300 fomidabiliorem
1627 1267 1643 1290 ,
1687 1225 1808 1280 vide

210 1246 290 1285 Ιιη
333 1246 454 1285 nam
477 1246 666 1300 QUOVIS
709 1246 831 1298 igne
874 1246 1087 1283 ataoow
1135 1246 1643 1290 ιοηηιαδοιιιθτειη,
1687 1246 1808 1280 γιαε

202 1246 350 1358 πίει
400 1303 631 1372 linguam
685 1299 977 1372 impietatis
1027 1299 1212 1372 spinas
1276 1296 1694 1372 incendentem,
1751 1304 1809 1352 et

208 1371 432 1442 pietatis
457 1367 668 1442 s'egetes
690 1367 812 1442 rore
839 1369 1252 1442 perfundentem
1274 1386 1288 1432 ;
1310 1369 1450 1442 Δνῖάθ
1503 1367 1634 1442 mihi
1664 1367 1803 1442 ἀηρτ

206 1438 390 1497 decim
413 1438 709 1512 discipulos
733 1441 800 1512 ab
827 1438 933 1495 uno
956 1440 1179 1495 doctore
1200 1438 1473 1494 institutos
1497 1457 1512 1504 ;
1536 1439 1658 1512 vide
1677 1438 1807 1512 mihi

206 1512 498 1568 duodecim
528 1509 694 1568 duces
720 1511 789 1566 ab
819 1527 928 1566 uno
959 1526 1094 1581 rege
1147 1520 1427 1580 cooptatos
1459 1527 1474 1575 ;
1507 1510 1628 1564 vide
1677 1509 1809 1564 mihi

207 1584 498 1638 duodecim
545 1582 825 1653 splendida
868 1581 1156 1653 luminaria
1199 1596 1267 1636 ex
1296 1595 1403 1636 uno
1434 1581 1644 1653 vertice
1682 1595 1804 1635 sur-

205 1655 420 1725 gentia;
453 1651 586 1725 vide
632 1652 763 1725 mihi
812 1652 1092 1725 duodecim
1120 1667 1318 1725 ipuros
1354 1651 1532 1707 radios
1580 1652 1649 1725 ab
1696 1666 1804 1706 uno

204 1722 332 1780 Sole
360 1723 618 1790 emissos;
678 1724 797 1778 vide
836 1722 967 1779 mihi
993 1723 1275 1779 duodecim
1307 1724 1554 1779 lucernas
1587 1723 1656 1776 ah
1695 1737 1798 1778 una

205 1795 445 1850 scintilla
486 1809 772 1866 accensas;
817 1793 947 1866 vide
983 1794 1112 1849 mihi
1139 1794 1418 1866 duodecim
1452 1795 1706 1866 palmites
1743 1809 1810 1848 ex

211 1875 341 1920 vera
362 1867 468 1922 vite
493 1867 840 1936 pullulantes;
866 1865 986 1921 vide
1001 1866 1130 1936 mihi
1153 1865 1433 1921 duodecim
1450 1865 1712 1936 cophinos
1741 1881 1807 1920 ex

207 1951 318 1991 una
345 1935 526 1992 mensa
557 1937 824 2007 repletos;
867 1936 989 1992 vide
1038 1935 1169 1992 mihi
1197 1936 1482 2007 duodecim
1520 1935 1723 1991 ’iluvios
1743 1951 1808 1991 ex

206 2021 321 2061 uno
359 2007 503 2062 fonte
555 2006 860 2073 manantes;
917 2007 1036 2078 vide
1089 2007 1220 2062 mihi
1267 2006 1546 2062 duodecim
1605 2007 1812 2078 linguas

206 2092 276 2132 ex
300 2091 403 2150 una
429 2079 593 2148 gratia
618 2078 915 2148 loquentes.
946 2077 1202 2150 Neputes
1227 2078 1348 2150 illos
1369 2078 1548 2134 ebrios
1573 2088 1666 2132 aut
1688 2077 1810 2132 mu-

196 2156 298 2218 sto
322 2148 510 2218 plenos
537 2163 676 2214 esse,
708 2165 774 2203 ne
800 2148 1172 2204 incredulitate
1194 2159 1279 2203 tua
1297 2148 1496 2203 donum
1523 2159 1808 2205 contumeo

203 2217 528 2290 iiaaliicias,
559 2235 626 2274 ne
668 2219 1024 2276 exsecrandos
1066 2221 1310 2275 homines
1350 2220 1597 2278 imiteris.
1630 2235 1806 2290 neque

202 2287 442 2362 Spiritus
487 2292 855 2362 operationem
906 2290 1218 2346 ebrietatem
1265 2291 1522 2361 appelles.
1565 2287 1810 2347 Ebrietas

201 2361 408 2432 quippe
430 2361 724 2432 linguarum
740 2375 938 2430 genere
957 2362 1230 2431 impertire
1251 2362 1465 2432 nequit;
1489 2363 1598 2416 imo
1623 2362 1808 2431 cujus-

202 2445 316 2500 que
333 2430 562 2501 linguam
580 2432 784 2501 alligat,
808 2441 862 2485 et
883 2430 1125 2487 insanum
1144 2432 1290 2486 illum
1313 2430 1494 2496 efficit,
1519 2430 1812 2488 sermunis—

283 2516 317 2557 e
344 2517 556 2574 cursum
588 2504 900 2574 intercipit,
935 2511 989 2558 et
1013 2504 1164 2574 quasi
1186 2504 1246 2574 in
1276 2503 1442 2573 petris
1471 2513 1630 2557 noctu
1661 2505 1808 2558 ince-

243 2573 684 2644 ens,rdontihus
732 2573 1115 2644 inpingitast
1165 2573 1293 2628 dum
1344 2583 1582 2630 mentem
1639 2583 1805 2638 tenet.

207 2643 668 2714 perturbationem
743 2643 1019 2709 immittit,
1078 2645 1514 2714 imaginationem
1581 2655 1803 2711 movet,

202 2719 262 2787 et
307 2713 539 2782 syllabas
590 2715 887 2770 detruncat.
919 2716 1015 2770 Est
1060 2713 1238 2771 autem
1291 2715 1542 2787 ebrietas,
1580 2717 1803 2787 Vigilan-

203 2783 276 2837 tis
309 2787 600 2850 somnium,
645 2802 748 2840 non
798 2787 1115 2842 dormientis
1158 2787 1465 2852 somnium,
1524 2783 1671 2842 iure?
1733 2788 1808 2843 si-

205 2854 370 2921 tiens,
429 2855 641 2910 dmmon
713 2857 990 2922 esuriens,
1060 2856 1308 2914 diabolus
1368 2858 1492 2913 vino
1541 2858 1802 2926 insidens,

211 2925 356 2997 latro
387 2926 460 2997 Ain
511 2927 776 2982 conviviis
821 2928 1041 2984 insidias
1096 2939 1341 2997 struens,
1403 2937 1461 2985 et
1513 2944 1666 2986 mero
1721 2945 1808 2984 ra-

212 2995 495 3069 tiocinium
554 2997 921 3065 inilammans,
955 3009 1011 3054 et
1051 2995 1399 3069 pharmacum
1439 3001 1634 3055 anima:
1676 3000 1808 3055 deii-

206 3067 371 3139 cienti
403 3079 728 3123 venenatum
752 3084 973 3139 parans.
1009 3067 1136 3126 Haec
1166 3071 1304 3127 solet
1318 3070 1552 3127 ebrietas
1567 3070 1803 3128 efﬁcere.

205 3135 354 3212 ﬂanc
379 3140 640 3212 apostolis
669 3135 991 3212 calumniam
1037 3141 1335 3197 oﬂ'erebant
1365 3143 1512 3212 impii
1556 3142 1632 3197 illi
1664 3159 1677 3205 ξ
1709 3145 1797 3196 ni-

205 3206 383 3278 hilque
406 3206 604 3263 mirum
631 3211 675 3265 si
702 3210 866 3267 sobrii
895 3211 1095 3268 ludens
1118 3206 1456 3268 videbantur
1469 3213 1603 3268 ebrii
1630 3230 1643 3268 :
1667 3215 1800 3270 olim

204 3294 439 3352 namque
465 3290 685 3337 sanctos
711 3283 856 3338 viros
881 3284 1221 3339 contumeliis
1246 3283 1570 3353 afllciebant,
1597 3295 1650 3341 et
1679 3301 1805 3355 pro-

1363 470 1438 530 ῐΝ
1477 467 1992 530 PENTECOSTEN.
2025 465 2263 524 SERMO
2290 464 2383 522 ιη.

3431 467 3539 527 8M

1920 584 2112 656 phetas
2141 591 2415 656 tamquam
2443 582 2625 656 ebrios
2668 580 2990 656 irridebant.
3023 583 3250 640 Etiamsi
3279 600 3411 644 vero
3433 586 3537 642 ah-

1924 653 2286 738 negaverint,
2309 653 2552 736 dicamus
2580 654 2710 723 ipsis
2743 672 2759 710 :
2788 656 2971 739 Annon
3008 656 3116 710 Iure
3149 656 3222 740 ita
3249 668 3389 725 sunt,
3435 656 3536 728 ﬁlii

1914 725 2103 792 Israel,
2126 727 2248 779 dit‘ll
2277 723 2525 779 Dominus
2547 726 2574 778 ?
2611 725 2676 778 Et
2713 727 2965 795 petebam
3001 728 3351 796 sancit/ica!”
3391 744 3532 783 meo:

1915 742 2103 792 Israel,
2126 742 2248 779 att‘u
2277 742 2525 779 uommus
2547 742 2574 778 r
2611 742 2676 778 ru
2713 742 2965 795 porcinam
3001 742 3351 796 sanctiﬁcata:
3391 744 3522 783 metu

1915 799 2051 869 uino,
2077 807 2124 851 et
2144 797 2405 869 prophetis
2422 797 2792 869 praecipiebant
2813 797 3071 869 dicentes,
3095 795 3181 869 Ne
3209 799 3522 869 propheletis

1958 869 2113 922 Amos
2144 865 2214 922 ἲ.
2240 865 2350 921 11.
2378 865 2449 938 712
2541 867 2653 937 Ego
2678 867 2837 922 etiam
2869 868 2983 937 ipse
3024 865 3218 924 ebrios
3244 865 3368 927 illos
3409 884 3532 928 esse

1937 941 2244 1014 ateoij._non
2272 937 2532 993 ebrietate
2553 953 2713 1014 quam
2743 948 2800 992 tu
2821 938 2978 1014 dicis,
3012 939 3107 1014 sed
3136 939 3316 1014 divina
3337 952 3395 1014 et
3413 942 3499 1014 api

1916 1010 2092 1066 rituali
2125 1010 2210 1083 illa
2231 1051 2252 1083 _,
2301 1024 2461 1083 quam
2503 1009 2593 1080 qui
2644 1010 2919 1083 hauserit,
2950 1010 3214 1078 sapientia
3246 1009 3486 1083 repletur
3509 1055 3526 1081 ,

1915 1098 2075 1153 quam
2104 1081 2486 1154 quiihauserit,
2518 1091 2700 1135 mente
2730 1081 3035 1154 roboratur,
3060 1097 3228 1154 quam
3272 1081 3362 1154 qui
3397 1082 3530 1140 bau-

1917 1151 2047 1208 serit
2073 1195 2088 1218 ,
2117 1152 2299 1233 vigilat
2338 1151 2406 1205 ad
2433 1152 2716 1233 virtuiem,
2750 1167 2910 1234 quam
2936 1153 3027 1223 qui
3059 1151 3330 1234 hauserit,
3360 1154 3528 1212 Deum

1918 1238 2102 1279 amare
2122 1221 2300 1288 discit,
2320 1236 2478 1290 quam
2503 1239 2594 1292 qui
2617 1223 2832 1288 biberit,
2865 1237 2970 1278 non
2994 1225 3138 1279 sitiet
3161 1224 3213 1278 in
3240 1235 3528 1291 :cternum,

2284 1264 2300 1288 ’
2321 1264 2478 1290 Ὶυ-Ιισ
2503 1264 2593 1291 Ὶυυ
2617 1264 2832 1288 υιυνυι.’
2866 1264 2970 1278 ΙΙνΙΙ
2994 1264 3138 1279 νιν-νυ
3162 1264 3213 1278 III
3240 1264 3360 1281 ωιυι
3375 1264 3528 1291 ιιυιιι.

1916 1309 2075 1365 quam
2107 1295 2196 1362 qui
2218 1294 2431 1359 biberit,
2464 1309 2584 1348 cum
2623 1293 2790 1349 Paule
2830 1294 3017 1360 inanit,
3047 1294 3222 1365 ignem
3245 1303 3299 1350 et
3323 1295 3527 1352 ferrum

1917 1366 2172 1420 audacter
2205 1367 2352 1430 adit,
2385 1375 2448 1437 et,
2483 1365 2534 1418 in
2567 1366 2802 1437 pericula
2832 1379 2892 1420 se
2917 1365 3165 1437 coniicit,
3203 1381 3530 1437 omnemque

1917 1437 2274 1492 calamitatem
2303 1436 2451 1506 quasi
2483 1435 2592 1488 rem
2623 1435 2798 1490 betam
2825 1435 3202 1506 amplectitur,
3233 1436 3302 1492 de
3326 1435 3527 1494 coniu-

1918 1508 2096 1580 meliis
2119 1509 2272 1580 quasi
2307 1506 2374 1562 de
2398 1506 2644 1580 laudibus
2673 1507 2940 1580 exsultat,
2969 1508 3038 1580 de
3076 1507 3336 1564 conviciis
3372 1509 3528 1580 quasi

1917 1577 1986 1634 de
2019 1579 2302 1650 przeconiis
2347 1578 2548 1650 gestit,
2596 1577 2822 1650 viocuiis
2865 1593 2962 1647 pro
2991 1578 3280 1634 Servatore
3305 1619 3322 1644 ,
3374 1577 3529 1650 quasi

1917 1649 2133 1704 coronis
2163 1649 2330 1719 regiis
2368 1648 2722 1703 exhilaratur.
2755 1648 2852 1704 Hic
2885 1661 3067 1705 crater
3092 1650 3366 1719 apostolos
3395 1648 3528 1707 ine-

1916 1719 2148 1784 hriavit;
2181 1721 2282 1775 hoc
2308 1719 2555 1790 poculum
2586 1720 2885 1786 Salvatoris
2913 1719 3162 1790 discipuli
3202 1721 3482 1778 ebibetnnt
3505 1764 3523 1788 ,

1917 1801 1973 1847 et
2000 1791 2358 1861 pulcherrima
2401 1791 2664 1846 ebrietate
2692 1791 2836 1860 capti
2867 1799 3029 1861 sunt,
3062 1807 3127 1847 ac
3151 1805 3304 1846 sacra
3338 1807 3524 1849 mensa

1917 1860 2094 1918 satiati
2116 1862 2300 1917 dicunt
2319 1876 2448 1917 cum
2479 1862 2634 1917 beato
2655 1861 2856 1917 Davide
2891 1880 2905 1916 :
2937 1860 3146 1917 Parasti
3169 1863 3224 1917 in
3251 1873 3527 1933 conspectu

1917 1950 2030 1988 meo
2059 1949 2287 2005 mensam
2331 1933 2572 1998 aduersus
2615 1949 2702 1987 eos
2743 1933 2830 2003 qui
2861 1933 3119 2005 tribulam
3166 1949 3248 2005 ine
3281 1949 3302 1988 :
3333 1934 3528 2005 impin-

1916 2005 2088 2077 guarti
2105 2005 2160 2057 in
2185 2004 2295 2058 oleo
2320 2013 2475 2075 caput
2502 2020 2688 2077 meum,
2712 2013 2758 2077 et
2784 2004 2921 2058 calix
2944 2014 3062 2077 tunc
3088 2003 3345 2060 inebrians
3370 2003 3526 2077 quain

1918 2075 2199 2144 praclarus
2229 2085 2344 2130 est:
2366 2085 2413 2129 et
2443 2075 2791 2146 misericordia
2821 2084 2910 2146 tua
2938 2075 3268 2146 subsequatur
3295 2075 3521 2131 meant-

1917 2145 2067 2200 nibus
2105 2146 2279 2201 diebus
2313 2146 2429 2201 vita
2454 2161 2580 2200 metu
2611 2148 2627 2216 (
2653 2145 2802 2200 Pral.
2828 2144 3005 2217 22:75.
3035 2148 3070 2202 6
3091 2144 3131 2217 β.
3162 2144 3263 2214 Qui
3289 2146 3433 2202 enim
3457 2162 3526 2203 ex

1918 2219 2023 2272 hoc
2048 2217 2216 2273 calice
2241 2217 2395 2283 bibit,
2428 2218 2528 2274 etsi
2560 2215 2773 2272 sobrius
2796 2218 2850 2278 in
2881 2215 3118 2282 Christo,
3147 2217 3352 2272 insanis
3379 2217 3526 2273 ebri-

1918 2303 1982 2343 us
2005 2303 2127 2344 esse
2150 2287 2362 2342 videtur
2384 2328 2400 2354 ,
2433 2302 2556 2342 cum
2581 2302 2644 2342 ea
2675 2303 2797 2359 quae
2830 2287 3124 2359 salvatoris
3158 2296 3285 2343 sunt
3327 2288 3521 2359 sapiat.

1918 2361 2073 2416 nunc
2112 2369 2378 2415 craterem
2403 2359 2565 2414 nobis
2593 2358 2852 2414 Minus
2874 2358 3125 2414 Christus
3161 2375 3227 2415 ex
3254 2358 3525 2430 sanguine

1917 2445 2016 2486 suo
2059 2431 2315 2495 miscuit,
2365 2430 2671 2500 multosque
2715 2430 2869 2486 nobis
2916 2431 3173 2486 convivas
3198 2429 3521 2497 advocavit,

1918 2503 2337 2573 innumerosque
2362 2502 2704 2573 evangelicos
2733 2503 2908 2570 pisces
2936 2500 3300 2572 congregavit,
3335 2517 3398 2557 ac
3419 2501 3522 2558 Pc-

1917 2574 1986 2644 _tri
2013 2571 2266 2644 sagenam
2297 2573 2539 2644 implevit
2563 2589 2578 2638 ;
2611 2571 2819 2640 fuitque
2853 2571 3221 2644 spectaculum
3249 2587 3444 2628 novum
3471 2584 3528 2628 et

1917 2642 2214 2699 inauditum
2237 2683 2252 2708 ,
2300 2652 2356 2699 et
2395 2643 2655 2714 piscatum
2688 2644 2787 2712 ipsi
2822 2642 3180 2699 celebriorem
3226 2651 3524 2713 tempestas

1921 2714 2150 2770 reddidit
2169 2732 2183 2770 :
2202 2729 2339 2785 quos
2365 2715 2509 2770 enim
2534 2714 2906 2785 persuadendo
2929 2715 3161 2783 piscatus
3183 2729 3287 2770 non
3313 2716 3484 2772 fuerat
3508 2756 3524 2780 .

1989 2784 2232 2843 rterritos
2257 2785 2400 2856 cepit
2426 2786 2600 2852 vivos,
2632 2784 2841 2856 fulgure
2870 2787 2936 2840 ad
2962 2788 3219 2855 piscatum
3250 2785 3527 2856 suppetias

1939 2858 2143 2942 'erente.
2163 2860 2233 2912 At
2253 2871 2412 2942 nemo
2431 2857 2482 2912 id
2521 2872 2662 2912 novo
2684 2857 2832 2939 gregi
2858 2857 2912 2912 in
2931 2857 3313 2942 contumeliam
3333 2865 3522 2942 vitiat,

1917 2930 2061 2999 quod
2088 2929 2313 3000 iuvante
2344 2927 2549 2998 lqlgure
2586 2929 2727 2997 capti
2755 2929 2864 2982 sint
2895 2945 2909 2982 :
2939 2928 3076 2982 solet
3107 2943 3339 2997 namque
3366 2926 3525 2982 Chri-

1916 3009 2032 3083 stus
2062 3000 2406 3083 calcitiantes
2445 2999 2621 3083 pullos
2669 3014 2764 3069 per
2797 2997 2975 3083 fulgur
2999 2999 3340 3083 frenare.“
3377 2999 3527 3083 quis-

1917 3073 2037 3142 quis
2062 3071 2202 3126 beati
2225 3070 2381 3142 Pauli
2409 3068 2749 3142 vocationem
2779 3068 2946 3136 novit,
2975 3085 3097 3142 cum
3122 3068 3286 3125 Paulo
3307 3078 3529 3142 vocatus

1917 3136 2170 3204 exsultat.
2190 3152 2244 3197 et
2263 3141 2545 3196 Dominum
2562 3141 2836 3196 Christum
2855 3157 2951 3212 per
2967 3141 3143 3212 fulgur
3160 3136 3523 3212 conspiciens,

1917 3213 2119 3270 Christi
2142 3212 2436 3284 discipulus
2472 3213 2723 3268 elllcitur.
2765 3211 2867 3283 Ipsi
2893 3211 3063 3286 gloria
3091 3213 3146 3268 in
3185 3211 3382 3267 saecula
3410 3225 3517 3267 sa:-

1918 3286 2185 3340 culorum.
2217 3286 2415 3340 Amen.

1918 3299 2185 3341 culorum.
2217 3299 2415 3340 amen.

992 3505 1110 3588 [Ν
1169 3506 1716 3593 SANCTAM
1767 3507 2642 3594 PENTECOSTEN.

1724 3706 1937 3752 SEIMO
1965 3708 2067 3751 ιιιε

1701 3882 2072 3917 -υυοοοαυι

275 4007 407 4073 Qua:
435 4005 651 4074 linguas
679 4003 840 4059 ltottte
874 4003 1144 4059 distribuit
1169 4012 1338 4074 gratia
1361 4046 1375 4069 ,
1404 4003 1600 4073 lingua:
1628 4001 1809 4068 inopia

202 4094 316 4134 non
342 4093 432 4132 me
459 4077 590 4130 sinit
621 4075 831 4139 timene,
859 4090 978 4146 qua:
1004 4075 1287 4130 illiteratus
1315 4075 1462 4129 viros
1492 4074 1678 4128 mundi
1704 4089 1822 4127 ma-

200 4152 406 4222 gistros
436 4146 687 4222 instituit,
716 4162 835 4217 qua:
866 4147 1233 4222 piscatoresin
1256 4147 1503 4222 rhetoras
1526 4147 1819 4222 cooptavit,

203 4216 508 4293 pudefactis
536 4216 1091 4293 per‘ex’temporalem
1137 4219 1278 4293 illam
1319 4216 1636 4293 sapientiam
1666 4216 1823 4293 hujus

204 4281 394 4348 inundi
434 4281 786 4360 sapientibus.
844 4281 963 4356 Quo
1006 4289 1147 4344 enim
1190 4289 1296 4344 alio
1340 4281 1503 4360 modo
1543 4281 1821 4342 hominum

201 4376 401 4435 greges
418 4359 735 4435 idaloiatria:
754 4362 943 4435 morbo
965 4360 1267 4435 laborantes
1283 4359 1349 4415 ad
1368 4361 1617 4435 pietatem
1635 4374 1823 4415 accur-

203 4430 443 4491 ierunt?
484 4431 628 4488 unde
671 4430 854 4488 multis
899 4430 1135 4487 dominis
1183 4431 1468 4487 obnoxiam
1514 4432 1820 4486 dmtnonnnt

206 4506 528 4560 servitutem
558 4502 1260 4559 dedidiceruntiundenam
1288 4501 1488 4558 factum
1518 4511 1601 4558 est
1628 4511 1685 4556 ut
1712 4505 1825 4556 exi-

205 4591 349 4649 guus
384 4574 769 4649 discipulorum
804 4589 1080 4649 numerus
1127 4575 1415 4649 hominum
1448 4573 1612 4649 simul
1660 4582 1823 4641 atque

207 4645 739 4704 daemonumturmis
768 4645 1077 4712 obsisteret,
1109 4646 1210 4700 nisi
1249 4646 1548 4700 divinitatis
1576 4645 1698 4715 igne
1725 4660 1812 4697 ar-

209 4729 393 4798 maius
415 4717 607 4798 fuisse_t_
620 4717 643 4770 ‘l
666 4716 836 4772 Hodie
858 4717 1032 4772 fontes
1059 4718 1198 4798 ignei
1221 4718 1410 4798 gratia:
1435 4717 1819 4798 scaturici'unt,

207 4799 271 4847 et
295 4791 513 4844 flamma
555 4789 865 4845 discurrens
906 4786 1340 4858 auras‘Spiritus
1381 4788 1641 4859 pervadit.
1674 4786 1824 4859 lianc

207 4861 461 4917 Christus
480 4862 705 4933 gratiam
726 4859 1001 4933 discipulis
1017 4857 1613 4933 annuntians,:d_icebat
1639 4875 1657 4915 :
1699 4857 1823 4914 Non

210 4930 607 5005 relinquitis“
653 4930 926 5005 orphanog
953 4933 974 5005 (
999 4931 1165 4991 Joan.
1227 4930 1690 5005 16:12):Aalium
1715 4945 1821 5005 vo-

213 5004 303 5058 bis
333 5003 664 5060 Paracletunt
698 5006 872 5058 mittet
901 5003 1060 5059 Pater
1092 5021 1104 5057 :
1147 5018 1267 5058 nam
1304 5003 1516 5058 Domini
1544 5003 1596 5058 in
1629 5004 1822 5057 exulum

214 5088 482 5145 ascensus
524 5089 754 5145 sponsor
792 5083 876 5129 est
917 5075 1212 5130 descensus
1257 5074 1490 5145 Spiritus
1537 5076 1707 5129 sancti
1754 5074 1823 5129 de

215 5148 378 5202 cmlo.
409 5144 567 5215 Opus
600 5147 746 5201 enim
791 5155 906 5200 erat
942 5154 999 5200 ut
1028 5147 1062 5200 ii
1103 5148 1192 5216 qui
1235 5144 1418 5202 Jesum
1462 5155 1820 5216 receperant,

215 5217 479 5288 Spiritum
501 5231 725 5288 quoque
747 5223 988 5271 sanctum
1013 5217 1384 5273 advenientem
1415 5219 1739 5288 acciperent,
1765 5225 1822 5271 ut

213 5287 416 5344 divina‘.
445 5287 763 5360 cognitionis
787 5288 1027 5360 doctrina
1050 5290 1119 5344 ad
1140 5289 1514 5360 perfecuorem
1535 5287 1820 5345 ascensum

214 5358 548 5430 acciti-reret.
587 5358 746 5414 Jesns
790 5359 990 5430 itaque,
1011 5358 1241 5416 humana
1284 5370 1558 5428 assumpta
1607 5370 1817 5426 natura,

215 5429 528 5485 hominibus
555 5429 914 5486 consentanea
944 5431 1181 5502 indutus
1222 5436 1420 5502 specie,
1451 5433 1515 5486 ad
1555 5432 1811 5501 Spiritum

215 5510 466 5556 sanctum
493 5502 890 5571 suscipiendum
944 5500 1192 5558 homines
1217 5500 1404 5558 erexit.
1436 5503 1569 5558 Nam
1598 5500 1815 5562 ’Adhuc,

214 5573 315 5638 ait,
359 5572 520 5625 multa
544 5571 702 5645 habeo
739 5574 1155 5645 dicere,sed_non
1199 5575 1403 5645 potestis
1441 5584 1661 5645 portare.
1691 5573 1822 5629 Cum

215 5653 391 5697 autem
420 5644 607 5697 uenerit
655 5641 976 5714 Paracletus,
1008 5641 1236 5714 Spiritus
1275 5641 1515 5712 veritatis,
1557 5646 1706 5700 ducet
1733 5662 1822 5700 vos

214 5715 274 5770 in
295 5729 505 5787 omnem
525 5714 780 5787 veritatem
808 5712 988 5787 (Joan.
1019 5712 1107 5771 i6.
1142 5716 1255 5787 18).
1286 5716 1464 5772 Exibit
1506 5725 1625 5785 post
1653 5731 1740 5771 me
1777 5718 1822 5772 is

214 5784 312 5858 qui
339 5791 424 5858 est
458 5783 700 5858 ejusdem
728 5783 939 5858 mecum
981 5783 1313 5852 substantiae,
1344 5783 1592 5843 adveniet
1627 5790 1695 5844 ad
1723 5804 1821 5844 vos

219 5855 267 5928 iit
295 5856 390 5928 qui
414 5855 497 5911 est
517 5871 586 5912 ex
618 5855 792 5923 Patre,
820 5857 964 5913 Patri
995 5873 1094 5928 par
1118 5859 1409 5915 secundum
1437 5860 1818 5916 substantiam.

218 5925 297 5984 Ea
326 5925 487 5993 igitur
510 5942 634 5999 qua:
657 5929 838 5996 verbis
865 5925 1208 6000 acceperant,
1235 5945 1396 5999 Opere
1422 5933 1689 6001 completa
1719 5948 1820 5988 no-

219 6011 470 6060 verunt:
519 6013 747 6071 quorum
796 6001 1208 6072 promissionem
1260 6014 1612 6075 acceperant,
1652 6018 1820 6076 expe-

1927 4003 2174 4059 rientiam
2205 4000 2615 4073 exspectabant.
2643 4000 2771 4056 Cum
2798 4002 3176 4073 complerentur
3205 4003 3313 4058 dies
3346 4001 3533 4059 Pente-

1924 4084 2088 4130 coste;
2117 4075 2249 4147 (Act.
2273 4073 2327 4129 2.
2355 4073 2427 4147 l).
2463 4071 2635 4129 Breve
2661 4071 2924 4147 temporis
2949 4076 3178 4145 spatium
3208 4074 3303 4147 luit
3329 4079 3532 4131 Ascen-

1928 4145 2135 4202 sionem
2165 4146 2305 4201 inter
2324 4153 2378 4199 et
2399 4145 2717 4200 descensum
2734 4145 2966 4214 Spiritus
2997 4147 3166 4200 sancti
3191 4164 3203 4198 :
3229 4146 3534 4204 Servatoris

1932 4217 2218 4288 promissio
2247 4217 2378 4286 ipsis
2408 4217 2569 4289 rebus
2589 4225 2645 4272 et
2665 4217 2922 4289 operibus
2943 4217 3143 4289 exitium
3166 4216 3370 4274 habuit.
3389 4219 3536 4289 Apo-

1928 4287 2191 4362 Stoiorum
2219 4303 2349 4360 ergo
2375 4287 2573 4362 chorus
2593 4287 3008 4362 promissionem
3024 4288 3354 4362 dominicam
3379 4287 3535 4362 quasi

1926 4359 2475 4432 anchoraminactus,
2512 4359 2747 4432 Spiritus
2785 4361 3124 4429 praesentiam
3167 4359 3534 4432 exspectabat.

1926 4431 2171 4502 Cumque
2210 4431 2417 4487 dierum
2450 4446 2642 4487 cursus
2685 4430 2752 4486 ad
2781 4430 3297 4502 quinquagenarium
3346 4447 3538 4489 nume-

1928 4519 2048 4558 rum
2081 4504 2406 4575 devenisset,
2435 4502 2650 4575 quando
2679 4503 2882 4575 scilicet
2911 4503 3206 4575 secundum
3227 4503 3369 4575 legis
3397 4519 3537 4575 pra--

1928 4583 2144 4644 ceptum
2167 4583 2371 4646 septem
2394 4572 2791 4630 hebdomadam
2813 4574 3069 4646 circuitus
3095 4572 3366 4630 revolutus
3387 4572 3538 4633 festis

1928 4648 2180 4717 utrinque
2231 4645 2709 4717 Circumscribitnr,
2764 4654 2891 4701 tunc
2953 4645 3186 4717 Spiritus
3239 4646 3536 4704 descensus

1927 4717 2047 4789 fuit.
2065 4716 2172 4775 Sed
2196 4733 2302 4774 non
2328 4732 2567 4780 carnem.
2595 4725 2653 4772 ut
2672 4716 2864 4784 Filius,
2893 4716 3150 4789 suscepit,
3180 4733 3282 4774 nec
3303 4718 3535 4776 humana

1926 4788 2102 4846 forma
2131 4791 2410 4860 apparuit,
2433 4803 2607 4858 neque
2653 4790 2793 4844 sicut
2837 4790 2889 4843 in
2918 4788 3132 4845 fluentis
3159 4789 3412 4846 Jordanis
3438 4805 3536 4847 co-

1929 4859 2126 4917 lumina
2153 4859 2362 4930 species
2393 4859 2621 4931 Spiritus
2671 4861 3014 4930 praesentiam
3047 4861 3321 4916 indicavit.
3349 4863 3535 4917 Domi-

1928 4933 2046 4988 nica
2074 4939 2306 5002 namque
2336 4931 2630 5003 substantia
2658 4947 2765 5001 quo
2797 4933 2911 4986 vnlt
2951 4933 3113 4987 modo
3143 4942 3386 5003 apparet.
3426 4933 3535 4991 Sed

1929 5001 2233 5059 tonitruum
2253 5003 2406 5073 quasi
2439 5003 2562 5056 tuba
2590 5001 2659 5058 de
2684 5003 2818 5058 caelo
2852 5003 3160 5070 insonabat,
3181 5001 3363 5060 sonitu
3388 5013 3539 5062 tanto

1926 5076 2169 5130 auditum
2199 5089 2418 5130 onmem
2454 5088 2715 5142 superans
2745 5092 2758 5128 :
2793 5084 2846 5128 et
2889 5075 3101 5130 ﬂamma
3153 5077 3398 5131 involans
3429 5077 3539 5132 Iin-

1926 5162 2059 5218 guas
2080 5147 2265 5221 igneas
2301 5147 2510 5221 pepei‘it
2537 5163 2549 5198 :
2583 5146 2721 5221 ignis
2766 5146 2960 5221 divisio
2988 5159 3162 5203 mater
3191 5147 3294 5221 init
3324 5149 3538 5221 lingua-

1926 5217 2048 5273 rum
2083 5217 2421 5290 {dispertitm
2445 5217 2638 5290 linguae
2665 5217 3049 5288 discipulorum
3075 5219 3368 5276 verticibus
3402 5217 3537 5276 insi-

1928 5290 2148 5345 debant.
2199 5289 2664 5358 Hujusmodi’fuit
2702 5290 2933 5360 Spiritus
2978 5291 3299 5347 adventus‘.
3350 5290 3538 5360 Nche

1927 5362 2074 5416 enim
2094 5361 2208 5416 sine
2229 5376 2412 5428 causa,
2444 5377 2545 5416 nec
2577 5372 2632 5416 ut
2660 5361 2955 5426 festinaret,
2987 5363 3182 5418 festum
3224 5363 3353 5419 illud
3381 5361 3529 5421 dele-

1925 5434 2032 5503 git;
2059 5449 2258 5505 rncqne
2307 5444 2590 5505 postquam
2636 5433 2829 5488 festum
2884 5436 3163 5505 praeteriit,
3210 5436 3538 5493 descensum

1927 5504 2166 5559 exhibet.
2193 5504 2302 5560 Cur
2329 5503 2469 5559 hoc?
2523 5503 2656 5576 Tres
2699 5503 2900 5559 tantum
2957 5515 3082 5561 sunt
3126 5507 3267 5576 apud
3316 5507 3536 5564 Jndrcos

1927 5576 2156 5659 publicai
2187 5577 2576 5659 solemnitates:
2619 5575 2798 5631 Prima
2830 5577 3126 5646 Paschatis,
3156 5575 3208 5659 in
3233 5595 3336 5650 qua
3376 5595 3534 5635 ovem

1927 5648 2292 5730 immolantes,
2327 5663 2520 5730 verum;
2546 5649 2755 5730 Agnum
2797 5663 2903 5730 non
2945 5648 3334 5730 agnoscebant,
3369 5660 3424 5706 et
3452 5661 3538 5730 ιγ-

1927 5734 2055 5789 pum
2079 5716 2406 5793 honorantes
2431 5719 2481 5773 in
2505 5716 2619 5793 typi
2641 5734 2859 5774 causam
2892 5716 3072 5792 inique
3092 5722 3319 5793 agebant
3344 5741 3357 5777 :
3380 5716 3538 5792 cujus

1927 5793 2071 5847 enim
2115 5790 2361 5846 umbram
2393 5791 2750 5859 honorabant,
2785 5793 2942 5864 hujus
2974 5790 3318 5865 praesentiam
3361 5790 3538 5851 deho-

1993 5952 2008 5983 ι
2039 5957 2096 6022 _tn
2120 5958 2285 6022 ακρῳ
2307 5951 2386 6022 hic
2402 5950 2590 6014 phrasis
2606 5951 2843 6005 articulus
2866 5954 3191 6020 interponitur
3213 5965 3225 6006 :
3245 5962 3379 6008 Hanc
3403 5954 3537 6011 diem

1925 6013 2064 6078 elegit
2090 6013 2280 6066 arteria
2301 6013 2608 6079 anteponens.
