4126 6492
201 402 297 459 891
1517 392 1605 451 DE
1642 392 1904 451 SPIRITU
1946 393 2234 448 SANCTU.

199 519 360 573 ducta
384 515 481 571 fuit
502 555 519 578 ,
547 530 606 569 ut
632 524 811 583 postea
843 512 1081 567 vinceret
1105 552 1118 574 ,
1150 510 1313 583 homo
1357 525 1526 563 novus
1557 508 1794 583 ingredi-

208 599 327 653 tttr,
357 578 645 639 (minitatus
669 584 864 638 virtute
887 583 1137 651 Spiritus.
1184 581 1474 649 Propterea
1493 621 1507 643 ,
1551 583 1687 632 sicut
1713 578 1797 632 di-

203 658 313 715 xit.
363 654 561 708 Ductus
596 667 665 709 est
706 673 737 706 ιι
786 655 983 725 Spiritu
1021 653 1072 705 in
1114 653 1384 725 desertum,
1429 661 1483 725 ut
1526 659 1801 725 tentaretur

203 726 424 796 (Matth.
454 727 507 779 4.
546 726 592 795 1)
632 744 644 779 :
673 726 751 778 sic
773 720 990 796 quando
1010 723 1377 796 rer_ertitur_u_t
1401 721 1593 796 tit-tor,
1627 720 1750 796 dicit
1784 737 1796 773 :

202 789 358 850 Jnn‘s
392 789 825 848 autem'reuersus
861 804 931 849 est
972 793 1025 846 iu
1062 794 1242 845 virtute
1269 791 1493 860 Spiritus
1534 807 1565 841 ιι
1604 789 1798 842 deserto

205 866 365 935 (Luc.
398 867 448 919 4.
487 866 596 935 14).
633 865 825 919 llahnit
870 865 1025 933 igitur
1063 880 1189 917 caro
1223 860 1475 935 Spiritum
1517 868 1754 935 sanctum
1779 900 1795 925 ,

204 930 310 989 nOu
342 930 858 1004 partem'donorum,
892 930 1026 987 sicut
1055 948 1151 986 nos
1173 974 1186 997 ,
1219 948 1337 1004 cum
1368 933 1453 1004 uni
1488 930 1748 1004 sapientia
1777 970 1792 991 ,

202 1001 616 1059 altcri‘scicutia
646 1006 802 1057 datur
835 1008 909 1070 (l.
951 1004 1067 1057 Cor.
1102 1003 1186 1056 1‘2.
1221 1003 1275 1074 8)
1308 1020 1318 1054 :
1355 1001 1447 1054 ενι]
1488 1001 1665 1074 omnia
1701 1001 1799 1074 ha-

204 1076 322 1129 ιιι-ιι
357 1076 513 1129 dona.
551 1074 603 1128 lu
634 1075 858 1128 vetitate
890 1077 1078 1127 anxius
1104 1088 1220 1126 Sum
1252 1071 1305 1125 t-t
1336 1084 1525 1132 tremo,
1561 1088 1625 1124 uc
1654 1071 1800 1122 inlir—

204 1148 367 1198 tuitas
398 1146 589 1209 lmgua:
614 1146 861 1199 obscuret
892 1143 1306 1209 magnitudinem
1338 1145 1454 1208 ejus
1492 1141 1630 1210 quod
1665 1156 1801 1207 DRU-

202 1215 436 1270 dicatur.
468 1216 632 1285 Igitur
657 1229 851 1285 corpus
874 1214 1076 1268 Domini
1102 1224 1154 1268 et
1184 1228 1308 1267 caro
1330 1222 1534 1275 sancta,
1564 1222 1616 1285 ut
1641 1225 1795 1285 acce-

205 1288 281 1353 pit
325 1281 556 1355 Spit-itus
582 1281 1063 1339 sancti‘ellicaciam
1090 1325 1103 1346 ,
1136 1286 1487 1355 nonAaccopit
1509 1324 1524 1348 ,
1569 1282 1706 1355 sicut
1732 1281 1799 1334 de

201 1352 385 1425 aliquo
414 1357 776 1425 apostolorum
808 1354 1003 1410 dicitur
1032 1363 1085 1409 et
1120 1352 1496 1423 prophetarum
1518 1394 1533 1418 ,
1575 1352 1797 1420 gratiam

203 1442 411 1491 unam,
466 1426 550 1479 vel
602 1426 844 1478 alterum.
910 1426 1078 1479 llomo
1132 1426 1272 1476 enim
1327 1439 1431 1476 non
1496 1430 1579 1476 est
1631 1436 1798 1490 capax

202 1497 445 1549 omnium
482 1514 494 1549 :
530 1496 648 1548 ideo
688 1495 815 1549 dicit
860 1495 1054 1550 Paulus
1090 1512 1101 1545 :
1145 1494 1406 1564 Numquid
1450 1509 1622 1546 omnes
1668 1510 1796 1557 opo-

203 1567 324 1619 stoli
349 1571 373 1619 Υ
394 1568 638 1635 numquid
661 1582 832 1619 omnes
862 1566 1119 1632 prop/cette
1138 1565 1163 1617 ?
1192 1565 1434 1635 numquid
1464 1580 1633 1635 omnes
1665 1564 1799 1635 dona

203 1638 392 1690 habent
439 1632 762 1689 sudationum
800 1638 878 1697 (1.
920 1636 1038 1691 Cor.
1091 1637 1177 1690 12.
1228 1632 1333 1689 99.7
1368 1634 1502 1703 fill)?
1545 1636 1599 1687 Itt
1648 1632 1799 1686 nobis

203 1709 350 1772 enim
378 1708 685 1761 dividuntur
714 1707 879 1770 dona;
909 1706 960 1759 itt
1003 1722 1161 1760 carne
1188 1717 1363 1757 autem
1388 1706 1581 1759 Christi
1611 1718 1799 1756 omm-s

202 1778 393 1843 gratiae
420 1818 433 1842 ,
466 1780 643 1830 tuttnia
674 1777 811 1830 dena
844 1776 1084 1839 iuet-unt,
1110 1776 1400 1829 secundum
1445 1775 1796 1829 substantiam

201 1848 405 1901 carnis.
433 1848 500 1902 Et
528 1848 760 1901 att-uide.
784 1846 1022 1915 Implevit
1049 1850 1218 1916 primo
1240 1846 1510 1915 proprium
1542 1849 1797 1913 templum

202 1919 353 1971 omni
404 1921 593 1986 gratia.
642 1918 833 1970 Habuit
872 1916 1070 1971 donum
1118 1917 1339 1970 curandi
1380 1918 1631 1980 morbos,
1661 1917 1797 1967 ellu-

202 1989 365 2057 gandi
406 1990 714 2051 dzemoues,
747 1988 1037 2043 suscitandi
1082 1999 1319 2041 mortuos
1344 2028 1357 2053 ,
1407 1987 1795 2057 propltctaudi,

202 2060 462 2127 operattdi
490 2075 548 2111 ea
574 2076 642 2128 qu
663 2077 690 2109 te
721 2060 961 2112 veritatis
990 2067 1114 2112 sont
1146 2060 1359 2111 :omuia
1393 2057 1594 2126 potuit,
1620 2067 1673 2111 et
1704 2059 1799 2108 ha-

204 2128 323 2182 lmit
350 2129 611 2182 donorum
656 2128 1060 2195 plenitudittem,
1083 2144 1145 2183 et
1176 2142 1281 2199 quo
1306 2129 1529 2199 impleta
1561 2139 1642 2181 est
1671 2141 1799 2199 caro

206 2200 477 2253 dominica
521 2200 767 2253 omnibus
812 2196 1241 2254 charismatibds.
1290 2196 1437 2266 Opus
1467 2197 1795 2261 autcmfuit,

203 2282 264 2323 ut
299 2269 420 2323 inde
461 2284 648 2322 omnes
683 2270 1045 2339 acciperemus
1073 2286 1135 2323 ex
1166 2281 1331 2336 parte.
1358 2280 1625 2335 tamquam
1656 2284 1685 2322 a
1719 2286 1803 2322 rc-

202 2340 486 2408 ceptaculo
523 2340 752 2409 quodam
794 2358 822 2392 a
863 2355 1087 2411 corpore
1125 2340 1391 2394 dominico
1424 2358 1436 2392 :
1465 2349 1518 2392 et
1546 2340 1799 2408 apostolis

201 2421 367 2479 atque
400 2411 672 2479 prophetis
697 2426 758 2463 ex
788 2426 852 2465 eo
880 2411 1263 2479 suppeditatur.
1296 2411 1528 2464 Joannes
1556 2420 1797 2475 tesmtur,

206 2480 262 2550 in
292 2495 357 2535 eo
400 2496 519 2535 esse
548 2490 709 2534 totam
751 2480 962 2534 deitatis
1009 2482 1394 2550 plenitudinem
1419 2498 1432 2542 ;
1458 2492 1508 2534 et
1555 2481 1748 2534 Paulus
1782 2498 1795 2532 :

204 2549 277 2623 In
303 2568 405 2623 quo_
444 2551 685 2623 habitavit
722 2549 1286 2623 divinitatisplenitttdo
1318 2550 1797 2623 corporalitcrttio—

206 2622 331 2674 loss.
380 2621 435 2674 2.
486 2621 587 2691 9).,
617 2623 729 2674 Non
778 2623 912 2676 dixit
957 2621 1287 2691 simpliciter,
1321 2622 1374 2677 In
1412 2637 1517 2691 quo
1548 2621 1800 2675 habitarit

205 2693 402 2761 tleitas,
438 2690 530 2746 sed
567 2690 838 2746 Plenitudo
862 2693 1100 2756 deitatis;
1131 2692 1232 2745 huc
1254 2702 1336 2745 est
1362 2735 1374 2755 ,
1401 2708 1560 2746 omne
1586 2693 1799 2744 tleitatis

206 2761 431 2831 donum.
481 2763 548 2816 Et
575 2771 633 2815 ιιι
680 2778 748 2817 ne
777 2763 896 2831 quis
925 2771 1089 2829 putet,
1123 2778 1239 2817 eam
1280 2763 1331 2817 in
1367 2764 1475 2817 Deo
1504 2762 1678 2816 Verbo
1711 2764 1802 2814 ha-

208 2830 411 2888 bitasse
434 2874 447 2895 ,
471 2831 596 2886 dicit
627 2831 729 2885 :ln
776 2830 874 2897 quo
905 2834 1145 2887 habitavit
1176 2836 1337 2887 omnis
1384 2832 1640 2903 plenitudo
1691 2832 1800 2884 dci-

208 2905 328 2955 tatis
375 2905 722 2971 corporaliter.
758 2903 810 2957 lu
852 2919 1012 2957 carne
1039 2905 1155 2973 ejus
1193 2906 1368 2958 omnis
1401 2904 1672 2973 plenitudo
1714 2918 1802 2957 sas

208 2973 446 3040 pientize,
480 2974 797 3037 intellectus,
830 2976 1060 3039 virtutis,
1095 2976 1386 3043 signorum,
1418 2975 1593 3028 omnis
1614 2988 1801 3042 opera-

207 3044 393 3096 tionis.
424 3045 621 3098 Deimle
654 3061 679 3094 a
729 3046 1055 3113 plenitudine
1082 3046 1198 3113 eius
1237 3056 1541 3099 mutuanmr
1590 3060 1799 3099 omnes.

206 3113 459 3187 Testatur
507 3114 737 3187 Joannes
788 3116 1020 3187 Baptista
1055 3133 1067 3169 :
1097 3113 1163 3168 Et
1208 3133 1298 3185 ego
1330 3119 1605 3187 nesciebam
1636 3131 1750 3187 eum
1783 3131 1801 3168 :

207 3186 298 3236 sed
325 3185 410 3251 qui
450 3186 582 3237 misit
611 3203 686 3237 me
718 3196 768 3237 ut
813 3185 1151 3254 baptizarem,
1178 3188 1263 3240 ille
1299 3186 1423 3240 milii
1451 3187 1596 3245 dixit,
1633 3186 1803 3253 Super

206 3271 359 3322 quem
396 3255 577 3309 videris
613 3256 861 3325 Spiritum
896 3258 1307 3321 descendentem,
1337 3268 1379 3310 et
1413 3268 1693 3310 manentem
1715 3274 1799 3310 su-

210 3340 303 3398 per
321 3341 435 3378 eum
463 3330 591 3394 (non
620 3327 771 3391 dixit,
802 3328 1137 3398 Largientem
1165 3330 1212 3383 ei
1242 3328 1439 3383 donum
1469 3344 1654 3387 unum;
1682 3328 1797 3387 sed.

212 3394 503 3467 Manenlent
528 3398 738 3465 totum),
764 3400 842 3450 hic
870 3394 941 3452 est
968 3401 1053 3467 qui
1075 3400 1294 3466 baptizat
1321 3402 1370 3452 in
1401 3400 1597 3467 Spiritu
1628 3410 1801 3451 sancto

206 3476 259 3539 et
283 3464 389 3539 igni
420 3466 595 3531 (Joan.
618 3471 665 3522 1.
686 3464 798 3539 55).
828 3464 1024 3523 Deinde
1048 3464 1527 3525 volensostendcrc
1546 3470 1799 3529 Joannes,

209 3537 542 3607 Salvatorem
576 3553 678 3593 non
710 3537 764 3593 ut
795 3540 1063 3593 hominem
1088 3545 1311 3607 gratiam
1336 3541 1577 3607 accepiss
1600 3562 1606 3572 -
1632 3582 1643 3601 ,
1677 3540 1803 3591 ditit

212 3606 380 3663 Deum
413 3610 605 3662 nonad
634 3625 933 3663 mensuram
964 3611 1011 3663 ci
1039 3606 1291 3676 Spiritum
1324 3606 1477 3665 dare.
1506 3610 1659 3663 l’utrr
1682 3612 1802 3661 diti-

210 3676 496 3752 gi‘thiliunt
522 3721 533 3743 ,
565 3688 610 3732 et
645 3682 811 3732 omnia
842 3681 978 3734 dedit
1012 3683 1062 3735 in
1097 3699 1247 3733 manu
1289 3684 1396 3752 ejus
1425 3681 1602 3743 (Joan.
1635 3682 1686 3733 5.
1713 3681 1798 3733 51.

211 3748 330 3817 35).
354 3749 458 3801 Nos
487 3750 643 3818 igitur
680 3752 816 3805 unde
860 3753 1202 3819 accepimus?
1232 3748 1321 3805 De'
1351 3753 1660 3819 plenitudine
1695 3754 1803 3820 ejus

212 3834 307 3870 nos
333 3836 501 3873 omnes
528 3822 807 3892 accepant:
835 3820 1011 3887 (Joau.
1050 3824 1097 3875 1.
1126 3822 1234 3892 16).
1269 3824 1359 3877 ille
1391 3822 1796 3892 plenitudinem,

213 3892 425 3963 lltiSAtie
466 3891 809 3957 plenitudine.
839 3893 1155 3959 Quomodo?
1184 3891 1257 3947 Ex
1302 3891 1407 3962 quo
1440 3894 1674 3963 implevit
1706 3894 1800 3943 do-

210 3958 462 4013 minicam
487 3975 722 4027 carnem,
752 3964 817 4015 ab
843 3958 901 4015 ea
939 3964 1111 4017 hausit
1132 3964 1269 4017 sicut
1295 3958 1529 4025 a'l'ontc,
1559 3975 1611 4017 et
1640 3963 1803 4031 largi-

214 4040 302 4081 tus
329 4040 411 4083 est
457 4031 757 4084 hominibus
797 4036 1040 4099 gratiam.
1070 4036 1330 4100 Attende,
1373 4036 1619 4088 obsecro.
1672 4035 1805 4088 Dicit

212 4100 375 4175 igitur
405 4119 417 4154 :
448 4101 663 4175 Quando
690 4105 875 4156 venerit
920 4103 1209 4159 Paraclcttts
1232 4147 1245 4169 ,
1279 4107 1503 4175 Spiritus
1546 4106 1766 4157 raritatis
1788 4147 1801 4168 ,

210 4173 359 4245 «lucet
399 4186 483 4245 vos
536 4174 586 4224 in
635 4190 830 4225 attinent
878 4176 1163 4243 veritatem,
1194 4173 1331 4245 quia
1357 4178 1419 4230 dc
1454 4192 1561 4229 meo
1591 4177 1804 4245 accipiet

212 4240 393 4308 (Joau.
427 4242 512 4296 16.
555 4245 633 4297 15.
664 4245 773 4313 ii).

287 4373 338 4427 7.
372 4373 634 4450 Quomodo
660 4376 1034 4450 intelligendum
1063 4379 1125 4431 sit
1154 4379 1304 4446 illud,
1321 4379 1395 4434 De
1412 4396 1533 4435 meo
1551 4383 1798 4450 accipiet.

212 4442 573 4498 Μαριάοηὶαηὶ
615 4457 658 4498 et
687 4442 861 4500 Ariani
890 4451 940 4500 in
966 4450 1173 4503 diversis
1218 4442 1549 4504 errantes.~—
1576 4442 1803 4510 Attende

208 4515 560 4591 diligentiaut.
586 4516 699 4591 Non
722 4518 875 4591 dix.t,
905 4520 976 4574 De
1000 4536 1114 4583 me,
1140 4520 1255 4585 sed,
1291 4520 1365 4573 De
1396 4538 1523 4575 meo.
1552 4523 1625 4576 De
1647 4540 1767 4578 meo
1786 4567 1799 4591 ,

210 4585 391 4653 cujus?
422 4587 494 4660 De
525 4603 647 4641 meo
668 4589 813 4642 dabit
842 4593 989 4644 vultis
1012 4632 1024 4655 ,
1054 4592 1146 4644 sed
1184 4592 1410 4659 accipiet
1445 4611 1455 4643 :
1482 4594 1672 4660 accipit
1694 4585 1802 4652 non

209 4657 623 4738 tttutuo_tlatum.
668 4662 736 4712 At
764 4663 1022 4738 quoniam
1058 4657 1525 4738 itnplevitloutem
1552 4657 1609 4718 ut
1636 4668 1801 4738 origi—

211 4742 337 4801 nem
383 4728 683 4801 donorum,
726 4728 803 4783 ab,
832 4746 1087 4799 aquarum
1130 4728 1467 4801 receptaculo
1507 4728 1801 4799 hauritiet

213 4799 413 4876 praebet
443 4800 706 4876 ouiuilms
728 4800 794 4855 de
839 4803 1086 4876 propriis.
1137 4804 1201 4856 Et
1223 4799 1369 4876 unde
1416 4805 1515 4858 hoc
1554 4818 1755 4861 certum
1785 4852 1798 4876 ,

208 4867 355 4949 quod
382 4870 642 4949 accipere,
677 4870 741 4949 de
770 4867 997 4949 propriis
1026 4873 1096 4949 sit
1124 4874 1391 4949 accipere?
1422 4877 1581 4949 A_t_tdi.
1604 4867 1798 4949 Imple:

209 4938 287 5018 rit
310 4937 445 5018 Deus
481 4937 899 5018 MosettrSpiiitit
919 4985 933 5009 ,
968 4953 1014 4996 et
1043 4945 1165 5018 dicit
1195 4937 1362 5018 Moses
1392 4962 1410 4999 :
1437 4945 1559 5000 Non
1598 4937 1803 5018 parium

208 5010 349 5087 solus
373 5012 505 5087 ferre
548 5010 751 5087 ponti-ns
792 5014 941 5081 hujus
972 5016 1167 5083 papuli.
1192 5017 1374 5069 ordina
1399 5018 1555 5072 alium
1588 5010 1797 5087 liltiipsi.

209 5079 346 5162 [ficit
434 5080 809 5162 'Ueus.:.Elige
846 5079 1166 5162 septuaginta
1194 5088 1528 5162 seniorcs_,_et
1554 5079 1801 5162 accipiam

209 5103 344 5130 ιιιι-ιι
368 5103 410 5160 et
434 5103 589 5161 ⁸υειιδ
618 5103 809 5161 {auge
846 5103 1166 5207 septuaginta
1194 5103 1415 5140 seniores
1438 5130 1448 5149 ,
1482 5103 1528 5142 et
1554 5106 1797 5162 acetptam

208 5150 274 5200 de
303 5150 497 5226 Spiritu
522 5150 606 5226 qui
636 5168 685 5226 tn
709 5162 754 5205 te
778 5164 868 5217 est,
889 5164 933 5207 et
956 5156 1019 5209 du
1056 5173 1084 5209 ο
1106 5173 1259 5226 super
1281 5174 1364 5211 eos
1387 5159 1570 5226 (Num.
1602 5164 1687 5218 11.
1716 5166 1797 5219 14.

207 5221 369 5306 sqq.)
399 5222 511 5306 l‘ion
543 5222 693 5286 dixit,
725 5226 994 5306 Accipiam
1025 5221 1179 5306 illiilli
1202 5246 1231 5306 Ξ
1252 5230 1370 5295 sed,
1393 5221 1483 5306 ’ῼε
1508 5235 1689 5306 spiritu
1714 5237 1800 5306 qui

208 5294 335 5364 iu_te
360 5302 451 5364 est,
477 5294 541 5346 de
578 5308 697 5346 meo
724 5297 1001 5364 accipiam.
1035 5299 1171 5352 Dicit
1201 5294 1373 5364 Deus,
1408 5301 1473 5355 In
1497 5294 1669 5359 diebus
1695 5294 1798 5361 illis

205 5358 467 5445 offundam
491 5365 563 5445 de
582 5364 694 5445 Spit
691 5358 999 5445 fitit‘nieonsn
1009 5386 1095 5445 per
1116 5387 1314 5423 onmem
1342 5358 1541 5427 carnem
1562 5418 1575 5439 ,
1606 5386 1653 5427 et
1676 5358 1797 5445 pro;

210 5432 482 5515 phetabunt
512 5432 653 5515 (laet.
776 5436 888 5508 ‘28).
923 5432 1144 5515 _S_i__i)eus
1173 5457 1200 5515 τι
1225 5442 1369 5515 Mose
1397 5432 1799 5515 accipiens-inu-

207 5510 385 5582 italus
404 5515 519 5582 est,
548 5515 601 5558 et
622 5507 851 5582 Spiritus
874 5526 902 5562 ει
927 5509 1061 5582 Filio
1096 5514 1358 5581 accipiens
1398 5507 1667 5573 mutuatus
1694 5532 1793 5575 est.

210 5572 619 5651 EtvuiurMoses
650 5572 812 5645 ligura
840 5593 958 5651 erat
983 5580 1181 5636 Christi
1212 5572 1229 5637 Ξ
1259 5588 1379 5651 quia
1417 5589 1555 5642 sicut
1583 5603 1613 5641 a
1655 5572 1797 5649 Mose

208 5646 538 5714 scptuaginta
580 5648 793 5702 luerunt
835 5650 1071 5719 impleti,
1101 5654 1167 5707 ita
1208 5670 1233 5706 ει
1263 5646 1478 5712 Chtisto
1506 5660 1651 5713 orbis
1692 5646 1793 5717 ter;

209 5728 387 5801 rarum
431 5726 646 5801 accepit.
674 5722 941 5801 Spiritum
978 5735 1251 5801 sanctum.
1279 5726 1377 5801 De
1403 5746 1510 5801 meo
1540 5733 1747 5801 accipiet
1778 5752 1795 5788 :

207 5798 269 5837 ett
304 5788 380 5871 iis
406 5802 526 5871 qua:
556 5788 685 5870 mihi
706 5791 1077 5871 suppeditavit
1114 5797 1211 5871 soli
1241 5799 1442 5854 homini
1485 5788 1756 5859 dominico
1778 5850 1791 5871 ,

205 5864 385 5916 suntet
426 5858 525 5913 sibi
572 5863 657 5929 qtti
687 5858 870 5930 dedit,
904 5863 992 5933 qui
1022 5866 1163 5922 \cnit
1195 5885 1358 5939 super
1387 5890 1494 5941 me,
1520 5883 1573 5929 ct
1598 5858 1791 5933 tuansii

3407 394 3514 447 liii

1912 507 1963 559 in
1988 522 2073 560 nte
2092 546 2106 570 ,
2130 505 2219 573 qtti
2264 504 2413 558 unxit
2463 519 2547 558 tne
2567 544 2583 570 ,
2605 503 2699 577 qui
2726 502 3077 577 saqnctitlcavit
3107 519 3215 570 me,
3245 504 3333 577 qui
3354 507 3508 560 duxit

1918 591 2003 630 me
2055 577 2105 628 in
2134 576 2405 630 desertum
2433 616 2446 637 ,
2475 576 2564 643 qui
2611 574 2823 630 reduxit
2869 590 2955 629 me
2976 578 3231 630 victorem
3254 574 3275 637 ,⁷
3306 577 3379 631 De
3403 593 3521 631 mea

1912 647 2155 715 accipiet,
2185 654 2233 718 et
2268 645 2595 718 annuntiabit
2642 646 2798 699 vobis.
2846 643 2912 718 E_t
2962 656 3023 718 ut
3060 645 3343 718 ostendat,
3366 646 3509 718 quod

1914 714 2033 771 non
2064 716 2233 769 sancti
2260 715 2491 784 Spiritus
2514 718 2843 770 mentionem
2865 714 3053 769 fecerit
3073 756 3088 782 ,
3117 717 3211 771 sed
3238 714 3507 772 donorum

1906 789 2042 851 ejus,
2076 797 2353 855 postquam
2382 787 2536 851 dixit,
2571 785 2651 839 De
2676 802 2786 839 meo
2810 785 3049 853 accipiet,
3080 786 3460 856 :tdjicitstatim
3492 805 3506 844 :

1910 856 2095 910 Omnia
2124 873 2449 926 quotcumque
2496 856 2644 909 liabet
2695 856 2872 918 Pater,
2900 873 3012 910 mea
3046 868 3162 910 sunt
3206 856 3383 927 (Joun.
3418 859 3506 913 16.

1908 929 2023 994 15);
2052 927 2233 992 accepi
2282 941 2343 980 ca
2381 930 2447 981 de
2490 927 2689 997 Spiritu
2713 937 2921 991 sancto;
2951 938 3232 996 propterea
3266 929 3400 992 dixi,
3429 927 3509 983 De

1910 1015 2017 1051 meo
2039 1008 2219 1051 sumet.
2258 998 2523 1064 Quoniam
2571 1000 2710 1052 Dens
2733 1013 2947 1052 carnem
2991 1001 3344 1053 sa‘uctilicavit
3384 1000 3509 1068 Spi-

1907 1070 2012 1121 ritu
2063 1078 2278 1127 saucto,
2307 1077 2363 1121 et
2405 1070 2584 1121 emisit
2613 1068 2770 1122 Pater
2799 1069 2997 1121 donum
3040 1067 3270 1136 Spiritus
3312 1072 3363 1123 itt
3392 1067 3511 1124 car-

1912 1155 2032 1191 nem
2065 1138 2284 1198 Christi,
2318 1140 2461 1193 \‘cttit
2486 1151 2662 1192 autem
2691 1140 2879 1207 gratia,
2907 1149 2960 1192 et
2990 1140 3168 1193 omnia
3197 1140 3335 1193 dona
3368 1141 3507 1194 imii-

1910 1210 1984 1262 dit
2010 1208 2243 1270 Christo,
2276 1208 2403 1262 dicit
2432 1228 2444 1263 :
2477 1208 2554 1263 De
2592 1226 2701 1262 meo
2729 1212 2940 1279 accipiet
2964 1251 2977 1272 ,
3005 1220 3051 1261 et
3081 1212 3401 1264 nnnnutinbit
3423 1226 3514 1266 tto-

1906 1279 1999 1331 bis.
2031 1279 2167 1347 Quid
2216 1280 2373 1347 igitur
2395 1291 2498 1341 est,
2532 1282 2569 1332 Α
2600 1281 2765 1348 εεὶρεο
2811 1297 2909 1333 non
2950 1280 3198 1350 loquetur,
3243 1282 3334 1334 sed
3368 1298 3510 1347 (μιαι-

1905 1366 2116 1419 cuntque
2141 1350 2381 1415 audierit,
2420 1361 2541 1404 nota
2564 1351 2712 1421 faciet
2743 1352 2877 1402 vobis
2918 1349 3023 1419 (Ib.
3058 1366 3103 1403 tt.
3136 1353 3221 1417 15)
3245 1351 3267 1402 ?
3294 1353 3499 1406 Dictum

1905 1429 1987 1473 est
2022 1428 2196 1482 antea,
2224 1421 2364 1474 aliud
2406 1436 2525 1476 esse
2552 1423 2807 1487 Spiritum
2832 1430 3075 1475 sanctum
3099 1463 3114 1485 ,
3148 1434 3203 1474 ct
3230 1422 3372 1476 aliud
3413 1422 3514 1476 du—

1908 1506 2033 1543 num
2058 1509 2073 1545 :
2103 1491 2247 1544 aliud
2272 1507 2471 1560 regem,
2496 1504 2551 1545 et
2575 1492 2717 1545 aliud
2744 1491 2943 1545 donum
2969 1493 3366 1560 regis.Quando
3391 1494 3510 1560 quis

1909 1571 2094 1614 eontra
2145 1560 2340 1632 inultas
2394 1571 2447 1614 ιιι
2489 1563 2664 1615 varias
2706 1562 3051 1615 barbarorum
3090 1575 3274 1632 gentes
3312 1564 3508 1619 ltelutn

1905 1634 2061 1699 gerit,
2096 1631 2305 1686 dubitat
2334 1633 2419 1685 ttbi
2445 1633 2673 1701 praeliari
2699 1633 2932 1701 incipiat.
2957 1632 3011 1686 Si
3044 1631 3108 1686 in
3126 1634 3261 1687 hanc
3285 1636 3511 1703 impres-

1906 1704 2112 1757 sionem
2167 1704 2349 1764 faciat,
2394 1712 2448 1756 et
2499 1715 2810 1767 occupetur,
2842 1720 2962 1756 mox
3007 1704 3162 1756 aliam
3208 1713 3513 1772 prospccmt

1906 1787 2192 1841 erumpere
2234 1774 2402 1827 aciem
2432 1792 2443 1823 :
2472 1775 2516 1826 si
2554 1773 2770 1843 induas
2819 1784 2997 1842 partes
3037 1774 3273 1838 dividat,
3318 1775 3513 1828 dividi-

1909 1852 1991 1897 tur
2037 1845 2201 1897 robur
2248 1844 2535 1899 exercitus.
2588 1842 2861 1897 luimcdio
2905 1859 3092 1899 sumus
3144 1846 3504 1909 Arianorum,

1906 1915 1997 1981 qui
2022 1914 2312 1982 reprobant.
2347 1915 2547 1969 Christi
2582 1916 2840 1983 gloriam,
2869 1926 2921 1968 et
2958 1915 3461 1969 Macedonianorum
3490 1956 3505 1980 ,

1907 1986 1995 2052 qui
2023 1986 2258 2038 divinam
2288 1985 2520 2054 Spiritus
2540 1985 2764 2049 gloriam
2788 1986 3132 2039 contumeliis
3164 1984 3423 2039 alliciunt.
3453 1986 3510 2041 Si

1907 2054 2065 2113 ititur
2103 2055 2343 2109 confessa
2390 2054 2458 2109 de
2507 2055 2646 2110 Filio
2697 2056 2885 2125 loquar
2928 2056 2993 2109 ad
3049 2055 3503 2122 Maecdonianos,

1912 2128 2145 2179 Ariauus
2191 2127 2372 2179 statim
2425 2137 2619 2193 pugnat
2652 2126 2826 2179 :Num
2874 2126 2941 2180 de
2977 2126 3116 2180 Filio
3158 2128 3509 2197 persuasisti.

1907 2197 1996 2266 qui
2027 2198 2093 2251 de
2117 2198 2317 2264 Spiritu
2343 2197 2471 2250 mihi
2488 2197 2769 2267 loqueris?

1978 2271 2031 2320 8.
2093 2268 2284 2321 Verum
2336 2269 2460 2335 quia
2518 2265 2675 2321 hodie
2720 2268 3052 2337 propositum
3108 2276 3190 2322 cst
3256 2265 3325 2319 de
3380 2267 3507 2335 Spi-

1908 2339 2012 2391 ritu
2059 2348 2247 2391 sancto
2296 2338 2479 2408 (sa-pe
2532 2343 2674 2393 enim
2729 2339 3024 2392 secundum
3072 2338 3295 2405 gratiam
3350 2339 3505 2391 nobis

1905 2423 1933 2460 a
1978 2410 2192 2462 Christo
2234 2411 2411 2461 datam
2460 2410 2527 2462 de
2578 2409 2713 2463 Filio
2754 2410 3038 2463 vietoriam
3092 2409 3508 2477 reportatimus,

1911 2490 2180 2547 testesque
2207 2480 2475 2533 dictorum
2512 2497 2605 2533 vos
2626 2481 2779 2540 estis,
2806 2479 3011 2534 scilicet
3056 2494 3162 2532 non
3207 2478 3519 2547 sophisma-,

1910 2551 2067 2611 tibus,
2087 2552 2177 2603 sed
2200 2551 2596 2618 Scripturarum
2617 2550 3171 2605 demonSIrationibus
3196 2565 3306 2603 rem
3334 2559 3505 2604 actam

1908 2620 2079 2691 esse),
2113 2622 2358 2676 volebam
2389 2634 2566 2675 autem
2598 2633 2649 2676 et
2682 2637 2824 2676 nunc
2844 2623 3119 2675 instituere
3146 2622 3210 2674 de
3236 2619 3370 2674 Filio
3392 2635 3507 2691 ser-

1908 2690 2157 2755 monem;
2200 2707 2415 2760 semper
2442 2694 2584 2745 enim
2624 2695 2673 2745 itt
2708 2708 2765 2746 se
2804 2694 3053 2745 virtutem
3087 2692 3373 2758 fulgentem
3406 2690 3505 2745 ha-

1910 2764 1994 2815 hct
2021 2779 2033 2814 :
2065 2764 2157 2817 sed
2184 2773 2240 2817 ut
2266 2764 2612 2829 probationes
2636 2762 2897 2823 adferam,
2932 2762 3191 2816 adversus
3220 2761 3504 2817 hatreticus

1907 2834 1995 2902 qui
2023 2835 2163 2887 circa
2184 2833 2441 2902 Spiritum
2466 2845 2711 2888 sanctum
2734 2832 3056 2896 claudicaut,
3081 2833 3294 2887 interim
3330 2842 3504 2886 taceo.

1911 2904 2451 2975 lmpossibileautem
2469 2914 2571 2967 est,
2598 2919 2693 2957 eos
2714 2906 2801 2972 qui
2820 2905 2961 2975 circa
2980 2904 3237 2975 Spiritum
3265 2913 3507 2957 sanctum

1909 2973 2160 3029 aberrant
2195 2984 2249 3029 et
2298 2974 2623 3036 claudicmtt,
2650 2984 2798 3029 recto
2852 2974 2988 3043 pede
3041 2973 3317 3027 ambulare
3365 2976 3507 3030 circa

1909 3043 2123 3098 Filium.
2158 3045 2337 3115 Usque
2381 3045 2538 3099 hodie
2584 3046 2715 3101 nulli
2763 3045 3148 3099 Macedoniano
3180 3045 3504 3113 persuades,

1911 3125 1965 3169 ιιι
2006 3118 2491 3171 -cousubstantiali
2562 3117 2862 3171 subscribat
2942 3117 3237 3170 secundum
3334 3116 3507 3170 Mete-

1909 3203 2031 3241 nam
2079 3188 2384 3258 synodum,
2441 3188 2686 3257 quamvis
2730 3202 2947 3257 semper
3001 3187 3182 3241 dicant
3236 3205 3249 3241 :
3294 3186 3401 3241 Nos
3444 3187 3509 3241 il-

1911 3260 2012 3311 lam
2066 3259 2224 3312 lidem
2281 3271 2599 3313 seetamur:
2651 3260 2903 3327 quoniam
2973 3258 3041 3312 de
3111 3257 3310 3328 Spiritu
3377 3272 3505 3312 sau-

1908 3340 1994 3382 cto
2027 3330 2156 3383 nihil
2186 3330 2513 3383 declaratum
2553 3339 2653 3383 est.
2689 3328 2872 3398 Neque
2914 3330 3055 3383 enim
3096 3330 3163 3382 de
3194 3329 3295 3383 hoc
3324 3344 3494 3398 pugna

1910 3401 1989 3451 vel
2041 3402 2265 3469 qttzestio
2313 3409 2432 3454 erat
2464 3418 2476 3452 :
2510 3411 2747 3453 attamen
2793 3408 2847 3453 ut
2898 3400 3138 3468 pluribus
3181 3402 3509 3469 argumentis

1910 3471 2015 3524 illis
2042 3470 2447 3540 persuadeatur,
2483 3470 2603 3524 dico
2624 3512 2638 3535 ,
2687 3470 2957 3537 Scriptum
2990 3481 3099 3534 est,
3130 3472 3173 3523 Α
3209 3473 3375 3538 seipso
3406 3488 3508 3525 non

1910 3542 2159 3611 loquetur.
2193 3541 2281 3593 Dic
2307 3541 2692 3611 Macedoniano
2717 3559 2728 3594 :
2759 3542 3027 3611 Scriptum
3054 3554 3135 3595 est
3159 3541 3259 3597 hoc
3280 3542 3347 3595 de
3375 3540 3509 3597 Filio

1913 3610 2091 3677 (Joan.
2120 3612 2207 3665 16.
2233 3610 2343 3735 13),
2367 3613 2473 3665 imo
2499 3612 2611 3680 ipse
2637 3612 2852 3667 dicitde
2879 3610 3076 3681 sieipso,
3106 3611 3215 3680 Ego
3242 3631 3272 3665 a
3296 3630 3375 3665 me
3396 3614 3510 3695 ipso

1913 3699 2007 3734 non
2036 3681 2215 3735 loauor
2243 3682 2260 3735 (
2320 3700 2438 3735 oon.
2466 3683 2550 3735 14.
2589 3683 2652 3735 10
2676 3682 2713 3735 l.
2746 3684 2974 3735 Attende
3000 3725 3011 3735 .
3036 3685 3277 3735 obsecro.
3328 3682 3510 3735 Altero

1909 3699 2007 3734 non
2036 3681 2215 3750 loquor
2243 3681 2438 3753 (Joan.
2466 3683 2550 3737 14.
2589 3682 2713 3751 10).
2746 3684 2974 3738 Attende
3000 3725 3011 3745 .
3036 3685 3277 3738 obsecro.
3328 3682 3512 3740 Aﬂ'tﬂ‘o

1911 3754 2273 3807 testimonium
2306 3754 2442 3821 apud
2478 3764 2528 3807 te
2570 3759 2876 3808 confessum
2910 3775 2920 3809 :
2950 3755 3207 3808 adversus
3252 3756 3509 3810 Arianum

1909 3840 2050 3895 enim
2078 3824 2372 3878 certamine
2414 3824 2501 3879 hic
2546 3839 2679 3892 Opus
2733 3835 2910 3891 esset,
2946 3826 2997 3879 in
3031 3826 3132 3879 hoe
3156 3826 3298 3895 quod
3338 3825 3507 3891 dicit,

1912 3893 2022 3961 ligo
2049 3912 2081 3947 a
2108 3896 2299 3963 meipso
2321 3912 2420 3947 non
2448 3897 2644 3963 loquor,
2677 3905 2730 3950 et
2765 3896 3009 3949 similiter
3040 3897 3108 3950 de
3136 3893 3338 3965 Spiritu
3379 3912 3509 3951 san-

1909 3976 1996 4019 (ιο
2025 3984 2037 4017 :
2064 3966 2203 4033 apud
2237 3976 2286 4019 te
2313 3977 2512 4030 autem,
2546 3968 2633 4034 qui
2670 3968 2937 4035 prolitcris
2968 3977 3019 4022 te
3051 3968 3150 4021 hoc
3193 3978 3377 4022 sancte
3413 3984 3510 4021 co-

1913 4038 2040 4099 lore,
2073 4036 2216 4090 nulla
2246 4052 2381 4105 opus
2410 4040 2829 4091 concertatione.
2868 4037 2940 4093 De
2968 4038 3182 4092 Christo
3207 4055 3507 4093 sermonem

1912 4107 2232 4171 inStitucns,
2283 4109 2415 4161 dicis
2458 4110 2719 4175 tequalcm
2776 4109 2906 4171 Deo,
2941 4109 3169 4163 similem
3223 4110 3363 4163 Patri
3417 4127 3510 4178 per

1910 4180 2108 4231 omnia.
2142 4180 2273 4243 Quia
2303 4180 2560 4233 adversus
2600 4195 2722 4233 eum
2745 4222 2758 4242 ,
2792 4181 2879 4247 qtti
2930 4182 3215 4234 conlitetur
3242 4182 3461 4248 glorianti
3493 4222 3507 4241 ,

1909 4252 2259 4321 qua-stionem
2313 4250 2513 4321 induxi.
2557 4250 2701 4303 Dicis
2744 4250 2810 4303 de
2840 4251 3075 4320 Spiritu,
3107 4254 3148 4303 Α
3179 4254 3354 4321 'seipso
3407 4269 3509 4303 non

1910 4320 2142 4387 loquetur
2176 4320 2349 4375 :dicit
2396 4320 2561 4375 Filius
2607 4322 2672 4375 de
2716 4322 2896 4390 seipso
2921 4362 2934 4381 ,
2970 4322 3079 4391 It'go
3117 4340 3147 4375 a
3184 4320 3372 4390 tneipso
3409 4338 3508 4376 non

1910 4392 2109 4460 loquor,
2148 4393 2236 4444 sed
2278 4407 2603 4460 quwcumque
2631 4393 2802 4445 audivi
2842 4408 2872 4443 a
2914 4391 3072 4445 Putre
3110 4410 3252 4452 meo,
3283 4396 3388 4446 [nec
3432 4396 3510 4446 lo-

1908 4478 2037 4529 quor
2088 4460 2293 4533 (Jomi.
2326 4463 2412 4516 14.
2451 4463 2535 4516 10.
2584 4474 2638 4517 et
2676 4462 2761 4517 15.
2796 4463 2863 4517 15
2898 4464 2932 4531 ).
2980 4463 3120 4518 Ecce
3161 4476 3216 4518 et
3260 4462 3426 4533 Filius
3479 4480 3506 4516 a

1910 4534 2088 4599 seipse
2130 4549 2235 4587 non
2288 4534 2568 4602 loquitur:
2615 4533 2934 4603 interimque
2990 4546 3074 4589 est
3129 4536 3349 4603 aequalis
3408 4534 3509 4588 lio-

1911 4621 2029 4658 nor.
2064 4605 2188 4658 llaec
2222 4603 2291 4659 ad
2329 4614 2379 4660 te
2408 4605 2563 4659 dico:
2598 4606 2828 4659 Arianus
2864 4604 3006 4659 enim
3047 4614 3102 4661 et
3144 4606 3209 4661 de
3244 4607 3334 4662 illo
3363 4607 3511 4662 etde

1912 4677 2013 4730 hoc
2057 4675 2285 4729 dubitat.
2328 4676 2479 4742 Quod
2524 4676 2795 4745 naufragis
2834 4678 3047 4740 accidit,
3090 4681 3188 4731 hoc
3228 4679 3423 4740 evenit,
3454 4685 3512 4733 ut

1907 4746 2035 4800 dicit
2083 4747 2636 4819 PattiusLittcrcdulis,
2675 4747 2773 4813 Qui
2816 4748 2950 4800 circa
2986 4750 3139 4816 ﬁdem
3180 4751 3505 4819 naufragium

1909 4822 2134 4891 fecerunt
2166 4818 2241 4886 (l.
2274 4817 2411 4891 fini.
2448 4820 2496 4891 1.
2532 4818 2641 4891 19).
2673 4819 2854 4872 Ariani
2883 4820 3171 4891 naufragio
3210 4823 3346 4874 t‘auto
3370 4817 3505 4891 ’ραι--

1906 4888 2158 4942 diderunt
2181 4896 2235 4943 et
2262 4888 2461 4943 Christi
2501 4890 2746 4958 gloriam,
2784 4899 2840 4943 et
2873 4888 3105 4958 Spit-itus
3146 4893 3313 4946 sancti
3345 4888 3506 4945 virtu-

1910 4958 2442 5032 tem;r.\tacedoniani
2472 4960 2804 5014 contendunt
2834 4960 3047 5028 quidem
3081 4977 3376 5032 emergere,
3411 4964 3503 5015 sed

1907 5031 2180 5083 dimidiam
2210 5031 2473 5084 sarcinam
2502 5033 2815 5090 amiserunt.
2850 5034 2984 5086 sient
3012 5033 3140 5085 dicit
3170 5031 3364 5088 l’a’ulus
3396 5051 3406 5083 :
3446 5034 3506 5086 Si

1906 5103 2016 5168 quis
2039 5111 2205 5154 autem
2239 5101 2491 5169 Spiritum
2521 5100 2708 5156 C/msti
2730 5119 2831 5155 non
2857 5104 3022 5164 habet,
3053 5105 3132 5156 Inc
3162 5121 3261 5157 non
3293 5116 3363 5157 est
3393 5108 3505 5167 eius

1908 5173 2085 5239 (Rom.
2120 5173 2170 5225 8.
2215 5171 2293 5241 9).
2336 5174 2563 5226 Attende
2604 5174 2783 5243 igitur,
2831 5184 2886 5226 ttt
2935 5191 3001 5227 ne
3043 5177 3314 5228 rideamur
3353 5190 3503 5229 more

1906 5243 2221 5296 certantium
2272 5244 2597 5313 irrumpere,
2635 5252 2690 5298 et
2738 5246 3121 5300 contumeliose
3160 5246 3503 5299 demonstra-

1909 5328 2104 5369 tionem
2130 5312 2343 5385 elft-rrc.
2379 5312 2488 5383 Ego
2530 5333 2562 5368 a
2612 5317 2803 5383 meipso
2856 5333 2956 5369 non
2994 5318 3191 5385 loquor.
3241 5318 3506 5383 Interpre-

1908 5395 2019 5439 tare
2068 5384 2194 5439 tuihi
2231 5385 2358 5454 quid
2401 5397 2484 5441 est
2529 5386 2631 5440 hoc
2678 5385 2822 5454 quod
2870 5384 3063 5445 dicit;
3092 5388 3198 5457 Ego
3243 5405 3275 5440 a
3314 5388 3505 5453 meipao

1905 5474 2004 5508 non
2032 5458 2207 5519 loquor
2236 5459 2259 5510 ἶ)
2288 5459 2556 5527 quomodo
2589 5459 2636 5511 id
2683 5458 2817 5511 dixit
2865 5460 3112 5512 Salvazor
3137 5462 3159 5509 2’
3194 5458 3323 5511 Eam
3352 5461 3495 5511 enim

1904 5544 2061 5596 quam
2097 5527 2510 5583 Macedonianus
2552 5529 2834 5584 adduxerit
2861 5530 3179 5583 solutimirm
3204 5529 3271 5584 de
3313 5529 3451 5585 Filio
3482 5569 3497 5591 ,

1908 5599 2041 5652 hanc
2092 5600 2350 5669 intelliget
2400 5609 2453 5671 et
2499 5602 2716 5669 Spiritui
2778 5610 2965 5655 sancto
3009 5616 3327 5671 congruere.
3385 5601 3503 5656 Duo

1905 5671 2287 5743 stupra-qualis
2321 5670 2608 5739 ponderis:
2658 5672 2841 5739 Neque
2869 5672 3097 5739 Spiritus
3121 5670 3146 5723 ξι
3180 5676 3375 5743 seipse,
3408 5687 3499 5724 ne-

1903 5758 2005 5801 que
2052 5740 2218 5795 Filius
2247 5760 2273 5790 ιι
2322 5744 2499 5811 seipso
2534 5744 2666 5798 :sed
2705 5758 2841 5811 opus
2882 5744 3040 5797 habet
3094 5740 3277 5797 Filius
3305 5744 3459 5798 l’atre
3485 5782 3499 5804 .

1903 5828 2037 5878 opus
2067 5814 2226 5865 habet
2245 5823 2297 5867 et
2319 5812 2548 5880 Spiritus
2573 5824 2788 5869 sanctus
2812 5814 2969 5869 Patre
2994 5832 3006 5868 :
3042 5816 3301 5869 hactenus
3320 5829 3501 5882 mqua-

1910 5884 1969 5937 hs
1998 5894 2075 5938 est
2105 5882 2295 5939 Iunior.
2324 5885 2551 5940 Attende
2582 5886 2761 5955 igitur.
2795 5886 2917 5942 Scio
2940 5902 3026 5942 me
3077 5888 3128 5941 in
3180 5888 3497 5956 profundunt
