4126 6484
175 432 281 492 8‘25

175 548 302 605 Jesu
329 546 561 612 Christi,
602 548 769 602 solem
799 556 853 603 et
896 546 1074 603 lunam
1102 546 1326 615 epitiees
1364 560 1485 601 esse
1525 545 1641 613 (αν
1686 544 1774 599 ubi

175 620 309 675 (ii\it
336 620 600 685 Christus,
635 620 775 686 quod
807 618 921 673 htec
968 618 1214 673 hauriant
1241 620 1466 681 animus,
1500 626 1556 671 et
1609 616 1773 670 redu-

180 701 303 747 cant
328 689 463 746 eas?
508 691 596 745 uhi
632 689 1090 761 legistlhtcc‘iEx
1119 704 1186 745 eo
1232 688 1374 758 quod
1406 702 1510 742 non
1537 687 1681 761 dicat
1713 701 1774 740 ea

174 777 297 833 quae
325 762 521 830 scripta
560 757 705 833 sunt,
737 760 839 833 sed
871 775 902 833 a
932 760 1111 829 seipse
1142 757 1775 833 loquatur,tuanil‘esmm

180 830 263 889 est
283 848 410 887 cum
428 849 541 886 non
572 832 769 887 habere
815 831 1069 901 Spiritum
1092 841 1359 886 sanctum.
1386 830 1427 883 Α
1466 830 1633 895 seipso
1675 844 1778 901 non

177 901 434 973 loquetur,
458 903 545 956 sed
581 899 905 973 quacumque
968 902 1226 969 audierit,
1282 901 1599 956 annuntiabit
1616 899 1777 973 _vobi_s

177 969 362 1045 (jban.
398 974 484 1027 16.
519 969 608 1045 13)
639 990 652 1026 :
679 974 780 1028 hoc
805 969 908 1039 est,
936 989 1055 1043 qu:e
1085 974 1194 1045 disi
1223 972 1583 1045 conﬁrmabit.
1613 969 1684 1045 _Et
1708 969 1782 1023 vi-

176 1041 247 1099 de
266 1039 602 1099 miraculum;
617 1039 1079 1112 Quemadmodum
1096 1044 1343 1098 Salvator
1358 1039 1778 1112 venit,et[actus

176 1127 260 1169 est
287 1116 560 1186 plenitudo
582 1107 711 1185 legis
740 1116 1119 1186 prophetarum
1161 1131 1175 1167 :
1204 1114 1277 1169 ita
1298 1111 1579 1186 plenitudo
1600 1107 1777 1186 Evan-

177 1185 307 1253 gelii
339 1196 421 1241 est
447 1183 679 1254 Spiritus
707 1183 943 1242 sanctus.
988 1185 1235 1241 Christus
1270 1183 1415 1240 venit
1443 1193 1498 1238 et
1536 1183 1779 1254 implevit

173 1251 299 1379 qua:
328 1273 355 1309 a
387 1251 543 1311 Patre
599 1260 648 1348 in
695 1258 810 1327 lege
859 1267 913 1312 et
956 1257 1237 1340 prophetis
1285 1265 1411 1311 sunt
1444 1255 1583 1307 dicta
1614 1251 1625 1307 ὲ
1656 1251 1778 1307 ideo

176 1345 191 1379 t
220 1337 311 1379 tctt
338 1329 529 1379 Paulus
555 1344 567 1379 :
604 1329 619 1379 1
648 1328 889 1379 lenitndo
936 1329 1068 1379 leats
1089 1325 1336 1379 Christus
1373 1326 1549 1379 (llam.
1576 1324 1661 1379 10.
1691 1322 1772 1379 il.

176 1322 311 1398 dicit
338 1329 529 1382 Paulus
555 1344 567 1380 :
604 1322 889 1383 l‘leuitudo
936 1322 1071 1398 legis
1089 1325 1336 1382 Christus
1373 1326 1549 1397 (llam.
1576 1324 1661 1398 id.
1691 1322 1772 1395 4).

170 1397 414 1466 Spiritus
459 1410 678 1453 sanctus
707 1417 748 1452 vn
775 1401 869 1461 nit,
900 1408 947 1452 el
985 1395 1224 1465 implevit
1251 1395 1581 1467 evangeliea.
1616 1395 1776 1462 Qua:-

173 1485 409 1539 eumque
439 1479 563 1523 sunt
604 1472 653 1524 in
702 1472 817 1538 lege
838 1512 853 1535 ,
883 1469 1128 1525 Christus
1154 1471 1341 1535 implet
1382 1487 1394 1522 :
1427 1481 1778 1539 qutecnmqne

175 1537 386 1597 suntin
424 1540 663 1596 doctrina
694 1542 912 1603 Christi,
943 1541 1176 1610 Spiritus
1226 1541 1404 1608 implet
1427 1537 1458 1602 ,“
1492 1554 1595 1591 non
1634 1537 1775 1605 quod

175 1611 526 1680 imperfectus
556 1613 623 1666 sit
653 1612 811 1666 Pater
834 1656 849 1677 ,
879 1616 973 1666 sed
1006 1622 1059 1665 ut
1091 1614 1349 1681 apparuit
1376 1611 1625 1681 Christus
1649 1624 1781 1662 con-

174 1684 400 1736 ﬁrmans
426 1699 545 1753 quze
586 1694 709 1737 sunt
737 1684 927 1748 Patris,
974 1684 1053 1737 sic
1096 1680 1339 1753 apparuit
1373 1680 1607 1753 Spiritus
1644 1694 1777 1753 san-

170 1765 292 1807 ctus
322 1751 651 1809 enutirmans
676 1771 736 1808 ca
767 1771 884 1821 qum
931 1762 1057 1808 situt
1099 1752 1215 1807 Filii
1280 1753 1433 1808 Unde
1463 1751 1600 1807 hoc?
1643 1751 1780 1804 Dicit

174 1824 426 1879 salt/ator
455 1825 736 1892 discipulis
768 1843 780 1877 :
814 1824 980 1879 Multa
1004 1824 1162 1879 habeo
1191 1824 1327 1879 vobis
1350 1824 1535 1890 dicere,
1563 1822 1651 1892 sed
1679 1838 1780 1876 non

173 1896 385 1963 potestis
410 1907 613 1964 portare
657 1901 805 1949 modo
828 1915 844 1947 :
884 1896 1089 1965 quando
1125 1906 1293 1949 autem
1321 1894 1507 1949 venerit
1549 1891 1779 1965 Spiritus

170 1975 398 2030 sanctus,
445 1968 644 2020 inducet
671 1984 758 2020 vos
777 1968 829 2020 in
868 1964 1064 2019 omnem
1092 1968 1368 2032 veritatem,
1396 1966 1514 2035 quia
1551 1982 1583 2017 a
1610 1964 1779 2034 seipse

170 2053 281 2090 non
306 2039 533 2104 loquetur
559 2036 739 2093 lloan.
767 2040 851 2092 16.
887 2037 974 2092 12.
1002 2039 1089 2106 15)
1116 2056 1128 2091 :
1154 2054 1277 2092 nam
1310 2053 1428 2092 mea
1456 2036 1659 2105 implet.
1686 2036 1744 2089 Fi

171 2106 284 2162 lius
308 2108 485 2175 itnplct
516 2124 577 2162 ea
606 2125 725 2176 quin
747 2122 869 2161 sunt
893 2108 1087 2173 Patris,
1119 2124 1175 2163 et
1203 2126 1231 2161 a
1263 2112 1443 2175 seipse
1470 2123 1575 2161 non
1605 2106 1780 2175 loqui-

172 2189 267 2232 tur
300 2195 314 2230 :
344 2179 570 2246 Spiritus
594 2190 811 2233 sanctus
843 2181 1026 2248 implet
1056 2195 1173 2246 qua:
1201 2190 1325 2233 sunt
1355 2178 1494 2239 Filii,
1529 2187 1581 2233 et
1608 2194 1635 2229 a
1672 2178 1776 2231 sei-

168 2263 274 2318 pso
304 2265 407 2302 non
434 2250 686 2317 loquitur.
711 2249 767 2305 Si
795 2262 971 2305 autem
996 2250 1227 2305 audieris
1247 2250 1539 2317 dicentem,
1573 2249 1775 2303 Mittam

169 2321 327 2374 vobis
382 2320 636 2387 Spiritum
691 2334 977 2386 sanetum,
1029 2337 1137 2376 non
1174 2322 1468 2377 secundum
1521 2321 1776 2374 deitatem

173 2391 411 2459 accipias
436 2410 448 2444 :
487 2394 625 2445 Dens
663 2393 804 2447 enim
854 2408 960 2446 non
988 2394 1234 2446 mittitur.
1265 2392 1487 2447 Nomina
1512 2399 1635 2445 Sltttl
1662 2390 1777 2445 ltazc

166 2464 538 2530 operationem
571 2462 942 2532 significantia,
994 2462 1207 2518 nomina
1259 2464 1465 2518 occulta
1509 2462 1671 2517 simul
1721 2473 1775 2513 et

169 2532 348 2587 lucida
385 2551 397 2587 :
430 2534 635 2588 occulta
668 2534 713 2589 si
756 2535 1068 2604 dignitatem
1095 2547 1339 2603 speetes;
1374 2533 1547 2587 lucida
1574 2534 1616 2587 si
1643 2547 1780 2587 cou-

167 2604 577 2673 templationctn
603 2622 615 2657 .'
641 2616 793 2659 certe
829 2607 1067 2675 quisquis
1109 2606 1292 2669 mittit,
1314 2606 1361 2657 itt
1381 2605 1481 2658 alia
1504 2604 1663 2657 tniltit
1692 2604 1774 2657 lo-

167 2690 257 2746 ca,
294 2678 346 2728 in
379 2678 571 2739 quihus
612 2692 719 2730 non
748 2689 848 2731 e51.
882 2676 1047 2746 Finge
1078 2692 1162 2731 me
1210 2676 1439 2745 aliquem
1480 2676 1676 2745 alloqui
1722 2676 1773 2728 itt

164 2744 273 2801 hac
301 2746 433 2801 sede
458 2765 471 2799 :
498 2762 601 2801 non
630 2762 845 2816 possum
880 2744 1057 2802 dicere
1082 2744 1335 2816 cuipiam,
1372 2745 1523 2810 Veni,
1569 2744 1771 2800 mittam

167 2826 221 2872 te
253 2818 361 2872 huc
392 2836 404 2871 :
438 2817 539 2871 hoc
566 2834 669 2873 non
693 2828 783 2872 est
809 2820 1039 2885 mittere,
1070 2818 1163 2873 sed
1192 2819 1456 2873 collocare
1490 2817 1573 2872 vel
1595 2832 1775 2871 accer—

166 2902 312 2942 sere.
347 2888 498 2956 Quod
522 2889 564 2942 si
611 2889 750 2949 Drus
786 2890 977 2958 ubique
1018 2900 1128 2953 est;
1162 2889 1353 2944 Cwlunt
1381 2889 1547 2955 enim,
1581 2888 1770 2957 inquit,

168 2967 214 3011 et
268 2966 459 3011 terram
487 2974 580 3030 ego
626 2960 811 3025 impleo
868 2959 1117 3023 (Jer.25.
1144 2959 1285 3029 24):
1331 2975 1562 3029 quonam
1616 2960 1776 3029 igitur

163 3031 366 3101 mittit,
410 3032 499 3099 qui
546 3030 741 3101 ubique
764 3032 877 3085 est?
902 3032 962 3086 Si
986 3034 1256 3086 ascendere
1280 3035 1332 3085 in
1358 3031 1559 3094 cadunt,
1590 3040 1641 3082 tu
1669 3031 1775 3083 illic

172 3114 263 3163 as;
296 3100 343 3153 si
372 3100 672 3155 descendere
698 3103 1041 3171 ininfcrnum,
1076 3101 1233 3166 ades;
1262 3102 1306 3155 si
1347 3117 1606 3171 sumpsero
1644 3119 1771 3171 pen-

164 3181 263 3224 nas
308 3187 445 3224 meas
470 3166 785 3238 diluculofct
803 3166 1088 3227 habitavere
1115 3174 1165 3226 in
1187 3170 1421 3227 extremis
1441 3166 1594 3225 maris
1622 3166 1771 3227 {ele-

163 3244 273 3293 nitu
303 3241 427 3294 illnc
452 3259 630 3296 manus
655 3254 738 3296 tua
778 3244 989 3297 deducet
1035 3261 1114 3298 me
1161 3244 1332 3368 Varii.
1368 3244 1492 3299 158.
1518 3244 1767 3311 8.-10).

167 3318 442 3368 (dt-orsum
474 3313 630 3368 icitur
661 3315 797 3367 Deus
830 3316 1020 3367 mittit?
1051 3317 1131 3368 Au
1182 3325 1297 3368 orte
1332 3314 1473 3368 quod
1504 3316 1618 3368 inse
1664 3319 1767 3368 uui-

167 3318 442 3385 tguorsutn
474 3313 630 3383 igitur
661 3315 797 3367 Deus
830 3316 1020 3367 mittit?
1051 3317 1131 3368 Au
1162 3313 1297 3370 forte
1332 3314 1473 3385 quod
1504 3316 1618 3383 ipse
1664 3319 1775 3385 qui-

159 3381 304 3454 dcm_
328 3381 539 3454 ubique.
575 3392 617 3437 ts
664 3393 841 3438 autem
877 3385 963 3453 qui
992 3387 1237 3450 mittitur,
1266 3381 1371 3439 non
1396 3381 1637 3454 ubique?
1668 3384 1769 3439 Mi-

162 3455 229 3507 sit
268 3452 408 3508 Deus
440 3453 634 3508 Filium
658 3472 803 3507 suum
825 3456 877 3509 in
900 3452 1164 3508 mundum
1194 3456 1370 3524 (Joan.
1402 3457 1455 3509 ’5.
1484 3452 1597 3524 1-7).
1628 3456 1764 3510 Νιιιη

161 3534 222 3578 ut
256 3539 366 3577 non
400 3536 712 3593 praesentem
738 3527 786 3578 in
815 3527 1053 3581 mundo?
1083 3531 1147 3581 At
1170 3526 1401 3581 mundus
1422 3544 1484 3580 ex
1509 3527 1644 3581 Filio
1666 3540 1764 3582 rst.

165 3595 538 3666 Proptc-reane
563 3598 705 3649 venit
733 3600 781 3649 in
817 3598 1092 3659 mundum,
1122 3600 1243 3666 quia
1274 3608 1430 3651 antea
1469 3613 1573 3649 non
1598 3597 1771 3651 fuerat

161 3665 215 3737 in
250 3667 782 3734 numdo?Quomodo
801 3667 958 3737 igitur
982 3665 1219 3723 Joannes
1251 3669 1575 3737 evangelista
1604 3669 1764 3721 dicit:

164 3736 361 3790 Omnia
400 3755 487 3804 per
505 3739 671 3804 ipsum
695 3736 837 3808 facta
850 3748 964 3791 sunt
991 3754 1011 3794 :
1032 3740 1083 3792 in
1106 3739 1293 3792 mundo
1324 3736 1451 3795 erat.
1479 3751 1524 3791 et
1547 3740 1768 3793 mundus

160 3824 254 3876 per
278 3808 447 3881 ipsum
473 3813 641 3880 factus
666 3818 738 3862 est
781 3808 961 3881 (Joan.
992 3813 1045 3864 1.
1070 3810 1163 3877 5)?
1190 3810 1472 3877 Quomodo
1514 3811 1671 3880 igitur
1713 3812 1764 3864 in

160 3878 424 3932 mundum
458 3878 648 3933 missus
669 3890 751 3933 est
764 3878 799 3931 ‘l‘
816 3880 1016 3935 ltursus
1039 3882 1082 3935 si
1102 3882 1298 3935 missus
1319 3890 1401 3935 est
1421 3882 1509 3950 qui
1542 3878 1763 3949 missus,

159 3958 215 4002 et
245 3951 445 4002 mansit
468 3966 627 4022 supra
658 3951 699 4003 is
727 3952 814 4022 qui
840 3952 1005 4019 misit,
1034 3963 1087 4006 et
1121 3952 1210 4022 qui
1238 3952 1434 4006 missus
1463 3961 1546 4006 est
1598 3952 1758 4017 infra,

158 4022 448 4163 ἑτιιὲὃίίᾷἀο
474 4021 706 4087 dicebat,
734 4021 796 4075 Et
825 4024 909 4092 qui
933 4023 1066 4077 misit
1113 4039 1191 4076 me
1210 4064 1225 4088 ,
1256 4038 1449 4075 nierum
1484 4033 1554 4077 est
1584 4022 1761 4093 (Jaan.

238 4160 599 4218 ilJOhsccro.
630 4162 909 4230 diligenter
934 4163 1199 4227 attendas,
1229 4178 1532 4217 sermonem
1565 4164 1615 4218 in
1640 4173 1755 4218 tuto

156 4233 391 4287 colloca.
440 4233 623 4289 Potest
650 4236 792 4289 enim
821 4237 1000 4289 dicere
1038 4235 1325 4289 lucretieus
1354 4253 1366 4289 :
1400 4234 1607 4289 Mecum
1642 4248 1720 4290 est
1744 4277 1759 4303 ,

219 4389 296 4453 (α)
313 4394 496 4453 Attenes
516 4390 711 4453 dicebat
733 4388 889 4441 solem
913 4396 965 4439 et
987 4389 1149 4440 lunam
1175 4405 1219 4453 οι
1240 4391 1373 4442 ilices
1392 4404 1521 4441 esse.
1565 4392 1761 4441 Uhinam

153 4451 385 4502 dixerint
400 4460 483 4501 aut
509 4452 793 4502 Manichaeus
830 4462 913 4501 aut
936 4454 1178 4503 Μακήριιωί
1203 4451 1359 4503 solem
1384 4462 1435 4504 et
1460 4454 1622 4503 lunam
1648 4468 1761 4504 esse

152 4513 379 4577 Opiﬁces,
421 4513 631 4562 nondum
655 4516 772 4564 mihi
811 4525 1113 4577 compertum
1138 4523 1232 4565 est.
1270 4516 1454 4566 Verum
1481 4516 1763 4571 Manichacus

188 4575 239 4626 ui
266 4575 369 4624 late
394 4587 482 4639 per
496 4579 668 4639 orbem
693 4577 901 4639 grassati
922 4575 1051 4637 Sunt,
1070 4578 1188 4627 etin
1210 4579 1366 4627 varias
1389 4579 1559 4627 abiere
1575 4584 1757 4635 sectas,

188 4640 354 4687 iversa
382 4638 637 4700 admodum
662 4638 715 4689 et
740 4652 905 4700 parum
929 4651 1137 4689 consona
1163 4640 1416 4689 tradidisse
1440 4648 1627 4695 certum
1662 4649 1758 4691 est.

150 4696 283 4765 Vide
307 4699 678 4765 Manirhteorutn
699 4696 964 4765 historiam,
990 4716 1133 4765 quam
1153 4714 1217 4765 ex
1250 4701 1591 4765 Amptiilochiis
1608 4703 1759 4752 Photii

153 4762 401 4826 edidimus
422 4761 471 4809 in
495 4761 789 4826 Bibliotheca
810 4761 1075 4826 Coislinfp.
1101 4764 1213 4813 550.
1248 4761 1380 4823 Quod
1405 4776 1513 4813 mox
1541 4764 1619 4813 hic
1634 4765 1757 4814 dici-

152 4828 233 4871 tur
255 4822 418 4889 solem
444 4829 496 4873 et
517 4822 679 4889 lunam
705 4824 903 4889 haurire
929 4822 1111 4889 anititas
1135 4834 1186 4875 et
1226 4822 1488 4889 reducere.
1514 4838 1631 4889 cum
1649 4826 1757 4889 Epi-

146 4886 335 4948 pnanio
357 4886 618 4944 consentit,
638 4887 721 4948 qui
740 4887 859 4937 dicit
875 4888 1056 4936 ttazresi
1079 4890 1159 4947 66,
1185 4888 1453 4937 secundum
1472 4886 1755 4937 Manichaeo-

148 4959 270 5011 rumg
300 4948 618 5011 sententiam,
645 4948 901 5011 Lhristum,
948 4950 1033 5010 qui
1055 4962 1098 5010 a;
1120 4958 1351 5011 parenter
1373 4956 1560 4998 tantum
1598 4950 1753 5009 venit,

148 5008 427 5073 machinam
465 5011 706 5073 struxisse
750 5008 1005 5059 duodecim
1046 5008 1192 5061 cados
1230 5012 1525 5069 habentem,
1571 5024 1682 5073 qua:
1724 5008 1755 5061 a

147 5071 346 5133 sphera
368 5070 573 5133 quadam
596 5072 882 5121 circumacta
901 5080 1201 5122 mortuorum
1240 5074 1424 5122 animas
1445 5070 1637 5121 sursuin
1659 5081 1755 5123 tra-

148 5130 239 5188 hit.
265 5130 399 5196 quas
418 5132 655 5196 luminare
680 5146 915 5196 magnum
930 5136 1076 5184 radiis
1122 5144 1358 5196 exceptas
1382 5141 1574 5195 purgat,
1602 5132 1753 5183 lunae-

147 5207 263 5259 que,
286 5194 451 5259 tradit,
500 5204 551 5259 et
581 5195 655 5259 sic
688 5194 815 5244 lunae
838 5197 1022 5245 discum
1058 5194 1291 5259 impleri:
1320 5194 1425 5245 haec
1447 5194 1628 5259 quippe
1652 5197 1752 5246 duo

147 5212 247 5257 que
288 5212 451 5252 tradit,
500 5212 551 5242 et
582 5212 655 5243 sic
688 5212 815 5244 tuna:
838 5212 1022 5245 uiscum
1058 5212 1252 5259 nnptert
1278 5212 1291 5245 :
1320 5212 1425 5245 haec
1447 5212 1529 5258 qut
1555 5212 1628 5259 ipe
1652 5212 1751 5246 uno

147 5253 408 5322 luminaria
430 5257 623 5321 navigia
648 5264 698 5306 et
724 5264 962 5322 pontones
1000 5270 1114 5307 esse
1145 5259 1279 5309 dicit.
1318 5260 1400 5307 Cui
1424 5212 1585 5322 sintiie
1610 5260 1751 5322 quid-

147 5318 481 5433 ]tiam‘téicitur
502 5318 565 5369 ali
588 5318 853 5380 Augustino
874 5320 938 5369 de
984 5322 1259 5370 tueresihus
1278 5322 1339 5370 ad
1364 5318 1751 5380 Quodvultdeum

147 5392 253 5433 (an.

146 5392 253 5444 mp.

1454 421 1542 479 DE
1583 418 1682 478 SP1
1696 415 1864 472 RITU
1907 416 2202 484 SANCTO.

3400 421 3505 479 3'26

1895 539 2024 597 mihi
2056 547 2139 598 est
2177 538 2379 595 auxilio
2399 582 2414 603 ,
2444 540 2585 594 sicut
2612 549 2664 595 et
2692 554 2792 610 ego
2820 538 2961 601 dico,
2991 538 3131 593 Dens
3159 553 3369 594 mecum
3398 546 3503 592 est.

1894 614 2008 667 Non
2039 612 2176 667 dixit
2223 611 2541 681 simpliciter
2574 630 2587 666 :
2616 611 2710 665 sed
2734 611 2907 681 quid?
2929 609 3088 666 Pater
3111 612 3163 663 in
3186 626 3264 663 me
3294 626 3505 669 araneus

1892 682 2075 752 (Joan.
2111 683 2193 737 14.
2229 683 2340 751 10).
2373 682 2428 737 Si
2459 697 2581 737 cum
2612 682 2730 751 ipso
2756 690 2911 748 erat,
2944 692 3000 737 et
3038 683 3089 736 in
3120 682 3235 749 ipso
3266 681 3502 752 mansit,

1891 750 2163 825 quomodo
2191 753 2279 808 ille
2302 750 2472 825 misit,
2521 754 2607 808 vel
2637 750 2923 823 quomodo
2950 752 3036 807 hic
3064 754 3261 825 missus
3287 751 3416 808 est?
3444 750 3501 806 Si

1892 824 2037 881 enim
2063 834 2356 887 venerunt,
2389 824 2497 880 duo
2522 834 2783 879 venerunt
2809 865 2824 888 ,
2855 835 2908 879 et
2950 824 3129 879 nullus
3157 824 3354 878 missus
3379 832 3463 876 est
3487 840 3502 877 :

1889 902 1979 959 aut
2008 909 2202 951 Cursus
2228 938 2241 957 .
2285 895 2394 950 duo
2426 903 2761 950 manserunt.
2796 896 2851 949 Si
2884 890 3081 949 mansit
3114 894 3273 948 Pater
3300 908 3461 963 supra
3487 933 3502 955 ,

1890 966 2162 1038 quomodo
2211 967 2339 1021 dicit
2385 964 2553 1021 Filius
2586 983 2599 1020 :
2634 967 2793 1038 Pater
2830 965 3198 1038 meeumest‘.’
3239 964 3294 1019 Si
3330 979 3501 1038 supra

1892 1034 2090 1093 mansit
2119 1039 2207 1108 qui
2240 1039 2406 1103 misit,
2448 1037 2721 1108 quomodo
2758 1051 2943 1091 secum
2988 1036 3148 1108 habet
3171 1036 3225 1108 is
3252 1034 3342 1108 qui
3370 1038 3503 1089 mis-

1893 1124 1986 1164 sus
2012 1119 2096 1164 est
2123 1125 2245 1164 emn
2273 1111 2364 1178 qui
2395 1107 2603 1163 mittit?
2635 1107 2746 1177 Ego
2778 1109 2946 1167 enim.
2974 1107 3131 1170 dixit,
3162 1107 3215 1160 in
3248 1107 3425 1170 Patre,
3457 1116 3505 1159 et

1894 1178 2052 1233 Pater
2079 1197 2273 1235 mecum
2296 1191 2376 1251 est
2402 1178 2579 1251 (J‘oan.
2617 1178 2703 1234 10.
2728 1179 2844 1247 58).
2873 1178 3157 1251 Quomodo
3188 1179 3345 1251 igitur
3370 1179 3504 1232 mis-

1888 1265 1980 1305 sus
2005 1260 2107 1312 est.
2139 1252 2227 1321 qui
2251 1250 2381 1305 dicit
2412 1249 2427 1303 ’:
2465 1250 2623 1303 Pater
2653 1250 2705 1302 in
2735 1266 2813 1303 me
2838 1261 2909 1321 est
2929 1249 2954 1302 ?
2978 1249 3044 1303 Et
3080 1249 3500 1321 quomodoite-

1891 1338 2010 1376 rum
2063 1318 2249 1376 misit?
2303 1323 2463 1391 Igitur
2493 1336 2613 1375 cum
2662 1322 2830 1384 dicit,
2874 1320 3026 1374 Mitto
3048 1318 3499 1391 voltis‘Spiritutn

1892 1404 2133 1447 Sanctum
2163 1435 2174 1448 .
2223 1390 2423 1445 donum
2447 1393 2579 1447 dicit
2621 1394 2789 1446 sancti
2820 1391 3071 1460 Spiritus.
3107 1390 3172 1444 Et
3206 1402 3261 1443 ιιι
3284 1392 3505 1447 discatis

1888 1464 2087 1517 donum
2122 1464 2281 1529 mitti,
2310 1463 2569 1531 Spiritum
2594 1475 2774 1518 autent
2808 1479 2913 1515 non
2944 1464 3102 1528 mitti,
3134 1462 3383 1522 Salvator
3408 1462 3497 1516 di-

1894 1536 1967 1587 cit
1997 1538 2255 1602 apostolis
2289 1552 2304 1588 :
2341 1533 2546 1587 Manete
2572 1535 2623 1586 in
2651 1534 2939 1587 Jerusalem
2961 1574 2974 1599 ,
3012 1535 3171 1586 donec
3215 1533 3505 1586 induamini

1889 1607 2072 1659 virtute
2101 1623 2163 1659 cx
2187 1606 2314 1670 alto,
2342 1617 2389 1659 et
2416 1606 2672 1674 accipietis
2699 1606 2931 1659 virtutem
2958 1604 3354 1674 :ttpcntenientis
3378 1604 3503 1673 Spi-

1889 1678 2018 1731 ritus
2052 1678 2215 1733 sancti
2244 1681 2296 1730 in
2327 1693 2414 1731 ros
2445 1676 2610 1747 (Luc.
2642 1677 2732 1731 24.
2763 1675 2885 1748 19).
2930 1677 3046 1729 Alia
3076 1685 3159 1731 est
3187 1682 3355 1748 virtus
3380 1691 3501 1745 quas

1888 1748 2224 1811 conceditur,
2259 1758 2314 1803 et
2340 1744 2479 1802 alius
2513 1757 2597 1802 est
2622 1744 2853 1817 Spiritus
2888 1749 2977 1816 qui
3010 1747 3278 1801 concedit.
3311 1744 3502 1800 Omnia

1886 1821 2023 1871 enim
2050 1831 2290 1886 operatur
2310 1836 2442 1873 unus
2467 1831 2512 1873 et
2543 1819 2674 1872 idem
2720 1819 2950 1888 Spiritus
2971 1861 2983 1881 ,
3019 1819 3247 1871 dividens
3285 1818 3502 1887 singulis

1889 1900 2040 1957 prout
2071 1891 2175 1944 vult
2200 1893 2278 1960 (1.
2304 1890 2423 1944 Cor.
2451 1891 2537 1945 12.
2568 1891 2678 1961 11).
2718 1890 2879 1960 Igitur
2916 1898 2969 1943 tu
3004 1904 3107 1942 neu
3139 1898 3297 1961 potes
3319 1900 3504 1944 osten-

1888 1963 2018 2016 dere
2049 1962 2184 2015 tuitti
2212 1959 2479 2034 Spiritum
2519 1972 2761 2016 sanctum
2793 1977 2821 2013 τι
2857 1975 2985 2030 pura
3016 1961 3236 2034 deitate.
3276 1959 3502 2034 Sin_an-

1891 2042 1998 2086 tem
2028 2030 2307 2087 nsteudain
2339 2034 2431 2087 tihi
2457 2032 2713 2087 faetorem
2747 2034 2861 2086 caeli
2889 2042 2943 2086 et
2974 2041 3131 2086 terra:
3158 2030 3293 2085 mitti
3322 2046 3351 2085 a
3376 2032 3501 2100 Spi-

1886 2104 1991 2157 ritu
2018 2114 2228 2173 sancto,
2260 2104 2385 2174 quid
2418 2102 2619 2157 facies?
2652 2103 2740 2157 Vel
2774 2118 2905 2173 nega
2934 2101 3209 2157 Christum
3238 2142 3253 2167 ,
3295 2111 3349 2157 et
3375 2102 3499 2157 dele

1886 2174 2192 2244 Scripturas
2214 2216 2227 2238 ,
2270 2176 2355 2229 vel
2384 2189 2572 2229 servus
2600 2175 2999 2244 Scripturarum
3023 2174 3313 2243 Scripturis
3341 2176 3501 2227 obse-

1888 2243 2074 2313 quere.
2113 2247 2174 2300 Et
2200 2246 2321 2310 ulti,
2369 2246 2576 2315 inquit,
2610 2245 2810 2299 dictum
2853 2256 2936 2299 est
2976 2244 3115 2299 hoc?
3147 2243 3283 2298 Audi
3331 2244 3497 2298 Deum

1886 2317 2152 2388 dicentem
2171 2332 2270 2388 per
2288 2322 2602 2388 prophetam
2626 2317 2894 2388 llesaiam,
2922 2331 3220 2385 pr:DCOIIL‘Iti
3249 2315 3495 2384 pietatis;

1884 2387 2022 2440 Audi
2052 2404 2131 2441 me
2152 2385 2188 2439 .’
2211 2385 2317 2453 ait,
2354 2386 2518 2440 Iacob
2565 2398 2611 2439 et
2656 2385 2825 2441 Israel
2845 2428 2860 2449 ,
2900 2403 3045 2456 quem
3082 2403 3174 2457 ego
3202 2403 3323 2457 voco
3353 2401 3371 2439 :
3400 2402 3493 2456 ego

1887 2457 2026 2512 Deus
2065 2459 2258 2529 primus
2283 2503 2296 2522 ,
2342 2469 2390 2512 et
2420 2474 2512 2528 ego
2535 2467 2647 2527 post
2668 2464 2775 2511 lucc
2796 2499 2810 2524 ,
2844 2470 2888 2511 et
2917 2456 3209 2529 pt'azlcr'me
3238 2456 3373 2511 Deus
3394 2473 3497 2512 non

1885 2540 1958 2583 est
1991 2529 2145 2600 (lsai.
2175 2530 2264 2585 48.
2291 2530 2401 2600 12).
2437 2530 2667 2583 Attende
2693 2571 2707 2595 ,
2752 2545 2957 2599 quarso.
3007 2529 3194 2582 Restat
3237 2531 3379 2583 enim
3404 2529 3497 2600 hic

1884 2599 2027 2671 quod
2063 2598 2531 2671 qttgeratun'.'Quis
2561 2600 2722 2670 igitur
2750 2598 2878 2655 diett
2911 2599 3064 2654 haec?
3098 2601 3261 2671 Pater
3294 2615 3361 2653 an
3402 2598 3493 2653 Fi-

1885 2668 2033 2726 lius?
2066 2668 2194 2725 Vide
2220 2673 2492 2741 quomodo
2514 2668 2770 2742 initigura
2814 2672 3139 2726 monarchite
3176 2668 3493 2725 Trinitatem

1884 2751 2031 2798 recte
2061 2740 2333 2811 praedicet.
2363 2742 2476 2812 Ego
2498 2740 2892 2814 Deus‘primus,
2941 2752 2986 2795 et
3017 2760 3105 2814 ego
3129 2751 3243 2813 post
3286 2744 3415 2807 haec,
3445 2757 3493 2796 et

1886 2824 2070 2886 printer
2091 2831 2169 2886 me
2195 2830 2297 2886 non
2319 2811 2419 2886 esti
2438 2811 2762 2886 Deusllbid.
2784 2823 2865 2886 _et
2899 2814 2988 2868 44.
3023 2811 3099 2884 6).
3131 2811 3271 2886 Quis
3290 2824 3372 2867 est
3400 2814 3492 2883 qui

1884 2892 2000 2940 tunc
2043 2884 2209 2939 dicit?
2236 2884 2413 2939 Mundi
2459 2883 2704 2940 conditor
2734 2925 2747 2939 .
2778 2884 2967 2957 Subdit
3004 2887 3177 2957 enim,
3224 2883 3355 2957 Ego
3380 2901 3493 2937 mea

1882 2973 2037 3010 manu
2070 2958 2278 3027 fundavi
2308 2966 2495 3010 terram
2524 2972 2542 3009 :
2570 2957 2690 3011 vide
2717 2956 2990 3027 quomon
3010 2956 3187 3025 Opil'ex
3216 2954 3487 3027 loquitur:

1885 3027 1950 3081 Et
1989 3025 2215 3095 Spiritus
2261 3045 2401 3081 meus
2435 3028 2655 3095 ﬁrmavit
2698 3027 2901 3099 calum.
2938 3025 3050 3099 Ego
3073 3028 3303 3081 omnibus
3331 3026 3491 3099 stellis

1883 3100 2143 3164 mandavi,
2176 3116 2267 3168 ego
2306 3099 2520 3153 excitavi
2546 3115 2660 3153 cum
2677 3098 2883 3169 justitia
2911 3098 3096 3169 regem,
3120 3108 3166 3151 et
3196 3113 3367 3152 omnes
3394 3098 3491 3151 vita

1880 3186 2006 3224 mete
2030 3181 2178 3223 recta:
2202 3169 2299 3240 (Is.
2325 3170 2416 3225 48.
2449 3170 2534 3226 15.
2565 3179 2611 3223 et
2637 3170 2728 3224 45.
2760 3168 2847 3223 12.
2882 3168 2990 3240 15).
3027 3170 3220 3223 Dicens
3246 3169 3485 3240 seipsutn

1880 3243 2128 3311 epilieem
2171 3239 2224 3296 et
2262 3243 2517 3295 factorem
2548 3241 2665 3295 caeli
2696 3256 2759 3295 ac
2792 3239 2978 3306 terr-.e,
3024 3242 3139 3295 haec
3175 3239 3356 3305 adjicit
3388 3256 3486 3308 po-

1880 3324 1995 3368 stea
2026 3330 2038 3366 :
2071 3311 2125 3366 Ν
2130 3329 2195 3367 ou
2226 3314 2288 3365 ab
2315 3311 2459 3365 initio
2485 3312 2536 3365 in
2566 3314 2764 3365 occulto
2788 3312 3023 3374 loquutus
3048 3328 3159 3364 sum
3183 3312 3319 3364 vobis
3346 3311 3483 3377 Ita'c,

1880 3400 2040 3452 neque
2069 3385 2122 3437 in
2160 3384 2269 3437 loco
2298 3382 2555 3437 tenebroso
2587 3381 2701 3453 (Ib.
2733 3382 2822 3437 48.
2859 3380 2978 3453 16).
3017 3383 3195 3447 Dixit,
3244 3380 3486 3436 Fundani

1882 3464 2087 3520 (errant,
2121 3464 2175 3509 et
2204 3455 2301 3507 feci
2342 3454 2531 3508 cadum
2565 3452 2827 3519 :qttaudo
2853 3452 2989 3515 facta
3020 3464 3176 3517 sunt,
3220 3452 3329 3507 illic
3356 3456 3485 3505 ade-

1879 3542 2025 3581 rant:
2052 3526 2118 3579 Et
2146 3542 2276 3578 nunc
2301 3524 2550 3577 Dominus
2572 3526 2705 3579 misit
2727 3542 2807 3578 me
2830 3535 2876 3578 et
2902 3523 3127 3591 Spiritus
3148 3522 3481 3595 ejus(1bid.).

1879 3595 1974 3660 Te,
2005 3597 2095 3665 qui
2129 3596 2297 3651 fecisti
2337 3596 2524 3649 extum
2563 3604 2617 3649 et
2664 3606 2897 3662 terram,
2940 3597 3029 3664 qui
3068 3596 3253 3649 dixisti
3284 3596 3480 3661 astris,

1880 3665 2129 3743 Dominus
2156 3669 2292 3743 misit
2315 3683 2393 3743 me
2427 3677 2475 3743 ett
2520 3666 2747 3743 Spiritus
2786 3668 2895 3735 ejus
2918 3706 2933 3730 ,
2981 3667 3481 3743 gettltitseCttlltilllll

1876 3738 2169 3801 deitatem,
2222 3738 2368 3792 misit
2410 3736 2705 3791 secundum
2751 3752 2967 3792 carnem
3036 3736 3225 3807 Opil'ex
3270 3738 3386 3792 caali
3429 3749 3485 3793 et

1879 3817 2035 3863 terra:
2060 3809 2224 3864 dicit:
2260 3808 2510 3862 Dominus
2545 3810 2681 3862 misit
2711 3826 2791 3862 me
2824 3820 2871 3864 et
2912 3809 3140 3875 Spiritus
3182 3810 3314 3879 ejus.
3356 3809 3482 3863 Mis-

1875 3880 2082 3934 sionem
2137 3880 2368 3949 Spiritus
2422 3879 2659 3934 haeretici
2706 3879 2758 3933 in
2815 3880 3195 3934 contumeliam
3239 3881 3475 3949 capiunt.

1874 3950 2014 4005 Misit
2043 3952 2197 4005 Pater
2222 3953 2309 4020 qtti
2343 3966 2446 4005 non
2480 3952 2700 4019 migrat,
2745 3966 2843 4004 nec
2876 3954 3130 4005 tmusl'ert
3155 3966 3278 4005 eum
3309 3950 3427 4006 loco
3461 3967 3475 4014 ;

1874 4022 2022 4076 misit
2051 4023 2218 4078 Filius
2246 4023 2501 4093 Spititum
2528 4064 2542 4087 ,
2592 4038 2697 4093 non
2743 4023 2994 4093 dividens
3033 4039 3129 4075 nec
3158 4023 3383 4076 divisus.
3414 4023 3481 4076 Et

1875 4094 2073 4147 idcirco
2101 4095 2372 4163 Scriptura
2396 4094 2525 4148 dicit
2549 4111 2561 4145 :
2594 4092 2733 4147 Deus
2758 4094 2943 4148 cil‘udit
2971 4092 3226 4162 Spiritum
3255 4108 3411 4147 suum
3432 4095 3474 4159 ⁸,

1875 4164 1975 4235 hoc
2004 4173 2118 4231 est,
2148 4165 2349 4220 donum
2391 4163 2622 4235 Spiritus
2653 4165 2822 4218 sancti
2854 4164 3012 4232 (Joel.
3043 4166 3097 4218 '2.
3126 4164 3240 4235 28).
3277 4163 3480 4218 Divin-

1873 4233 1954 4290 tas
1979 4250 2086 4291 non
2114 4235 2279 4290 effusa
2309 4245 2391 4291 est
2412 4233 2549 4300 ,sed
2578 4234 2776 4289 donum
2807 4252 2819 4287 :
2855 4245 3137 4305 propterea
3166 4233 3222 4289 ut
3246 4235 3476 4289 demon-

1871 4318 2170 4370 straretur,
2218 4309 2321 4362 hoc
2346 4308 2487 4377 quod
2529 4307 2851 4367 elTunditur.
2901 4324 3011 4360 non
3050 4321 3171 4360 esse
3216 4305 3473 4373 Spiritum

1871 4388 2112 4449 sanctum
2132 4420 2153 4449 ,ί
2173 4380 2267 4433 sed
2298 4379 2529 4449 Spiritus
2555 4376 2648 4430 Dei
2676 4381 2901 4446 gratiam
2922 4376 3285 4449 ,‘dicitDavid
3316 4378 3477 4431 Chri-

1870 4459 1996 4503 sto:
2038 4447 2243 4515 Di/Tusa
2289 4446 2360 4502 est
2404 4450 2569 4519 gratia
2615 4450 2667 4501 in
2711 4449 2859 4502 labiis
2904 4448 3005 4503 tuis
3044 4446 3345 4519 (Ρωιηάι.
3377 4449 3472 4517 3).

1870 4520 2050 4576 Gratia
2088 4518 2537 4591 cliunditur,’uon
2569 4522 2611 4572 is
2636 4519 2725 4588 qui
2755 4519 2917 4573 donat
2942 4522 3188 4591 gratiam.
3233 4518 3288 4573 Si
3315 4519 3475 4591 igitur

1868 4593 2090 4661 aequalis
2120 4590 2294 4647 ltonor
2323 4590 2660 4660 prtcdicatur,
2692 4591 2816 4661 etsi
2847 4592 2976 4645 illud
2999 4632 3014 4655 ,
3056 4589 3099 4644 A
3125 4590 3291 4660 seipso
3317 4589 3473 4654 {ex-

1870 4660 2120 4731 plicatum
2155 4674 2256 4726 est,
2291 4678 2500 4717 necnon
2532 4662 2655 4715 illud
2682 4704 2697 4726 ,
2739 4660 2816 4715 De
2842 4678 2950 4715 meo
2976 4662 3187 4732 accipiet
3208 4702 3223 4726 ,
3263 4663 3413 4732 quasi
3441 4676 3472 4717 tt

1868 4735 2015 4788 fonte
2041 4734 2382 4802 interpretari
2424 4734 2543 4801 quis
2581 4742 2794 4801 potest;
2850 4749 2919 4787 ne
2947 4735 3179 4788 habeant
3230 4732 3469 4787 hmretiei

1870 4806 2046 4859 locum
2093 4807 2173 4859 vel
2203 4806 2593 4873 subterlugium
2642 4804 2951 4873 impietatis.
2990 4804 3259 4859 \‘eucrare
3298 4804 3473 4871 Spiri-

1868 4886 1977 4930 tum
2009 4888 2252 4930 sanelum
2279 4917 2294 4940 ,
2327 4891 2484 4946 quem
2515 4876 2791 4943 accepisti.
2837 4875 2948 4928 Dixi
2992 4890 3136 4943 s:epe
3164 4885 3215 4929 te
3241 4875 3473 4929 retrihn-

1868 4947 2068 5002 tionem
2092 4947 2385 5015 accepisse.
2413 4947 2717 5016 Assunipsit
2745 4962 2773 4999 a
2805 4957 2856 5001 te
2881 4947 3128 5001 Christus
3158 4949 3467 5016 ﬁgmentum

1865 5028 2011 5073 tuum
2033 5060 2048 5085 ,
2078 5019 2223 5073 dedit
2253 5018 2343 5073 tibi
2375 5019 2489 5088 ipse
2517 5020 2772 5087 Sptritum
2803 5034 2978 5072 suum.

1927 5194 1943 5227 ι
1980 5200 2099 5255 neg.
2123 5202 2177 5243 et
2196 5192 2349 5245 Colb..
2366 5191 2535 5255 cﬂ'udit
2560 5192 2738 5243 donum
2761 5205 2920 5243 suum.
2946 5192 3029 5243 llic
3050 5201 3215 5243 autem
3239 5193 3392 5251 locus,
3412 5199 3465 5244 ut

1860 5255 1910 5303 in
1935 5264 2078 5306 textu
2107 5256 2265 5317 jacet,
2301 5268 2557 5318 nusquam,
2585 5258 2633 5306 ni
2659 5255 2815 5315 tollor,
2842 5256 2961 5318 ipsis
2997 5257 3163 5305 verbis
3186 5256 3395 5305 ltahetur
3417 5257 3469 5307 in

1859 5318 2117 5428 ἒξέὼὲω
2150 5319 2201 5369 in
2242 5318 2365 5368 Joel.
2391 5316 2439 5379 2,
2468 5316 2549 5380 28,
2587 5320 2710 5369 etin
2736 5316 2930 5367 ιυριιξιτ.
2962 5319 3034 5380 te,
3066 5322 3141 5379 td,
3175 5319 3351 5369 similia
3386 5320 3469 5368 tia-
