  <div class='ocr_page' id='page_1' title='image "/cluster/home/n/w/nwhite01/storage/ocr_20150623/52/uva.x030486926/456.png"; bbox 0 0 4126 6492; ppageno 0'>
   <div class='ocr_carea' id='block_1_1' title="bbox 242 400 355 459">
    <p class='ocr_par' dir='ltr' id='par_1_1' title="bbox 242 400 355 459">
     <span class='ocr_line' id='line_1_1' title="bbox 242 400 355 459; baseline -0.009 -3"><span class='ocrx_word' id='word_1_1' title='bbox 242 400 355 459; x_wconf 74' lang='lat'><strong>837</strong></span> 
     </span>
    </p>
   </div>
   <div class='ocr_carea' id='block_1_2' title="bbox 249 502 1837 588">
    <p class='ocr_par' dir='ltr' id='par_1_2' title="bbox 249 502 1837 588">
     <span class='ocr_line' id='line_1_2' title="bbox 249 502 1837 588; baseline -0.011 -16"><span class='ocrx_word' id='word_1_2' title='bbox 249 534 356 588; x_wconf 83' lang='lat' dir='ltr'><strong>que</strong></span> <span class='ocrx_word' id='word_1_3' title='bbox 386 529 579 585; x_wconf 73' lang='lat' dir='ltr'><strong>negare</strong></span> <span class='ocrx_word' id='word_1_4' title='bbox 608 527 667 568; x_wconf 86' lang='lat' dir='ltr'><strong>se</strong></span> <span class='ocrx_word' id='word_1_5' title='bbox 702 508 850 588; x_wconf 36' lang='lat' dir='ltr'><strong>quid.</strong></span> <span class='ocrx_word' id='word_1_6' title='bbox 870 509 976 588; x_wconf 60' lang='lat' dir='ltr'><strong>sit,</strong></span> <span class='ocrx_word' id='word_1_7' title='bbox 1005 506 1382 588; x_wconf 65' lang='lat' dir='ltr'><strong>intelligemus.</strong></span> <span class='ocrx_word' id='word_1_8' title='bbox 1426 502 1564 588; x_wconf 74' lang='lat' dir='ltr'><strong>Quid</strong></span> <span class='ocrx_word' id='word_1_9' title='bbox 1595 516 1726 588; x_wconf 79' lang='lat' dir='ltr'><strong>ergo</strong></span> <span class='ocrx_word' id='word_1_10' title='bbox 1754 509 1837 588; x_wconf 60' lang='lat' dir='ltr'><strong>est</strong></span> 
     </span>
    </p>
   </div>
   <div class='ocr_carea' id='block_1_3' title="bbox 236 571 1832 658">
    <p class='ocr_par' dir='ltr' id='par_1_3' title="bbox 236 571 1832 658">
     <span class='ocr_line' id='line_1_3' title="bbox 236 571 1832 658; baseline -0.011 -16"><span class='ocrx_word' id='word_1_11' title='bbox 236 571 441 658; x_wconf 59' lang='grc' dir='ltr'><strong>ὄρεξαι-ε</strong></span> <span class='ocrx_word' id='word_1_12' title='bbox 457 571 685 658; x_wconf 62' lang='lat' dir='ltr'><strong>alterum</strong></span> <span class='ocrx_word' id='word_1_13' title='bbox 700 571 736 636; x_wconf 60' lang='grc' dir='ltr'><em>ί</em></span> <span class='ocrx_word' id='word_1_14' title='bbox 752 581 853 647; x_wconf 84' lang='lat' dir='ltr'><strong>Qui</strong></span> <span class='ocrx_word' id='word_1_15' title='bbox 881 571 1045 658; x_wconf 75' lang='lat' dir='ltr'><strong>alium</strong></span> <span class='ocrx_word' id='word_1_16' title='bbox 1075 571 1247 658; x_wconf 77' lang='lat' dir='ltr'><strong>negat,</strong></span> <span class='ocrx_word' id='word_1_17' title='bbox 1279 573 1701 658; x_wconf 75' lang='lat' dir='ltr'><strong>exe_mpli_causa</strong></span> <span class='ocrx_word' id='word_1_18' title='bbox 1722 571 1832 658; x_wconf 12' lang='grc' dir='ltr'><strong>,γοτ</strong></span> 
     </span>
    </p>
   </div>
   <div class='ocr_carea' id='block_1_4' title="bbox 241 646 1839 719">
    <p class='ocr_par' dir='ltr' id='par_1_4' title="bbox 241 646 1839 719">
     <span class='ocr_line' id='line_1_4' title="bbox 241 646 1839 719; baseline -0.011 -6"><span class='ocrx_word' id='word_1_19' title='bbox 241 646 375 713; x_wconf 65' lang='grc' dir='ltr'>Ιὶιιῖἲι</span> <span class='ocrx_word' id='word_1_20' title='bbox 400 699 415 719; x_wconf 85' lang='lat'><strong>,</strong></span> <span class='ocrx_word' id='word_1_21' title='bbox 454 656 537 711; x_wconf 89' lang='lat' dir='ltr'><strong>vel</strong></span> <span class='ocrx_word' id='word_1_22' title='bbox 585 646 797 708; x_wconf 88' lang='lat' dir='ltr'><strong>fratrem</strong></span> <span class='ocrx_word' id='word_1_23' title='bbox 821 692 835 715; x_wconf 89' lang='lat'><strong>,</strong></span> <span class='ocrx_word' id='word_1_24' title='bbox 875 650 959 704; x_wconf 88' lang='lat' dir='ltr'><strong>vel</strong></span> <span class='ocrx_word' id='word_1_25' title='bbox 1002 648 1233 702; x_wconf 86' lang='lat' dir='ltr'><strong>amicum</strong></span> <span class='ocrx_word' id='word_1_26' title='bbox 1262 687 1277 709; x_wconf 86' lang='lat'><strong>,</strong></span> <span class='ocrx_word' id='word_1_27' title='bbox 1316 646 1395 719; x_wconf 75' lang='lat' dir='ltr'><strong>vel</strong></span> <span class='ocrx_word' id='word_1_28' title='bbox 1432 646 1702 719; x_wconf 80' lang='lat' dir='ltr'><strong>vicinum,</strong></span> <span class='ocrx_word' id='word_1_29' title='bbox 1746 650 1839 719; x_wconf 83' lang='lat' dir='ltr'><strong>aut</strong></span> 
     </span>
    </p>
   </div>
   <div class='ocr_carea' id='block_1_5' title="bbox 238 713 1835 797">
    <p class='ocr_par' dir='ltr' id='par_1_5' title="bbox 238 713 1835 797">
     <span class='ocr_line' id='line_1_5' title="bbox 238 713 1835 797; baseline -0.009 -16"><span class='ocrx_word' id='word_1_30' title='bbox 238 713 491 796; x_wconf 39' lang='lat' dir='ltr'><strong>quottt&#39;vis</strong></span> <span class='ocrx_word' id='word_1_31' title='bbox 514 726 674 797; x_wconf 85' lang='lat' dir='ltr'><strong>alium</strong></span> <span class='ocrx_word' id='word_1_32' title='bbox 696 765 710 787; x_wconf 93' lang='lat'><strong>,</strong></span> <span class='ocrx_word' id='word_1_33' title='bbox 742 713 856 777; x_wconf 81' lang='lat' dir='ltr'><strong>sive</strong></span> <span class='ocrx_word' id='word_1_34' title='bbox 882 720 1062 797; x_wconf 73' lang='lat' dir='ltr'><strong>flagris</strong></span> <span class='ocrx_word' id='word_1_35' title='bbox 1088 733 1209 797; x_wconf 75' lang='lat' dir='ltr'><strong>eum</strong></span> <span class='ocrx_word' id='word_1_36' title='bbox 1236 716 1367 771; x_wconf 69' lang='lat' dir='ltr'><strong>czrdi</strong></span> <span class='ocrx_word' id='word_1_37' title='bbox 1398 715 1610 797; x_wconf 75' lang='lat' dir='ltr'><strong>videat,</strong></span> <span class='ocrx_word' id='word_1_38' title='bbox 1640 716 1753 767; x_wconf 90' lang='lat' dir='ltr'><strong>sive</strong></span> <span class='ocrx_word' id='word_1_39' title='bbox 1782 713 1835 797; x_wconf 82' lang='lat' dir='ltr'><strong>in</strong></span> 
     </span>
    </p>
   </div>
   <div class='ocr_carea' id='block_1_6' title="bbox 241 788 1839 863">
    <p class='ocr_par' dir='ltr' id='par_1_6' title="bbox 241 788 1839 863">
     <span class='ocr_line' id='line_1_6' title="bbox 241 788 1839 863; baseline -0.009 -12"><span class='ocrx_word' id='word_1_40' title='bbox 241 788 458 854; x_wconf 74' lang='lat' dir='ltr'><strong>vincula</strong></span> <span class='ocrx_word' id='word_1_41' title='bbox 484 795 694 863; x_wconf 80' lang='lat' dir='ltr'><strong>conjici,</strong></span> <span class='ocrx_word' id='word_1_42' title='bbox 725 804 814 847; x_wconf 89' lang='lat' dir='ltr'><strong>aut</strong></span> <span class='ocrx_word' id='word_1_43' title='bbox 836 788 1044 861; x_wconf 77' lang='lat' dir='ltr'><strong>quidvis</strong></span> <span class='ocrx_word' id='word_1_44' title='bbox 1069 788 1210 863; x_wconf 81' lang='lat' dir='ltr'><strong>aliud</strong></span> <span class='ocrx_word' id='word_1_45' title='bbox 1241 788 1478 863; x_wconf 78' lang='lat' dir='ltr'><strong>perpeti,</strong></span> <span class='ocrx_word' id='word_1_46' title='bbox 1505 798 1614 838; x_wconf 87' lang='lat' dir='ltr'><strong>non</strong></span> <span class='ocrx_word' id='word_1_47' title='bbox 1642 793 1839 863; x_wconf 45' lang='lat' dir='ltr'><strong>praesto</strong></span> 
     </span>
    </p>
   </div>
   <div class='ocr_carea' id='block_1_7' title="bbox 238 853 1836 928">
    <p class='ocr_par' dir='ltr' id='par_1_7' title="bbox 238 853 1836 928">
     <span class='ocr_line' id='line_1_7' title="bbox 238 853 1836 928; baseline -0.011 -3"><span class='ocrx_word' id='word_1_48' title='bbox 238 881 329 925; x_wconf 87' lang='lat' dir='ltr'><strong>est</strong></span> <span class='ocrx_word' id='word_1_49' title='bbox 350 912 363 928; x_wconf 93' lang='lat'><strong>.</strong></span> <span class='ocrx_word' id='word_1_50' title='bbox 394 885 497 923; x_wconf 89' lang='lat' dir='ltr'><strong>non</strong></span> <span class='ocrx_word' id='word_1_51' title='bbox 525 853 627 922; x_wconf 72' lang='lat' dir='ltr'><strong>fert</strong></span> <span class='ocrx_word' id='word_1_52' title='bbox 650 853 905 918; x_wconf 77' lang='lat' dir='ltr'><strong>auxilium</strong></span> <span class='ocrx_word' id='word_1_53' title='bbox 926 902 941 926; x_wconf 91' lang='lat'><strong>,</strong></span> <span class='ocrx_word' id='word_1_54' title='bbox 971 876 1074 914; x_wconf 91' lang='lat' dir='ltr'><strong>non</strong></span> <span class='ocrx_word' id='word_1_55' title='bbox 1107 853 1364 926; x_wconf 84' lang='lat' dir='ltr'><strong>frangitur</strong></span> <span class='ocrx_word' id='word_1_56' title='bbox 1393 856 1608 928; x_wconf 82' lang='lat' dir='ltr'><strong>animo,</strong></span> <span class='ocrx_word' id='word_1_57' title='bbox 1632 853 1836 908; x_wconf 92' lang='lat' dir='ltr'><strong>nullum</strong></span> 
     </span>
    </p>
   </div>
   <div class='ocr_carea' id='block_1_8' title="bbox 240 926 1837 1001">
    <p class='ocr_par' dir='ltr' id='par_1_8' title="bbox 240 926 1837 1001">
     <span class='ocr_line' id='line_1_8' title="bbox 240 926 1837 1001; baseline -0.008 -8"><span class='ocrx_word' id='word_1_58' title='bbox 240 926 466 995; x_wconf 69' lang='lat' dir='ltr'><strong>sensum</strong></span> <span class='ocrx_word' id='word_1_59' title='bbox 492 935 693 991; x_wconf 87' lang='lat' dir='ltr'><strong>doloris</strong></span> <span class='ocrx_word' id='word_1_60' title='bbox 718 936 832 1001; x_wconf 86' lang='lat' dir='ltr'><strong>ejus</strong></span> <span class='ocrx_word' id='word_1_61' title='bbox 862 933 1023 987; x_wconf 91' lang='lat' dir='ltr'><strong>sentit</strong></span> <span class='ocrx_word' id='word_1_62' title='bbox 1049 946 1062 981; x_wconf 93' lang='lat'><strong>:</strong></span> <span class='ocrx_word' id='word_1_63' title='bbox 1092 929 1267 982; x_wconf 88' lang='lat' dir='ltr'><strong>alieno</strong></span> <span class='ocrx_word' id='word_1_64' title='bbox 1306 940 1535 995; x_wconf 85' lang='lat' dir='ltr'><strong>namque</strong></span> <span class='ocrx_word' id='word_1_65' title='bbox 1562 926 1631 979; x_wconf 87' lang='lat' dir='ltr'><strong>ab</strong></span> <span class='ocrx_word' id='word_1_66' title='bbox 1660 939 1725 977; x_wconf 88' lang='lat' dir='ltr'><strong>eo</strong></span> <span class='ocrx_word' id='word_1_67' title='bbox 1753 934 1837 1001; x_wconf 49' lang='lat' dir='ltr'><strong>est</strong></span> 
     </span>
    </p>
   </div>
   <div class='ocr_carea' id='block_1_9' title="bbox 238 995 1835 1073">
    <p class='ocr_par' dir='ltr' id='par_1_9' title="bbox 238 995 1835 1073">
     <span class='ocr_line' id='line_1_9' title="bbox 238 995 1835 1073; baseline -0.009 -9"><span class='ocrx_word' id='word_1_68' title='bbox 238 1014 445 1064; x_wconf 87' lang='lat' dir='ltr'><strong>animo.</strong></span> <span class='ocrx_word' id='word_1_69' title='bbox 494 1008 582 1064; x_wconf 87' lang='lat' dir='ltr'><strong>Sic</strong></span> <span class='ocrx_word' id='word_1_70' title='bbox 610 995 871 1073; x_wconf 59' lang='lat' dir='ltr'><strong>ergo&#39;vult</strong></span> <span class='ocrx_word' id='word_1_71' title='bbox 912 1016 1011 1056; x_wconf 84' lang='lat' dir='ltr'><strong>nos</strong></span> <span class='ocrx_word' id='word_1_72' title='bbox 1040 1001 1179 1054; x_wconf 91' lang='lat' dir='ltr'><strong>Deus</strong></span> <span class='ocrx_word' id='word_1_73' title='bbox 1208 1007 1368 1073; x_wconf 80' lang='lat' dir='ltr'><strong>caput</strong></span> <span class='ocrx_word' id='word_1_74' title='bbox 1396 1006 1633 1050; x_wconf 86' lang='lat' dir='ltr'><strong>nostrum</strong></span> <span class='ocrx_word' id='word_1_75' title='bbox 1662 995 1835 1073; x_wconf 76' lang='lat' dir='ltr'><strong>negli-</strong></span> 
     </span>
    </p>
   </div>
   <div class='ocr_carea' id='block_1_10' title="bbox 238 1066 1835 1149">
    <p class='ocr_par' dir='ltr' id='par_1_10' title="bbox 238 1066 1835 1149">
     <span class='ocr_line' id='line_1_10' title="bbox 238 1066 1835 1149; baseline -0.01 -15"><span class='ocrx_word' id='word_1_76' title='bbox 238 1096 373 1149; x_wconf 81' lang='lat' dir='ltr'><strong>gere</strong></span> <span class='ocrx_word' id='word_1_77' title='bbox 407 1099 422 1136; x_wconf 89' lang='lat'><strong>:</strong></span> <span class='ocrx_word' id='word_1_78' title='bbox 457 1089 513 1149; x_wconf 86' lang='lat' dir='ltr'><strong>ut</strong></span> <span class='ocrx_word' id='word_1_79' title='bbox 540 1078 585 1132; x_wconf 87' lang='lat' dir='ltr'><strong>si</strong></span> <span class='ocrx_word' id='word_1_80' title='bbox 615 1066 703 1146; x_wconf 67' lang='lat' dir='ltr'><strong>qui</strong></span> <span class='ocrx_word' id='word_1_81' title='bbox 738 1090 834 1149; x_wconf 78' lang='lat' dir='ltr'><strong>nos</strong></span> <span class='ocrx_word' id='word_1_82' title='bbox 872 1074 1035 1149; x_wconf 77' lang='lat' dir='ltr'><strong>ipsius</strong></span> <span class='ocrx_word' id='word_1_83' title='bbox 1062 1084 1219 1149; x_wconf 85' lang='lat' dir='ltr'><strong>causa</strong></span> <span class='ocrx_word' id='word_1_84' title='bbox 1234 1068 1568 1149; x_wconf 64' lang='lat' dir='ltr'><strong>_verberent,</strong></span> <span class='ocrx_word' id='word_1_85' title='bbox 1598 1066 1835 1149; x_wconf 61' lang='lat' dir='ltr'><strong>velsup-</strong></span> 
     </span>
    </p>
   </div>
   <div class='ocr_carea' id='block_1_11' title="bbox 245 1135 1834 1218">
    <p class='ocr_par' dir='ltr' id='par_1_11' title="bbox 245 1135 1834 1218">
     <span class='ocr_line' id='line_1_11' title="bbox 245 1135 1834 1218; baseline -0.006 -17"><span class='ocrx_word' id='word_1_86' title='bbox 245 1135 415 1218; x_wconf 63' lang='lat' dir='ltr'><strong>plicia</strong></span> <span class='ocrx_word' id='word_1_87' title='bbox 437 1135 688 1206; x_wconf 74' lang='lat' dir='ltr'><strong>alliciant.</strong></span> <span class='ocrx_word' id='word_1_88' title='bbox 719 1145 804 1198; x_wconf 85' lang='lat' dir='ltr'><strong>vel</strong></span> <span class='ocrx_word' id='word_1_89' title='bbox 835 1135 1047 1218; x_wconf 75' lang='lat' dir='ltr'><strong>pellant,</strong></span> <span class='ocrx_word' id='word_1_90' title='bbox 1080 1148 1171 1194; x_wconf 89' lang='lat' dir='ltr'><strong>aut</strong></span> <span class='ocrx_word' id='word_1_91' title='bbox 1199 1137 1398 1218; x_wconf 78' lang='lat' dir='ltr'><strong>aliquid</strong></span> <span class='ocrx_word' id='word_1_92' title='bbox 1428 1136 1568 1218; x_wconf 83' lang='lat' dir='ltr'><strong>aliud</strong></span> <span class='ocrx_word' id='word_1_93' title='bbox 1604 1135 1834 1218; x_wconf 68' lang='lat' dir='ltr'><strong>faciant,</strong></span> 
     </span>
    </p>
   </div>
   <div class='ocr_carea' id='block_1_12' title="bbox 243 1207 1835 1290">
    <p class='ocr_par' dir='ltr' id='par_1_12' title="bbox 243 1207 1835 1290">
     <span class='ocr_line' id='line_1_12' title="bbox 243 1207 1835 1290; baseline -0.007 -17"><span class='ocrx_word' id='word_1_94' title='bbox 243 1207 594 1290; x_wconf 79' lang='lat' dir='ltr'><strong>iiegligamus.</strong></span> <span class='ocrx_word' id='word_1_95' title='bbox 632 1217 741 1270; x_wconf 89' lang='lat' dir='ltr'><strong>lloc</strong></span> <span class='ocrx_word' id='word_1_96' title='bbox 773 1207 856 1290; x_wconf 76' lang='lat' dir='ltr'><strong>est</strong></span> <span class='ocrx_word' id='word_1_97' title='bbox 894 1212 1036 1290; x_wconf 85' lang='lat' dir='ltr'><strong>enim</strong></span> <span class='ocrx_word' id='word_1_98' title='bbox 1077 1207 1309 1290; x_wconf 58' lang='lat' dir='ltr'><strong>negare}</strong></span> <span class='ocrx_word' id='word_1_99' title='bbox 1348 1208 1565 1290; x_wconf 59' lang='lat' dir='ltr'><strong>idest,</strong></span> <span class='ocrx_word' id='word_1_100' title='bbox 1594 1207 1723 1290; x_wconf 80' lang='lat' dir='ltr'><strong>nihil</strong></span> <span class='ocrx_word' id='word_1_101' title='bbox 1758 1208 1835 1290; x_wconf 81' lang='lat' dir='ltr'><strong>rei</strong></span> 
     </span>
    </p>
   </div>
   <div class='ocr_carea' id='block_1_13' title="bbox 246 1279 1838 1353">
    <p class='ocr_par' dir='ltr' id='par_1_13' title="bbox 246 1279 1838 1353">
     <span class='ocr_line' id='line_1_13' title="bbox 246 1279 1838 1353; baseline -0.008 -8"><span class='ocrx_word' id='word_1_102' title='bbox 246 1279 433 1345; x_wconf 61' lang='lat' dir='ltr'><strong>secum</strong></span> <span class='ocrx_word' id='word_1_103' title='bbox 463 1290 673 1351; x_wconf 84' lang='lat' dir='ltr'><strong>habeat,</strong></span> <span class='ocrx_word' id='word_1_104' title='bbox 700 1287 789 1339; x_wconf 83' lang='lat' dir='ltr'><strong>sed</strong></span> <span class='ocrx_word' id='word_1_105' title='bbox 819 1301 876 1339; x_wconf 87' lang='lat' dir='ltr'><strong>se</strong></span> <span class='ocrx_word' id='word_1_106' title='bbox 903 1287 1015 1353; x_wconf 67' lang='lat' dir='ltr'><strong>ipse</strong></span> <span class='ocrx_word' id='word_1_107' title='bbox 1046 1281 1291 1353; x_wconf 86' lang='lat' dir='ltr'><strong>periculis</strong></span> <span class='ocrx_word' id='word_1_108' title='bbox 1317 1279 1635 1353; x_wconf 68' lang='lat' dir='ltr'><strong>olijiciat._et</strong></span> <span class='ocrx_word' id='word_1_109' title='bbox 1660 1287 1838 1333; x_wconf 81' lang='lat' dir='ltr'><strong>certa-</strong></span> 
     </span>
    </p>
   </div>
   <div class='ocr_carea' id='block_1_14' title="bbox 249 1343 1837 1429">
    <p class='ocr_par' dir='ltr' id='par_1_14' title="bbox 249 1343 1837 1429">
     <span class='ocr_line' id='line_1_14' title="bbox 249 1343 1837 1429; baseline -0.006 -16"><span class='ocrx_word' id='word_1_110' title='bbox 249 1343 380 1414; x_wconf 78' lang='lat' dir='ltr'><strong>niini</strong></span> <span class='ocrx_word' id='word_1_111' title='bbox 400 1376 415 1416; x_wconf 87' lang='lat'><strong>:</strong></span> <span class='ocrx_word' id='word_1_112' title='bbox 433 1370 588 1429; x_wconf 86' lang='lat' dir='ltr'><strong>atque</strong></span> <span class='ocrx_word' id='word_1_113' title='bbox 604 1343 673 1429; x_wconf 70' lang='lat' dir='ltr'><strong>eo</strong></span> <span class='ocrx_word' id='word_1_114' title='bbox 687 1356 845 1409; x_wconf 91' lang='lat' dir='ltr'><strong>modo</strong></span> <span class='ocrx_word' id='word_1_115' title='bbox 859 1343 1077 1429; x_wconf 55' lang='lat' dir='ltr'><strong>adigetur)</strong></span> <span class='ocrx_word' id='word_1_116' title='bbox 1094 1352 1181 1415; x_wconf 86' lang='lat' dir='ltr'><strong>sit,</strong></span> <span class='ocrx_word' id='word_1_117' title='bbox 1199 1365 1304 1429; x_wconf 81' lang='lat' dir='ltr'><strong>quo</strong></span> <span class='ocrx_word' id='word_1_118' title='bbox 1320 1350 1363 1402; x_wconf 90' lang='lat' dir='ltr'><strong>si</strong></span> <span class='ocrx_word' id='word_1_119' title='bbox 1385 1343 1515 1429; x_wconf 69' lang='lat' dir='ltr'><strong>quis</strong></span> <span class='ocrx_word' id='word_1_120' title='bbox 1528 1348 1664 1429; x_wconf 75' lang='lat' dir='ltr'><strong>alius</strong></span> <span class='ocrx_word' id='word_1_121' title='bbox 1684 1357 1837 1417; x_wconf 82' lang='lat' dir='ltr'><strong>pate-</strong></span> 
     </span>
    </p>
   </div>
   <div class='ocr_carea' id='block_1_15' title="bbox 246 1417 1833 1494">
    <p class='ocr_par' dir='ltr' id='par_1_15' title="bbox 246 1417 1833 1494">
     <span class='ocr_line' id='line_1_15' title="bbox 246 1417 1833 1494; baseline -0.006 -12"><span class='ocrx_word' id='word_1_122' title='bbox 246 1442 417 1494; x_wconf 88' lang='lat' dir='ltr'><strong>retur,</strong></span> <span class='ocrx_word' id='word_1_123' title='bbox 447 1417 607 1484; x_wconf 70' lang='lat' dir='ltr'><strong>esset.</strong></span> <span class='ocrx_word' id='word_1_124' title='bbox 636 1428 742 1481; x_wconf 79' lang='lat' dir='ltr'><strong>Nec</strong></span> <span class='ocrx_word' id='word_1_125' title='bbox 770 1428 919 1489; x_wconf 89' lang='lat' dir='ltr'><strong>dicit,</strong></span> <span class='ocrx_word' id='word_1_126' title='bbox 947 1424 1108 1493; x_wconf 78' lang='lat' dir='ltr'><strong>Neget</strong></span> <span class='ocrx_word' id='word_1_127' title='bbox 1138 1417 1549 1494; x_wconf 32' lang='lat' dir='ltr'><strong>seipsmnpsed,</strong></span> <span class='ocrx_word' id='word_1_128' title='bbox 1578 1417 1797 1489; x_wconf 76' lang='lat' dir='ltr'><strong>Abneget</strong></span> <span class='ocrx_word' id='word_1_129' title='bbox 1815 1460 1833 1483; x_wconf 89' lang='lat'><strong>,</strong></span> 
     </span>
    </p>
   </div>
   <div class='ocr_carea' id='block_1_16' title="bbox 246 1491 1837 1567">
    <p class='ocr_par' dir='ltr' id='par_1_16' title="bbox 246 1491 1837 1567">
     <span class='ocr_line' id='line_1_16' title="bbox 246 1491 1837 1567; baseline -0.006 -15"><span class='ocrx_word' id='word_1_130' title='bbox 246 1501 350 1556; x_wconf 87' lang='lat' dir='ltr'><strong>hac</strong></span> <span class='ocrx_word' id='word_1_131' title='bbox 379 1491 536 1567; x_wconf 79' lang='lat' dir='ltr'><strong>parva</strong></span> <span class='ocrx_word' id='word_1_132' title='bbox 567 1498 907 1566; x_wconf 87' lang='lat' dir='ltr'><strong>adjunctionc</strong></span> <span class='ocrx_word' id='word_1_133' title='bbox 936 1491 1490 1567; x_wconf 66' lang='lat' dir='ltr'><strong>tttagnamdeclarans</strong></span> <span class='ocrx_word' id='word_1_134' title='bbox 1511 1503 1837 1567; x_wconf 77' lang='lat' dir='ltr'><strong>exsuperan-</strong></span> 
     </span>
    </p>
   </div>
   <div class='ocr_carea' id='block_1_17' title="bbox 246 1559 1837 1630">
    <p class='ocr_par' dir='ltr' id='par_1_17' title="bbox 246 1559 1837 1630">
     <span class='ocr_line' id='line_1_17' title="bbox 246 1559 1837 1630; baseline -0.006 -6"><span class='ocrx_word' id='word_1_135' title='bbox 246 1559 400 1625; x_wconf 64' lang='lat' dir='ltr'><strong>tiam.</strong></span> <span class='ocrx_word' id='word_1_136' title='bbox 429 1569 499 1625; x_wconf 85' lang='lat' dir='ltr'><strong>Et</strong></span> <span class='ocrx_word' id='word_1_137' title='bbox 524 1559 667 1623; x_wconf 63' lang='lat' dir='ltr'><strong>tollat</strong></span> <span class='ocrx_word' id='word_1_138' title='bbox 695 1584 891 1621; x_wconf 78' lang='lat' dir='ltr'><strong>crucem</strong></span> <span class='ocrx_word' id='word_1_139' title='bbox 916 1559 1080 1618; x_wconf 70' lang='lat' dir='ltr'><strong>suam.</strong></span> <span class='ocrx_word' id='word_1_140' title='bbox 1109 1563 1265 1615; x_wconf 80' lang='lat' dir='ltr'><strong>Vides</strong></span> <span class='ocrx_word' id='word_1_141' title='bbox 1294 1559 1561 1630; x_wconf 89' lang='lat' dir='ltr'><strong>quomodo</strong></span> <span class='ocrx_word' id='word_1_142' title='bbox 1585 1574 1705 1630; x_wconf 84' lang='lat' dir='ltr'><strong>eum</strong></span> <span class='ocrx_word' id='word_1_143' title='bbox 1724 1559 1837 1630; x_wconf 10' lang='lat' dir='ltr'><strong>7mi-</strong></span> 
     </span>
    </p>
   </div>
   <div class='ocr_carea' id='block_1_18' title="bbox 246 1626 1837 1712">
    <p class='ocr_par' dir='ltr' id='par_1_18' title="bbox 246 1626 1837 1712">
     <span class='ocr_line' id='line_1_18' title="bbox 246 1626 1837 1712; baseline -0.006 -18"><span class='ocrx_word' id='word_1_144' title='bbox 246 1643 417 1704; x_wconf 87' lang='lat' dir='ltr'><strong>litem,</strong></span> <span class='ocrx_word' id='word_1_145' title='bbox 440 1641 529 1712; x_wconf 90' lang='lat' dir='ltr'><strong>qtti</strong></span> <span class='ocrx_word' id='word_1_146' title='bbox 555 1641 724 1709; x_wconf 87' lang='lat' dir='ltr'><strong>ipsum</strong></span> <span class='ocrx_word' id='word_1_147' title='bbox 752 1637 1011 1712; x_wconf 81' lang='lat' dir='ltr'><strong>sequitur,</strong></span> <span class='ocrx_word' id='word_1_148' title='bbox 1036 1650 1127 1689; x_wconf 97' lang='lat' dir='ltr'><strong>rex</strong></span> <span class='ocrx_word' id='word_1_149' title='bbox 1154 1626 1402 1686; x_wconf 68' lang='lat' dir='ltr'><strong>ca&#39;lorum</strong></span> <span class='ocrx_word' id='word_1_150' title='bbox 1430 1626 1688 1712; x_wconf 75' lang='lat' dir='ltr'><strong>armavit?</strong></span> <span class='ocrx_word' id='word_1_151' title='bbox 1716 1629 1837 1685; x_wconf 83' lang='lat' dir='ltr'><strong>Non</strong></span> 
     </span>
    </p>
   </div>
   <div class='ocr_carea' id='block_1_19' title="bbox 244 1700 1833 1778">
    <p class='ocr_par' dir='ltr' id='par_1_19' title="bbox 244 1700 1833 1778">
     <span class='ocr_line' id='line_1_19' title="bbox 244 1700 1833 1778; baseline -0.007 -12"><span class='ocrx_word' id='word_1_152' title='bbox 244 1700 647 1777; x_wconf 65' lang='lat' dir='ltr'><strong>scutuin&#39;dedit,</strong></span> <span class='ocrx_word' id='word_1_153' title='bbox 672 1724 776 1763; x_wconf 91' lang='lat' dir='ltr'><strong>non</strong></span> <span class='ocrx_word' id='word_1_154' title='bbox 802 1700 1028 1778; x_wconf 72' lang='lat' dir='ltr'><strong>galeam,</strong></span> <span class='ocrx_word' id='word_1_155' title='bbox 1054 1718 1381 1778; x_wconf 75' lang='lat' dir='ltr'><strong>nonat-cum,</strong></span> <span class='ocrx_word' id='word_1_156' title='bbox 1410 1716 1513 1778; x_wconf 82' lang='lat' dir='ltr'><strong>non</strong></span> <span class='ocrx_word' id='word_1_157' title='bbox 1538 1700 1833 1778; x_wconf 72' lang='lat' dir='ltr'><strong>tliomeem,</strong></span> 
     </span>
    </p>
   </div>
   <div class='ocr_carea' id='block_1_20' title="bbox 245 1772 1833 1848">
    <p class='ocr_par' dir='ltr' id='par_1_20' title="bbox 245 1772 1833 1848">
     <span class='ocr_line' id='line_1_20' title="bbox 245 1772 1833 1848; baseline -0.005 -13"><span class='ocrx_word' id='word_1_158' title='bbox 245 1798 356 1835; x_wconf 89' lang='lat' dir='ltr'><strong>non</strong></span> <span class='ocrx_word' id='word_1_159' title='bbox 386 1772 643 1845; x_wconf 72' lang='lat' dir='ltr'><strong>ocream,</strong></span> <span class='ocrx_word' id='word_1_160' title='bbox 673 1795 775 1832; x_wconf 91' lang='lat' dir='ltr'><strong>non</strong></span> <span class='ocrx_word' id='word_1_161' title='bbox 805 1772 1072 1848; x_wconf 77' lang='lat' dir='ltr'><strong>quidpiam</strong></span> <span class='ocrx_word' id='word_1_162' title='bbox 1118 1775 1256 1848; x_wconf 84' lang='lat' dir='ltr'><strong>aliud</strong></span> <span class='ocrx_word' id='word_1_163' title='bbox 1298 1773 1551 1848; x_wconf 72' lang='lat' dir='ltr'><strong>ejusdem</strong></span> <span class='ocrx_word' id='word_1_164' title='bbox 1575 1772 1789 1841; x_wconf 80' lang='lat' dir='ltr'><strong>generis</strong></span> <span class='ocrx_word' id='word_1_165' title='bbox 1815 1811 1833 1837; x_wconf 87' lang='lat'><strong>,</strong></span> 
     </span>
    </p>
   </div>
   <div class='ocr_carea' id='block_1_21' title="bbox 242 1844 1833 1921">
    <p class='ocr_par' dir='ltr' id='par_1_21' title="bbox 242 1844 1833 1921">
     <span class='ocr_line' id='line_1_21' title="bbox 242 1844 1833 1921; baseline -0.008 -14"><span class='ocrx_word' id='word_1_166' title='bbox 242 1851 344 1907; x_wconf 83' lang='lat' dir='ltr'><strong>sed</strong></span> <span class='ocrx_word' id='word_1_167' title='bbox 374 1852 516 1921; x_wconf 86' lang='lat' dir='ltr'><strong>quod</strong></span> <span class='ocrx_word' id='word_1_168' title='bbox 548 1844 633 1921; x_wconf 77' lang='lat' dir='ltr'><strong>his</strong></span> <span class='ocrx_word' id='word_1_169' title='bbox 659 1844 909 1905; x_wconf 84' lang='lat' dir='ltr'><strong>omnibus</strong></span> <span class='ocrx_word' id='word_1_170' title='bbox 935 1855 1017 1901; x_wconf 90' lang='lat' dir='ltr'><strong>est</strong></span> <span class='ocrx_word' id='word_1_171' title='bbox 1033 1845 1249 1921; x_wconf 28' lang='lat' dir='ltr'><strong>ltirmius</strong></span> <span class='ocrx_word' id='word_1_172' title='bbox 1274 1854 1328 1896; x_wconf 90' lang='lat' dir='ltr'><strong>et</strong></span> <span class='ocrx_word' id='word_1_173' title='bbox 1358 1844 1621 1921; x_wconf 78' lang='lat' dir='ltr'><strong>valentius</strong></span> <span class='ocrx_word' id='word_1_174' title='bbox 1636 1883 1661 1921; x_wconf 85' lang='lat'><strong>_,</strong></span> <span class='ocrx_word' id='word_1_175' title='bbox 1692 1858 1833 1921; x_wconf 64' lang='lat' dir='ltr'><strong>pra?-</strong></span> 
     </span>
    </p>
   </div>
   <div class='ocr_carea' id='block_1_22' title="bbox 244 1913 1835 1993">
    <p class='ocr_par' dir='ltr' id='par_1_22' title="bbox 244 1913 1835 1993">
     <span class='ocr_line' id='line_1_22' title="bbox 244 1913 1835 1993; baseline -0.005 -18"><span class='ocrx_word' id='word_1_176' title='bbox 244 1913 444 1976; x_wconf 79' lang='lat' dir='ltr'><strong>sidiuin</strong></span> <span class='ocrx_word' id='word_1_177' title='bbox 482 1918 634 1993; x_wconf 83' lang='lat' dir='ltr'><strong>quod</strong></span> <span class='ocrx_word' id='word_1_178' title='bbox 664 1935 695 1974; x_wconf 84' lang='lat' dir='ltr'><strong>a</strong></span> <span class='ocrx_word' id='word_1_179' title='bbox 724 1935 883 1993; x_wconf 82' lang='lat' dir='ltr'><strong>cruce</strong></span> <span class='ocrx_word' id='word_1_180' title='bbox 927 1915 1278 1993; x_wconf 66' lang='lat' dir='ltr'><strong>proficiscitur</strong></span> <span class='ocrx_word' id='word_1_181' title='bbox 1301 1955 1315 1976; x_wconf 91' lang='lat'><strong>,</strong></span> <span class='ocrx_word' id='word_1_182' title='bbox 1360 1914 1567 1993; x_wconf 69' lang='lat' dir='ltr'><strong>signum</strong></span> <span class='ocrx_word' id='word_1_183' title='bbox 1600 1913 1835 1993; x_wconf 68' lang='lat' dir='ltr'><strong>victoria!</strong></span> 
     </span>
    </p>
   </div>
   <div class='ocr_carea' id='block_1_23' title="bbox 243 1983 1837 2062">
    <p class='ocr_par' dir='ltr' id='par_1_23' title="bbox 243 1983 1837 2062">
     <span class='ocr_line' id='line_1_23' title="bbox 243 1983 1837 2062; baseline -0.003 -18"><span class='ocrx_word' id='word_1_184' title='bbox 243 2008 366 2062; x_wconf 77' lang='lat' dir='ltr'><strong>qttzu</strong></span> <span class='ocrx_word' id='word_1_185' title='bbox 395 1983 581 2062; x_wconf 79' lang='lat' dir='ltr'><strong>cooira</strong></span> <span class='ocrx_word' id='word_1_186' title='bbox 604 1989 864 2045; x_wconf 69' lang='lat' dir='ltr'><strong>daemonia</strong></span> <span class='ocrx_word' id='word_1_187' title='bbox 884 1983 1045 2062; x_wconf 78' lang='lat' dir='ltr'><strong>parta</strong></span> <span class='ocrx_word' id='word_1_188' title='bbox 1070 1994 1171 2062; x_wconf 80' lang='lat' dir='ltr'><strong>est.</strong></span> <span class='ocrx_word' id='word_1_189' title='bbox 1194 1984 1326 2062; x_wconf 85' lang='lat' dir='ltr'><strong>_lloc</strong></span> <span class='ocrx_word' id='word_1_190' title='bbox 1354 1983 1557 2062; x_wconf 76' lang='lat' dir='ltr'><strong>gladius</strong></span> <span class='ocrx_word' id='word_1_191' title='bbox 1582 1992 1665 2036; x_wconf 87' lang='lat' dir='ltr'><strong>est</strong></span> <span class='ocrx_word' id='word_1_192' title='bbox 1690 2022 1705 2045; x_wconf 90' lang='lat'><strong>,</strong></span> <span class='ocrx_word' id='word_1_193' title='bbox 1734 1985 1837 2039; x_wconf 88' lang='lat' dir='ltr'><strong>hoc</strong></span> 
     </span>
    </p>
   </div>
   <div class='ocr_carea' id='block_1_24' title="bbox 245 2052 1833 2126">
    <p class='ocr_par' dir='ltr' id='par_1_24' title="bbox 245 2052 1833 2126">
     <span class='ocr_line' id='line_1_24' title="bbox 245 2052 1833 2126; baseline -0.003 -12"><span class='ocrx_word' id='word_1_194' title='bbox 245 2052 481 2125; x_wconf 67' lang='lat' dir='ltr'><strong>s&#39;eutum,</strong></span> <span class='ocrx_word' id='word_1_195' title='bbox 508 2061 611 2117; x_wconf 87' lang='lat' dir='ltr'><strong>hoc</strong></span> <span class='ocrx_word' id='word_1_196' title='bbox 641 2062 851 2123; x_wconf 90' lang='lat' dir='ltr'><strong>thorax,</strong></span> <span class='ocrx_word' id='word_1_197' title='bbox 881 2052 982 2112; x_wconf 81' lang='lat' dir='ltr'><strong>hoc</strong></span> <span class='ocrx_word' id='word_1_198' title='bbox 1001 2056 1169 2126; x_wconf 80' lang='lat' dir='ltr'><strong>galea,</strong></span> <span class='ocrx_word' id='word_1_199' title='bbox 1194 2054 1294 2109; x_wconf 90' lang='lat' dir='ltr'><strong>hoc</strong></span> <span class='ocrx_word' id='word_1_200' title='bbox 1319 2066 1511 2109; x_wconf 41' lang='lat' dir='ltr'><strong>rerum.</strong></span> <span class='ocrx_word' id='word_1_201' title='bbox 1537 2052 1637 2126; x_wconf 74' lang='lat' dir='ltr'><strong>hoc</strong></span> <span class='ocrx_word' id='word_1_202' title='bbox 1664 2062 1833 2126; x_wconf 91' lang='lat' dir='ltr'><strong>tutum</strong></span> 
     </span>
    </p>
   </div>
   <div class='ocr_carea' id='block_1_25' title="bbox 246 2123 1834 2203">
    <p class='ocr_par' dir='ltr' id='par_1_25' title="bbox 246 2123 1834 2203">
     <span class='ocr_line' id='line_1_25' title="bbox 246 2123 1834 2203; baseline -0.005 -18"><span class='ocrx_word' id='word_1_203' title='bbox 246 2123 569 2203; x_wconf 83' lang='lat' dir='ltr'><strong>firmumque</strong></span> <span class='ocrx_word' id='word_1_204' title='bbox 610 2131 908 2202; x_wconf 71' lang='lat' dir='ltr'><strong>praesidium</strong></span> <span class='ocrx_word' id='word_1_205' title='bbox 934 2171 948 2193; x_wconf 93' lang='lat'><strong>,</strong></span> <span class='ocrx_word' id='word_1_206' title='bbox 972 2123 1083 2203; x_wconf 71' lang='lat' dir='ltr'><strong>hoc</strong></span> <span class='ocrx_word' id='word_1_207' title='bbox 1114 2134 1295 2203; x_wconf 64' lang='lat' dir='ltr'><strong>portus</strong></span> <span class='ocrx_word' id='word_1_208' title='bbox 1318 2164 1334 2189; x_wconf 92' lang='lat'><strong>,</strong></span> <span class='ocrx_word' id='word_1_209' title='bbox 1370 2128 1468 2203; x_wconf 80' lang='lat' dir='ltr'><strong>hoc</strong></span> <span class='ocrx_word' id='word_1_210' title='bbox 1497 2123 1790 2203; x_wconf 77' lang='lat' dir='ltr'><strong>perfugium</strong></span> <span class='ocrx_word' id='word_1_211' title='bbox 1814 2167 1834 2192; x_wconf 91' lang='lat'><strong>,</strong></span> 
     </span>
    </p>
   </div>
   <div class='ocr_carea' id='block_1_26' title="bbox 248 2194 1832 2264">
    <p class='ocr_par' dir='ltr' id='par_1_26' title="bbox 248 2194 1832 2264">
     <span class='ocr_line' id='line_1_26' title="bbox 248 2194 1832 2264; baseline -0.003 -11"><span class='ocrx_word' id='word_1_212' title='bbox 248 2205 353 2257; x_wconf 86' lang='lat' dir='ltr'><strong>hoc</strong></span> <span class='ocrx_word' id='word_1_213' title='bbox 379 2194 577 2257; x_wconf 70' lang='lat' dir='ltr'><strong>corona</strong></span> <span class='ocrx_word' id='word_1_214' title='bbox 594 2194 623 2264; x_wconf 80' lang='grc'><strong>,’</strong></span> <span class='ocrx_word' id='word_1_215' title='bbox 641 2203 738 2253; x_wconf 87' lang='lat' dir='ltr'><strong>hoc</strong></span> <span class='ocrx_word' id='word_1_216' title='bbox 763 2198 1071 2254; x_wconf 78' lang='lat' dir='ltr'><strong>certaminis</strong></span> <span class='ocrx_word' id='word_1_217' title='bbox 1100 2194 1373 2263; x_wconf 52' lang='lat' dir='ltr'><strong>pratmium</strong></span> <span class='ocrx_word' id='word_1_218' title='bbox 1400 2235 1413 2257; x_wconf 87' lang='lat'><strong>,</strong></span> <span class='ocrx_word' id='word_1_219' title='bbox 1443 2194 1544 2249; x_wconf 87' lang='lat' dir='ltr'><strong>huc</strong></span> <span class='ocrx_word' id='word_1_220' title='bbox 1572 2194 1832 2249; x_wconf 88' lang='lat' dir='ltr'><strong>bonorum</strong></span> 
     </span>
    </p>
   </div>
   <div class='ocr_carea' id='block_1_27' title="bbox 242 2274 1837 2336">
    <p class='ocr_par' dir='ltr' id='par_1_27' title="bbox 242 2274 1837 2336">
     <span class='ocr_line' id='line_1_27' title="bbox 242 2274 1837 2336; baseline -0.004 -9"><span class='ocrx_word' id='word_1_221' title='bbox 242 2274 487 2329; x_wconf 83' lang='lat' dir='ltr'><strong>omnium</strong></span> <span class='ocrx_word' id='word_1_222' title='bbox 532 2275 809 2327; x_wconf 82' lang='lat' dir='ltr'><strong>lites:tttrtts</strong></span> <span class='ocrx_word' id='word_1_223' title='bbox 830 2311 842 2329; x_wconf 85' lang='lat'><strong>,</strong></span> <span class='ocrx_word' id='word_1_224' title='bbox 874 2280 928 2322; x_wconf 91' lang='lat' dir='ltr'><strong>et</strong></span> <span class='ocrx_word' id='word_1_225' title='bbox 966 2284 1084 2336; x_wconf 74' lang='lat' dir='ltr'><strong>qum</strong></span> <span class='ocrx_word' id='word_1_226' title='bbox 1121 2282 1260 2319; x_wconf 83' lang='lat' dir='ltr'><strong>nunc</strong></span> <span class='ocrx_word' id='word_1_227' title='bbox 1290 2277 1411 2319; x_wconf 87' lang='lat' dir='ltr'><strong>sont</strong></span> <span class='ocrx_word' id='word_1_228' title='bbox 1436 2306 1451 2329; x_wconf 92' lang='lat'><strong>,</strong></span> <span class='ocrx_word' id='word_1_229' title='bbox 1480 2275 1535 2318; x_wconf 88' lang='lat' dir='ltr'><strong>et</strong></span> <span class='ocrx_word' id='word_1_230' title='bbox 1567 2280 1686 2336; x_wconf 69' lang='lat' dir='ltr'><strong>qua:</strong></span> <span class='ocrx_word' id='word_1_231' title='bbox 1712 2275 1837 2320; x_wconf 88' lang='lat' dir='ltr'><strong>sunt</strong></span> 
     </span>
    </p>
   </div>
   <div class='ocr_carea' id='block_1_28' title="bbox 245 2335 1835 2412">
    <p class='ocr_par' dir='ltr' id='par_1_28' title="bbox 245 2335 1835 2412">
     <span class='ocr_line' id='line_1_28' title="bbox 245 2335 1835 2412; baseline -0.002 -19"><span class='ocrx_word' id='word_1_232' title='bbox 245 2358 499 2412; x_wconf 87' lang='lat' dir='ltr'><strong>umquam</strong></span> <span class='ocrx_word' id='word_1_233' title='bbox 529 2344 715 2396; x_wconf 86' lang='lat' dir='ltr'><strong>futura.</strong></span> <span class='ocrx_word' id='word_1_234' title='bbox 749 2341 815 2397; x_wconf 90' lang='lat' dir='ltr'><strong>Ut</strong></span> <span class='ocrx_word' id='word_1_235' title='bbox 840 2335 1623 2412; x_wconf 75' lang='lat' dir='ltr'><strong>enimaliquissutnptisarmis</strong></span> <span class='ocrx_word' id='word_1_236' title='bbox 1642 2336 1835 2412; x_wconf 82' lang='lat' dir='ltr'><strong>quibus</strong></span> 
     </span>
    </p>
   </div>
   <div class='ocr_carea' id='block_1_29' title="bbox 243 2406 1835 2481">
    <p class='ocr_par' dir='ltr' id='par_1_29' title="bbox 243 2406 1835 2481">
     <span class='ocr_line' id='line_1_29' title="bbox 243 2406 1835 2481; baseline -0.003 -15"><span class='ocrx_word' id='word_1_237' title='bbox 243 2406 403 2467; x_wconf 82' lang='lat' dir='ltr'><strong>facile</strong></span> <span class='ocrx_word' id='word_1_238' title='bbox 432 2429 489 2466; x_wconf 85' lang='lat' dir='ltr'><strong>se</strong></span> <span class='ocrx_word' id='word_1_239' title='bbox 521 2415 651 2467; x_wconf 66' lang='lat' dir='ltr'><strong>tui-ri</strong></span> <span class='ocrx_word' id='word_1_240' title='bbox 688 2414 870 2481; x_wconf 75' lang='lat' dir='ltr'><strong>possit,</strong></span> <span class='ocrx_word' id='word_1_241' title='bbox 902 2425 963 2464; x_wconf 90' lang='lat' dir='ltr'><strong>ea</strong></span> <span class='ocrx_word' id='word_1_242' title='bbox 994 2409 1154 2481; x_wconf 86' lang='lat' dir='ltr'><strong>etiam</strong></span> <span class='ocrx_word' id='word_1_243' title='bbox 1180 2406 1269 2461; x_wconf 89' lang='lat' dir='ltr'><strong>dat</strong></span> <span class='ocrx_word' id='word_1_244' title='bbox 1296 2406 1551 2481; x_wconf 86' lang='lat' dir='ltr'><strong>militibus</strong></span> <span class='ocrx_word' id='word_1_245' title='bbox 1581 2407 1727 2473; x_wconf 88' lang='lat' dir='ltr'><strong>suis,</strong></span> <span class='ocrx_word' id='word_1_246' title='bbox 1755 2407 1835 2462; x_wconf 88' lang='lat' dir='ltr'><strong>sic</strong></span> 
     </span>
    </p>
   </div>
   <div class='ocr_carea' id='block_1_30' title="bbox 240 2478 1834 2547">
    <p class='ocr_par' dir='ltr' id='par_1_30' title="bbox 240 2478 1834 2547">
     <span class='ocr_line' id='line_1_30' title="bbox 240 2478 1834 2547; baseline -0.002 -12"><span class='ocrx_word' id='word_1_247' title='bbox 240 2488 407 2536; x_wconf 75' lang='lat' dir='ltr'><strong>etiam</strong></span> <span class='ocrx_word' id='word_1_248' title='bbox 434 2478 698 2537; x_wconf 60' lang='lat' dir='ltr'><strong>Clit-ntus</strong></span> <span class='ocrx_word' id='word_1_249' title='bbox 731 2483 934 2539; x_wconf 85' lang='lat' dir='ltr'><strong>Videte.</strong></span> <span class='ocrx_word' id='word_1_250' title='bbox 971 2479 1169 2547; x_wconf 82' lang='lat' dir='ltr'><strong>inquit,</strong></span> <span class='ocrx_word' id='word_1_251' title='bbox 1202 2478 1375 2529; x_wconf 88' lang='lat' dir='ltr'><strong>omnia</strong></span> <span class='ocrx_word' id='word_1_252' title='bbox 1405 2492 1522 2543; x_wconf 75' lang='lat' dir='ltr'><strong>qua:</strong></span> <span class='ocrx_word' id='word_1_253' title='bbox 1551 2492 1684 2529; x_wconf 80' lang='lat' dir='ltr'><strong>crux</strong></span> <span class='ocrx_word' id='word_1_254' title='bbox 1716 2492 1834 2532; x_wconf 84' lang='lat' dir='ltr'><strong>mea</strong></span> 
     </span>
    </p>
   </div>
   <div class='ocr_carea' id='block_1_31' title="bbox 243 2547 1835 2623">
    <p class='ocr_par' dir='ltr' id='par_1_31' title="bbox 243 2547 1835 2623">
     <span class='ocr_line' id='line_1_31' title="bbox 243 2547 1835 2623; baseline -0.003 -16"><span class='ocrx_word' id='word_1_255' title='bbox 243 2554 471 2623; x_wconf 60' lang='lat' dir='ltr'><strong>perfecit</strong></span> <span class='ocrx_word' id='word_1_256' title='bbox 498 2574 511 2609; x_wconf 76' lang='grc' dir='ltr'>ε</span> <span class='ocrx_word' id='word_1_257' title='bbox 545 2554 698 2608; x_wconf 86' lang='lat' dir='ltr'><strong>facite</strong></span> <span class='ocrx_word' id='word_1_258' title='bbox 727 2555 884 2606; x_wconf 87' lang='lat' dir='ltr'><strong>etiam</strong></span> <span class='ocrx_word' id='word_1_259' title='bbox 913 2565 1009 2603; x_wconf 90' lang='lat' dir='ltr'><strong>vos</strong></span> <span class='ocrx_word' id='word_1_260' title='bbox 1033 2564 1177 2603; x_wconf 89' lang='lat' dir='ltr'><strong>arma</strong></span> <span class='ocrx_word' id='word_1_261' title='bbox 1207 2547 1569 2623; x_wconf 76' lang='lat' dir='ltr'><strong>ejttsmodi,_et</strong></span> <span class='ocrx_word' id='word_1_262' title='bbox 1588 2548 1835 2623; x_wconf 72' lang='lat' dir='ltr'><strong>perficito</strong></span> 
     </span>
    </p>
   </div>
   <div class='ocr_carea' id='block_1_32' title="bbox 238 2616 1828 2693">
    <p class='ocr_par' dir='ltr' id='par_1_32' title="bbox 238 2616 1828 2693">
     <span class='ocr_line' id='line_1_32' title="bbox 238 2616 1828 2693; baseline 0.001 -19"><span class='ocrx_word' id='word_1_263' title='bbox 238 2616 505 2691; x_wconf 57' lang='lat' dir='ltr'><strong>ejusmodi</strong></span> <span class='ocrx_word' id='word_1_264' title='bbox 554 2641 671 2693; x_wconf 70' lang='lat' dir='ltr'><strong>qua:</strong></span> <span class='ocrx_word' id='word_1_265' title='bbox 710 2624 886 2677; x_wconf 84' lang='lat' dir='ltr'><strong>vultis.</strong></span> <span class='ocrx_word' id='word_1_266' title='bbox 937 2616 1267 2693; x_wconf 64' lang='lat' dir='ltr'><strong>Quamquam</strong></span> <span class='ocrx_word' id='word_1_267' title='bbox 1313 2618 1503 2693; x_wconf 71' lang='lat' dir='ltr'><strong>alicubi</strong></span> <span class='ocrx_word' id='word_1_268' title='bbox 1548 2616 1631 2670; x_wconf 87' lang='lat' dir='ltr'><strong>his</strong></span> <span class='ocrx_word' id='word_1_269' title='bbox 1669 2620 1828 2693; x_wconf 78' lang='lat' dir='ltr'><strong>etiam</strong></span> 
     </span>
    </p>
   </div>
   <div class='ocr_carea' id='block_1_33' title="bbox 242 2688 1827 2764">
    <p class='ocr_par' dir='ltr' id='par_1_33' title="bbox 242 2688 1827 2764">
     <span class='ocr_line' id='line_1_33' title="bbox 242 2688 1827 2764; baseline -0.003 -19"><span class='ocrx_word' id='word_1_270' title='bbox 242 2688 447 2764; x_wconf 79' lang='lat' dir='ltr'><strong>majora</strong></span> <span class='ocrx_word' id='word_1_271' title='bbox 494 2688 757 2763; x_wconf 70' lang='lat' dir='ltr'><strong>pollicitus</strong></span> <span class='ocrx_word' id='word_1_272' title='bbox 786 2705 868 2748; x_wconf 87' lang='lat' dir='ltr'><strong>est</strong></span> <span class='ocrx_word' id='word_1_273' title='bbox 890 2733 907 2757; x_wconf 91' lang='lat'><strong>,</strong></span> <span class='ocrx_word' id='word_1_274' title='bbox 927 2690 1023 2764; x_wconf 12' lang='lat' dir='ltr'><strong>iliis</strong></span> <span class='ocrx_word' id='word_1_275' title='bbox 1053 2689 1269 2764; x_wconf 79' lang='lat' dir='ltr'><strong>verbis:</strong></span> <span class='ocrx_word' id='word_1_276' title='bbox 1310 2688 1410 2754; x_wconf 82' lang='lat' dir='ltr'><strong>Qui</strong></span> <span class='ocrx_word' id='word_1_277' title='bbox 1451 2688 1502 2740; x_wconf 84' lang='lat' dir='ltr'><strong>in</strong></span> <span class='ocrx_word' id='word_1_278' title='bbox 1532 2704 1611 2764; x_wconf 76' lang='lat' dir='ltr'><strong>nte</strong></span> <span class='ocrx_word' id='word_1_279' title='bbox 1637 2690 1794 2764; x_wconf 68' lang='lat' dir='ltr'><strong>credit</strong></span> <span class='ocrx_word' id='word_1_280' title='bbox 1813 2731 1827 2753; x_wconf 93' lang='lat'><strong>,</strong></span> 
     </span>
    </p>
   </div>
   <div class='ocr_carea' id='block_1_34' title="bbox 238 2760 1835 2835">
    <p class='ocr_par' dir='ltr' id='par_1_34' title="bbox 238 2760 1835 2835">
     <span class='ocr_line' id='line_1_34' title="bbox 238 2760 1835 2835; baseline -0.002 -18"><span class='ocrx_word' id='word_1_281' title='bbox 238 2765 287 2817; x_wconf 67' lang='grc' dir='ltr'><strong>ὗε</strong></span> <span class='ocrx_word' id='word_1_282' title='bbox 313 2760 469 2835; x_wconf 59' lang='lat' dir='ltr'><strong>eum</strong></span> <span class='ocrx_word' id='word_1_283' title='bbox 488 2760 640 2835; x_wconf 83' lang='lat' dir='ltr'><strong>opem</strong></span> <span class='ocrx_word' id='word_1_284' title='bbox 668 2781 780 2835; x_wconf 72' lang='lat' dir='ltr'><strong>qua:</strong></span> <span class='ocrx_word' id='word_1_285' title='bbox 799 2780 889 2835; x_wconf 81' lang='lat' dir='ltr'><strong>ego</strong></span> <span class='ocrx_word' id='word_1_286' title='bbox 908 2763 1041 2835; x_wconf 76' lang='lat' dir='ltr'><strong>facio</strong></span> <span class='ocrx_word' id='word_1_287' title='bbox 1068 2761 1325 2835; x_wconf 70' lang='lat' dir='ltr'><strong>perﬁciet,</strong></span> <span class='ocrx_word' id='word_1_288' title='bbox 1354 2770 1502 2835; x_wconf 65' lang='lat' dir='ltr'><strong>atque</strong></span> <span class='ocrx_word' id='word_1_289' title='bbox 1532 2760 1609 2812; x_wconf 74' lang='lat' dir='ltr'><strong>Itis</strong></span> <span class='ocrx_word' id='word_1_290' title='bbox 1636 2761 1835 2835; x_wconf 76' lang='lat' dir='ltr'><strong>majora</strong></span> 
     </span>
    </p>
   </div>
   <div class='ocr_carea' id='block_1_35' title="bbox 241 2829 1828 2958">
    <p class='ocr_par' dir='ltr' id='par_1_35' title="bbox 241 2829 1828 2958">
     <span class='ocr_line' id='line_1_35' title="bbox 241 2829 1828 2958; baseline 0.001 -75"><span class='ocrx_word' id='word_1_291' title='bbox 241 2835 396 2958; x_wconf 57' lang='lat' dir='ltr'><strong>piciet</strong></span> <span class='ocrx_word' id='word_1_292' title='bbox 416 2829 592 2905; x_wconf 71' lang='lat' dir='ltr'><strong>(latin.</strong></span> <span class='ocrx_word' id='word_1_293' title='bbox 620 2829 705 2890; x_wconf 70' lang='grc' dir='ltr'><strong>Μ’.</strong></span> <span class='ocrx_word' id='word_1_294' title='bbox 732 2829 843 2904; x_wconf 64' lang='grc' dir='ltr'><strong>1Ξ)Ῐ</strong></span> <span class='ocrx_word' id='word_1_295' title='bbox 864 2829 1000 2901; x_wconf 86' lang='lat' dir='ltr'><strong>Quid</strong></span> <span class='ocrx_word' id='word_1_296' title='bbox 1016 2829 1192 2885; x_wconf 88' lang='lat' dir='ltr'><strong>autem</strong></span> <span class='ocrx_word' id='word_1_297' title='bbox 1216 2831 1327 2883; x_wconf 84' lang='lat' dir='ltr'><strong>vult</strong></span> <span class='ocrx_word' id='word_1_298' title='bbox 1346 2830 1445 2883; x_wconf 88' lang='lat' dir='ltr'><strong>sibi</strong></span> <span class='ocrx_word' id='word_1_299' title='bbox 1469 2829 1572 2884; x_wconf 89' lang='lat' dir='ltr'><strong>hoc</strong></span> <span class='ocrx_word' id='word_1_300' title='bbox 1585 2830 1828 2897; x_wconf 88' lang='lat' dir='ltr'><strong>verbum,</strong></span> 
     </span>
     <span class='ocr_line' id='line_1_36' title="bbox 273 2900 1828 2958; baseline -0.001 -1"><span class='ocrx_word' id='word_1_301' title='bbox 273 2904 415 2958; x_wconf 82' lang='lat' dir='ltr'><strong>&#39;ollat</strong></span> <span class='ocrx_word' id='word_1_302' title='bbox 453 2922 649 2958; x_wconf 78' lang='lat' dir='ltr'><strong>crucem</strong></span> <span class='ocrx_word' id='word_1_303' title='bbox 686 2923 828 2957; x_wconf 78' lang='lat' dir='ltr'><strong>suam</strong></span> <span class='ocrx_word' id='word_1_304' title='bbox 852 2946 868 2958; x_wconf 87' lang='lat'><strong>.</strong></span> <span class='ocrx_word' id='word_1_305' title='bbox 898 2914 946 2958; x_wconf 84' lang='lat' dir='ltr'><strong>et</strong></span> <span class='ocrx_word' id='word_1_306' title='bbox 981 2919 1060 2955; x_wconf 85' lang='lat' dir='ltr'><strong>me</strong></span> <span class='ocrx_word' id='word_1_307' title='bbox 1100 2901 1375 2958; x_wconf 77' lang='lat' dir='ltr'><strong>sequatur?</strong></span> <span class='ocrx_word' id='word_1_308' title='bbox 1413 2900 1494 2953; x_wconf 85' lang='lat' dir='ltr'><strong>Au</strong></span> <span class='ocrx_word' id='word_1_309' title='bbox 1536 2910 1592 2953; x_wconf 93' lang='lat' dir='ltr'><strong>ut</strong></span> <span class='ocrx_word' id='word_1_310' title='bbox 1632 2900 1828 2958; x_wconf 75' lang='lat' dir='ltr'><strong>lignum</strong></span> 
     </span>
    </p>
   </div>
   <div class='ocr_carea' id='block_1_36' title="bbox 273 2900 1830 2971">
    <p class='ocr_par' dir='ltr' id='par_1_36' title="bbox 273 2900 1830 2971">
     <span class='ocr_line' id='line_1_37' title="bbox 273 2900 1830 2971; baseline -0.001 -14"><span class='ocrx_word' id='word_1_311' title='bbox 273 2900 649 2959; x_wconf 45' lang='lat' dir='ltr'><strong>&#39;ollat&#39;crttcem</strong></span> <span class='ocrx_word' id='word_1_312' title='bbox 686 2900 828 2957; x_wconf 75' lang='lat' dir='ltr'><strong>suam</strong></span> <span class='ocrx_word' id='word_1_313' title='bbox 852 2946 868 2969; x_wconf 90' lang='lat'><strong>,</strong></span> <span class='ocrx_word' id='word_1_314' title='bbox 891 2900 946 2958; x_wconf 18' lang='lat' dir='ltr'><strong>iet</strong></span> <span class='ocrx_word' id='word_1_315' title='bbox 981 2919 1060 2955; x_wconf 84' lang='lat' dir='ltr'><strong>me</strong></span> <span class='ocrx_word' id='word_1_316' title='bbox 1100 2901 1375 2971; x_wconf 77' lang='lat' dir='ltr'><strong>sequatur?</strong></span> <span class='ocrx_word' id='word_1_317' title='bbox 1413 2900 1494 2953; x_wconf 85' lang='lat' dir='ltr'><strong>An</strong></span> <span class='ocrx_word' id='word_1_318' title='bbox 1536 2910 1592 2953; x_wconf 92' lang='lat' dir='ltr'><strong>ut</strong></span> <span class='ocrx_word' id='word_1_319' title='bbox 1632 2900 1830 2971; x_wconf 82' lang='lat' dir='ltr'><strong>lignum</strong></span> 
     </span>
    </p>
   </div>
   <div class='ocr_carea' id='block_1_37' title="bbox 240 2973 1830 3045">
    <p class='ocr_par' dir='ltr' id='par_1_37' title="bbox 240 2973 1830 3045">
     <span class='ocr_line' id='line_1_38' title="bbox 240 2973 1830 3045; baseline 0.001 -20"><span class='ocrx_word' id='word_1_320' title='bbox 240 2977 607 3045; x_wconf 72' lang='lat' dir='ltr'><strong>unusquisque</strong></span> <span class='ocrx_word' id='word_1_321' title='bbox 639 2988 877 3030; x_wconf 81' lang='lat' dir='ltr'><strong>nostrum</strong></span> <span class='ocrx_word' id='word_1_322' title='bbox 912 2973 1082 3045; x_wconf 80' lang='lat' dir='ltr'><strong>terat?</strong></span> <span class='ocrx_word' id='word_1_323' title='bbox 1122 2973 1462 3045; x_wconf 83' lang='lat' dir='ltr'><strong>Nequaquam</strong></span> <span class='ocrx_word' id='word_1_324' title='bbox 1493 2986 1506 3021; x_wconf 91' lang='lat'><strong>:</strong></span> <span class='ocrx_word' id='word_1_325' title='bbox 1538 2986 1661 3045; x_wconf 57' lang='lat' dir='ltr'><strong>quas</strong></span> <span class='ocrx_word' id='word_1_326' title='bbox 1688 2975 1830 3027; x_wconf 88' lang='lat' dir='ltr'><strong>enim</strong></span> 
     </span>
    </p>
   </div>
   <div class='ocr_carea' id='block_1_38' title="bbox 240 3041 1829 3111">
    <p class='ocr_par' dir='ltr' id='par_1_38' title="bbox 240 3041 1829 3111">
     <span class='ocr_line' id='line_1_39' title="bbox 240 3041 1829 3111; baseline 0.001 -15"><span class='ocrx_word' id='word_1_327' title='bbox 240 3046 364 3099; x_wconf 65' lang='lat' dir='ltr'><strong>haec</strong></span> <span class='ocrx_word' id='word_1_328' title='bbox 401 3041 566 3100; x_wconf 77' lang='lat' dir='ltr'><strong>virtus</strong></span> <span class='ocrx_word' id='word_1_329' title='bbox 592 3047 715 3101; x_wconf 84' lang='lat' dir='ltr'><strong>est?</strong></span> <span class='ocrx_word' id='word_1_330' title='bbox 766 3046 871 3100; x_wconf 74' lang='lat' dir='ltr'><strong>Sed</strong></span> <span class='ocrx_word' id='word_1_331' title='bbox 903 3051 961 3097; x_wconf 91' lang='lat' dir='ltr'><strong>ut</strong></span> <span class='ocrx_word' id='word_1_332' title='bbox 986 3043 1050 3097; x_wconf 90' lang='lat' dir='ltr'><strong>ad</strong></span> <span class='ocrx_word' id='word_1_333' title='bbox 1082 3044 1314 3111; x_wconf 80' lang='lat' dir='ltr'><strong>pericula</strong></span> <span class='ocrx_word' id='word_1_334' title='bbox 1345 3041 1592 3095; x_wconf 89' lang='lat' dir='ltr'><strong>instructi</strong></span> <span class='ocrx_word' id='word_1_335' title='bbox 1620 3042 1789 3097; x_wconf 76' lang='lat' dir='ltr'><strong>simus</strong></span> <span class='ocrx_word' id='word_1_336' title='bbox 1812 3084 1829 3109; x_wconf 95' lang='lat'><strong>,</strong></span> 
     </span>
    </p>
   </div>
   <div class='ocr_carea' id='block_1_39' title="bbox 236 3111 1831 3187">
    <p class='ocr_par' dir='ltr' id='par_1_39' title="bbox 236 3111 1831 3187">
     <span class='ocr_line' id='line_1_40' title="bbox 236 3111 1831 3187; baseline 0 -20"><span class='ocrx_word' id='word_1_337' title='bbox 236 3127 296 3169; x_wconf 80' lang='lat' dir='ltr'><strong>et</strong></span> <span class='ocrx_word' id='word_1_338' title='bbox 342 3118 651 3187; x_wconf 86' lang='lat' dir='ltr'><strong>sanguinem</strong></span> <span class='ocrx_word' id='word_1_339' title='bbox 698 3118 748 3170; x_wconf 88' lang='lat' dir='ltr'><strong>itt</strong></span> <span class='ocrx_word' id='word_1_340' title='bbox 793 3114 985 3187; x_wconf 76' lang='lat' dir='ltr'><strong>animis</strong></span> <span class='ocrx_word' id='word_1_341' title='bbox 1027 3114 1220 3187; x_wconf 72' lang='lat' dir='ltr'><strong>nostris</strong></span> <span class='ocrx_word' id='word_1_342' title='bbox 1254 3111 1733 3187; x_wconf 76' lang='lat' dir='ltr'><strong>circumferentes,</strong></span> <span class='ocrx_word' id='word_1_343' title='bbox 1764 3115 1831 3167; x_wconf 88' lang='lat' dir='ltr'><strong>ad</strong></span> 
     </span>
    </p>
   </div>
   <div class='ocr_carea' id='block_1_40' title="bbox 235 3183 1828 3253">
    <p class='ocr_par' dir='ltr' id='par_1_40' title="bbox 235 3183 1828 3253">
     <span class='ocr_line' id='line_1_41' title="bbox 235 3183 1828 3253; baseline -0.001 -15"><span class='ocrx_word' id='word_1_344' title='bbox 235 3183 522 3240; x_wconf 54' lang='lat' dir='ltr'><strong>ca-dem&#39;et</strong></span> <span class='ocrx_word' id='word_1_345' title='bbox 544 3200 765 3241; x_wconf 89' lang='lat' dir='ltr'><strong>mortem</strong></span> <span class='ocrx_word' id='word_1_346' title='bbox 788 3183 1022 3253; x_wconf 83' lang='lat' dir='ltr'><strong>quotidie</strong></span> <span class='ocrx_word' id='word_1_347' title='bbox 1044 3184 1231 3253; x_wconf 88' lang='lat' dir='ltr'><strong>parati,</strong></span> <span class='ocrx_word' id='word_1_348' title='bbox 1257 3183 1325 3236; x_wconf 88' lang='lat' dir='ltr'><strong>ita</strong></span> <span class='ocrx_word' id='word_1_349' title='bbox 1346 3184 1524 3236; x_wconf 82' lang='lat' dir='ltr'><strong>Otttnia</strong></span> <span class='ocrx_word' id='word_1_350' title='bbox 1547 3184 1799 3237; x_wconf 82' lang='lat' dir='ltr'><strong>faciamus</strong></span> <span class='ocrx_word' id='word_1_351' title='bbox 1814 3226 1828 3247; x_wconf 94' lang='lat'><strong>,</strong></span> 
     </span>
    </p>
   </div>
   <div class='ocr_carea' id='block_1_41' title="bbox 239 3257 1824 3325">
    <p class='ocr_par' dir='ltr' id='par_1_41' title="bbox 239 3257 1824 3325">
     <span class='ocr_line' id='line_1_42' title="bbox 239 3257 1824 3325; baseline 0.001 -18"><span class='ocrx_word' id='word_1_352' title='bbox 239 3265 300 3307; x_wconf 88' lang='lat' dir='ltr'><strong>ut</strong></span> <span class='ocrx_word' id='word_1_353' title='bbox 328 3258 371 3309; x_wconf 85' lang='lat' dir='ltr'><strong>si</strong></span> <span class='ocrx_word' id='word_1_354' title='bbox 398 3258 461 3311; x_wconf 88' lang='lat' dir='ltr'><strong>ad</strong></span> <span class='ocrx_word' id='word_1_355' title='bbox 493 3274 765 3325; x_wconf 72' lang='lat' dir='ltr'><strong>vesperam</strong></span> <span class='ocrx_word' id='word_1_356' title='bbox 795 3272 892 3311; x_wconf 89' lang='lat' dir='ltr'><strong>nos</strong></span> <span class='ocrx_word' id='word_1_357' title='bbox 919 3257 1147 3309; x_wconf 86' lang='lat' dir='ltr'><strong>victurus</strong></span> <span class='ocrx_word' id='word_1_358' title='bbox 1172 3268 1293 3305; x_wconf 79' lang='lat' dir='ltr'><strong>esse</strong></span> <span class='ocrx_word' id='word_1_359' title='bbox 1322 3270 1424 3306; x_wconf 89' lang='lat' dir='ltr'><strong>non</strong></span> <span class='ocrx_word' id='word_1_360' title='bbox 1451 3269 1790 3322; x_wconf 76' lang='lat' dir='ltr'><strong>sperat-emus</strong></span> <span class='ocrx_word' id='word_1_361' title='bbox 1810 3296 1824 3317; x_wconf 86' lang='lat'><strong>,</strong></span> 
     </span>
    </p>
   </div>
   <div class='ocr_carea' id='block_1_42' title="bbox 236 3326 1825 3397">
    <p class='ocr_par' dir='ltr' id='par_1_42' title="bbox 236 3326 1825 3397">
     <span class='ocr_line' id='line_1_43' title="bbox 236 3326 1825 3397; baseline 0.003 -22"><span class='ocrx_word' id='word_1_362' title='bbox 236 3328 392 3396; x_wconf 82' lang='lat' dir='ltr'><strong>quasi</strong></span> <span class='ocrx_word' id='word_1_363' title='bbox 422 3328 577 3397; x_wconf 83' lang='lat' dir='ltr'><strong>plane</strong></span> <span class='ocrx_word' id='word_1_364' title='bbox 604 3329 866 3382; x_wconf 89' lang='lat' dir='ltr'><strong>morituri.</strong></span> <span class='ocrx_word' id='word_1_365' title='bbox 898 3326 953 3381; x_wconf 88' lang='lat' dir='ltr'><strong>Id</strong></span> <span class='ocrx_word' id='word_1_366' title='bbox 982 3326 1122 3395; x_wconf 92' lang='lat' dir='ltr'><strong>quod</strong></span> <span class='ocrx_word' id='word_1_367' title='bbox 1149 3327 1318 3397; x_wconf 80' lang='lat' dir='ltr'><strong>etiam</strong></span> <span class='ocrx_word' id='word_1_368' title='bbox 1336 3328 1609 3397; x_wconf 79' lang='lat' dir='ltr'><strong>apostolus</strong></span> <span class='ocrx_word' id='word_1_369' title='bbox 1633 3326 1825 3378; x_wconf 78' lang='lat' dir='ltr'><strong>Paulus</strong></span> 
     </span>
    </p>
   </div>
   <div class='ocr_carea' id='block_1_43' title="bbox 236 3395 1828 3465">
    <p class='ocr_par' dir='ltr' id='par_1_43' title="bbox 236 3395 1828 3465">
     <span class='ocr_line' id='line_1_44' title="bbox 236 3395 1828 3465; baseline -0.001 -15"><span class='ocrx_word' id='word_1_370' title='bbox 236 3395 472 3451; x_wconf 79' lang='lat' dir='ltr'><strong>dicebat.</strong></span> <span class='ocrx_word' id='word_1_371' title='bbox 517 3398 752 3464; x_wconf 80' lang='lat' dir='ltr'><strong>Quotidie</strong></span> <span class='ocrx_word' id='word_1_372' title='bbox 779 3414 967 3452; x_wconf 82' lang='lat' dir='ltr'><strong>mortar</strong></span> <span class='ocrx_word' id='word_1_373' title='bbox 996 3398 1072 3465; x_wconf 79' lang='grc'><strong>(1.</strong></span> <span class='ocrx_word' id='word_1_374' title='bbox 1102 3397 1219 3450; x_wconf 84' lang='lat' dir='ltr'><strong>Cor.</strong></span> <span class='ocrx_word' id='word_1_375' title='bbox 1258 3395 1341 3448; x_wconf 78' lang='grc'><strong>15.</strong></span> <span class='ocrx_word' id='word_1_376' title='bbox 1369 3395 1481 3463; x_wconf 81' lang='grc'><strong>51).</strong></span> <span class='ocrx_word' id='word_1_377' title='bbox 1514 3400 1702 3448; x_wconf 81' lang='lat' dir='ltr'><strong>Annon</strong></span> <span class='ocrx_word' id='word_1_378' title='bbox 1737 3397 1828 3449; x_wconf 91' lang='lat' dir='ltr'><strong>tibi</strong></span> 
     </span>
    </p>
   </div>
   <div class='ocr_carea' id='block_1_44' title="bbox 184 3465 1827 3533">
    <p class='ocr_par' dir='ltr' id='par_1_44' title="bbox 184 3465 1827 3533">
     <span class='ocr_line' id='line_1_45' title="bbox 184 3465 1827 3533; baseline -0.004 -9"><span class='ocrx_word' id='word_1_379' title='bbox 184 3516 191 3524; x_wconf 95' lang='lat'><strong>.</strong></span> <span class='ocrx_word' id='word_1_380' title='bbox 237 3482 270 3519; x_wconf 66' lang='grc' dir='ltr'>τι</span> <span class='ocrx_word' id='word_1_381' title='bbox 304 3479 488 3522; x_wconf 87' lang='lat' dir='ltr'><strong>natura</strong></span> <span class='ocrx_word' id='word_1_382' title='bbox 519 3485 664 3523; x_wconf 84' lang='lat' dir='ltr'><strong>mors</strong></span> <span class='ocrx_word' id='word_1_383' title='bbox 694 3484 795 3522; x_wconf 86' lang='lat' dir='ltr'><strong>una</strong></span> <span class='ocrx_word' id='word_1_384' title='bbox 823 3468 1104 3524; x_wconf 81' lang='lat' dir='ltr'><strong>constituta</strong></span> <span class='ocrx_word' id='word_1_385' title='bbox 1129 3465 1248 3521; x_wconf 87' lang='lat' dir='ltr'><strong>est?</strong></span> <span class='ocrx_word' id='word_1_386' title='bbox 1276 3466 1338 3518; x_wconf 77' lang='lat' dir='ltr'><strong>Et</strong></span> <span class='ocrx_word' id='word_1_387' title='bbox 1368 3475 1543 3519; x_wconf 87' lang='lat' dir='ltr'><strong>tamen</strong></span> <span class='ocrx_word' id='word_1_388' title='bbox 1567 3467 1689 3519; x_wconf 80' lang='lat' dir='ltr'><strong>licet</strong></span> <span class='ocrx_word' id='word_1_389' title='bbox 1712 3466 1827 3533; x_wconf 83' lang='lat' dir='ltr'><strong>tibi,</strong></span> 
     </span>
    </p>
   </div>
   <div class='ocr_carea' id='block_1_45' title="bbox 236 3537 1615 3608">
    <p class='ocr_par' dir='ltr' id='par_1_45' title="bbox 236 3537 1615 3608">
     <span class='ocr_line' id='line_1_46' title="bbox 236 3537 1615 3608; baseline -0.001 -17"><span class='ocrx_word' id='word_1_390' title='bbox 236 3539 287 3592; x_wconf 82' lang='lat' dir='ltr'><strong>si</strong></span> <span class='ocrx_word' id='word_1_391' title='bbox 317 3537 478 3604; x_wconf 89' lang='lat' dir='ltr'><strong>libet,</strong></span> <span class='ocrx_word' id='word_1_392' title='bbox 507 3541 700 3594; x_wconf 87' lang='lat' dir='ltr'><strong>millies</strong></span> <span class='ocrx_word' id='word_1_393' title='bbox 729 3555 824 3608; x_wconf 89' lang='lat' dir='ltr'><strong>pro</strong></span> <span class='ocrx_word' id='word_1_394' title='bbox 851 3539 1072 3593; x_wconf 89' lang='lat' dir='ltr'><strong>Domino</strong></span> <span class='ocrx_word' id='word_1_395' title='bbox 1093 3548 1317 3590; x_wconf 88' lang='lat' dir='ltr'><strong>mortem</strong></span> <span class='ocrx_word' id='word_1_396' title='bbox 1340 3544 1615 3604; x_wconf 88' lang='lat' dir='ltr'><strong>oppetere.</strong></span> 
     </span>
    </p>
   </div>
   <div class='ocr_carea' id='block_1_46' title="bbox 314 3606 1830 3680">
    <p class='ocr_par' dir='ltr' id='par_1_46' title="bbox 314 3606 1830 3680">
     <span class='ocr_line' id='line_1_47' title="bbox 314 3606 1830 3680; baseline 0.001 -19"><span class='ocrx_word' id='word_1_397' title='bbox 314 3608 367 3661; x_wconf 77' lang='lat'><strong>2.</strong></span> <span class='ocrx_word' id='word_1_398' title='bbox 409 3609 505 3664; x_wconf 85' lang='lat' dir='ltr'><strong>Hic</strong></span> <span class='ocrx_word' id='word_1_399' title='bbox 535 3613 675 3664; x_wconf 90' lang='lat' dir='ltr'><strong>enim</strong></span> <span class='ocrx_word' id='word_1_400' title='bbox 705 3606 887 3680; x_wconf 72' lang='lat' dir='ltr'><strong>gratite</strong></span> <span class='ocrx_word' id='word_1_401' title='bbox 927 3624 1043 3662; x_wconf 90' lang='lat' dir='ltr'><strong>mos</strong></span> <span class='ocrx_word' id='word_1_402' title='bbox 1072 3617 1154 3660; x_wconf 89' lang='lat' dir='ltr'><strong>est</strong></span> <span class='ocrx_word' id='word_1_403' title='bbox 1177 3648 1191 3672; x_wconf 94' lang='lat'><strong>,</strong></span> <span class='ocrx_word' id='word_1_404' title='bbox 1224 3617 1516 3680; x_wconf 79' lang='lat' dir='ltr'><strong>egestatem</strong></span> <span class='ocrx_word' id='word_1_405' title='bbox 1544 3623 1667 3680; x_wconf 53' lang='lat' dir='ltr'><strong>qua;</strong></span> <span class='ocrx_word' id='word_1_406' title='bbox 1690 3606 1830 3680; x_wconf 87' lang='lat' dir='ltr'><strong>apud</strong></span> 
     </span>
    </p>
   </div>
   <div class='ocr_carea' id='block_1_47' title="bbox 236 3678 1830 3748">
    <p class='ocr_par' dir='ltr' id='par_1_47' title="bbox 236 3678 1830 3748">
     <span class='ocr_line' id='line_1_48' title="bbox 236 3678 1830 3748; baseline -0.001 -16"><span class='ocrx_word' id='word_1_407' title='bbox 236 3681 445 3734; x_wconf 76' lang='lat' dir='ltr'><strong>amicos</strong></span> <span class='ocrx_word' id='word_1_408' title='bbox 488 3690 607 3746; x_wconf 89' lang='lat' dir='ltr'><strong>est,</strong></span> <span class='ocrx_word' id='word_1_409' title='bbox 652 3678 859 3735; x_wconf 80' lang='lat' dir='ltr'><strong>Domini</strong></span> <span class='ocrx_word' id='word_1_410' title='bbox 902 3680 1225 3748; x_wconf 82' lang='lat' dir='ltr'><strong>benignitate</strong></span> <span class='ocrx_word' id='word_1_411' title='bbox 1259 3678 1323 3730; x_wconf 89' lang='lat' dir='ltr'><strong>ad</strong></span> <span class='ocrx_word' id='word_1_412' title='bbox 1362 3691 1579 3746; x_wconf 84' lang='lat' dir='ltr'><strong>magnas</strong></span> <span class='ocrx_word' id='word_1_413' title='bbox 1618 3678 1830 3733; x_wconf 86' lang='lat' dir='ltr'><strong>divitias</strong></span> 
     </span>
    </p>
   </div>
   <div class='ocr_carea' id='block_1_48' title="bbox 240 3749 1828 3820">
    <p class='ocr_par' dir='ltr' id='par_1_48' title="bbox 240 3749 1828 3820">
     <span class='ocr_line' id='line_1_49' title="bbox 240 3749 1828 3820; baseline 0.001 -18"><span class='ocrx_word' id='word_1_414' title='bbox 240 3750 558 3816; x_wconf 71' lang='lat' dir='ltr'><strong>perducere,</strong></span> <span class='ocrx_word' id='word_1_415' title='bbox 580 3753 666 3820; x_wconf 88' lang='lat' dir='ltr'><strong>qui</strong></span> <span class='ocrx_word' id='word_1_416' title='bbox 695 3768 800 3805; x_wconf 87' lang='lat' dir='ltr'><strong>nou</strong></span> <span class='ocrx_word' id='word_1_417' title='bbox 828 3766 1005 3806; x_wconf 86' lang='lat' dir='ltr'><strong>rerum</strong></span> <span class='ocrx_word' id='word_1_418' title='bbox 1033 3749 1189 3801; x_wconf 87' lang='lat' dir='ltr'><strong>modo</strong></span> <span class='ocrx_word' id='word_1_419' title='bbox 1215 3760 1429 3810; x_wconf 85' lang='lat' dir='ltr'><strong>eventu,</strong></span> <span class='ocrx_word' id='word_1_420' title='bbox 1455 3763 1639 3802; x_wconf 87' lang='lat' dir='ltr'><strong>verum</strong></span> <span class='ocrx_word' id='word_1_421' title='bbox 1668 3750 1828 3803; x_wconf 88' lang='lat' dir='ltr'><strong>etiam</strong></span> 
     </span>
    </p>
   </div>
   <div class='ocr_carea' id='block_1_49' title="bbox 236 3820 1827 3893">
    <p class='ocr_par' dir='ltr' id='par_1_49' title="bbox 236 3820 1827 3893">
     <span class='ocr_line' id='line_1_50' title="bbox 236 3820 1827 3893; baseline 0.001 -21"><span class='ocrx_word' id='word_1_422' title='bbox 236 3821 561 3875; x_wconf 67' lang='lat' dir='ltr'><strong>certantium</strong></span> <span class='ocrx_word' id='word_1_423' title='bbox 604 3822 878 3893; x_wconf 69' lang='lat' dir='ltr'><strong>proposito</strong></span> <span class='ocrx_word' id='word_1_424' title='bbox 912 3820 1281 3893; x_wconf 58' lang='lat' dir='ltr'><strong>etvoluntate</strong></span> <span class='ocrx_word' id='word_1_425' title='bbox 1322 3834 1545 3893; x_wconf 79' lang='lat' dir='ltr'><strong>Coronas</strong></span> <span class='ocrx_word' id='word_1_426' title='bbox 1588 3821 1827 3873; x_wconf 87' lang='lat' dir='ltr'><strong>metitur.</strong></span> 
     </span>
    </p>
   </div>
   <div class='ocr_carea' id='block_1_50' title="bbox 238 3890 1830 3958">
    <p class='ocr_par' dir='ltr' id='par_1_50' title="bbox 238 3890 1830 3958">
     <span class='ocr_line' id='line_1_51' title="bbox 238 3890 1830 3958; baseline 0 -15"><span class='ocrx_word' id='word_1_427' title='bbox 238 3893 380 3956; x_wconf 69' lang='lat' dir='ltr'><strong>Quid</strong></span> <span class='ocrx_word' id='word_1_428' title='bbox 407 3900 583 3947; x_wconf 87' lang='lat' dir='ltr'><strong>autetn</strong></span> <span class='ocrx_word' id='word_1_429' title='bbox 606 3890 740 3945; x_wconf 81' lang='lat' dir='ltr'><strong>illud</strong></span> <span class='ocrx_word' id='word_1_430' title='bbox 773 3904 874 3957; x_wconf 92' lang='lat' dir='ltr'><strong>est,</strong></span> <span class='ocrx_word' id='word_1_431' title='bbox 909 3891 1111 3943; x_wconf 80' lang='lat' dir='ltr'><strong>Tollat?</strong></span> <span class='ocrx_word' id='word_1_432' title='bbox 1137 3890 1207 3942; x_wconf 90' lang='lat' dir='ltr'><strong>Ita</strong></span> <span class='ocrx_word' id='word_1_433' title='bbox 1231 3902 1367 3954; x_wconf 85' lang='lat' dir='ltr'><strong>esto,</strong></span> <span class='ocrx_word' id='word_1_434' title='bbox 1398 3890 1587 3958; x_wconf 87' lang='lat' dir='ltr'><strong>inquit,</strong></span> <span class='ocrx_word' id='word_1_435' title='bbox 1615 3901 1830 3957; x_wconf 83' lang='lat' dir='ltr'><strong>paratus</strong></span> 
     </span>
    </p>
   </div>
   <div class='ocr_carea' id='block_1_51' title="bbox 236 3962 1828 4029">
    <p class='ocr_par' dir='ltr' id='par_1_51' title="bbox 236 3962 1828 4029">
     <span class='ocr_line' id='line_1_52' title="bbox 236 3962 1828 4029; baseline 0.002 -16"><span class='ocrx_word' id='word_1_436' title='bbox 236 3962 310 4014; x_wconf 81' lang='lat' dir='ltr'><strong>ad</strong></span> <span class='ocrx_word' id='word_1_437' title='bbox 337 3962 539 4017; x_wconf 63' lang='lat' dir='ltr'><strong>caedem</strong></span> <span class='ocrx_word' id='word_1_438' title='bbox 568 3971 622 4017; x_wconf 90' lang='lat' dir='ltr'><strong>et</strong></span> <span class='ocrx_word' id='word_1_439' title='bbox 646 3979 857 4017; x_wconf 89' lang='lat' dir='ltr'><strong>crucem</strong></span> <span class='ocrx_word' id='word_1_440' title='bbox 880 4006 894 4026; x_wconf 92' lang='lat'><strong>,</strong></span> <span class='ocrx_word' id='word_1_441' title='bbox 924 3975 980 4015; x_wconf 89' lang='lat' dir='ltr'><strong>ut</strong></span> <span class='ocrx_word' id='word_1_442' title='bbox 1017 3962 1059 4015; x_wconf 89' lang='lat' dir='ltr'><strong>is</strong></span> <span class='ocrx_word' id='word_1_443' title='bbox 1086 3962 1170 4029; x_wconf 86' lang='lat' dir='ltr'><strong>qui</strong></span> <span class='ocrx_word' id='word_1_444' title='bbox 1202 3976 1318 4015; x_wconf 88' lang='lat' dir='ltr'><strong>eam</strong></span> <span class='ocrx_word' id='word_1_445' title='bbox 1352 3962 1586 4014; x_wconf 85' lang='lat' dir='ltr'><strong>humeris</strong></span> <span class='ocrx_word' id='word_1_446' title='bbox 1614 3972 1789 4029; x_wconf 87' lang='lat' dir='ltr'><strong>portat</strong></span> <span class='ocrx_word' id='word_1_447' title='bbox 1814 3979 1828 4017; x_wconf 89' lang='lat'><strong>:</strong></span> 
     </span>
    </p>
   </div>
   <div class='ocr_carea' id='block_1_52' title="bbox 238 4032 1825 4100">
    <p class='ocr_par' dir='ltr' id='par_1_52' title="bbox 238 4032 1825 4100">
     <span class='ocr_line' id='line_1_53' title="bbox 238 4032 1825 4100; baseline -0.002 -14"><span class='ocrx_word' id='word_1_448' title='bbox 238 4032 315 4086; x_wconf 86' lang='lat' dir='ltr'><strong>ita</strong></span> <span class='ocrx_word' id='word_1_449' title='bbox 346 4034 549 4088; x_wconf 89' lang='lat' dir='ltr'><strong>vicinus</strong></span> <span class='ocrx_word' id='word_1_450' title='bbox 579 4036 734 4086; x_wconf 89' lang='lat' dir='ltr'><strong>tuorti</strong></span> <span class='ocrx_word' id='word_1_451' title='bbox 775 4035 1126 4088; x_wconf 72' lang='lat' dir='ltr'><strong>existimetur.</strong></span> <span class='ocrx_word' id='word_1_452' title='bbox 1161 4033 1358 4085; x_wconf 83' lang='lat' dir='ltr'><strong>Omnes</strong></span> <span class='ocrx_word' id='word_1_453' title='bbox 1385 4032 1543 4084; x_wconf 87' lang='lat' dir='ltr'><strong>talem</strong></span> <span class='ocrx_word' id='word_1_454' title='bbox 1573 4032 1825 4100; x_wconf 83' lang='lat' dir='ltr'><strong>obstupe-</strong></span> 
     </span>
    </p>
   </div>
   <div class='ocr_carea' id='block_1_53' title="bbox 236 4102 1831 4172">
    <p class='ocr_par' dir='ltr' id='par_1_53' title="bbox 236 4102 1831 4172">
     <span class='ocr_line' id='line_1_54' title="bbox 236 4102 1831 4172; baseline 0 -17"><span class='ocrx_word' id='word_1_455' title='bbox 236 4112 400 4156; x_wconf 67' lang='lat' dir='ltr'><strong>scunt</strong></span> <span class='ocrx_word' id='word_1_456' title='bbox 422 4120 437 4156; x_wconf 87' lang='lat'><strong>:</strong></span> <span class='ocrx_word' id='word_1_457' title='bbox 462 4117 635 4172; x_wconf 89' lang='lat' dir='ltr'><strong>neque</strong></span> <span class='ocrx_word' id='word_1_458' title='bbox 655 4105 796 4158; x_wconf 90' lang='lat' dir='ltr'><strong>enim</strong></span> <span class='ocrx_word' id='word_1_459' title='bbox 823 4105 957 4158; x_wconf 88' lang='lat' dir='ltr'><strong>adeo</strong></span> <span class='ocrx_word' id='word_1_460' title='bbox 986 4105 1127 4157; x_wconf 91' lang='lat' dir='ltr'><strong>mille</strong></span> <span class='ocrx_word' id='word_1_461' title='bbox 1152 4103 1313 4156; x_wconf 89' lang='lat' dir='ltr'><strong>armis</strong></span> <span class='ocrx_word' id='word_1_462' title='bbox 1338 4106 1621 4155; x_wconf 82' lang='lat' dir='ltr'><strong>instructos</strong></span> <span class='ocrx_word' id='word_1_463' title='bbox 1645 4102 1831 4155; x_wconf 83' lang='lat' dir='ltr'><strong>buma-</strong></span> 
     </span>
    </p>
   </div>
   <div class='ocr_carea' id='block_1_54' title="bbox 240 4174 1830 4240">
    <p class='ocr_par' dir='ltr' id='par_1_54' title="bbox 240 4174 1830 4240">
     <span class='ocr_line' id='line_1_55' title="bbox 240 4174 1830 4240; baseline 0.001 -14"><span class='ocrx_word' id='word_1_464' title='bbox 240 4188 329 4226; x_wconf 85' lang='lat' dir='ltr'><strong>tus</strong></span> <span class='ocrx_word' id='word_1_465' title='bbox 354 4216 368 4236; x_wconf 86' lang='lat'><strong>,</strong></span> <span class='ocrx_word' id='word_1_466' title='bbox 399 4183 453 4227; x_wconf 91' lang='lat' dir='ltr'><strong>et</strong></span> <span class='ocrx_word' id='word_1_467' title='bbox 499 4174 597 4229; x_wconf 90' lang='lat' dir='ltr'><strong>hac</strong></span> <span class='ocrx_word' id='word_1_468' title='bbox 638 4175 951 4229; x_wconf 84' lang='lat' dir='ltr'><strong>fortitudine</strong></span> <span class='ocrx_word' id='word_1_469' title='bbox 992 4175 1221 4226; x_wconf 83' lang='lat' dir='ltr'><strong>munitos</strong></span> <span class='ocrx_word' id='word_1_470' title='bbox 1268 4174 1729 4240; x_wconf 63' lang='lat' dir='ltr'><strong>pertimescimus,</strong></span> <span class='ocrx_word' id='word_1_471' title='bbox 1774 4183 1830 4227; x_wconf 86' lang='grc' dir='ltr'><strong>ιιι</strong></span> 
     </span>
    </p>
   </div>
   <div class='ocr_carea' id='block_1_55' title="bbox 240 4243 1829 4313">
    <p class='ocr_par' dir='ltr' id='par_1_55' title="bbox 240 4243 1829 4313">
     <span class='ocr_line' id='line_1_56' title="bbox 240 4243 1829 4313; baseline 0.001 -17"><span class='ocrx_word' id='word_1_472' title='bbox 240 4243 386 4297; x_wconf 84' lang='lat' dir='ltr'><strong>hunc</strong></span> <span class='ocrx_word' id='word_1_473' title='bbox 416 4244 657 4299; x_wconf 86' lang='lat' dir='ltr'><strong>libertate</strong></span> <span class='ocrx_word' id='word_1_474' title='bbox 700 4245 999 4313; x_wconf 72' lang='lat' dir='ltr'><strong>huiusmodi</strong></span> <span class='ocrx_word' id='word_1_475' title='bbox 1031 4244 1325 4313; x_wconf 70' lang='lat' dir='ltr'><strong>praeditum.</strong></span> <span class='ocrx_word' id='word_1_476' title='bbox 1372 4243 1509 4297; x_wconf 62' lang='lat' dir='ltr'><strong>Nihil</strong></span> <span class='ocrx_word' id='word_1_477' title='bbox 1542 4260 1680 4297; x_wconf 82' lang='lat' dir='ltr'><strong>cnim</strong></span> <span class='ocrx_word' id='word_1_478' title='bbox 1710 4256 1829 4298; x_wconf 89' lang='lat' dir='ltr'><strong>tan-</strong></span> 
     </span>
    </p>
   </div>
   <div class='ocr_carea' id='block_1_56' title="bbox 240 4316 1830 4386">
    <p class='ocr_par' dir='ltr' id='par_1_56' title="bbox 240 4316 1830 4386">
     <span class='ocr_line' id='line_1_57' title="bbox 240 4316 1830 4386; baseline 0.001 -18"><span class='ocrx_word' id='word_1_479' title='bbox 240 4325 429 4381; x_wconf 86' lang='lat' dir='ltr'><strong>topere</strong></span> <span class='ocrx_word' id='word_1_480' title='bbox 469 4324 695 4370; x_wconf 88' lang='lat' dir='ltr'><strong>mortem</strong></span> <span class='ocrx_word' id='word_1_481' title='bbox 726 4317 903 4386; x_wconf 88' lang='lat' dir='ltr'><strong>fugat,</strong></span> <span class='ocrx_word' id='word_1_482' title='bbox 938 4328 992 4370; x_wconf 93' lang='lat' dir='ltr'><strong>ut</strong></span> <span class='ocrx_word' id='word_1_483' title='bbox 1026 4318 1211 4369; x_wconf 85' lang='lat' dir='ltr'><strong>mortis</strong></span> <span class='ocrx_word' id='word_1_484' title='bbox 1241 4316 1584 4381; x_wconf 75' lang='lat' dir='ltr'><strong>contemptio.</strong></span> <span class='ocrx_word' id='word_1_485' title='bbox 1632 4316 1735 4369; x_wconf 82' lang='lat' dir='ltr'><strong>Sed</strong></span> <span class='ocrx_word' id='word_1_486' title='bbox 1765 4332 1830 4369; x_wconf 90' lang='lat' dir='ltr'><strong>ne</strong></span> 
     </span>
    </p>
   </div>
   <div class='ocr_carea' id='block_1_57' title="bbox 239 4386 1828 4455">
    <p class='ocr_par' dir='ltr' id='par_1_57' title="bbox 239 4386 1828 4455">
     <span class='ocr_line' id='line_1_58' title="bbox 239 4386 1828 4455; baseline 0.001 -18"><span class='ocrx_word' id='word_1_487' title='bbox 239 4388 366 4455; x_wconf 75' lang='lat' dir='ltr'><strong>quis</strong></span> <span class='ocrx_word' id='word_1_488' title='bbox 386 4386 717 4442; x_wconf 82' lang='lat' dir='ltr'><strong>existimaret</strong></span> <span class='ocrx_word' id='word_1_489' title='bbox 744 4387 1028 4441; x_wconf 85' lang='lat' dir='ltr'><strong>bocunum</strong></span> <span class='ocrx_word' id='word_1_490' title='bbox 1062 4389 1189 4439; x_wconf 80' lang='lat' dir='ltr'><strong>satis</strong></span> <span class='ocrx_word' id='word_1_491' title='bbox 1218 4401 1353 4447; x_wconf 79' lang='lat' dir='ltr'><strong>esse,</strong></span> <span class='ocrx_word' id='word_1_492' title='bbox 1384 4397 1592 4452; x_wconf 84' lang='lat' dir='ltr'><strong>paratos</strong></span> <span class='ocrx_word' id='word_1_493' title='bbox 1616 4402 1736 4440; x_wconf 80' lang='lat' dir='ltr'><strong>esse</strong></span> <span class='ocrx_word' id='word_1_494' title='bbox 1762 4387 1828 4439; x_wconf 89' lang='lat' dir='ltr'><strong>ad</strong></span> 
     </span>
    </p>
   </div>
   <div class='ocr_carea' id='block_1_58' title="bbox 241 4457 1826 4537">
    <p class='ocr_par' dir='ltr' id='par_1_58' title="bbox 241 4457 1826 4537">
     <span class='ocr_line' id='line_1_59' title="bbox 241 4457 1826 4537; baseline -0.001 -27"><span class='ocrx_word' id='word_1_495' title='bbox 241 4467 470 4536; x_wconf 81' lang='lat' dir='ltr'><strong>mortem</strong></span> <span class='ocrx_word' id='word_1_496' title='bbox 500 4467 647 4537; x_wconf 58' lang='lat' dir='ltr'><strong>tsuut</strong></span> <span class='ocrx_word' id='word_1_497' title='bbox 674 4460 897 4537; x_wconf 72' lang='lat' dir='ltr'><strong>enimet</strong></span> <span class='ocrx_word' id='word_1_498' title='bbox 926 4461 1177 4537; x_wconf 76' lang='lat' dir='ltr'><strong>latrones,</strong></span> <span class='ocrx_word' id='word_1_499' title='bbox 1206 4466 1259 4510; x_wconf 89' lang='lat' dir='ltr'><strong>et</strong></span> <span class='ocrx_word' id='word_1_500' title='bbox 1286 4457 1503 4537; x_wconf 75' lang='lat' dir='ltr'><strong>venefici</strong></span> <span class='ocrx_word' id='word_1_501' title='bbox 1531 4457 1790 4537; x_wconf 46' lang='lat' dir='ltr'><strong>ejusn-tpdi</strong></span> <span class='ocrx_word' id='word_1_502' title='bbox 1813 4498 1826 4518; x_wconf 88' lang='lat'><strong>,</strong></span> 
     </span>
    </p>
   </div>
   <div class='ocr_carea' id='block_1_59' title="bbox 241 4527 1831 4596">
    <p class='ocr_par' dir='ltr' id='par_1_59' title="bbox 241 4527 1831 4596">
     <span class='ocr_line' id='line_1_60' title="bbox 241 4527 1831 4596; baseline -0.001 -15"><span class='ocrx_word' id='word_1_503' title='bbox 241 4538 301 4581; x_wconf 82' lang='lat' dir='ltr'><strong>ct</strong></span> <span class='ocrx_word' id='word_1_504' title='bbox 330 4527 605 4594; x_wconf 64' lang='lat' dir='ltr'><strong>parricida:</strong></span> <span class='ocrx_word' id='word_1_505' title='bbox 632 4530 869 4596; x_wconf 85' lang='lat' dir='ltr'><strong>omnes),</strong></span> <span class='ocrx_word' id='word_1_506' title='bbox 902 4530 969 4583; x_wconf 91' lang='lat' dir='ltr'><strong>ob</strong></span> <span class='ocrx_word' id='word_1_507' title='bbox 994 4545 1109 4582; x_wconf 87' lang='lat' dir='ltr'><strong>eam</strong></span> <span class='ocrx_word' id='word_1_508' title='bbox 1140 4542 1354 4579; x_wconf 85' lang='lat' dir='ltr'><strong>causam</strong></span> <span class='ocrx_word' id='word_1_509' title='bbox 1386 4527 1587 4579; x_wconf 77' lang='lat' dir='ltr'><strong>addidit</strong></span> <span class='ocrx_word' id='word_1_510' title='bbox 1616 4544 1628 4579; x_wconf 92' lang='lat'>:</span> <span class='ocrx_word' id='word_1_511' title='bbox 1659 4527 1726 4580; x_wconf 79' lang='lat' dir='ltr'><strong>Et</strong></span> <span class='ocrx_word' id='word_1_512' title='bbox 1755 4541 1831 4581; x_wconf 83' lang='lat' dir='ltr'><strong>me</strong></span> 
     </span>
    </p>
   </div>
   <div class='ocr_carea' id='block_1_60' title="bbox 243 4599 1827 4669">
    <p class='ocr_par' dir='ltr' id='par_1_60' title="bbox 243 4599 1827 4669">
     <span class='ocr_line' id='line_1_61' title="bbox 243 4599 1827 4669; baseline 0 -18"><span class='ocrx_word' id='word_1_513' title='bbox 243 4608 498 4663; x_wconf 76' lang='lat' dir='ltr'><strong>sequatur.</strong></span> <span class='ocrx_word' id='word_1_514' title='bbox 535 4599 644 4653; x_wconf 75' lang='lat' dir='ltr'><strong>Non</strong></span> <span class='ocrx_word' id='word_1_515' title='bbox 676 4602 861 4652; x_wconf 86' lang='lat' dir='ltr'><strong>fottetu</strong></span> <span class='ocrx_word' id='word_1_516' title='bbox 882 4642 893 4661; x_wconf 93' lang='lat'><strong>,</strong></span> <span class='ocrx_word' id='word_1_517' title='bbox 930 4602 1126 4668; x_wconf 83' lang='lat' dir='ltr'><strong>inquit,</strong></span> <span class='ocrx_word' id='word_1_518' title='bbox 1157 4599 1318 4652; x_wconf 89' lang='lat' dir='ltr'><strong>modo</strong></span> <span class='ocrx_word' id='word_1_519' title='bbox 1347 4613 1549 4669; x_wconf 68' lang='lat' dir='ltr'><strong>qumro,</strong></span> <span class='ocrx_word' id='word_1_520' title='bbox 1582 4613 1679 4652; x_wconf 87' lang='lat' dir='ltr'><strong>nec</strong></span> <span class='ocrx_word' id='word_1_521' title='bbox 1708 4616 1827 4652; x_wconf 89' lang='lat' dir='ltr'><strong>eum</strong></span> 
     </span>
    </p>
   </div>
   <div class='ocr_carea' id='block_1_61' title="bbox 242 4669 1827 4738">
    <p class='ocr_par' dir='ltr' id='par_1_61' title="bbox 242 4669 1827 4738">
     <span class='ocr_line' id='line_1_62' title="bbox 242 4669 1827 4738; baseline 0.001 -18"><span class='ocrx_word' id='word_1_522' title='bbox 242 4672 334 4735; x_wconf 73' lang='lat' dir='ltr'><strong>qui</strong></span> <span class='ocrx_word' id='word_1_523' title='bbox 362 4671 822 4738; x_wconf 73' lang='lat' dir='ltr'><strong>appropinquante</strong></span> <span class='ocrx_word' id='word_1_524' title='bbox 855 4682 1024 4723; x_wconf 87' lang='lat' dir='ltr'><strong>morte</strong></span> <span class='ocrx_word' id='word_1_525' title='bbox 1069 4684 1172 4722; x_wconf 90' lang='lat' dir='ltr'><strong>non</strong></span> <span class='ocrx_word' id='word_1_526' title='bbox 1214 4669 1475 4722; x_wconf 83' lang='lat' dir='ltr'><strong>hortcscit</strong></span> <span class='ocrx_word' id='word_1_527' title='bbox 1498 4709 1512 4731; x_wconf 91' lang='lat'><strong>,</strong></span> <span class='ocrx_word' id='word_1_528' title='bbox 1546 4672 1637 4724; x_wconf 68' lang='lat' dir='ltr'><strong>sed</strong></span> <span class='ocrx_word' id='word_1_529' title='bbox 1669 4671 1827 4721; x_wconf 87' lang='lat' dir='ltr'><strong>etiam</strong></span> 
     </span>
    </p>
   </div>
   <div class='ocr_carea' id='block_1_62' title="bbox 243 4738 1831 4805">
    <p class='ocr_par' dir='ltr' id='par_1_62' title="bbox 243 4738 1831 4805">
     <span class='ocr_line' id='line_1_63' title="bbox 243 4738 1831 4805; baseline 0.001 -13"><span class='ocrx_word' id='word_1_530' title='bbox 243 4739 444 4792; x_wconf 89' lang='lat' dir='ltr'><strong>bonum</strong></span> <span class='ocrx_word' id='word_1_531' title='bbox 471 4779 486 4801; x_wconf 89' lang='lat'><strong>,</strong></span> <span class='ocrx_word' id='word_1_532' title='bbox 526 4741 883 4794; x_wconf 86' lang='lat' dir='ltr'><strong>continentem</strong></span> <span class='ocrx_word' id='word_1_533' title='bbox 907 4780 922 4805; x_wconf 94' lang='lat'><strong>,</strong></span> <span class='ocrx_word' id='word_1_534' title='bbox 958 4742 1327 4803; x_wconf 89' lang='lat' dir='ltr'><strong>moderatum,</strong></span> <span class='ocrx_word' id='word_1_535' title='bbox 1362 4738 1609 4805; x_wconf 84' lang='lat' dir='ltr'><strong>omnique</strong></span> <span class='ocrx_word' id='word_1_536' title='bbox 1640 4743 1831 4793; x_wconf 85' lang='lat' dir='ltr'><strong>virtute</strong></span> 
     </span>
    </p>
   </div>
   <div class='ocr_carea' id='block_1_63' title="bbox 242 4808 1829 4877">
    <p class='ocr_par' dir='ltr' id='par_1_63' title="bbox 242 4808 1829 4877">
     <span class='ocr_line' id='line_1_64' title="bbox 242 4808 1829 4877; baseline 0.003 -20"><span class='ocrx_word' id='word_1_537' title='bbox 242 4809 551 4877; x_wconf 74' lang='grc' dir='ltr'>ιιι-ςιιιιιιιιηι.</span> <span class='ocrx_word' id='word_1_538' title='bbox 586 4810 768 4865; x_wconf 85' lang='lat' dir='ltr'><strong>Vidisti</strong></span> <span class='ocrx_word' id='word_1_539' title='bbox 796 4812 969 4865; x_wconf 87' lang='lat' dir='ltr'><strong>crucis</strong></span> <span class='ocrx_word' id='word_1_540' title='bbox 995 4810 1371 4872; x_wconf 86' lang='lat' dir='ltr'><strong>ministerium,</strong></span> <span class='ocrx_word' id='word_1_541' title='bbox 1406 4826 1504 4862; x_wconf 85' lang='lat' dir='ltr'><strong>nec</strong></span> <span class='ocrx_word' id='word_1_542' title='bbox 1531 4826 1579 4860; x_wconf 89' lang='grc' dir='ltr'><strong>ιιι</strong></span> <span class='ocrx_word' id='word_1_543' title='bbox 1606 4808 1829 4862; x_wconf 86' lang='lat' dir='ltr'><strong>Domino</strong></span> 
     </span>
    </p>
   </div>
   <div class='ocr_carea' id='block_1_64' title="bbox 240 4880 1831 4944">
    <p class='ocr_par' dir='ltr' id='par_1_64' title="bbox 240 4880 1831 4944">
     <span class='ocr_line' id='line_1_65' title="bbox 240 4880 1831 4944; baseline 0.002 -13"><span class='ocrx_word' id='word_1_544' title='bbox 240 4882 417 4933; x_wconf 71' lang='lat' dir='ltr'><strong>Solum</strong></span> <span class='ocrx_word' id='word_1_545' title='bbox 443 4920 458 4944; x_wconf 92' lang='lat'><strong>,</strong></span> <span class='ocrx_word' id='word_1_546' title='bbox 488 4895 671 4935; x_wconf 87' lang='lat' dir='ltr'><strong>verum</strong></span> <span class='ocrx_word' id='word_1_547' title='bbox 713 4883 873 4935; x_wconf 86' lang='lat' dir='ltr'><strong>etiam</strong></span> <span class='ocrx_word' id='word_1_548' title='bbox 920 4882 970 4934; x_wconf 88' lang='lat' dir='ltr'><strong>in</strong></span> <span class='ocrx_word' id='word_1_549' title='bbox 1013 4883 1182 4936; x_wconf 80' lang='lat' dir='ltr'><strong>servis</strong></span> <span class='ocrx_word' id='word_1_550' title='bbox 1227 4891 1427 4933; x_wconf 85' lang='lat' dir='ltr'><strong>tantum</strong></span> <span class='ocrx_word' id='word_1_551' title='bbox 1471 4880 1681 4933; x_wconf 88' lang='lat' dir='ltr'><strong>valere?</strong></span> <span class='ocrx_word' id='word_1_552' title='bbox 1723 4880 1831 4934; x_wconf 87' lang='lat' dir='ltr'><strong>Hoc</strong></span> 
     </span>
    </p>
   </div>
   <div class='ocr_carea' id='block_1_65' title="bbox 243 4950 1825 5019">
    <p class='ocr_par' dir='ltr' id='par_1_65' title="bbox 243 4950 1825 5019">
     <span class='ocr_line' id='line_1_66' title="bbox 243 4950 1825 5019; baseline -0.001 -16"><span class='ocrx_word' id='word_1_553' title='bbox 243 4950 461 5003; x_wconf 79' lang='lat' dir='ltr'><strong>l‘ctrunt</strong></span> <span class='ocrx_word' id='word_1_554' title='bbox 496 4952 783 5019; x_wconf 84' lang='lat' dir='ltr'><strong>principem</strong></span> <span class='ocrx_word' id='word_1_555' title='bbox 817 4952 941 5005; x_wconf 90' lang='lat' dir='ltr'><strong>fecit</strong></span> <span class='ocrx_word' id='word_1_556' title='bbox 963 4993 978 5017; x_wconf 96' lang='lat'><strong>,</strong></span> <span class='ocrx_word' id='word_1_557' title='bbox 1010 4951 1110 5005; x_wconf 85' lang='lat' dir='ltr'><strong>hoc</strong></span> <span class='ocrx_word' id='word_1_558' title='bbox 1143 4952 1358 5005; x_wconf 81' lang='lat' dir='ltr'><strong>Paulum</strong></span> <span class='ocrx_word' id='word_1_559' title='bbox 1390 4952 1544 5002; x_wconf 85' lang='lat' dir='ltr'><strong>talem</strong></span> <span class='ocrx_word' id='word_1_560' title='bbox 1579 4950 1825 5004; x_wconf 81' lang='lat' dir='ltr'><strong>reddidit.</strong></span> 
     </span>
    </p>
   </div>
   <div class='ocr_carea' id='block_1_66' title="bbox 245 5020 1833 5089">
    <p class='ocr_par' dir='ltr' id='par_1_66' title="bbox 245 5020 1833 5089">
     <span class='ocr_line' id='line_1_67' title="bbox 245 5020 1833 5089; baseline -0.001 -16"><span class='ocrx_word' id='word_1_561' title='bbox 245 5022 427 5084; x_wconf 81' lang='lat' dir='ltr'><strong>Itaque</strong></span> <span class='ocrx_word' id='word_1_562' title='bbox 471 5022 679 5076; x_wconf 84' lang='lat' dir='ltr'><strong>diccbat</strong></span> <span class='ocrx_word' id='word_1_563' title='bbox 709 5039 722 5074; x_wconf 91' lang='lat'>:</span> <span class='ocrx_word' id='word_1_564' title='bbox 752 5022 876 5089; x_wconf 84' lang='lat' dir='ltr'><strong>Quis</strong></span> <span class='ocrx_word' id='word_1_565' title='bbox 917 5039 1008 5076; x_wconf 80' lang='lat' dir='ltr'><strong>nos</strong></span> <span class='ocrx_word' id='word_1_566' title='bbox 1033 5023 1280 5088; x_wconf 82' lang='lat' dir='ltr'><strong>separabit</strong></span> <span class='ocrx_word' id='word_1_567' title='bbox 1312 5039 1339 5072; x_wconf 81' lang='grc' dir='ltr'><strong>ιι</strong></span> <span class='ocrx_word' id='word_1_568' title='bbox 1368 5021 1573 5073; x_wconf 80' lang='lat' dir='ltr'><strong>caritate</strong></span> <span class='ocrx_word' id='word_1_569' title='bbox 1606 5020 1833 5075; x_wconf 80' lang='lat' dir='ltr'><strong>Christi?</strong></span> 
     </span>
    </p>
   </div>
   <div class='ocr_carea' id='block_1_67' title="bbox 243 5092 1832 5161">
    <p class='ocr_par' dir='ltr' id='par_1_67' title="bbox 243 5092 1832 5161">
     <span class='ocr_line' id='line_1_68' title="bbox 243 5092 1832 5161; baseline 0.001 -18"><span class='ocrx_word' id='word_1_570' title='bbox 243 5093 557 5145; x_wconf 78' lang='lat' dir='ltr'><strong>tribulatio?</strong></span> <span class='ocrx_word' id='word_1_571' title='bbox 602 5109 668 5144; x_wconf 86' lang='lat' dir='ltr'><strong>an</strong></span> <span class='ocrx_word' id='word_1_572' title='bbox 710 5095 986 5161; x_wconf 78' lang='lat' dir='ltr'><strong>angustia?</strong></span> <span class='ocrx_word' id='word_1_573' title='bbox 1028 5111 1095 5145; x_wconf 86' lang='lat' dir='ltr'><strong>an</strong></span> <span class='ocrx_word' id='word_1_574' title='bbox 1144 5092 1467 5161; x_wconf 66' lang='lat' dir='ltr'><strong>periculum?</strong></span> <span class='ocrx_word' id='word_1_575' title='bbox 1518 5108 1583 5143; x_wconf 85' lang='lat' dir='ltr'><strong>an</strong></span> <span class='ocrx_word' id='word_1_576' title='bbox 1630 5092 1832 5161; x_wconf 72' lang='lat' dir='ltr'><strong>gladius</strong></span> 
     </span>
    </p>
   </div>
   <div class='ocr_carea' id='block_1_68' title="bbox 243 5162 1832 5231">
    <p class='ocr_par' dir='ltr' id='par_1_68' title="bbox 243 5162 1832 5231">
     <span class='ocr_line' id='line_1_69' title="bbox 243 5162 1832 5231; baseline 0 -16"><span class='ocrx_word' id='word_1_577' title='bbox 243 5163 422 5227; x_wconf 74' lang='lat' dir='ltr'><strong>(ltum.</strong></span> <span class='ocrx_word' id='word_1_578' title='bbox 449 5172 503 5217; x_wconf 78' lang='grc' dir='ltr'><strong>δ.</strong></span> <span class='ocrx_word' id='word_1_579' title='bbox 528 5163 658 5231; x_wconf 62' lang='grc' dir='ltr'><strong>55γῖ</strong></span> <span class='ocrx_word' id='word_1_580' title='bbox 681 5162 790 5217; x_wconf 84' lang='lat' dir='ltr'><strong>Hoc</strong></span> <span class='ocrx_word' id='word_1_581' title='bbox 814 5166 972 5218; x_wconf 90' lang='lat' dir='ltr'><strong>etiam</strong></span> <span class='ocrx_word' id='word_1_582' title='bbox 999 5180 1091 5216; x_wconf 71' lang='lat' dir='ltr'><strong>eos</strong></span> <span class='ocrx_word' id='word_1_583' title='bbox 1121 5164 1209 5231; x_wconf 87' lang='lat' dir='ltr'><strong>qui</strong></span> <span class='ocrx_word' id='word_1_584' title='bbox 1233 5163 1494 5229; x_wconf 81' lang='lat' dir='ltr'><strong>jejunum,</strong></span> <span class='ocrx_word' id='word_1_585' title='bbox 1513 5174 1567 5216; x_wconf 89' lang='lat' dir='ltr'><strong>et</strong></span> <span class='ocrx_word' id='word_1_586' title='bbox 1592 5177 1649 5215; x_wconf 88' lang='lat' dir='ltr'><strong>se</strong></span> <span class='ocrx_word' id='word_1_587' title='bbox 1673 5163 1832 5215; x_wconf 82' lang='lat' dir='ltr'><strong>absti-</strong></span> 
     </span>
    </p>
   </div>
   <div class='ocr_carea' id='block_1_69' title="bbox 245 5232 1833 5295">
    <p class='ocr_par' dir='ltr' id='par_1_69' title="bbox 245 5232 1833 5295">
     <span class='ocr_line' id='line_1_70' title="bbox 245 5232 1833 5295; baseline 0.001 -10"><span class='ocrx_word' id='word_1_588' title='bbox 245 5243 374 5285; x_wconf 83' lang='lat' dir='ltr'><strong>nent</strong></span> <span class='ocrx_word' id='word_1_589' title='bbox 402 5251 505 5286; x_wconf 87' lang='lat' dir='ltr'><strong>uolt</strong></span> <span class='ocrx_word' id='word_1_590' title='bbox 536 5236 603 5287; x_wconf 85' lang='lat' dir='ltr'><strong>ab</strong></span> <span class='ocrx_word' id='word_1_591' title='bbox 631 5236 917 5288; x_wconf 68' lang='lat' dir='ltr'><strong>esculentis</strong></span> <span class='ocrx_word' id='word_1_592' title='bbox 941 5235 1119 5295; x_wconf 85' lang='lat' dir='ltr'><strong>modo,</strong></span> <span class='ocrx_word' id='word_1_593' title='bbox 1145 5250 1328 5287; x_wconf 77' lang='lat' dir='ltr'><strong>verum</strong></span> <span class='ocrx_word' id='word_1_594' title='bbox 1354 5234 1511 5285; x_wconf 87' lang='lat' dir='ltr'><strong>etiam</strong></span> <span class='ocrx_word' id='word_1_595' title='bbox 1540 5232 1606 5285; x_wconf 81' lang='lat' dir='ltr'><strong>ab</strong></span> <span class='ocrx_word' id='word_1_596' title='bbox 1632 5232 1833 5286; x_wconf 66' lang='lat' dir='ltr'><strong>allecti-</strong></span> 
     </span>
    </p>
   </div>
   <div class='ocr_carea' id='block_1_70' title="bbox 243 5303 1828 5368">
    <p class='ocr_par' dir='ltr' id='par_1_70' title="bbox 243 5303 1828 5368">
     <span class='ocr_line' id='line_1_71' title="bbox 243 5303 1828 5368; baseline 0 -12"><span class='ocrx_word' id='word_1_597' title='bbox 243 5304 365 5367; x_wconf 77' lang='lat' dir='ltr'><strong>lms,</strong></span> <span class='ocrx_word' id='word_1_598' title='bbox 392 5303 552 5357; x_wconf 82' lang='lat' dir='ltr'><strong>fortes</strong></span> <span class='ocrx_word' id='word_1_599' title='bbox 578 5304 769 5358; x_wconf 79' lang='lat' dir='ltr'><strong>effecit.</strong></span> <span class='ocrx_word' id='word_1_600' title='bbox 796 5306 1077 5357; x_wconf 75' lang='lat' dir='ltr'><strong>Armenius</strong></span> <span class='ocrx_word' id='word_1_601' title='bbox 1107 5321 1221 5368; x_wconf 84' lang='lat' dir='ltr'><strong>nos,</strong></span> <span class='ocrx_word' id='word_1_602' title='bbox 1252 5304 1532 5363; x_wconf 71' lang='lat' dir='ltr'><strong>cat-i3sitiii,</strong></span> <span class='ocrx_word' id='word_1_603' title='bbox 1557 5304 1604 5355; x_wconf 91' lang='lat' dir='ltr'><strong>vi</strong></span> <span class='ocrx_word' id='word_1_604' title='bbox 1633 5306 1828 5367; x_wconf 86' lang='lat' dir='ltr'><strong>erucis,</strong></span> 
     </span>
    </p>
   </div>
   <div class='ocr_carea' id='block_1_71' title="bbox 243 5374 1829 5442">
    <p class='ocr_par' dir='ltr' id='par_1_71' title="bbox 243 5374 1829 5442">
     <span class='ocr_line' id='line_1_72' title="bbox 243 5374 1829 5442; baseline 0.001 -16"><span class='ocrx_word' id='word_1_605' title='bbox 243 5385 405 5442; x_wconf 77' lang='lat' dir='ltr'><strong>atque</strong></span> <span class='ocrx_word' id='word_1_606' title='bbox 433 5376 730 5427; x_wconf 80' lang='lat' dir='ltr'><strong>muniamus</strong></span> <span class='ocrx_word' id='word_1_607' title='bbox 758 5394 768 5425; x_wconf 85' lang='lat'>;</span> <span class='ocrx_word' id='word_1_608' title='bbox 793 5377 1091 5442; x_wconf 80' lang='lat' dir='ltr'><strong>armatique</strong></span> <span class='ocrx_word' id='word_1_609' title='bbox 1114 5375 1177 5428; x_wconf 78' lang='lat' dir='ltr'><strong>ad</strong></span> <span class='ocrx_word' id='word_1_610' title='bbox 1207 5376 1254 5427; x_wconf 91' lang='lat' dir='ltr'><strong>id</strong></span> <span class='ocrx_word' id='word_1_611' title='bbox 1278 5374 1416 5442; x_wconf 83' lang='lat' dir='ltr'><strong>quod</strong></span> <span class='ocrx_word' id='word_1_612' title='bbox 1449 5374 1705 5442; x_wconf 80' lang='lat' dir='ltr'><strong>reliquum</strong></span> <span class='ocrx_word' id='word_1_613' title='bbox 1730 5384 1829 5437; x_wconf 82' lang='lat' dir='ltr'><strong>est,</strong></span> 
     </span>
    </p>
   </div>
   <div class='ocr_carea' id='block_1_72' title="bbox 243 5445 1833 5513">
    <p class='ocr_par' dir='ltr' id='par_1_72' title="bbox 243 5445 1833 5513">
     <span class='ocr_line' id='line_1_73' title="bbox 243 5445 1833 5513; baseline 0.003 -18"><span class='ocrx_word' id='word_1_614' title='bbox 243 5450 310 5495; x_wconf 80' lang='lat' dir='ltr'><strong>ad</strong></span> <span class='ocrx_word' id='word_1_615' title='bbox 354 5445 613 5511; x_wconf 78' lang='lat' dir='ltr'><strong>jejunium</strong></span> <span class='ocrx_word' id='word_1_616' title='bbox 646 5449 917 5498; x_wconf 74' lang='lat' dir='ltr'><strong>veniamus</strong></span> <span class='ocrx_word' id='word_1_617' title='bbox 953 5448 1241 5511; x_wconf 81' lang='lat' dir='ltr'><strong>paratiores</strong></span> <span class='ocrx_word' id='word_1_618' title='bbox 1266 5487 1282 5507; x_wconf 91' lang='lat'><strong>,</strong></span> <span class='ocrx_word' id='word_1_619' title='bbox 1322 5458 1833 5513; x_wconf 71' lang='lat' dir='ltr'><strong>contemnamusth</strong></span> 
     </span>
    </p>
   </div>
   <div class='ocr_carea' id='block_1_73' title="bbox 244 5514 1829 5583">
    <p class='ocr_par' dir='ltr' id='par_1_73' title="bbox 244 5514 1829 5583">
     <span class='ocr_line' id='line_1_74' title="bbox 244 5514 1829 5583; baseline 0.001 -16"><span class='ocrx_word' id='word_1_620' title='bbox 244 5515 423 5567; x_wconf 67' lang='lat' dir='ltr'><strong>omnia</strong></span> <span class='ocrx_word' id='word_1_621' title='bbox 455 5518 779 5583; x_wconf 85' lang='lat' dir='ltr'><strong>voluptatum</strong></span> <span class='ocrx_word' id='word_1_622' title='bbox 812 5530 1004 5579; x_wconf 58' lang='lat' dir='ltr'><strong>genera</strong></span> <span class='ocrx_word' id='word_1_623' title='bbox 1028 5555 1043 5581; x_wconf 93' lang='lat'><strong>,</strong></span> <span class='ocrx_word' id='word_1_624' title='bbox 1076 5533 1193 5583; x_wconf 69' lang='lat' dir='ltr'><strong>qua:</strong></span> <span class='ocrx_word' id='word_1_625' title='bbox 1225 5514 1337 5569; x_wconf 59' lang='lat' dir='ltr'><strong>lucc</strong></span> <span class='ocrx_word' id='word_1_626' title='bbox 1370 5516 1475 5567; x_wconf 79' lang='lat' dir='ltr'><strong>vita</strong></span> <span class='ocrx_word' id='word_1_627' title='bbox 1507 5516 1829 5582; x_wconf 77' lang='lat' dir='ltr'><strong>suppeditat.</strong></span> 
     </span>
    </p>
   </div>
   <div class='ocr_carea' id='block_1_74' title="bbox 247 5584 1833 5655">
    <p class='ocr_par' dir='ltr' id='par_1_74' title="bbox 247 5584 1833 5655">
     <span class='ocr_line' id='line_1_75' title="bbox 247 5584 1833 5655; baseline 0.001 -17"><span class='ocrx_word' id='word_1_628' title='bbox 247 5584 460 5639; x_wconf 75' lang='lat' dir='ltr'><strong>Etenim</strong></span> <span class='ocrx_word' id='word_1_629' title='bbox 506 5586 699 5638; x_wconf 70' lang='lat' dir='ltr'><strong>divitia:</strong></span> <span class='ocrx_word' id='word_1_630' title='bbox 726 5628 740 5650; x_wconf 89' lang='lat'><strong>,</strong></span> <span class='ocrx_word' id='word_1_631' title='bbox 786 5588 949 5653; x_wconf 52' lang='grc' dir='ltr'>ξςιηιτιδ</span> <span class='ocrx_word' id='word_1_632' title='bbox 975 5627 989 5649; x_wconf 85' lang='grc'><em>,</em></span> <span class='ocrx_word' id='word_1_633' title='bbox 1025 5586 1253 5653; x_wconf 70' lang='lat' dir='ltr'><strong>petenda</strong></span> <span class='ocrx_word' id='word_1_634' title='bbox 1276 5627 1289 5647; x_wconf 93' lang='lat'><strong>,</strong></span> <span class='ocrx_word' id='word_1_635' title='bbox 1332 5602 1516 5649; x_wconf 85' lang='lat' dir='ltr'><strong>amor,</strong></span> <span class='ocrx_word' id='word_1_636' title='bbox 1550 5588 1833 5655; x_wconf 84' lang='lat' dir='ltr'><strong>omniaque</strong></span> 
     </span>
    </p>
   </div>
   <div class='ocr_carea' id='block_1_75' title="bbox 244 5657 1830 5725">
    <p class='ocr_par' dir='ltr' id='par_1_75' title="bbox 244 5657 1830 5725">
     <span class='ocr_line' id='line_1_76' title="bbox 244 5657 1830 5725; baseline 0.001 -18"><span class='ocrx_word' id='word_1_637' title='bbox 244 5657 489 5723; x_wconf 65' lang='lat' dir='ltr'><strong>ejusdem</strong></span> <span class='ocrx_word' id='word_1_638' title='bbox 520 5660 729 5725; x_wconf 65' lang='lat' dir='ltr'><strong>gutturis</strong></span> <span class='ocrx_word' id='word_1_639' title='bbox 763 5669 1036 5723; x_wconf 73' lang='lat' dir='ltr'><strong>propterea</strong></span> <span class='ocrx_word' id='word_1_640' title='bbox 1064 5657 1295 5724; x_wconf 86' lang='lat' dir='ltr'><strong>jucunda</strong></span> <span class='ocrx_word' id='word_1_641' title='bbox 1320 5666 1442 5709; x_wconf 83' lang='lat' dir='ltr'><strong>sunt</strong></span> <span class='ocrx_word' id='word_1_642' title='bbox 1462 5697 1474 5719; x_wconf 93' lang='lat'><strong>,</strong></span> <span class='ocrx_word' id='word_1_643' title='bbox 1503 5658 1642 5725; x_wconf 81' lang='lat' dir='ltr'><strong>quod</strong></span> <span class='ocrx_word' id='word_1_644' title='bbox 1674 5657 1830 5709; x_wconf 78' lang='lat' dir='ltr'><strong>nimia</strong></span> 
     </span>
    </p>
   </div>
   <div class='ocr_carea' id='block_1_76' title="bbox 247 5726 1828 5793">
    <p class='ocr_par' dir='ltr' id='par_1_76' title="bbox 247 5726 1828 5793">
     <span class='ocr_line' id='line_1_77' title="bbox 247 5726 1828 5793; baseline 0.003 -17"><span class='ocrx_word' id='word_1_645' title='bbox 247 5739 371 5778; x_wconf 59' lang='lat' dir='ltr'><strong>vitm</strong></span> <span class='ocrx_word' id='word_1_646' title='bbox 418 5730 701 5793; x_wconf 75' lang='lat' dir='ltr'><strong>t&#39;ttpttltlatc</strong></span> <span class='ocrx_word' id='word_1_647' title='bbox 747 5731 989 5779; x_wconf 79' lang='lat' dir='ltr'><strong>ducimur</strong></span> <span class='ocrx_word' id='word_1_648' title='bbox 1012 5770 1024 5787; x_wconf 85' lang='lat'><strong>,</strong></span> <span class='ocrx_word' id='word_1_649' title='bbox 1062 5741 1112 5779; x_wconf 87' lang='lat' dir='ltr'><strong>et</strong></span> <span class='ocrx_word' id='word_1_650' title='bbox 1151 5730 1268 5779; x_wconf 89' lang='lat' dir='ltr'><strong>huic</strong></span> <span class='ocrx_word' id='word_1_651' title='bbox 1298 5728 1419 5779; x_wconf 65' lang='lat' dir='ltr'><strong>vitm</strong></span> <span class='ocrx_word' id='word_1_652' title='bbox 1453 5726 1593 5778; x_wconf 71' lang='lat' dir='ltr'><strong>attixi</strong></span> <span class='ocrx_word' id='word_1_653' title='bbox 1625 5741 1828 5780; x_wconf 81' lang='lat' dir='ltr'><strong>smnus.</strong></span> 
     </span>
    </p>
   </div>
   <div class='ocr_carea' id='block_1_77' title="bbox 252 5798 1828 5861">
    <p class='ocr_par' dir='ltr' id='par_1_77' title="bbox 252 5798 1828 5861">
     <span class='ocr_line' id='line_1_78' title="bbox 252 5798 1828 5861; baseline 0 -12"><span class='ocrx_word' id='word_1_654' title='bbox 252 5798 363 5856; x_wconf 60' lang='lat' dir='ltr'><strong>liae</strong></span> <span class='ocrx_word' id='word_1_655' title='bbox 390 5810 564 5850; x_wconf 83' lang='lat' dir='ltr'><strong>autem</strong></span> <span class='ocrx_word' id='word_1_656' title='bbox 597 5809 897 5861; x_wconf 66' lang='grc' dir='ltr'>ισιιιιιιτιιιιεω</span> <span class='ocrx_word' id='word_1_657' title='bbox 920 5840 934 5860; x_wconf 83' lang='grc'><em>,</em></span> <span class='ocrx_word' id='word_1_658' title='bbox 970 5802 1162 5849; x_wconf 80' lang='lat' dir='ltr'><strong>nullam</strong></span> <span class='ocrx_word' id='word_1_659' title='bbox 1204 5798 1409 5850; x_wconf 85' lang='lat' dir='ltr'><strong>illorum</strong></span> <span class='ocrx_word' id='word_1_660' title='bbox 1444 5810 1698 5848; x_wconf 80' lang='lat' dir='ltr'><strong>tationem</strong></span> <span class='ocrx_word' id='word_1_661' title='bbox 1731 5800 1828 5850; x_wconf 86' lang='lat' dir='ltr'><strong>du-</strong></span> 
     </span>
    </p>
   </div>
   <div class='ocr_carea' id='block_1_78' title="bbox 252 5867 1831 5939">
    <p class='ocr_par' dir='ltr' id='par_1_78' title="bbox 252 5867 1831 5939">
     <span class='ocr_line' id='line_1_79' title="bbox 252 5867 1831 5939; baseline -0.001 -15"><span class='ocrx_word' id='word_1_662' title='bbox 252 5884 444 5928; x_wconf 68' lang='lat' dir='ltr'><strong>cimus.</strong></span> <span class='ocrx_word' id='word_1_663' title='bbox 477 5867 616 5924; x_wconf 78' lang='lat' dir='ltr'><strong>Bona</strong></span> <span class='ocrx_word' id='word_1_664' title='bbox 649 5887 787 5925; x_wconf 81' lang='lat' dir='ltr'><strong>cium</strong></span> <span class='ocrx_word' id='word_1_665' title='bbox 816 5871 927 5923; x_wconf 59' lang='lat' dir='ltr'><strong>tunc</strong></span> <span class='ocrx_word' id='word_1_666' title='bbox 959 5870 1061 5924; x_wconf 73' lang='lat' dir='ltr'><strong>vita</strong></span> <span class='ocrx_word' id='word_1_667' title='bbox 1092 5880 1192 5938; x_wconf 72' lang='lat' dir='ltr'><strong>est,</strong></span> <span class='ocrx_word' id='word_1_668' title='bbox 1220 5870 1351 5924; x_wconf 72' lang='lat' dir='ltr'><strong>bona</strong></span> <span class='ocrx_word' id='word_1_669' title='bbox 1380 5880 1429 5921; x_wconf 87' lang='lat' dir='ltr'><strong>ct</strong></span> <span class='ocrx_word' id='word_1_670' title='bbox 1456 5868 1687 5939; x_wconf 75' lang='lat' dir='ltr'><strong>jucunda</strong></span> <span class='ocrx_word' id='word_1_671' title='bbox 1712 5886 1727 5923; x_wconf 84' lang='grc'>;</span> <span class='ocrx_word' id='word_1_672' title='bbox 1748 5880 1831 5927; x_wconf 66' lang='lat' dir='ltr'><strong>est</strong></span> 
     </span>
    </p>
   </div>
   <div class='ocr_carea' id='block_1_79' title="bbox 1281 385 2551 447">
    <p class='ocr_par' dir='ltr' id='par_1_79' title="bbox 1281 385 2551 447">
     <span class='ocr_line' id='line_1_80' title="bbox 1281 385 2551 447; baseline -0.002 0"><span class='ocrx_word' id='word_1_673' title='bbox 1281 392 1369 447; x_wconf 83' lang='lat' dir='ltr'><strong>DE</strong></span> <span class='ocrx_word' id='word_1_674' title='bbox 1408 385 1849 445; x_wconf 59' lang='lat' dir='ltr'><strong>ADORATIONE</strong></span> <span class='ocrx_word' id='word_1_675' title='bbox 1889 386 2247 444; x_wconf 62' lang='lat' dir='ltr'><strong>PRETIOSJE</strong></span> <span class='ocrx_word' id='word_1_676' title='bbox 2285 386 2551 444; x_wconf 82' lang='lat' dir='ltr'><strong>CRUCIS.</strong></span> 
     </span>
    </p>
   </div>
   <div class='ocr_carea' id='block_1_80' title="bbox 3444 385 3549 441">
    <p class='ocr_par' dir='ltr' id='par_1_80' title="bbox 3444 385 3549 441">
     <span class='ocr_line' id='line_1_81' title="bbox 3444 385 3549 441; baseline 0 0"><span class='ocrx_word' id='word_1_677' title='bbox 3444 385 3549 441; x_wconf 78' lang='lat'><strong>838</strong></span> 
     </span>
    </p>
   </div>
   <div class='ocr_carea' id='block_1_81' title="bbox 1943 498 3545 569">
    <p class='ocr_par' dir='ltr' id='par_1_81' title="bbox 1943 498 3545 569">
     <span class='ocr_line' id='line_1_82' title="bbox 1943 498 3545 569; baseline 0.002 -15"><span class='ocrx_word' id='word_1_678' title='bbox 1943 500 2088 555; x_wconf 81' lang='lat' dir='ltr'><strong>enim</strong></span> <span class='ocrx_word' id='word_1_679' title='bbox 2141 501 2231 557; x_wconf 85' lang='lat' dir='ltr'><strong>Dei</strong></span> <span class='ocrx_word' id='word_1_680' title='bbox 2281 501 2517 563; x_wconf 84' lang='lat' dir='ltr'><strong>donum;</strong></span> <span class='ocrx_word' id='word_1_681' title='bbox 2563 499 2658 556; x_wconf 81' lang='lat' dir='ltr'><strong>sed</strong></span> <span class='ocrx_word' id='word_1_682' title='bbox 2705 514 2826 554; x_wconf 92' lang='lat' dir='ltr'><strong>cum</strong></span> <span class='ocrx_word' id='word_1_683' title='bbox 2878 498 3052 554; x_wconf 83' lang='lat' dir='ltr'><strong>futura</strong></span> <span class='ocrx_word' id='word_1_684' title='bbox 3097 499 3384 569; x_wconf 81' lang='lat' dir='ltr'><strong>apparuit,</strong></span> <span class='ocrx_word' id='word_1_685' title='bbox 3432 510 3545 557; x_wconf 88' lang='lat' dir='ltr'><strong>ttuu</strong></span> 
     </span>
    </p>
   </div>
   <div class='ocr_carea' id='block_1_82' title="bbox 1941 582 2798 642">
    <p class='ocr_par' dir='ltr' id='par_1_82' title="bbox 1941 582 2798 642">
     <span class='ocr_line' id='line_1_83' title="bbox 1941 582 2798 642; baseline 0.004 -21"><span class='ocrx_word' id='word_1_686' title='bbox 1941 587 2152 642; x_wconf 68' lang='lat' dir='ltr'><strong>aequum</strong></span> <span class='ocrx_word' id='word_1_687' title='bbox 2179 584 2261 627; x_wconf 67' lang='grc'><strong>881</strong></span> <span class='ocrx_word' id='word_1_688' title='bbox 2288 587 2405 625; x_wconf 78' lang='lat' dir='ltr'><strong>eam</strong></span> <span class='ocrx_word' id='word_1_689' title='bbox 2434 582 2798 627; x_wconf 86' lang='lat' dir='ltr'><strong>contemnere.</strong></span> 
     </span>
    </p>
   </div>
   <div class='ocr_carea' id='block_1_83' title="bbox 2015 641 3541 707">
    <p class='ocr_par' dir='ltr' id='par_1_83' title="bbox 2015 641 3541 707">
     <span class='ocr_line' id='line_1_84' title="bbox 2015 641 3541 707; baseline 0.001 -11"><span class='ocrx_word' id='word_1_690' title='bbox 2015 641 2157 696; x_wconf 70' lang='lat' dir='ltr'><strong>Crux</strong></span> <span class='ocrx_word' id='word_1_691' title='bbox 2181 643 2232 695; x_wconf 83' lang='lat' dir='ltr'><strong>in</strong></span> <span class='ocrx_word' id='word_1_692' title='bbox 2257 642 2467 705; x_wconf 72' lang='lat' dir='ltr'><strong>aedibus,</strong></span> <span class='ocrx_word' id='word_1_693' title='bbox 2491 643 2544 696; x_wconf 80' lang='lat' dir='ltr'><strong>in</strong></span> <span class='ocrx_word' id='word_1_694' title='bbox 2567 642 2745 705; x_wconf 80' lang='lat' dir='ltr'><strong>muris,</strong></span> <span class='ocrx_word' id='word_1_695' title='bbox 2773 643 2826 694; x_wconf 83' lang='lat' dir='ltr'><strong>iu</strong></span> <span class='ocrx_word' id='word_1_696' title='bbox 2853 642 3139 707; x_wconf 82' lang='lat' dir='ltr'><strong>frontibus;</strong></span> <span class='ocrx_word' id='word_1_697' title='bbox 3162 656 3292 694; x_wconf 74' lang='lat' dir='ltr'><strong>crux</strong></span> <span class='ocrx_word' id='word_1_698' title='bbox 3314 641 3367 695; x_wconf 79' lang='lat' dir='ltr'><strong>in</strong></span> <span class='ocrx_word' id='word_1_699' title='bbox 3387 643 3541 697; x_wconf 77' lang='lat' dir='ltr'><strong>sacri-</strong></span> 
     </span>
    </p>
   </div>
   <div class='ocr_carea' id='block_1_84' title="bbox 1941 712 3538 782">
    <p class='ocr_par' dir='ltr' id='par_1_84' title="bbox 1941 712 3538 782">
     <span class='ocr_line' id='line_1_85' title="bbox 1941 712 3538 782; baseline 0.001 -16"><span class='ocrx_word' id='word_1_700' title='bbox 1941 713 2073 781; x_wconf 77' lang='lat' dir='ltr'><strong>ficiis</strong></span> <span class='ocrx_word' id='word_1_701' title='bbox 2098 713 2346 767; x_wconf 82' lang='lat' dir='ltr'><strong>adhibita.</strong></span> <span class='ocrx_word' id='word_1_702' title='bbox 2378 742 2449 753; x_wconf 94' lang='lat'><strong>—</strong></span> <span class='ocrx_word' id='word_1_703' title='bbox 2476 712 2553 767; x_wconf 85' lang='lat' dir='ltr'><strong>Ne</strong></span> <span class='ocrx_word' id='word_1_704' title='bbox 2584 714 2743 781; x_wconf 80' lang='lat' dir='ltr'><strong>igitur</strong></span> <span class='ocrx_word' id='word_1_705' title='bbox 2770 713 2974 782; x_wconf 88' lang='lat' dir='ltr'><strong>pudore</strong></span> <span class='ocrx_word' id='word_1_706' title='bbox 3004 712 3300 767; x_wconf 84' lang='lat' dir='ltr'><strong>allicianmr</strong></span> <span class='ocrx_word' id='word_1_707' title='bbox 3324 712 3394 767; x_wconf 88' lang='lat' dir='ltr'><strong>de</strong></span> <span class='ocrx_word' id='word_1_708' title='bbox 3424 728 3538 767; x_wconf 82' lang='lat' dir='ltr'><strong>ma-</strong></span> 
     </span>
    </p>
   </div>
   <div class='ocr_carea' id='block_1_85' title="bbox 1942 783 3539 854">
    <p class='ocr_par' dir='ltr' id='par_1_85' title="bbox 1942 783 3539 854">
     <span class='ocr_line' id='line_1_86' title="bbox 1942 783 3539 854; baseline 0 -17"><span class='ocrx_word' id='word_1_709' title='bbox 1942 784 2149 853; x_wconf 83' lang='lat' dir='ltr'><strong>gnificis</strong></span> <span class='ocrx_word' id='word_1_710' title='bbox 2174 783 2363 839; x_wconf 87' lang='lat' dir='ltr'><strong>salutis</strong></span> <span class='ocrx_word' id='word_1_711' title='bbox 2393 794 2590 837; x_wconf 68' lang='grc' dir='ltr'>ιιοειιιιε</span> <span class='ocrx_word' id='word_1_712' title='bbox 2616 783 2785 854; x_wconf 77' lang='lat' dir='ltr'><strong>signis</strong></span> <span class='ocrx_word' id='word_1_713' title='bbox 2807 824 2822 845; x_wconf 83' lang='lat'><strong>,</strong></span> <span class='ocrx_word' id='word_1_714' title='bbox 2853 798 2951 836; x_wconf 83' lang='lat' dir='ltr'><strong>nec</strong></span> <span class='ocrx_word' id='word_1_715' title='bbox 2980 798 3229 854; x_wconf 83' lang='lat' dir='ltr'><strong>magnum</strong></span> <span class='ocrx_word' id='word_1_716' title='bbox 3257 792 3420 851; x_wconf 89' lang='lat' dir='ltr'><strong>caput</strong></span> <span class='ocrx_word' id='word_1_717' title='bbox 3450 783 3539 839; x_wconf 89' lang='lat' dir='ltr'><strong>bo-</strong></span> 
     </span>
    </p>
   </div>
   <div class='ocr_carea' id='block_1_86' title="bbox 1943 853 3541 921">
    <p class='ocr_par' dir='ltr' id='par_1_86' title="bbox 1943 853 3541 921">
     <span class='ocr_line' id='line_1_87' title="bbox 1943 853 3541 921; baseline 0.002 -14"><span class='ocrx_word' id='word_1_718' title='bbox 1943 868 2133 907; x_wconf 89' lang='lat' dir='ltr'><strong>norum</strong></span> <span class='ocrx_word' id='word_1_719' title='bbox 2159 896 2176 919; x_wconf 92' lang='lat'><strong>,</strong></span> <span class='ocrx_word' id='word_1_720' title='bbox 2219 869 2327 921; x_wconf 91' lang='lat' dir='ltr'><strong>quo</strong></span> <span class='ocrx_word' id='word_1_721' title='bbox 2356 863 2410 909; x_wconf 91' lang='lat' dir='ltr'><strong>et</strong></span> <span class='ocrx_word' id='word_1_722' title='bbox 2436 853 2755 909; x_wconf 33' lang='lat' dir='ltr'><strong>vivinms’et</strong></span> <span class='ocrx_word' id='word_1_723' title='bbox 2782 868 2966 907; x_wconf 81' lang='lat' dir='ltr'><strong>sumus</strong></span> <span class='ocrx_word' id='word_1_724' title='bbox 2989 894 3004 915; x_wconf 89' lang='lat'><strong>,</strong></span> <span class='ocrx_word' id='word_1_725' title='bbox 3038 853 3373 921; x_wconf 85' lang='lat' dir='ltr'><strong>depellamus</strong></span> <span class='ocrx_word' id='word_1_726' title='bbox 3397 896 3414 920; x_wconf 93' lang='lat'><strong>,</strong></span> <span class='ocrx_word' id='word_1_727' title='bbox 3446 870 3541 910; x_wconf 77' lang='lat' dir='ltr'><strong>nos</strong></span> 
     </span>
    </p>
   </div>
   <div class='ocr_carea' id='block_1_87' title="bbox 1940 923 3543 994">
    <p class='ocr_par' dir='ltr' id='par_1_87' title="bbox 1940 923 3543 994">
     <span class='ocr_line' id='line_1_88' title="bbox 1940 923 3543 994; baseline -0.001 -16"><span class='ocrx_word' id='word_1_728' title='bbox 1940 923 2169 991; x_wconf 85' lang='lat' dir='ltr'><strong>deliciis,</strong></span> <span class='ocrx_word' id='word_1_729' title='bbox 2192 926 2426 994; x_wconf 69' lang='lat' dir='ltr'><strong>crapulae</strong></span> <span class='ocrx_word' id='word_1_730' title='bbox 2446 925 2805 994; x_wconf 84' lang='lat' dir='ltr'><strong>iuglnvieique</strong></span> <span class='ocrx_word' id='word_1_731' title='bbox 2824 924 3082 978; x_wconf 87' lang='lat' dir='ltr'><strong>dedentes</strong></span> <span class='ocrx_word' id='word_1_732' title='bbox 3106 940 3119 976; x_wconf 88' lang='lat'><strong>:</strong></span> <span class='ocrx_word' id='word_1_733' title='bbox 3144 925 3237 980; x_wconf 87' lang='lat' dir='ltr'><strong>sed</strong></span> <span class='ocrx_word' id='word_1_734' title='bbox 3274 939 3370 985; x_wconf 77' lang='lat' dir='ltr'><strong>pro</strong></span> <span class='ocrx_word' id='word_1_735' title='bbox 3387 941 3543 980; x_wconf 87' lang='lat' dir='ltr'><strong>coro-</strong></span> 
     </span>
    </p>
   </div>
   <div class='ocr_carea' id='block_1_88' title="bbox 1941 994 3539 1059">
    <p class='ocr_par' dir='ltr' id='par_1_88' title="bbox 1941 994 3539 1059">
     <span class='ocr_line' id='line_1_89' title="bbox 1941 994 3539 1059; baseline 0.002 -13"><span class='ocrx_word' id='word_1_736' title='bbox 1941 1008 2007 1047; x_wconf 85' lang='lat' dir='ltr'><strong>na</strong></span> <span class='ocrx_word' id='word_1_737' title='bbox 2030 994 2230 1050; x_wconf 81' lang='lat' dir='ltr'><strong>Christi</strong></span> <span class='ocrx_word' id='word_1_738' title='bbox 2255 1011 2468 1051; x_wconf 88' lang='lat' dir='ltr'><strong>crucem</strong></span> <span class='ocrx_word' id='word_1_739' title='bbox 2497 994 2753 1059; x_wconf 85' lang='lat' dir='ltr'><strong>feramus.</strong></span> <span class='ocrx_word' id='word_1_740' title='bbox 2780 995 2831 1050; x_wconf 90' lang='lat' dir='ltr'><strong>id</strong></span> <span class='ocrx_word' id='word_1_741' title='bbox 2853 1005 2955 1059; x_wconf 79' lang='lat' dir='ltr'><strong>est,</strong></span> <span class='ocrx_word' id='word_1_742' title='bbox 2982 1006 3207 1050; x_wconf 89' lang='lat' dir='ltr'><strong>mortem</strong></span> <span class='ocrx_word' id='word_1_743' title='bbox 3230 995 3539 1050; x_wconf 83' lang='lat' dir='ltr'><strong>affectuum.</strong></span> 
     </span>
    </p>
   </div>
   <div class='ocr_carea' id='block_1_89' title="bbox 1942 1063 3541 1136">
    <p class='ocr_par' dir='ltr' id='par_1_89' title="bbox 1942 1063 3541 1136">
     <span class='ocr_line' id='line_1_90' title="bbox 1942 1063 3541 1136; baseline 0.003 -18"><span class='ocrx_word' id='word_1_744' title='bbox 1942 1063 2155 1121; x_wconf 80' lang='lat' dir='ltr'><strong>Etenim</strong></span> <span class='ocrx_word' id='word_1_745' title='bbox 2179 1081 2242 1121; x_wconf 89' lang='lat' dir='ltr'><strong>ea</strong></span> <span class='ocrx_word' id='word_1_746' title='bbox 2266 1082 2387 1136; x_wconf 65' lang='lat' dir='ltr'><strong>qua:</strong></span> <span class='ocrx_word' id='word_1_747' title='bbox 2407 1066 2473 1121; x_wconf 92' lang='lat' dir='ltr'><strong>ad</strong></span> <span class='ocrx_word' id='word_1_748' title='bbox 2495 1081 2593 1122; x_wconf 86' lang='lat' dir='ltr'><strong>nos</strong></span> <span class='ocrx_word' id='word_1_749' title='bbox 2619 1067 2908 1135; x_wconf 88' lang='lat' dir='ltr'><strong>pertinent,</strong></span> <span class='ocrx_word' id='word_1_750' title='bbox 2934 1081 3029 1135; x_wconf 90' lang='lat' dir='ltr'><strong>per</strong></span> <span class='ocrx_word' id='word_1_751' title='bbox 3052 1080 3171 1120; x_wconf 90' lang='lat' dir='ltr'><strong>eam</strong></span> <span class='ocrx_word' id='word_1_752' title='bbox 3195 1065 3541 1135; x_wconf 81' lang='lat' dir='ltr'><strong>perﬁciuntur</strong></span> 
     </span>
    </p>
   </div>
   <div class='ocr_carea' id='block_1_90' title="bbox 1941 1137 3544 1205">
    <p class='ocr_par' dir='ltr' id='par_1_90' title="bbox 1941 1137 3544 1205">
     <span class='ocr_line' id='line_1_91' title="bbox 1941 1137 3544 1205; baseline 0.001 -15"><span class='ocrx_word' id='word_1_753' title='bbox 1941 1137 2118 1191; x_wconf 90' lang='lat' dir='ltr'><strong>omnia</strong></span> <span class='ocrx_word' id='word_1_754' title='bbox 2151 1154 2165 1189; x_wconf 91' lang='lat'><strong>:</strong></span> <span class='ocrx_word' id='word_1_755' title='bbox 2194 1138 2307 1192; x_wconf 87' lang='lat' dir='ltr'><strong>sive</strong></span> <span class='ocrx_word' id='word_1_756' title='bbox 2334 1137 2722 1193; x_wconf 86' lang='lat' dir='ltr'><strong>renascendum</strong></span> <span class='ocrx_word' id='word_1_757' title='bbox 2750 1147 2853 1204; x_wconf 88' lang='lat' dir='ltr'><strong>est,</strong></span> <span class='ocrx_word' id='word_1_758' title='bbox 2884 1152 3015 1191; x_wconf 88' lang='lat' dir='ltr'><strong>crux</strong></span> <span class='ocrx_word' id='word_1_759' title='bbox 3045 1147 3239 1205; x_wconf 75' lang='lat' dir='ltr'><strong>praesto</strong></span> <span class='ocrx_word' id='word_1_760' title='bbox 3267 1147 3381 1195; x_wconf 81' lang='lat' dir='ltr'><strong>est:</strong></span> <span class='ocrx_word' id='word_1_761' title='bbox 3430 1142 3544 1191; x_wconf 82' lang='lat' dir='ltr'><strong>sive</strong></span> 
     </span>
    </p>
   </div>
   <div class='ocr_carea' id='block_1_91' title="bbox 1941 1206 3541 1277">
    <p class='ocr_par' dir='ltr' id='par_1_91' title="bbox 1941 1206 3541 1277">
     <span class='ocr_line' id='line_1_92' title="bbox 1941 1206 3541 1277; baseline 0.002 -17"><span class='ocrx_word' id='word_1_762' title='bbox 1941 1207 2200 1277; x_wconf 80' lang='lat' dir='ltr'><strong>mysticus</strong></span> <span class='ocrx_word' id='word_1_763' title='bbox 2242 1206 2329 1263; x_wconf 89' lang='lat' dir='ltr'><strong>ille</strong></span> <span class='ocrx_word' id='word_1_764' title='bbox 2369 1209 2521 1265; x_wconf 88' lang='lat' dir='ltr'><strong>cibus</strong></span> <span class='ocrx_word' id='word_1_765' title='bbox 2550 1208 2843 1263; x_wconf 86' lang='lat' dir='ltr'><strong>sumendus</strong></span> <span class='ocrx_word' id='word_1_766' title='bbox 2868 1250 2882 1268; x_wconf 90' lang='lat'><strong>.</strong></span> <span class='ocrx_word' id='word_1_767' title='bbox 2914 1211 3029 1263; x_wconf 84' lang='lat' dir='ltr'><strong>sive</strong></span> <span class='ocrx_word' id='word_1_768' title='bbox 3066 1207 3231 1277; x_wconf 90' lang='lat' dir='ltr'><strong>aliqui</strong></span> <span class='ocrx_word' id='word_1_769' title='bbox 3260 1208 3541 1263; x_wconf 87' lang='lat' dir='ltr'><strong>ordinandi</strong></span> 
     </span>
    </p>
   </div>
   <div class='ocr_carea' id='block_1_92' title="bbox 1941 1278 3540 1349">
    <p class='ocr_par' dir='ltr' id='par_1_92' title="bbox 1941 1278 3540 1349">
     <span class='ocr_line' id='line_1_93' title="bbox 1941 1278 3540 1349; baseline 0.001 -18"><span class='ocrx_word' id='word_1_770' title='bbox 1941 1288 2087 1349; x_wconf 84' lang='lat' dir='ltr'><strong>sunt,</strong></span> <span class='ocrx_word' id='word_1_771' title='bbox 2111 1280 2225 1333; x_wconf 83' lang='lat' dir='ltr'><strong>sive</strong></span> <span class='ocrx_word' id='word_1_772' title='bbox 2251 1278 2462 1349; x_wconf 87' lang='lat' dir='ltr'><strong>quidvis</strong></span> <span class='ocrx_word' id='word_1_773' title='bbox 2487 1278 2633 1334; x_wconf 90' lang='lat' dir='ltr'><strong>aliud</strong></span> <span class='ocrx_word' id='word_1_774' title='bbox 2660 1278 2959 1333; x_wconf 87' lang='lat' dir='ltr'><strong>faciendum</strong></span> <span class='ocrx_word' id='word_1_775' title='bbox 2987 1287 3088 1341; x_wconf 87' lang='lat' dir='ltr'><strong>est,</strong></span> <span class='ocrx_word' id='word_1_776' title='bbox 3113 1278 3307 1346; x_wconf 89' lang='lat' dir='ltr'><strong>ubique</strong></span> <span class='ocrx_word' id='word_1_777' title='bbox 3330 1280 3540 1347; x_wconf 79' lang='lat' dir='ltr'><strong>signum</strong></span> 
     </span>
    </p>
   </div>
   <div class='ocr_carea' id='block_1_93' title="bbox 1943 1348 3538 1419">
    <p class='ocr_par' dir='ltr' id='par_1_93' title="bbox 1943 1348 3538 1419">
     <span class='ocr_line' id='line_1_94' title="bbox 1943 1348 3538 1419; baseline 0.001 -18"><span class='ocrx_word' id='word_1_778' title='bbox 1943 1348 2097 1403; x_wconf 90' lang='lat' dir='ltr'><strong>nobis</strong></span> <span class='ocrx_word' id='word_1_779' title='bbox 2124 1348 2299 1405; x_wconf 83' lang='lat' dir='ltr'><strong>crucis</strong></span> <span class='ocrx_word' id='word_1_780' title='bbox 2324 1349 2496 1405; x_wconf 89' lang='lat' dir='ltr'><strong>adest.</strong></span> <span class='ocrx_word' id='word_1_781' title='bbox 2528 1350 2609 1405; x_wconf 90' lang='lat' dir='ltr'><strong>Ob</strong></span> <span class='ocrx_word' id='word_1_782' title='bbox 2633 1364 2861 1419; x_wconf 86' lang='lat' dir='ltr'><strong>eamque</strong></span> <span class='ocrx_word' id='word_1_783' title='bbox 2889 1363 3104 1404; x_wconf 87' lang='lat' dir='ltr'><strong>causam</strong></span> <span class='ocrx_word' id='word_1_784' title='bbox 3133 1358 3189 1403; x_wconf 88' lang='lat' dir='ltr'><strong>et</strong></span> <span class='ocrx_word' id='word_1_785' title='bbox 3214 1350 3266 1403; x_wconf 89' lang='lat' dir='ltr'><strong>itt</strong></span> <span class='ocrx_word' id='word_1_786' title='bbox 3293 1349 3501 1405; x_wconf 77' lang='lat' dir='ltr'><strong>:edibus</strong></span> <span class='ocrx_word' id='word_1_787' title='bbox 3522 1391 3538 1415; x_wconf 92' lang='lat'><strong>,</strong></span> 
     </span>
    </p>
   </div>
   <div class='ocr_carea' id='block_1_94' title="bbox 1939 1419 3540 1487">
    <p class='ocr_par' dir='ltr' id='par_1_94' title="bbox 1939 1419 3540 1487">
     <span class='ocr_line' id='line_1_95' title="bbox 1939 1419 3540 1487; baseline 0.002 -16"><span class='ocrx_word' id='word_1_788' title='bbox 1939 1427 1996 1472; x_wconf 89' lang='lat' dir='ltr'><strong>et</strong></span> <span class='ocrx_word' id='word_1_789' title='bbox 2026 1419 2079 1474; x_wconf 88' lang='lat' dir='ltr'><strong>in</strong></span> <span class='ocrx_word' id='word_1_790' title='bbox 2104 1421 2269 1475; x_wconf 91' lang='lat' dir='ltr'><strong>muris</strong></span> <span class='ocrx_word' id='word_1_791' title='bbox 2288 1463 2303 1487; x_wconf 92' lang='lat'><strong>,</strong></span> <span class='ocrx_word' id='word_1_792' title='bbox 2332 1428 2387 1475; x_wconf 87' lang='lat' dir='ltr'><strong>et</strong></span> <span class='ocrx_word' id='word_1_793' title='bbox 2412 1421 2463 1476; x_wconf 88' lang='lat' dir='ltr'><strong>in</strong></span> <span class='ocrx_word' id='word_1_794' title='bbox 2491 1420 2759 1484; x_wconf 86' lang='lat' dir='ltr'><strong>fenestris,</strong></span> <span class='ocrx_word' id='word_1_795' title='bbox 2786 1430 2843 1475; x_wconf 89' lang='lat' dir='ltr'><strong>ct</strong></span> <span class='ocrx_word' id='word_1_796' title='bbox 2868 1421 2919 1474; x_wconf 91' lang='lat' dir='ltr'><strong>in</strong></span> <span class='ocrx_word' id='word_1_797' title='bbox 2947 1419 3240 1486; x_wconf 75' lang='lat' dir='ltr'><strong>frontibus,</strong></span> <span class='ocrx_word' id='word_1_798' title='bbox 3270 1430 3326 1475; x_wconf 88' lang='lat' dir='ltr'><strong>et</strong></span> <span class='ocrx_word' id='word_1_799' title='bbox 3351 1423 3401 1474; x_wconf 91' lang='lat' dir='ltr'><strong>in</strong></span> <span class='ocrx_word' id='word_1_800' title='bbox 3426 1422 3540 1475; x_wconf 88' lang='lat' dir='ltr'><strong>ani-</strong></span> 
     </span>
    </p>
   </div>
   <div class='ocr_carea' id='block_1_95' title="bbox 1942 1491 3539 1561">
    <p class='ocr_par' dir='ltr' id='par_1_95' title="bbox 1942 1491 3539 1561">
     <span class='ocr_line' id='line_1_96' title="bbox 1942 1491 3539 1561; baseline 0.001 -19"><span class='ocrx_word' id='word_1_801' title='bbox 1942 1503 2032 1561; x_wconf 83' lang='lat' dir='ltr'><strong>mo</strong></span> <span class='ocrx_word' id='word_1_802' title='bbox 2059 1500 2223 1560; x_wconf 86' lang='lat' dir='ltr'><strong>atque</strong></span> <span class='ocrx_word' id='word_1_803' title='bbox 2252 1501 2430 1547; x_wconf 87' lang='lat' dir='ltr'><strong>mente</strong></span> <span class='ocrx_word' id='word_1_804' title='bbox 2469 1507 2587 1547; x_wconf 88' lang='lat' dir='ltr'><strong>eam</strong></span> <span class='ocrx_word' id='word_1_805' title='bbox 2619 1492 2857 1547; x_wconf 88' lang='lat' dir='ltr'><strong>studiose</strong></span> <span class='ocrx_word' id='word_1_806' title='bbox 2884 1491 3222 1561; x_wconf 86' lang='lat' dir='ltr'><strong>depingimus</strong></span> <span class='ocrx_word' id='word_1_807' title='bbox 3251 1491 3290 1544; x_wconf 75' lang='lat'><strong>‘.</strong></span> <span class='ocrx_word' id='word_1_808' title='bbox 3341 1491 3539 1547; x_wconf 79' lang='lat' dir='ltr'><strong>Salutis</strong></span> 
     </span>
    </p>
   </div>
   <div class='ocr_carea' id='block_1_96' title="bbox 1940 1560 3541 1631">
    <p class='ocr_par' dir='ltr' id='par_1_96' title="bbox 1940 1560 3541 1631">
     <span class='ocr_line' id='line_1_97' title="bbox 1940 1560 3541 1631; baseline 0.004 -20"><span class='ocrx_word' id='word_1_809' title='bbox 1940 1560 2084 1631; x_wconf 72' lang='lat' dir='ltr'><strong>enim</strong></span> <span class='ocrx_word' id='word_1_810' title='bbox 2132 1572 2329 1617; x_wconf 66' lang='lat' dir='ltr'><strong>nostra:</strong></span> <span class='ocrx_word' id='word_1_811' title='bbox 2354 1603 2369 1625; x_wconf 93' lang='lat'><strong>,</strong></span> <span class='ocrx_word' id='word_1_812' title='bbox 2411 1563 2818 1631; x_wconf 88' lang='lat' dir='ltr'><strong>communisque</strong></span> <span class='ocrx_word' id='word_1_813' title='bbox 2858 1560 3117 1616; x_wconf 85' lang='lat' dir='ltr'><strong>libertatis</strong></span> <span class='ocrx_word' id='word_1_814' title='bbox 3142 1603 3156 1625; x_wconf 95' lang='lat'><strong>,</strong></span> <span class='ocrx_word' id='word_1_815' title='bbox 3188 1571 3241 1616; x_wconf 90' lang='lat' dir='ltr'><strong>et</strong></span> <span class='ocrx_word' id='word_1_816' title='bbox 3287 1561 3541 1617; x_wconf 89' lang='lat' dir='ltr'><strong>bonitatis</strong></span> 
     </span>
    </p>
   </div>
   <div class='ocr_carea' id='block_1_97' title="bbox 1941 1628 3539 1705">
    <p class='ocr_par' dir='ltr' id='par_1_97' title="bbox 1941 1628 3539 1705">
     <span class='ocr_line' id='line_1_98' title="bbox 1941 1628 3539 1705; baseline 0.003 -22"><span class='ocrx_word' id='word_1_817' title='bbox 1941 1628 2149 1705; x_wconf 72' lang='lat' dir='ltr'><strong>Domini</strong></span> <span class='ocrx_word' id='word_1_818' title='bbox 2182 1634 2349 1688; x_wconf 89' lang='lat' dir='ltr'><strong>nostri</strong></span> <span class='ocrx_word' id='word_1_819' title='bbox 2380 1632 2483 1705; x_wconf 86' lang='lat' dir='ltr'><strong>hoc</strong></span> <span class='ocrx_word' id='word_1_820' title='bbox 2510 1628 2851 1705; x_wconf 54' lang='lat' dir='ltr'><strong>signttm&#39;est.</strong></span> <span class='ocrx_word' id='word_1_821' title='bbox 2906 1634 3039 1687; x_wconf 84' lang='lat' dir='ltr'><strong>Hinc</strong></span> <span class='ocrx_word' id='word_1_822' title='bbox 3076 1631 3307 1702; x_wconf 81' lang='lat' dir='ltr'><strong>sigillum</strong></span> <span class='ocrx_word' id='word_1_823' title='bbox 3350 1634 3539 1703; x_wconf 84' lang='lat' dir='ltr'><strong>appel-</strong></span> 
     </span>
    </p>
   </div>
   <div class='ocr_carea' id='block_1_98' title="bbox 1941 1700 3535 1775">
    <p class='ocr_par' dir='ltr' id='par_1_98' title="bbox 1941 1700 3535 1775">
     <span class='ocr_line' id='line_1_99' title="bbox 1941 1700 3535 1775; baseline 0.004 -22"><span class='ocrx_word' id='word_1_824' title='bbox 1941 1700 2047 1775; x_wconf 80' lang='lat' dir='ltr'><strong>lata</strong></span> <span class='ocrx_word' id='word_1_825' title='bbox 2073 1713 2172 1768; x_wconf 88' lang='lat' dir='ltr'><strong>est,</strong></span> <span class='ocrx_word' id='word_1_826' title='bbox 2205 1705 2347 1774; x_wconf 90' lang='lat' dir='ltr'><strong>quod</strong></span> <span class='ocrx_word' id='word_1_827' title='bbox 2372 1700 2612 1775; x_wconf 73' lang='lat' dir='ltr'><strong>deposiia</strong></span> <span class='ocrx_word' id='word_1_828' title='bbox 2639 1705 2817 1759; x_wconf 88' lang='lat' dir='ltr'><strong>divina</strong></span> <span class='ocrx_word' id='word_1_829' title='bbox 2844 1707 3020 1760; x_wconf 88' lang='lat' dir='ltr'><strong>omnia</strong></span> <span class='ocrx_word' id='word_1_830' title='bbox 3049 1700 3168 1773; x_wconf 68' lang='lat' dir='ltr'><strong>qua:</strong></span> <span class='ocrx_word' id='word_1_831' title='bbox 3199 1700 3500 1775; x_wconf 75' lang='lat' dir='ltr'><strong>accepimus</strong></span> <span class='ocrx_word' id='word_1_832' title='bbox 3520 1746 3535 1767; x_wconf 86' lang='lat'><strong>,</strong></span> 
     </span>
    </p>
   </div>
   <div class='ocr_carea' id='block_1_99' title="bbox 1942 1770 3533 1845">
    <p class='ocr_par' dir='ltr' id='par_1_99' title="bbox 1942 1770 3533 1845">
     <span class='ocr_line' id='line_1_100' title="bbox 1942 1770 3533 1845; baseline 0.003 -21"><span class='ocrx_word' id='word_1_833' title='bbox 1942 1770 2043 1826; x_wconf 85' lang='lat' dir='ltr'><strong>hac</strong></span> <span class='ocrx_word' id='word_1_834' title='bbox 2072 1770 2237 1843; x_wconf 74' lang='lat' dir='ltr'><strong>quasi</strong></span> <span class='ocrx_word' id='word_1_835' title='bbox 2262 1775 2416 1840; x_wconf 61' lang='lat' dir='ltr'><strong>signo</strong></span> <span class='ocrx_word' id='word_1_836' title='bbox 2442 1770 2672 1845; x_wconf 84' lang='lat' dir='ltr'><strong>quodam</strong></span> <span class='ocrx_word' id='word_1_837' title='bbox 2700 1776 2850 1845; x_wconf 88' lang='lat' dir='ltr'><strong>regio</strong></span> <span class='ocrx_word' id='word_1_838' title='bbox 2874 1786 3037 1844; x_wconf 88' lang='lat' dir='ltr'><strong>atque</strong></span> <span class='ocrx_word' id='word_1_839' title='bbox 3060 1770 3257 1829; x_wconf 80' lang='lat' dir='ltr'><strong>annulo</strong></span> <span class='ocrx_word' id='word_1_840' title='bbox 3283 1770 3533 1845; x_wconf 82' lang='lat' dir='ltr'><strong>obsigna-</strong></span> 
     </span>
    </p>
   </div>
   <div class='ocr_carea' id='block_1_100' title="bbox 1941 1845 3539 1917">
    <p class='ocr_par' dir='ltr' id='par_1_100' title="bbox 1941 1845 3539 1917">
     <span class='ocr_line' id='line_1_101' title="bbox 1941 1845 3539 1917; baseline 0.003 -21"><span class='ocrx_word' id='word_1_841' title='bbox 1941 1857 2099 1908; x_wconf 87' lang='lat' dir='ltr'><strong>mus;</strong></span> <span class='ocrx_word' id='word_1_842' title='bbox 2148 1861 2245 1900; x_wconf 88' lang='lat' dir='ltr'><strong>nec</strong></span> <span class='ocrx_word' id='word_1_843' title='bbox 2288 1846 2576 1917; x_wconf 89' lang='lat' dir='ltr'><strong>quidquam</strong></span> <span class='ocrx_word' id='word_1_844' title='bbox 2626 1848 2752 1901; x_wconf 81' lang='lat' dir='ltr'><strong>ntali</strong></span> <span class='ocrx_word' id='word_1_845' title='bbox 2794 1846 2905 1916; x_wconf 90' lang='lat' dir='ltr'><strong>jam</strong></span> <span class='ocrx_word' id='word_1_846' title='bbox 2952 1845 3116 1900; x_wconf 88' lang='lat' dir='ltr'><strong>audet</strong></span> <span class='ocrx_word' id='word_1_847' title='bbox 3158 1846 3435 1902; x_wconf 86' lang='lat' dir='ltr'><strong>accedere.</strong></span> <span class='ocrx_word' id='word_1_848' title='bbox 3481 1845 3539 1901; x_wconf 87' lang='lat' dir='ltr'><strong>Si</strong></span> 
     </span>
    </p>
   </div>
   <div class='ocr_carea' id='block_1_101' title="bbox 1939 1916 3538 1988">
    <p class='ocr_par' dir='ltr' id='par_1_101' title="bbox 1939 1916 3538 1988">
     <span class='ocr_line' id='line_1_102' title="bbox 1939 1916 3538 1988; baseline 0.003 -21"><span class='ocrx_word' id='word_1_849' title='bbox 1939 1928 2097 1988; x_wconf 80' lang='lat' dir='ltr'><strong>quem</strong></span> <span class='ocrx_word' id='word_1_850' title='bbox 2140 1916 2335 1987; x_wconf 86' lang='lat' dir='ltr'><strong>populo</strong></span> <span class='ocrx_word' id='word_1_851' title='bbox 2374 1918 2756 1987; x_wconf 67' lang='lat' dir='ltr'><strong>pmticiatuus.</strong></span> <span class='ocrx_word' id='word_1_852' title='bbox 2788 1933 3018 1988; x_wconf 85' lang='lat' dir='ltr'><strong>eumque</strong></span> <span class='ocrx_word' id='word_1_853' title='bbox 3045 1917 3111 1971; x_wconf 83' lang='lat' dir='ltr'><strong>ad</strong></span> <span class='ocrx_word' id='word_1_854' title='bbox 3142 1918 3427 1973; x_wconf 87' lang='lat' dir='ltr'><strong>sacerdotii</strong></span> <span class='ocrx_word' id='word_1_855' title='bbox 3457 1916 3538 1972; x_wconf 90' lang='lat' dir='ltr'><strong>di-</strong></span> 
     </span>
    </p>
   </div>
   <div class='ocr_carea' id='block_1_102' title="bbox 1937 1984 3537 2061">
    <p class='ocr_par' dir='ltr' id='par_1_102' title="bbox 1937 1984 3537 2061">
     <span class='ocr_line' id='line_1_103' title="bbox 1937 1984 3537 2061; baseline 0.005 -24"><span class='ocrx_word' id='word_1_856' title='bbox 1937 1984 2193 2061; x_wconf 73' lang='lat' dir='ltr'><strong>gnitatem</strong></span> <span class='ocrx_word' id='word_1_857' title='bbox 2211 1984 2594 2061; x_wconf 37' lang='lat' dir='ltr'><strong>prove—hamus,</strong></span> <span class='ocrx_word' id='word_1_858' title='bbox 2617 1984 2960 2061; x_wconf 84' lang='lat' dir='ltr'><strong>posteaquam</strong></span> <span class='ocrx_word' id='word_1_859' title='bbox 2987 1988 3388 2043; x_wconf 85' lang='lat' dir='ltr'><strong>innumerabilia</strong></span> <span class='ocrx_word' id='word_1_860' title='bbox 3414 2004 3537 2059; x_wconf 90' lang='lat' dir='ltr'><strong>pre-</strong></span> 
     </span>
    </p>
   </div>
   <div class='ocr_carea' id='block_1_103' title="bbox 1940 2055 3534 2128">
    <p class='ocr_par' dir='ltr' id='par_1_103' title="bbox 1940 2055 3534 2128">
     <span class='ocr_line' id='line_1_104' title="bbox 1940 2055 3534 2128; baseline 0.003 -19"><span class='ocrx_word' id='word_1_861' title='bbox 1940 2055 2042 2109; x_wconf 72' lang='grc' dir='ltr'><strong>εειιί</strong></span> <span class='ocrx_word' id='word_1_862' title='bbox 2087 2073 2309 2125; x_wconf 87' lang='lat' dir='ltr'><strong>sumus,</strong></span> <span class='ocrx_word' id='word_1_863' title='bbox 2355 2076 2418 2114; x_wconf 89' lang='lat' dir='ltr'><strong>ac</strong></span> <span class='ocrx_word' id='word_1_864' title='bbox 2465 2055 2694 2128; x_wconf 53' lang='lat' dir='ltr'><strong>Spirit’us</strong></span> <span class='ocrx_word' id='word_1_865' title='bbox 2736 2055 2905 2114; x_wconf 86' lang='lat' dir='ltr'><strong>sancti</strong></span> <span class='ocrx_word' id='word_1_866' title='bbox 2955 2073 3148 2114; x_wconf 90' lang='lat' dir='ltr'><strong>munus</strong></span> <span class='ocrx_word' id='word_1_867' title='bbox 3192 2055 3534 2115; x_wconf 79' lang='lat' dir='ltr'><strong>accessurum</strong></span> 
     </span>
    </p>
   </div>
   <div class='ocr_carea' id='block_1_104' title="bbox 1938 2128 3538 2201">
    <p class='ocr_par' dir='ltr' id='par_1_104' title="bbox 1938 2128 3538 2201">
     <span class='ocr_line' id='line_1_105' title="bbox 1938 2128 3538 2201; baseline 0.002 -19"><span class='ocrx_word' id='word_1_868' title='bbox 1938 2128 2281 2201; x_wconf 73' lang='lat' dir='ltr'><strong>evocavimus</strong></span> <span class='ocrx_word' id='word_1_869' title='bbox 2304 2173 2319 2197; x_wconf 95' lang='lat'><strong>,</strong></span> <span class='ocrx_word' id='word_1_870' title='bbox 2353 2131 2452 2185; x_wconf 81' lang='lat' dir='ltr'><strong>hac</strong></span> <span class='ocrx_word' id='word_1_871' title='bbox 2488 2131 2865 2201; x_wconf 84' lang='lat' dir='ltr'><strong>obsiguamus,</strong></span> <span class='ocrx_word' id='word_1_872' title='bbox 2893 2133 3043 2201; x_wconf 82' lang='lat' dir='ltr'><strong>quasi</strong></span> <span class='ocrx_word' id='word_1_873' title='bbox 3083 2142 3235 2187; x_wconf 84' lang='lat' dir='ltr'><strong>certo</strong></span> <span class='ocrx_word' id='word_1_874' title='bbox 3276 2131 3538 2199; x_wconf 76' lang='lat' dir='ltr'><strong>tinuoque</strong></span> 
     </span>
    </p>
   </div>
   <div class='ocr_carea' id='block_1_105' title="bbox 1940 2173 3535 2278">
    <p class='ocr_par' dir='ltr' id='par_1_105' title="bbox 1940 2173 3535 2278">
     <span class='ocr_line' id='line_1_106' title="bbox 1940 2173 3535 2278; baseline 0.003 -29"><span class='ocrx_word' id='word_1_875' title='bbox 1940 2196 2011 2278; x_wconf 79' lang='lat' dir='ltr'><strong>in_</strong></span> <span class='ocrx_word' id='word_1_876' title='bbox 2041 2197 2214 2278; x_wconf 80' lang='lat' dir='ltr'><strong>loculo</strong></span> <span class='ocrx_word' id='word_1_877' title='bbox 2242 2173 2452 2278; x_wconf 64' lang='lat' dir='ltr'><strong>dtinutn</strong></span> <span class='ocrx_word' id='word_1_878' title='bbox 2482 2173 2925 2278; x_wconf 39' lang='lat' dir='ltr'><strong>quodaudonattiu‘i</strong></span> <span class='ocrx_word' id='word_1_879' title='bbox 2948 2202 3413 2278; x_wconf 54' lang='lat' dir='ltr'><strong>estinclndamus.</strong></span> <span class='ocrx_word' id='word_1_880' title='bbox 3433 2173 3535 2278; x_wconf 59' lang='grc' dir='ltr'>’ξω</span> 
     </span>
    </p>
   </div>
   <div class='ocr_carea' id='block_1_106' title="bbox 1938 2271 3532 2344">
    <p class='ocr_par' dir='ltr' id='par_1_106' title="bbox 1938 2271 3532 2344">
     <span class='ocr_line' id='line_1_107' title="bbox 1938 2271 3532 2344; baseline 0.006 -24"><span class='ocrx_word' id='word_1_881' title='bbox 1938 2271 2101 2344; x_wconf 76' lang='lat' dir='ltr'><strong>etiam</strong></span> <span class='ocrx_word' id='word_1_882' title='bbox 2131 2271 2182 2325; x_wconf 92' lang='lat' dir='ltr'><strong>in</strong></span> <span class='ocrx_word' id='word_1_883' title='bbox 2208 2273 2487 2328; x_wconf 85' lang='lat' dir='ltr'><strong>sacrificiis</strong></span> <span class='ocrx_word' id='word_1_884' title='bbox 2508 2271 2825 2344; x_wconf 75' lang='lat' dir='ltr'><strong>adhibetur.</strong></span> <span class='ocrx_word' id='word_1_885' title='bbox 2856 2272 3052 2326; x_wconf 89' lang='lat' dir='ltr'><strong>Christi</strong></span> <span class='ocrx_word' id='word_1_886' title='bbox 3082 2274 3225 2329; x_wconf 89' lang='lat' dir='ltr'><strong>enim</strong></span> <span class='ocrx_word' id='word_1_887' title='bbox 3253 2288 3384 2328; x_wconf 89' lang='lat' dir='ltr'><strong>crux</strong></span> <span class='ocrx_word' id='word_1_888' title='bbox 3416 2274 3532 2344; x_wconf 86' lang='lat' dir='ltr'><strong>gla-</strong></span> 
     </span>
    </p>
   </div>
   <div class='ocr_carea' id='block_1_107' title="bbox 1937 2335 3537 2414">
    <p class='ocr_par' dir='ltr' id='par_1_107' title="bbox 1937 2335 3537 2414">
     <span class='ocr_line' id='line_1_108' title="bbox 1937 2335 3537 2414; baseline 0.004 -24"><span class='ocrx_word' id='word_1_889' title='bbox 1937 2335 2060 2414; x_wconf 75' lang='lat' dir='ltr'><strong>dius</strong></span> <span class='ocrx_word' id='word_1_890' title='bbox 2075 2351 2162 2414; x_wconf 72' lang='lat' dir='ltr'><strong>est</strong></span> <span class='ocrx_word' id='word_1_891' title='bbox 2183 2353 2238 2398; x_wconf 89' lang='lat' dir='ltr'><strong>et</strong></span> <span class='ocrx_word' id='word_1_892' title='bbox 2262 2344 2487 2414; x_wconf 79' lang='lat' dir='ltr'><strong>lignum,</strong></span> <span class='ocrx_word' id='word_1_893' title='bbox 2515 2358 2622 2414; x_wconf 93' lang='lat' dir='ltr'><strong>quo</strong></span> <span class='ocrx_word' id='word_1_894' title='bbox 2651 2342 2963 2397; x_wconf 85' lang='lat' dir='ltr'><strong>interfectus</strong></span> <span class='ocrx_word' id='word_1_895' title='bbox 2986 2359 3015 2396; x_wconf 91' lang='lat' dir='ltr'><strong>a</strong></span> <span class='ocrx_word' id='word_1_896' title='bbox 3049 2344 3145 2399; x_wconf 89' lang='lat' dir='ltr'><strong>Dei</strong></span> <span class='ocrx_word' id='word_1_897' title='bbox 3177 2335 3537 2399; x_wconf 65' lang='lat' dir='ltr'><strong>interfectori-</strong></span> 
     </span>
    </p>
   </div>
   <div class='ocr_carea' id='block_1_108' title="bbox 1938 2360 3535 2486">
    <p class='ocr_par' dir='ltr' id='par_1_108' title="bbox 1938 2360 3535 2486">
     <span class='ocr_line' id='line_1_109' title="bbox 1938 2360 3535 2414; baseline 0.004 -24"><span class='ocrx_word' id='word_1_898' title='bbox 1938 2360 2060 2393; x_wconf 77' lang='lat' dir='ltr'><strong>unus</strong></span> <span class='ocrx_word' id='word_1_899' title='bbox 2078 2360 2161 2395; x_wconf 85' lang='lat' dir='ltr'><strong>est</strong></span> <span class='ocrx_word' id='word_1_900' title='bbox 2183 2360 2238 2398; x_wconf 90' lang='lat' dir='ltr'><strong>et</strong></span> <span class='ocrx_word' id='word_1_901' title='bbox 2262 2360 2297 2397; x_wconf 90' lang='grc' dir='ltr'><strong>ιι</strong></span> <span class='ocrx_word' id='word_1_902' title='bbox 2338 2360 2487 2410; x_wconf 83' lang='grc' dir='ltr'>ιιιιηι,</span> <span class='ocrx_word' id='word_1_903' title='bbox 2515 2360 2622 2414; x_wconf 94' lang='lat' dir='ltr'><strong>quo</strong></span> <span class='ocrx_word' id='word_1_904' title='bbox 2651 2360 2963 2397; x_wconf 87' lang='lat' dir='ltr'><strong>mtertectus</strong></span> <span class='ocrx_word' id='word_1_905' title='bbox 2986 2360 3015 2396; x_wconf 91' lang='lat' dir='ltr'><strong>a</strong></span> <span class='ocrx_word' id='word_1_906' title='bbox 3049 2360 3145 2399; x_wconf 85' lang='lat' dir='ltr'><strong>uet</strong></span> <span class='ocrx_word' id='word_1_907' title='bbox 3177 2360 3535 2399; x_wconf 84' lang='lat' dir='ltr'><strong>intertectort-</strong></span> 
     </span>
     <span class='ocr_line' id='line_1_110' title="bbox 1938 2360 3535 2486; baseline 0.004 -22"><span class='ocrx_word' id='word_1_908' title='bbox 1938 2406 2043 2486; x_wconf 72' lang='lat' dir='ltr'><strong>bus</strong></span> <span class='ocrx_word' id='word_1_909' title='bbox 2067 2410 2265 2486; x_wconf 74' lang='lat' dir='ltr'><strong>Judteis</strong></span> <span class='ocrx_word' id='word_1_910' title='bbox 2291 2360 2535 2469; x_wconf 54' lang='lat' dir='ltr'><strong>Christus</strong></span> <span class='ocrx_word' id='word_1_911' title='bbox 2559 2414 2753 2469; x_wconf 89' lang='lat' dir='ltr'><strong>diaboli</strong></span> <span class='ocrx_word' id='word_1_912' title='bbox 2792 2428 2956 2482; x_wconf 84' lang='lat' dir='ltr'><strong>Opera</strong></span> <span class='ocrx_word' id='word_1_913' title='bbox 2986 2414 3181 2469; x_wconf 88' lang='lat' dir='ltr'><strong>delevit</strong></span> <span class='ocrx_word' id='word_1_914' title='bbox 3205 2456 3221 2480; x_wconf 95' lang='lat'><strong>,</strong></span> <span class='ocrx_word' id='word_1_915' title='bbox 3251 2415 3535 2486; x_wconf 80' lang='lat' dir='ltr'><strong>ipsumque</strong></span> 
     </span>
    </p>
   </div>
   <div class='ocr_carea' id='block_1_109' title="bbox 1938 2478 3535 2555">
    <p class='ocr_par' dir='ltr' id='par_1_109' title="bbox 1938 2478 3535 2555">
     <span class='ocr_line' id='line_1_111' title="bbox 1938 2478 3535 2555; baseline 0.005 -24"><span class='ocrx_word' id='word_1_916' title='bbox 1938 2478 2210 2537; x_wconf 87' lang='lat' dir='ltr'><strong>diabolum</strong></span> <span class='ocrx_word' id='word_1_917' title='bbox 2236 2485 2431 2555; x_wconf 87' lang='lat' dir='ltr'><strong>dejecit</strong></span> <span class='ocrx_word' id='word_1_918' title='bbox 2455 2527 2471 2548; x_wconf 86' lang='lat'><strong>,</strong></span> <span class='ocrx_word' id='word_1_919' title='bbox 2502 2488 2699 2540; x_wconf 91' lang='lat' dir='ltr'><strong>nostris</strong></span> <span class='ocrx_word' id='word_1_920' title='bbox 2742 2486 2794 2538; x_wconf 92' lang='lat' dir='ltr'><strong>in</strong></span> <span class='ocrx_word' id='word_1_921' title='bbox 2826 2478 2890 2538; x_wconf 78' lang='lat' dir='ltr'><strong>eo</strong></span> <span class='ocrx_word' id='word_1_922' title='bbox 2929 2486 3047 2539; x_wconf 75' lang='lat' dir='ltr'><strong>lixis</strong></span> <span class='ocrx_word' id='word_1_923' title='bbox 3074 2478 3406 2540; x_wconf 85' lang='lat' dir='ltr'><strong>criminibus.</strong></span> <span class='ocrx_word' id='word_1_924' title='bbox 3448 2478 3535 2542; x_wconf 73' lang='lat' dir='ltr'><strong>Db</strong></span> 
     </span>
    </p>
   </div>
   <div class='ocr_carea' id='block_1_110' title="bbox 1938 2555 3533 2628">
    <p class='ocr_par' dir='ltr' id='par_1_110' title="bbox 1938 2555 3533 2628">
     <span class='ocr_line' id='line_1_112' title="bbox 1938 2555 3533 2628; baseline 0.004 -25"><span class='ocrx_word' id='word_1_925' title='bbox 1938 2562 2165 2628; x_wconf 76' lang='lat' dir='ltr'><strong>eamque</strong></span> <span class='ocrx_word' id='word_1_926' title='bbox 2190 2570 2403 2628; x_wconf 85' lang='lat' dir='ltr'><strong>causam</strong></span> <span class='ocrx_word' id='word_1_927' title='bbox 2432 2555 2486 2610; x_wconf 90' lang='lat' dir='ltr'><strong>in</strong></span> <span class='ocrx_word' id='word_1_928' title='bbox 2516 2557 2791 2611; x_wconf 83' lang='lat' dir='ltr'><strong>sacrificiis</strong></span> <span class='ocrx_word' id='word_1_929' title='bbox 2820 2568 3127 2628; x_wconf 87' lang='lat' dir='ltr'><strong>usurpatur,</strong></span> <span class='ocrx_word' id='word_1_930' title='bbox 3151 2556 3307 2628; x_wconf 82' lang='lat' dir='ltr'><strong>quasi</strong></span> <span class='ocrx_word' id='word_1_931' title='bbox 3326 2556 3533 2628; x_wconf 77' lang='lat' dir='ltr'><strong>gladius</strong></span> 
     </span>
    </p>
   </div>
   <div class='ocr_carea' id='block_1_111' title="bbox 1937 2622 3534 2697">
    <p class='ocr_par' dir='ltr' id='par_1_111' title="bbox 1937 2622 3534 2697">
     <span class='ocr_line' id='line_1_113' title="bbox 1937 2622 3534 2697; baseline 0.006 -22"><span class='ocrx_word' id='word_1_932' title='bbox 1937 2622 2151 2691; x_wconf 88' lang='lat' dir='ltr'><strong>quidam</strong></span> <span class='ocrx_word' id='word_1_933' title='bbox 2180 2636 2232 2679; x_wconf 90' lang='lat' dir='ltr'><strong>et</strong></span> <span class='ocrx_word' id='word_1_934' title='bbox 2260 2627 2480 2697; x_wconf 78' lang='lat' dir='ltr'><strong>flagrum</strong></span> <span class='ocrx_word' id='word_1_935' title='bbox 2508 2628 2709 2694; x_wconf 75' lang='lat' dir='ltr'><strong>regium</strong></span> <span class='ocrx_word' id='word_1_936' title='bbox 2731 2626 2873 2697; x_wconf 88' lang='lat' dir='ltr'><strong>quod</strong></span> <span class='ocrx_word' id='word_1_937' title='bbox 2902 2622 3116 2682; x_wconf 82' lang='lat' dir='ltr'><strong>munem</strong></span> <span class='ocrx_word' id='word_1_938' title='bbox 3136 2622 3534 2684; x_wconf 55' lang='lat' dir='ltr'><strong>diaboli&#39;incur-</strong></span> 
     </span>
    </p>
   </div>
   <div class='ocr_carea' id='block_1_112' title="bbox 1937 2698 3533 2768">
    <p class='ocr_par' dir='ltr' id='par_1_112' title="bbox 1937 2698 3533 2768">
     <span class='ocr_line' id='line_1_114' title="bbox 1937 2698 3533 2768; baseline 0.008 -24"><span class='ocrx_word' id='word_1_939' title='bbox 1937 2707 2095 2768; x_wconf 75' lang='lat' dir='ltr'><strong>sum,</strong></span> <span class='ocrx_word' id='word_1_940' title='bbox 2138 2707 2443 2768; x_wconf 80' lang='lat' dir='ltr'><strong>satamuqtte</strong></span> <span class='ocrx_word' id='word_1_941' title='bbox 2483 2700 2738 2766; x_wconf 88' lang='lat' dir='ltr'><strong>impetum</strong></span> <span class='ocrx_word' id='word_1_942' title='bbox 2782 2698 3025 2767; x_wconf 81' lang='lat' dir='ltr'><strong>proliigat</strong></span> <span class='ocrx_word' id='word_1_943' title='bbox 3069 2708 3123 2753; x_wconf 89' lang='lat' dir='ltr'><strong>et</strong></span> <span class='ocrx_word' id='word_1_944' title='bbox 3160 2698 3345 2753; x_wconf 85' lang='lat' dir='ltr'><strong>fundit.</strong></span> <span class='ocrx_word' id='word_1_945' title='bbox 3400 2699 3533 2756; x_wconf 86' lang='lat' dir='ltr'><strong>Hinc</strong></span> 
     </span>
    </p>
   </div>
   <div class='ocr_carea' id='block_1_113' title="bbox 1937 2761 3533 2841">
    <p class='ocr_par' dir='ltr' id='par_1_113' title="bbox 1937 2761 3533 2841">
     <span class='ocr_line' id='line_1_115' title="bbox 1937 2761 3533 2841; baseline 0.008 -27"><span class='ocrx_word' id='word_1_946' title='bbox 1937 2761 2099 2841; x_wconf 71' lang='lat' dir='ltr'><strong>divini</strong></span> <span class='ocrx_word' id='word_1_947' title='bbox 2123 2761 2372 2837; x_wconf 78' lang='lat' dir='ltr'><strong>sat-rique</strong></span> <span class='ocrx_word' id='word_1_948' title='bbox 2388 2761 2653 2824; x_wconf 80' lang='lat' dir='ltr'><strong>antistites</strong></span> <span class='ocrx_word' id='word_1_949' title='bbox 2668 2761 3127 2841; x_wconf 71' lang='lat' dir='ltr'><strong>quasistipatores</strong></span> <span class='ocrx_word' id='word_1_950' title='bbox 3145 2769 3360 2841; x_wconf 90' lang='lat' dir='ltr'><strong>quidam</strong></span> <span class='ocrx_word' id='word_1_951' title='bbox 3384 2774 3533 2841; x_wconf 83' lang='lat' dir='ltr'><strong>regio</strong></span> 
     </span>
    </p>
   </div>
   <div class='ocr_carea' id='block_1_114' title="bbox 1935 2832 3528 2907">
    <p class='ocr_par' dir='ltr' id='par_1_114' title="bbox 1935 2832 3528 2907">
     <span class='ocr_line' id='line_1_116' title="bbox 1935 2832 3528 2907; baseline 0.006 -21"><span class='ocrx_word' id='word_1_952' title='bbox 1935 2832 2105 2907; x_wconf 73' lang='lat' dir='ltr'><strong>tlagro</strong></span> <span class='ocrx_word' id='word_1_953' title='bbox 2134 2832 2408 2907; x_wconf 68' lang='lat' dir='ltr'><strong>preposito</strong></span> <span class='ocrx_word' id='word_1_954' title='bbox 2431 2881 2446 2907; x_wconf 90' lang='lat'><strong>,</strong></span> <span class='ocrx_word' id='word_1_955' title='bbox 2473 2855 2540 2895; x_wconf 89' lang='lat' dir='ltr'><strong>eo</strong></span> <span class='ocrx_word' id='word_1_956' title='bbox 2575 2832 2789 2895; x_wconf 77' lang='lat' dir='ltr'><strong>omnem</strong></span> <span class='ocrx_word' id='word_1_957' title='bbox 2819 2832 3057 2893; x_wconf 78' lang='lat' dir='ltr'><strong>hostium</strong></span> <span class='ocrx_word' id='word_1_958' title='bbox 3082 2832 3372 2895; x_wconf 79' lang='lat' dir='ltr'><strong>exercitum</strong></span> <span class='ocrx_word' id='word_1_959' title='bbox 3408 2832 3528 2896; x_wconf 66' lang='lat' dir='ltr'><strong>hiu-</strong></span> 
     </span>
    </p>
   </div>
   <div class='ocr_carea' id='block_1_115' title="bbox 1937 2903 3532 2986">
    <p class='ocr_par' dir='ltr' id='par_1_115' title="bbox 1937 2903 3532 2986">
     <span class='ocr_line' id='line_1_117' title="bbox 1937 2903 3532 2986; baseline 0.007 -28"><span class='ocrx_word' id='word_1_960' title='bbox 1937 2903 2069 2986; x_wconf 72' lang='lat' dir='ltr'><strong>duitt</strong></span> <span class='ocrx_word' id='word_1_961' title='bbox 2108 2903 2170 2963; x_wconf 81' lang='lat' dir='ltr'><strong>ac</strong></span> <span class='ocrx_word' id='word_1_962' title='bbox 2208 2903 2389 2986; x_wconf 76' lang='lat' dir='ltr'><strong>fugant</strong></span> <span class='ocrx_word' id='word_1_963' title='bbox 2412 2903 2579 2986; x_wconf 47' lang='lat' dir='ltr'><strong>{cum</strong></span> <span class='ocrx_word' id='word_1_964' title='bbox 2614 2911 2796 2967; x_wconf 89' lang='lat' dir='ltr'><strong>divina</strong></span> <span class='ocrx_word' id='word_1_965' title='bbox 2825 2911 3074 2980; x_wconf 81' lang='lat' dir='ltr'><strong>regiaque</strong></span> <span class='ocrx_word' id='word_1_966' title='bbox 3092 2927 3320 2986; x_wconf 84' lang='lat' dir='ltr'><strong>munera</strong></span> <span class='ocrx_word' id='word_1_967' title='bbox 3351 2912 3425 2986; x_wconf 81' lang='lat' dir='ltr'><strong>iis</strong></span> <span class='ocrx_word' id='word_1_968' title='bbox 3441 2914 3532 2986; x_wconf 87' lang='lat' dir='ltr'><strong>qui</strong></span> 
     </span>
    </p>
   </div>
   <div class='ocr_carea' id='block_1_116' title="bbox 1938 2978 3532 3055">
    <p class='ocr_par' dir='ltr' id='par_1_116' title="bbox 1938 2978 3532 3055">
     <span class='ocr_line' id='line_1_118' title="bbox 1938 2978 3532 3055; baseline 0.007 -26"><span class='ocrx_word' id='word_1_969' title='bbox 1938 2978 2215 3055; x_wconf 79' lang='lat' dir='ltr'><strong>initiantur</strong></span> <span class='ocrx_word' id='word_1_970' title='bbox 2244 2978 2483 3037; x_wconf 82' lang='lat' dir='ltr'><strong>tribuunt</strong></span> <span class='ocrx_word' id='word_1_971' title='bbox 2508 3025 2524 3048; x_wconf 92' lang='lat'><strong>,</strong></span> <span class='ocrx_word' id='word_1_972' title='bbox 2554 2983 2605 3036; x_wconf 89' lang='lat' dir='ltr'><strong>in</strong></span> <span class='ocrx_word' id='word_1_973' title='bbox 2636 2998 2743 3052; x_wconf 91' lang='lat' dir='ltr'><strong>quo</strong></span> <span class='ocrx_word' id='word_1_974' title='bbox 2772 2998 2875 3037; x_wconf 85' lang='lat' dir='ltr'><strong>una</strong></span> <span class='ocrx_word' id='word_1_975' title='bbox 2894 2978 3024 3036; x_wconf 83' lang='lat' dir='ltr'><strong>cum</strong></span> <span class='ocrx_word' id='word_1_976' title='bbox 3056 2984 3136 3038; x_wconf 87' lang='lat' dir='ltr'><strong>eis</strong></span> <span class='ocrx_word' id='word_1_977' title='bbox 3165 2998 3343 3055; x_wconf 78' lang='lat' dir='ltr'><strong>regem</strong></span> <span class='ocrx_word' id='word_1_978' title='bbox 3370 2978 3532 3040; x_wconf 81' lang='lat' dir='ltr'><strong>Chri-</strong></span> 
     </span>
    </p>
   </div>
   <div class='ocr_carea' id='block_1_117' title="bbox 1935 3052 2835 3124">
    <p class='ocr_par' dir='ltr' id='par_1_117' title="bbox 1935 3052 2835 3124">
     <span class='ocr_line' id='line_1_119' title="bbox 1935 3052 2835 3124; baseline 0.007 -24"><span class='ocrx_word' id='word_1_979' title='bbox 1935 3056 2075 3124; x_wconf 81' lang='lat' dir='ltr'><strong>stu_m</strong></span> <span class='ocrx_word' id='word_1_980' title='bbox 2102 3052 2286 3124; x_wconf 66' lang='lat' dir='ltr'><strong>colunt</strong></span> <span class='ocrx_word' id='word_1_981' title='bbox 2313 3062 2472 3124; x_wconf 85' lang='lat' dir='ltr'><strong>atque</strong></span> <span class='ocrx_word' id='word_1_982' title='bbox 2496 3063 2835 3109; x_wconf 87' lang='lat' dir='ltr'><strong>venerantur.</strong></span> 
     </span>
    </p>
   </div>
   <div class='ocr_carea' id='block_1_118' title="bbox 2008 3120 3530 3195">
    <p class='ocr_par' dir='ltr' id='par_1_118' title="bbox 2008 3120 3530 3195">
     <span class='ocr_line' id='line_1_120' title="bbox 2008 3120 3530 3195; baseline 0.004 -20"><span class='ocrx_word' id='word_1_983' title='bbox 2008 3120 2061 3175; x_wconf 78' lang='lat'><strong>3.</strong></span> <span class='ocrx_word' id='word_1_984' title='bbox 2101 3120 2233 3178; x_wconf 87' lang='lat' dir='ltr'><strong>Ctttn</strong></span> <span class='ocrx_word' id='word_1_985' title='bbox 2258 3120 2401 3194; x_wconf 68' lang='lat' dir='ltr'><strong>ergo</strong></span> <span class='ocrx_word' id='word_1_986' title='bbox 2424 3126 2671 3195; x_wconf 81' lang='lat' dir='ltr'><strong>signaris,</strong></span> <span class='ocrx_word' id='word_1_987' title='bbox 2703 3124 2794 3178; x_wconf 90' lang='lat' dir='ltr'><strong>tibi</strong></span> <span class='ocrx_word' id='word_1_988' title='bbox 2818 3125 2870 3177; x_wconf 88' lang='lat' dir='ltr'><strong>in</strong></span> <span class='ocrx_word' id='word_1_989' title='bbox 2895 3135 3127 3179; x_wconf 88' lang='lat' dir='ltr'><strong>mentem</strong></span> <span class='ocrx_word' id='word_1_990' title='bbox 3155 3125 3334 3179; x_wconf 82' lang='lat' dir='ltr'><strong>veniat</strong></span> <span class='ocrx_word' id='word_1_991' title='bbox 3360 3133 3530 3181; x_wconf 90' lang='lat' dir='ltr'><strong>totum</strong></span> 
     </span>
    </p>
   </div>
   <div class='ocr_carea' id='block_1_119' title="bbox 1934 3196 3531 3271">
    <p class='ocr_par' dir='ltr' id='par_1_119' title="bbox 1934 3196 3531 3271">
     <span class='ocr_line' id='line_1_121' title="bbox 1934 3196 3531 3271; baseline 0.003 -21"><span class='ocrx_word' id='word_1_992' title='bbox 1934 3196 2109 3251; x_wconf 89' lang='lat' dir='ltr'><strong>crucis</strong></span> <span class='ocrx_word' id='word_1_993' title='bbox 2130 3204 2521 3271; x_wconf 79' lang='lat' dir='ltr'><strong>argmnentum,</strong></span> <span class='ocrx_word' id='word_1_994' title='bbox 2550 3210 2613 3250; x_wconf 88' lang='lat' dir='ltr'><strong>ac</strong></span> <span class='ocrx_word' id='word_1_995' title='bbox 2636 3196 2917 3271; x_wconf 73' lang='lat' dir='ltr'><strong>tamiram</strong></span> <span class='ocrx_word' id='word_1_996' title='bbox 2934 3211 3231 3271; x_wconf 68' lang='lat' dir='ltr'><strong>omnesque</strong></span> <span class='ocrx_word' id='word_1_997' title='bbox 3263 3212 3293 3250; x_wconf 88' lang='lat' dir='ltr'><strong>a</strong></span> <span class='ocrx_word' id='word_1_998' title='bbox 3312 3198 3531 3271; x_wconf 56' lang='lat' dir='ltr'><strong>ratione</strong></span> 
     </span>
    </p>
   </div>
   <div class='ocr_carea' id='block_1_120' title="bbox 1934 3266 3529 3337">
    <p class='ocr_par' dir='ltr' id='par_1_120' title="bbox 1934 3266 3529 3337">
     <span class='ocr_line' id='line_1_122' title="bbox 1934 3266 3529 3337; baseline 0.001 -15"><span class='ocrx_word' id='word_1_999' title='bbox 1934 3282 2154 3323; x_wconf 85' lang='lat' dir='ltr'><strong>aversos</strong></span> <span class='ocrx_word' id='word_1_1000' title='bbox 2178 3266 2339 3321; x_wconf 88' lang='lat' dir='ltr'><strong>animi</strong></span> <span class='ocrx_word' id='word_1_1001' title='bbox 2365 3267 2592 3335; x_wconf 89' lang='lat' dir='ltr'><strong>impetus</strong></span> <span class='ocrx_word' id='word_1_1002' title='bbox 2630 3268 2967 3323; x_wconf 82' lang='lat' dir='ltr'><strong>exstinxeris.</strong></span> <span class='ocrx_word' id='word_1_1003' title='bbox 3000 3266 3133 3321; x_wconf 88' lang='lat' dir='ltr'><strong>Cum</strong></span> <span class='ocrx_word' id='word_1_1004' title='bbox 3177 3266 3529 3337; x_wconf 82' lang='lat' dir='ltr'><strong>coasigiiabe-</strong></span> 
     </span>
    </p>
   </div>
   <div class='ocr_carea' id='block_1_121' title="bbox 1935 3337 3530 3409">
    <p class='ocr_par' dir='ltr' id='par_1_121' title="bbox 1935 3337 3530 3409">
     <span class='ocr_line' id='line_1_123' title="bbox 1935 3337 3530 3409; baseline -0.001 -13"><span class='ocrx_word' id='word_1_1005' title='bbox 1935 3343 2029 3405; x_wconf 88' lang='lat' dir='ltr'><strong>ris,</strong></span> <span class='ocrx_word' id='word_1_1006' title='bbox 2071 3339 2299 3394; x_wconf 88' lang='lat' dir='ltr'><strong>frontem</strong></span> <span class='ocrx_word' id='word_1_1007' title='bbox 2343 3340 2504 3391; x_wconf 87' lang='lat' dir='ltr'><strong>tuttlta</strong></span> <span class='ocrx_word' id='word_1_1008' title='bbox 2552 3339 2699 3409; x_wconf 85' lang='lat' dir='ltr'><strong>reple</strong></span> <span class='ocrx_word' id='word_1_1009' title='bbox 2747 3337 2968 3409; x_wconf 77' lang='lat' dir='ltr'><strong>fiducia;</strong></span> <span class='ocrx_word' id='word_1_1010' title='bbox 3011 3347 3219 3409; x_wconf 79' lang='lat' dir='ltr'><strong>pectus,</strong></span> <span class='ocrx_word' id='word_1_1011' title='bbox 3252 3338 3439 3393; x_wconf 82' lang='lat' dir='ltr'><strong>oculos</strong></span> <span class='ocrx_word' id='word_1_1012' title='bbox 3477 3350 3530 3394; x_wconf 87' lang='lat' dir='ltr'><strong>et</strong></span> 
     </span>
    </p>
   </div>
   <div class='ocr_carea' id='block_1_122' title="bbox 1934 3408 3532 3473">
    <p class='ocr_par' dir='ltr' id='par_1_122' title="bbox 1934 3408 3532 3473">
     <span class='ocr_line' id='line_1_124' title="bbox 1934 3408 3532 3473; baseline -0.001 -6"><span class='ocrx_word' id='word_1_1013' title='bbox 1934 3412 2113 3467; x_wconf 88' lang='lat' dir='ltr'><strong>omnia</strong></span> <span class='ocrx_word' id='word_1_1014' title='bbox 2140 3410 2377 3464; x_wconf 83' lang='lat' dir='ltr'><strong>membra</strong></span> <span class='ocrx_word' id='word_1_1015' title='bbox 2409 3409 2543 3463; x_wconf 83' lang='lat' dir='ltr'><strong>otl&#39;er</strong></span> <span class='ocrx_word' id='word_1_1016' title='bbox 2567 3408 2795 3462; x_wconf 88' lang='lat' dir='ltr'><strong>hostiam</strong></span> <span class='ocrx_word' id='word_1_1017' title='bbox 2827 3408 2935 3462; x_wconf 89' lang='lat' dir='ltr'><strong>Deo</strong></span> <span class='ocrx_word' id='word_1_1018' title='bbox 2969 3410 3283 3473; x_wconf 83' lang='lat' dir='ltr'><strong>placentem.</strong></span> <span class='ocrx_word' id='word_1_1019' title='bbox 3318 3409 3430 3464; x_wconf 86' lang='lat' dir='ltr'><strong>lloc</strong></span> <span class='ocrx_word' id='word_1_1020' title='bbox 3449 3423 3532 3467; x_wconf 87' lang='lat' dir='ltr'><strong>est</strong></span> 
     </span>
    </p>
   </div>
   <div class='ocr_carea' id='block_1_123' title="bbox 1932 3478 3532 3551">
    <p class='ocr_par' dir='ltr' id='par_1_123' title="bbox 1932 3478 3532 3551">
     <span class='ocr_line' id='line_1_125' title="bbox 1932 3478 3532 3551; baseline -0.002 -11"><span class='ocrx_word' id='word_1_1021' title='bbox 1932 3486 2077 3540; x_wconf 87' lang='lat' dir='ltr'><strong>enim</strong></span> <span class='ocrx_word' id='word_1_1022' title='bbox 2142 3481 2460 3536; x_wconf 76' lang='lat' dir='ltr'><strong>rationabile</strong></span> <span class='ocrx_word' id='word_1_1023' title='bbox 2511 3479 2825 3550; x_wconf 86' lang='lat' dir='ltr'><strong>obsequium</strong></span> <span class='ocrx_word' id='word_1_1024' title='bbox 2882 3478 3085 3551; x_wconf 63' lang='lat' dir='ltr'><strong>(Rom.</strong></span> <span class='ocrx_word' id='word_1_1025' title='bbox 3136 3479 3223 3534; x_wconf 73' lang='grc'><strong>12.</strong></span> <span class='ocrx_word' id='word_1_1026' title='bbox 3280 3478 3368 3551; x_wconf 93' lang='grc'><strong>1).</strong></span> <span class='ocrx_word' id='word_1_1027' title='bbox 3420 3480 3532 3538; x_wconf 80' lang='lat' dir='ltr'><strong>Hoc</strong></span> 
     </span>
    </p>
   </div>
   <div class='ocr_carea' id='block_1_124' title="bbox 1934 3549 3530 3622">
    <p class='ocr_par' dir='ltr' id='par_1_124' title="bbox 1934 3549 3530 3622">
     <span class='ocr_line' id='line_1_126' title="bbox 1934 3549 3530 3622; baseline -0.003 -11"><span class='ocrx_word' id='word_1_1028' title='bbox 1934 3559 2094 3611; x_wconf 88' lang='lat' dir='ltr'><strong>etiam</strong></span> <span class='ocrx_word' id='word_1_1029' title='bbox 2137 3553 2346 3622; x_wconf 89' lang='lat' dir='ltr'><strong>signum</strong></span> <span class='ocrx_word' id='word_1_1030' title='bbox 2369 3551 2514 3605; x_wconf 89' lang='lat' dir='ltr'><strong>fores</strong></span> <span class='ocrx_word' id='word_1_1031' title='bbox 2550 3549 2758 3604; x_wconf 80' lang='lat' dir='ltr'><strong>clausas</strong></span> <span class='ocrx_word' id='word_1_1032' title='bbox 2787 3549 3047 3618; x_wconf 88' lang='lat' dir='ltr'><strong>majorum</strong></span> <span class='ocrx_word' id='word_1_1033' title='bbox 3079 3549 3382 3605; x_wconf 88' lang='lat' dir='ltr'><strong>nostrorum</strong></span> <span class='ocrx_word' id='word_1_1034' title='bbox 3412 3570 3530 3607; x_wconf 69' lang='lat' dir='ltr'><strong>:rvo</strong></span> 
     </span>
    </p>
   </div>
   <div class='ocr_carea' id='block_1_125' title="bbox 1934 3623 3532 3693">
    <p class='ocr_par' dir='ltr' id='par_1_125' title="bbox 1934 3623 3532 3693">
     <span class='ocr_line' id='line_1_127' title="bbox 1934 3623 3532 3693; baseline 0.011 -29"><span class='ocrx_word' id='word_1_1035' title='bbox 1934 3626 2162 3693; x_wconf 47' lang='lat' dir='ltr'><strong>appulit,</strong></span> <span class='ocrx_word' id='word_1_1036' title='bbox 2190 3627 2289 3677; x_wconf 88' lang='lat' dir='ltr'><strong>hoc</strong></span> <span class='ocrx_word' id='word_1_1037' title='bbox 2315 3623 2469 3677; x_wconf 88' lang='lat' dir='ltr'><strong>noxia</strong></span> <span class='ocrx_word' id='word_1_1038' title='bbox 2496 3623 2871 3693; x_wconf 81' lang='lat' dir='ltr'><strong>mortiferaque</strong></span> <span class='ocrx_word' id='word_1_1039' title='bbox 2899 3637 3100 3693; x_wconf 69' lang='lat' dir='ltr'><strong>venena</strong></span> <span class='ocrx_word' id='word_1_1040' title='bbox 3128 3623 3401 3684; x_wconf 74' lang='lat' dir='ltr'><strong>exstinxit.</strong></span> <span class='ocrx_word' id='word_1_1041' title='bbox 3428 3624 3532 3681; x_wconf 79' lang='lat' dir='ltr'><strong>huc</strong></span> 
     </span>
    </p>
   </div>
   <div class='ocr_carea' id='block_1_126' title="bbox 1934 3691 3529 3761">
    <p class='ocr_par' dir='ltr' id='par_1_126' title="bbox 1934 3691 3529 3761">
     <span class='ocr_line' id='line_1_128' title="bbox 1934 3691 3529 3761; baseline -0.003 -7"><span class='ocrx_word' id='word_1_1042' title='bbox 1934 3691 2121 3754; x_wconf 74' lang='lat' dir='ltr'><strong>cicuta:</strong></span> <span class='ocrx_word' id='word_1_1043' title='bbox 2172 3697 2274 3749; x_wconf 76' lang='lat' dir='ltr'><strong>vim</strong></span> <span class='ocrx_word' id='word_1_1044' title='bbox 2320 3694 2467 3757; x_wconf 87' lang='lat' dir='ltr'><strong>eluit,</strong></span> <span class='ocrx_word' id='word_1_1045' title='bbox 2505 3692 2604 3746; x_wconf 87' lang='lat' dir='ltr'><strong>hoc</strong></span> <span class='ocrx_word' id='word_1_1046' title='bbox 2646 3692 2874 3761; x_wconf 86' lang='lat' dir='ltr'><strong>denique</strong></span> <span class='ocrx_word' id='word_1_1047' title='bbox 2910 3691 3205 3746; x_wconf 86' lang='lat' dir='ltr'><strong>belluarnm</strong></span> <span class='ocrx_word' id='word_1_1048' title='bbox 3238 3708 3529 3749; x_wconf 83' lang='lat' dir='ltr'><strong>venenata-</strong></span> 
     </span>
    </p>
   </div>
   <div class='ocr_carea' id='block_1_127' title="bbox 1936 3764 3533 3831">
    <p class='ocr_par' dir='ltr' id='par_1_127' title="bbox 1936 3764 3533 3831">
     <span class='ocr_line' id='line_1_129' title="bbox 1936 3764 3533 3831; baseline -0.001 -10"><span class='ocrx_word' id='word_1_1049' title='bbox 1936 3786 2050 3823; x_wconf 90' lang='lat' dir='ltr'><strong>rutn</strong></span> <span class='ocrx_word' id='word_1_1050' title='bbox 2099 3783 2310 3822; x_wconf 86' lang='lat' dir='ltr'><strong>morsus</strong></span> <span class='ocrx_word' id='word_1_1051' title='bbox 2356 3766 2582 3818; x_wconf 81' lang='lat' dir='ltr'><strong>curavit.</strong></span> <span class='ocrx_word' id='word_1_1052' title='bbox 2622 3765 2675 3816; x_wconf 70' lang='lat' dir='ltr'><strong>Si</strong></span> <span class='ocrx_word' id='word_1_1053' title='bbox 2707 3766 2850 3817; x_wconf 90' lang='lat' dir='ltr'><strong>enim</strong></span> <span class='ocrx_word' id='word_1_1054' title='bbox 2891 3764 3180 3817; x_wconf 87' lang='lat' dir='ltr'><strong>inferorum</strong></span> <span class='ocrx_word' id='word_1_1055' title='bbox 3227 3774 3407 3831; x_wconf 84' lang='lat' dir='ltr'><strong>portas</strong></span> <span class='ocrx_word' id='word_1_1056' title='bbox 3446 3784 3533 3820; x_wconf 80' lang='lat' dir='ltr'><strong>re-</strong></span> 
     </span>
    </p>
   </div>
   <div class='ocr_carea' id='block_1_128' title="bbox 1936 3835 3529 3906">
    <p class='ocr_par' dir='ltr' id='par_1_128' title="bbox 1936 3835 3529 3906">
     <span class='ocr_line' id='line_1_130' title="bbox 1936 3835 3529 3906; baseline -0.002 -13"><span class='ocrx_word' id='word_1_1057' title='bbox 1936 3842 2151 3899; x_wconf 81' lang='lat' dir='ltr'><strong>seravit,</strong></span> <span class='ocrx_word' id='word_1_1058' title='bbox 2185 3849 2237 3892; x_wconf 86' lang='lat' dir='ltr'><strong>et</strong></span> <span class='ocrx_word' id='word_1_1059' title='bbox 2264 3838 2513 3892; x_wconf 53' lang='lat' dir='ltr'><strong>calorum</strong></span> <span class='ocrx_word' id='word_1_1060' title='bbox 2542 3835 2755 3901; x_wconf 69' lang='lat' dir='ltr'><strong>apsides</strong></span> <span class='ocrx_word' id='word_1_1061' title='bbox 2785 3835 3013 3901; x_wconf 85' lang='lat' dir='ltr'><strong>aperuit,</strong></span> <span class='ocrx_word' id='word_1_1062' title='bbox 3068 3836 3402 3906; x_wconf 85' lang='lat' dir='ltr'><strong>paradisique</strong></span> <span class='ocrx_word' id='word_1_1063' title='bbox 3430 3839 3529 3891; x_wconf 86' lang='lat' dir='ltr'><strong>ad-</strong></span> 
     </span>
    </p>
   </div>
   <div class='ocr_carea' id='block_1_129' title="bbox 1936 3905 3529 3975">
    <p class='ocr_par' dir='ltr' id='par_1_129' title="bbox 1936 3905 3529 3975">
     <span class='ocr_line' id='line_1_131' title="bbox 1936 3905 3529 3975; baseline -0.003 -8"><span class='ocrx_word' id='word_1_1064' title='bbox 1936 3913 2067 3967; x_wconf 90' lang='lat' dir='ltr'><strong>itum</strong></span> <span class='ocrx_word' id='word_1_1065' title='bbox 2112 3909 2407 3971; x_wconf 87' lang='lat' dir='ltr'><strong>renovavit,</strong></span> <span class='ocrx_word' id='word_1_1066' title='bbox 2434 3916 2488 3960; x_wconf 91' lang='lat' dir='ltr'><strong>et</strong></span> <span class='ocrx_word' id='word_1_1067' title='bbox 2513 3906 2708 3959; x_wconf 89' lang='lat' dir='ltr'><strong>diaboli</strong></span> <span class='ocrx_word' id='word_1_1068' title='bbox 2740 3922 2933 3959; x_wconf 84' lang='lat' dir='ltr'><strong>nervos</strong></span> <span class='ocrx_word' id='word_1_1069' title='bbox 2956 3905 3108 3974; x_wconf 80' lang='lat' dir='ltr'><strong>fregit</strong></span> <span class='ocrx_word' id='word_1_1070' title='bbox 3138 3922 3152 3957; x_wconf 90' lang='lat'><strong>:</strong></span> <span class='ocrx_word' id='word_1_1071' title='bbox 3184 3905 3529 3975; x_wconf 85' lang='lat' dir='ltr'><strong>quidmirunt</strong></span> 
     </span>
    </p>
   </div>
   <div class='ocr_carea' id='block_1_130' title="bbox 1935 3976 3530 4045">
    <p class='ocr_par' dir='ltr' id='par_1_130' title="bbox 1935 3976 3530 4045">
     <span class='ocr_line' id='line_1_132' title="bbox 1935 3976 3530 4045; baseline -0.001 -9"><span class='ocrx_word' id='word_1_1072' title='bbox 1935 3982 2105 4036; x_wconf 90' lang='lat' dir='ltr'><strong>videri</strong></span> <span class='ocrx_word' id='word_1_1073' title='bbox 2135 3981 2314 4045; x_wconf 88' lang='lat' dir='ltr'><strong>debet,</strong></span> <span class='ocrx_word' id='word_1_1074' title='bbox 2347 3979 2391 4032; x_wconf 90' lang='lat' dir='ltr'><strong>si</strong></span> <span class='ocrx_word' id='word_1_1075' title='bbox 2424 3993 2578 4030; x_wconf 81' lang='lat' dir='ltr'><strong>noxia</strong></span> <span class='ocrx_word' id='word_1_1076' title='bbox 2610 3992 2809 4029; x_wconf 87' lang='lat' dir='ltr'><strong>venena</strong></span> <span class='ocrx_word' id='word_1_1077' title='bbox 2839 3976 3003 4029; x_wconf 80' lang='lat' dir='ltr'><strong>vint-it</strong></span> <span class='ocrx_word' id='word_1_1078' title='bbox 3041 3984 3098 4030; x_wconf 86' lang='lat' dir='ltr'><strong>et</strong></span> <span class='ocrx_word' id='word_1_1079' title='bbox 3136 3978 3387 4045; x_wconf 84' lang='lat' dir='ltr'><strong>superat?</strong></span> <span class='ocrx_word' id='word_1_1080' title='bbox 3415 3980 3530 4035; x_wconf 81' lang='lat' dir='ltr'><strong>Hoc</strong></span> 
     </span>
    </p>
   </div>
   <div class='ocr_carea' id='block_1_131' title="bbox 1935 4047 3529 4121">
    <p class='ocr_par' dir='ltr' id='par_1_131' title="bbox 1935 4047 3529 4121">
     <span class='ocr_line' id='line_1_133' title="bbox 1935 4047 3529 4121; baseline -0.002 -14"><span class='ocrx_word' id='word_1_1081' title='bbox 1935 4069 2063 4121; x_wconf 82' lang='lat' dir='ltr'><strong>ergo</strong></span> <span class='ocrx_word' id='word_1_1082' title='bbox 2111 4054 2162 4106; x_wconf 87' lang='lat' dir='ltr'><strong>itt</strong></span> <span class='ocrx_word' id='word_1_1083' title='bbox 2207 4058 2387 4104; x_wconf 87' lang='lat' dir='ltr'><strong>tuente</strong></span> <span class='ocrx_word' id='word_1_1084' title='bbox 2436 4060 2523 4121; x_wconf 91' lang='lat' dir='ltr'><strong>tua</strong></span> <span class='ocrx_word' id='word_1_1085' title='bbox 2563 4047 2835 4121; x_wconf 80' lang='lat' dir='ltr'><strong>inscolpe,</strong></span> <span class='ocrx_word' id='word_1_1086' title='bbox 2879 4048 3286 4121; x_wconf 85' lang='lat' dir='ltr'><strong>animorumque</strong></span> <span class='ocrx_word' id='word_1_1087' title='bbox 3321 4061 3529 4105; x_wconf 85' lang='lat' dir='ltr'><strong>nostro-</strong></span> 
     </span>
    </p>
   </div>
   <div class='ocr_carea' id='block_1_132' title="bbox 1934 4118 3533 4185">
    <p class='ocr_par' dir='ltr' id='par_1_132' title="bbox 1934 4118 3533 4185">
     <span class='ocr_line' id='line_1_134' title="bbox 1934 4118 3533 4185; baseline -0.003 -5"><span class='ocrx_word' id='word_1_1088' title='bbox 1934 4118 2051 4180; x_wconf 82' lang='lat' dir='ltr'><strong>rum</strong></span> <span class='ocrx_word' id='word_1_1089' title='bbox 2084 4124 2308 4179; x_wconf 87' lang='lat' dir='ltr'><strong>salutem</strong></span> <span class='ocrx_word' id='word_1_1090' title='bbox 2339 4120 2680 4185; x_wconf 85' lang='lat' dir='ltr'><strong>amplectere.</strong></span> <span class='ocrx_word' id='word_1_1091' title='bbox 2717 4118 2839 4171; x_wconf 67' lang='lat' dir='ltr'><strong>lltrc</strong></span> <span class='ocrx_word' id='word_1_1092' title='bbox 2865 4120 3007 4171; x_wconf 87' lang='lat' dir='ltr'><strong>enim</strong></span> <span class='ocrx_word' id='word_1_1093' title='bbox 3046 4134 3175 4172; x_wconf 83' lang='lat' dir='ltr'><strong>crux</strong></span> <span class='ocrx_word' id='word_1_1094' title='bbox 3203 4120 3388 4174; x_wconf 89' lang='lat' dir='ltr'><strong>orbem</strong></span> <span class='ocrx_word' id='word_1_1095' title='bbox 3422 4132 3533 4177; x_wconf 84' lang='lat' dir='ltr'><strong>ter-</strong></span> 
     </span>
    </p>
   </div>
   <div class='ocr_carea' id='block_1_133' title="bbox 1936 4190 3528 4260">
    <p class='ocr_par' dir='ltr' id='par_1_133' title="bbox 1936 4190 3528 4260">
     <span class='ocr_line' id='line_1_135' title="bbox 1936 4190 3528 4260; baseline -0.003 -11"><span class='ocrx_word' id='word_1_1096' title='bbox 1936 4212 2009 4249; x_wconf 75' lang='lat' dir='ltr'><strong>rzr</strong></span> <span class='ocrx_word' id='word_1_1097' title='bbox 2028 4192 2385 4255; x_wconf 87' lang='lat' dir='ltr'><strong>conservavit,</strong></span> <span class='ocrx_word' id='word_1_1098' title='bbox 2417 4206 2655 4243; x_wconf 86' lang='lat' dir='ltr'><strong>errorem</strong></span> <span class='ocrx_word' id='word_1_1099' title='bbox 2684 4190 2905 4260; x_wconf 74' lang='lat' dir='ltr'><strong>expulit,</strong></span> <span class='ocrx_word' id='word_1_1100' title='bbox 2930 4190 3207 4243; x_wconf 82' lang='lat' dir='ltr'><strong>veritatem</strong></span> <span class='ocrx_word' id='word_1_1101' title='bbox 3236 4194 3528 4260; x_wconf 88' lang='lat' dir='ltr'><strong>revocavit,</strong></span> 
     </span>
    </p>
   </div>
   <div class='ocr_carea' id='block_1_134' title="bbox 1937 4258 3532 4331">
    <p class='ocr_par' dir='ltr' id='par_1_134' title="bbox 1937 4258 3532 4331">
     <span class='ocr_line' id='line_1_136' title="bbox 1937 4258 3532 4331; baseline 0 -12"><span class='ocrx_word' id='word_1_1102' title='bbox 1937 4277 2134 4321; x_wconf 83' lang='lat' dir='ltr'><strong>terram</strong></span> <span class='ocrx_word' id='word_1_1103' title='bbox 2181 4265 2367 4318; x_wconf 73' lang='lat' dir='ltr'><strong>cadum</strong></span> <span class='ocrx_word' id='word_1_1104' title='bbox 2422 4261 2565 4324; x_wconf 73' lang='lat' dir='ltr'><strong>fecit,</strong></span> <span class='ocrx_word' id='word_1_1105' title='bbox 2614 4258 2964 4329; x_wconf 85' lang='lat' dir='ltr'><strong>hominesque</strong></span> <span class='ocrx_word' id='word_1_1106' title='bbox 3016 4261 3257 4329; x_wconf 82' lang='lat' dir='ltr'><strong>angelos.</strong></span> <span class='ocrx_word' id='word_1_1107' title='bbox 3308 4258 3532 4331; x_wconf 83' lang='lat' dir='ltr'><strong>Propter</strong></span> 
     </span>
    </p>
   </div>
   <div class='ocr_carea' id='block_1_135' title="bbox 1934 4331 3531 4397">
    <p class='ocr_par' dir='ltr' id='par_1_135' title="bbox 1934 4331 3531 4397">
     <span class='ocr_line' id='line_1_137' title="bbox 1934 4331 3531 4397; baseline -0.003 -6"><span class='ocrx_word' id='word_1_1108' title='bbox 1934 4352 2149 4391; x_wconf 70' lang='lat' dir='ltr'><strong>crucem</strong></span> <span class='ocrx_word' id='word_1_1109' title='bbox 2184 4335 2458 4389; x_wconf 70' lang='lat' dir='ltr'><strong>diemoucs</strong></span> <span class='ocrx_word' id='word_1_1110' title='bbox 2499 4349 2602 4385; x_wconf 86' lang='lat' dir='ltr'><strong>non</strong></span> <span class='ocrx_word' id='word_1_1111' title='bbox 2621 4331 2729 4397; x_wconf 85' lang='lat' dir='ltr'><strong>jam</strong></span> <span class='ocrx_word' id='word_1_1112' title='bbox 2764 4331 3046 4385; x_wconf 85' lang='lat' dir='ltr'><strong>horribiles</strong></span> <span class='ocrx_word' id='word_1_1113' title='bbox 3085 4340 3229 4392; x_wconf 86' lang='lat' dir='ltr'><strong>sunt,</strong></span> <span class='ocrx_word' id='word_1_1114' title='bbox 3276 4342 3367 4386; x_wconf 91' lang='lat' dir='ltr'><strong>aut</strong></span> <span class='ocrx_word' id='word_1_1115' title='bbox 3412 4351 3531 4387; x_wconf 82' lang='lat' dir='ltr'><strong>tne-</strong></span> 
     </span>
    </p>
   </div>
   <div class='ocr_carea' id='block_1_136' title="bbox 1939 4402 3530 4469">
    <p class='ocr_par' dir='ltr' id='par_1_136' title="bbox 1939 4402 3530 4469">
     <span class='ocr_line' id='line_1_138' title="bbox 1939 4402 3530 4469; baseline -0.001 -6"><span class='ocrx_word' id='word_1_1116' title='bbox 1939 4408 2139 4469; x_wconf 88' lang='lat' dir='ltr'><strong>tucudi,</strong></span> <span class='ocrx_word' id='word_1_1117' title='bbox 2190 4407 2285 4460; x_wconf 87' lang='lat' dir='ltr'><strong>sed</strong></span> <span class='ocrx_word' id='word_1_1118' title='bbox 2327 4402 2706 4458; x_wconf 83' lang='lat' dir='ltr'><strong>contemnendi</strong></span> <span class='ocrx_word' id='word_1_1119' title='bbox 2739 4419 2752 4455; x_wconf 91' lang='lat'><strong>:</strong></span> <span class='ocrx_word' id='word_1_1120' title='bbox 2780 4417 2878 4455; x_wconf 89' lang='lat' dir='ltr'><strong>nec</strong></span> <span class='ocrx_word' id='word_1_1121' title='bbox 2922 4418 3065 4455; x_wconf 86' lang='lat' dir='ltr'><strong>mors</strong></span> <span class='ocrx_word' id='word_1_1122' title='bbox 3105 4410 3187 4457; x_wconf 85' lang='lat' dir='ltr'><strong>est</strong></span> <span class='ocrx_word' id='word_1_1123' title='bbox 3232 4419 3395 4465; x_wconf 85' lang='lat' dir='ltr'><strong>mors,</strong></span> <span class='ocrx_word' id='word_1_1124' title='bbox 3435 4408 3530 4461; x_wconf 88' lang='lat' dir='ltr'><strong>sed</strong></span> 
     </span>
    </p>
   </div>
   <div class='ocr_carea' id='block_1_137' title="bbox 1936 4474 3531 4545">
    <p class='ocr_par' dir='ltr' id='par_1_137' title="bbox 1936 4474 3531 4545">
     <span class='ocr_line' id='line_1_139' title="bbox 1936 4474 3531 4545; baseline -0.001 -12"><span class='ocrx_word' id='word_1_1125' title='bbox 1936 4495 2157 4533; x_wconf 79' lang='lat' dir='ltr'><strong>Somnus</strong></span> <span class='ocrx_word' id='word_1_1126' title='bbox 2184 4486 2274 4530; x_wconf 87' lang='lat' dir='ltr'><strong>aut</strong></span> <span class='ocrx_word' id='word_1_1127' title='bbox 2298 4475 2496 4545; x_wconf 87' lang='lat' dir='ltr'><strong>vigilia.</strong></span> <span class='ocrx_word' id='word_1_1128' title='bbox 2534 4474 2666 4527; x_wconf 90' lang='lat' dir='ltr'><strong>llinc</strong></span> <span class='ocrx_word' id='word_1_1129' title='bbox 2690 4475 2868 4545; x_wconf 88' lang='lat' dir='ltr'><strong>carnis</strong></span> <span class='ocrx_word' id='word_1_1130' title='bbox 2900 4475 3142 4535; x_wconf 75' lang='lat' dir='ltr'><strong>allectus,</strong></span> <span class='ocrx_word' id='word_1_1131' title='bbox 3166 4476 3258 4543; x_wconf 89' lang='lat' dir='ltr'><strong>qui</strong></span> <span class='ocrx_word' id='word_1_1132' title='bbox 3283 4474 3531 4543; x_wconf 82' lang='lat' dir='ltr'><strong>jejuuan—</strong></span> 
     </span>
    </p>
   </div>
   <div class='ocr_carea' id='block_1_138' title="bbox 1938 4544 3530 4617">
    <p class='ocr_par' dir='ltr' id='par_1_138' title="bbox 1938 4544 3530 4617">
     <span class='ocr_line' id='line_1_140' title="bbox 1938 4544 3530 4617; baseline -0.001 -14"><span class='ocrx_word' id='word_1_1133' title='bbox 1938 4563 2018 4603; x_wconf 74' lang='lat' dir='ltr'><strong>lus</strong></span> <span class='ocrx_word' id='word_1_1134' title='bbox 2047 4544 2375 4617; x_wconf 80' lang='lat' dir='ltr'><strong>oppugnant,</strong></span> <span class='ocrx_word' id='word_1_1135' title='bbox 2409 4553 2763 4598; x_wconf 87' lang='lat' dir='ltr'><strong>marcescunt.</strong></span> <span class='ocrx_word' id='word_1_1136' title='bbox 2794 4544 2945 4617; x_wconf 84' lang='lat' dir='ltr'><strong>Quod</strong></span> <span class='ocrx_word' id='word_1_1137' title='bbox 2970 4546 3010 4597; x_wconf 88' lang='lat' dir='ltr'><strong>si</strong></span> <span class='ocrx_word' id='word_1_1138' title='bbox 3040 4547 3157 4609; x_wconf 89' lang='lat' dir='ltr'><strong>quis</strong></span> <span class='ocrx_word' id='word_1_1139' title='bbox 3183 4546 3400 4600; x_wconf 80' lang='lat' dir='ltr'><strong>Jud.cus</strong></span> <span class='ocrx_word' id='word_1_1140' title='bbox 3429 4548 3530 4602; x_wconf 75' lang='lat' dir='ltr'><strong>hoc</strong></span> 
     </span>
    </p>
   </div>
   <div class='ocr_carea' id='block_1_139' title="bbox 1939 4614 3530 4685">
    <p class='ocr_par' dir='ltr' id='par_1_139' title="bbox 1939 4614 3530 4685">
     <span class='ocr_line' id='line_1_141' title="bbox 1939 4614 3530 4685; baseline -0.003 -11"><span class='ocrx_word' id='word_1_1141' title='bbox 1939 4624 2028 4675; x_wconf 84' lang='lat' dir='ltr'><strong>tibi</strong></span> <span class='ocrx_word' id='word_1_1142' title='bbox 2072 4614 2251 4673; x_wconf 70' lang='lat' dir='ltr'><strong>dicat:</strong></span> <span class='ocrx_word' id='word_1_1143' title='bbox 2284 4619 2415 4672; x_wconf 79' lang='lat' dir='ltr'><strong>Eum</strong></span> <span class='ocrx_word' id='word_1_1144' title='bbox 2462 4617 2549 4685; x_wconf 92' lang='lat' dir='ltr'><strong>qui</strong></span> <span class='ocrx_word' id='word_1_1145' title='bbox 2596 4616 2739 4669; x_wconf 87' lang='lat' dir='ltr'><strong>cruci</strong></span> <span class='ocrx_word' id='word_1_1146' title='bbox 2786 4614 3009 4668; x_wconf 74' lang='lat' dir='ltr'><strong>suffixus</strong></span> <span class='ocrx_word' id='word_1_1147' title='bbox 3049 4617 3166 4678; x_wconf 91' lang='lat' dir='ltr'><strong>fuit,</strong></span> <span class='ocrx_word' id='word_1_1148' title='bbox 3209 4617 3438 4671; x_wconf 68' lang='lat' dir='ltr'><strong>adoras?</strong></span> <span class='ocrx_word' id='word_1_1149' title='bbox 3482 4622 3530 4673; x_wconf 86' lang='lat' dir='ltr'><strong>ei</strong></span> 
     </span>
    </p>
   </div>
   <div class='ocr_carea' id='block_1_140' title="bbox 1935 4688 3531 4759">
    <p class='ocr_par' dir='ltr' id='par_1_140' title="bbox 1935 4688 3531 4759">
     <span class='ocr_line' id='line_1_142' title="bbox 1935 4688 3531 4759; baseline -0.002 -12"><span class='ocrx_word' id='word_1_1150' title='bbox 1935 4694 2099 4747; x_wconf 83' lang='lat' dir='ltr'><strong>alacri</strong></span> <span class='ocrx_word' id='word_1_1151' title='bbox 2132 4703 2425 4759; x_wconf 82' lang='lat' dir='ltr'><strong>magnaque</strong></span> <span class='ocrx_word' id='word_1_1152' title='bbox 2455 4702 2606 4759; x_wconf 82' lang='lat' dir='ltr'><strong>voce.</strong></span> <span class='ocrx_word' id='word_1_1153' title='bbox 2636 4688 2843 4759; x_wconf 57' lang='lat' dir='ltr'><strong>achate</strong></span> <span class='ocrx_word' id='word_1_1154' title='bbox 2865 4688 3304 4759; x_wconf 77' lang='lat' dir='ltr'><strong>vultureSponde</strong></span> <span class='ocrx_word' id='word_1_1155' title='bbox 3329 4706 3341 4740; x_wconf 94' lang='lat'><strong>:</strong></span> <span class='ocrx_word' id='word_1_1156' title='bbox 3371 4689 3531 4745; x_wconf 83' lang='lat' dir='ltr'><strong>Certe</strong></span> 
     </span>
    </p>
   </div>
   <div class='ocr_carea' id='block_1_141' title="bbox 1936 4755 3532 4829">
    <p class='ocr_par' dir='ltr' id='par_1_141' title="bbox 1936 4755 3532 4829">
     <span class='ocr_line' id='line_1_143' title="bbox 1936 4755 3532 4829; baseline -0.003 -13"><span class='ocrx_word' id='word_1_1157' title='bbox 1936 4764 2123 4825; x_wconf 87' lang='lat' dir='ltr'><strong>adoro,</strong></span> <span class='ocrx_word' id='word_1_1158' title='bbox 2154 4755 2252 4815; x_wconf 72' lang='lat' dir='ltr'><strong>nec</strong></span> <span class='ocrx_word' id='word_1_1159' title='bbox 2284 4755 2441 4813; x_wconf 80' lang='lat' dir='ltr'><strong>linem</strong></span> <span class='ocrx_word' id='word_1_1160' title='bbox 2472 4757 2728 4829; x_wconf 81' lang='lat' dir='ltr'><strong>adorandi</strong></span> <span class='ocrx_word' id='word_1_1161' title='bbox 2752 4755 2941 4810; x_wconf 82' lang='lat' dir='ltr'><strong>faciam</strong></span> <span class='ocrx_word' id='word_1_1162' title='bbox 2974 4775 2984 4809; x_wconf 94' lang='lat'>:</span> <span class='ocrx_word' id='word_1_1163' title='bbox 3119 4758 3165 4812; x_wconf 90' lang='lat' dir='ltr'><strong>si</strong></span> <span class='ocrx_word' id='word_1_1164' title='bbox 3197 4759 3385 4818; x_wconf 89' lang='lat' dir='ltr'><strong>rideat.</strong></span> <span class='ocrx_word' id='word_1_1165' title='bbox 3413 4761 3532 4829; x_wconf 76' lang='lat' dir='ltr'><strong>lnge</strong></span> 
     </span>
    </p>
   </div>
   <div class='ocr_carea' id='block_1_142' title="bbox 1938 4828 3530 4901">
    <p class='ocr_par' dir='ltr' id='par_1_142' title="bbox 1938 4828 3530 4901">
     <span class='ocr_line' id='line_1_144' title="bbox 1938 4828 3530 4901; baseline -0.001 -13"><span class='ocrx_word' id='word_1_1166' title='bbox 1938 4850 2058 4888; x_wconf 87' lang='lat' dir='ltr'><strong>cum</strong></span> <span class='ocrx_word' id='word_1_1167' title='bbox 2090 4834 2229 4901; x_wconf 90' lang='lat' dir='ltr'><strong>quod</strong></span> <span class='ocrx_word' id='word_1_1168' title='bbox 2258 4847 2443 4884; x_wconf 84' lang='lat' dir='ltr'><strong>amens</strong></span> <span class='ocrx_word' id='word_1_1169' title='bbox 2475 4828 2563 4891; x_wconf 89' lang='lat' dir='ltr'><strong>sit,</strong></span> <span class='ocrx_word' id='word_1_1170' title='bbox 2598 4831 2860 4901; x_wconf 76' lang='lat' dir='ltr'><strong>neesciat</strong></span> <span class='ocrx_word' id='word_1_1171' title='bbox 2898 4828 3021 4901; x_wconf 84' lang='lat' dir='ltr'><strong>quid</strong></span> <span class='ocrx_word' id='word_1_1172' title='bbox 3052 4830 3299 4901; x_wconf 85' lang='lat' dir='ltr'><strong>loquatur</strong></span> <span class='ocrx_word' id='word_1_1173' title='bbox 3329 4847 3342 4883; x_wconf 87' lang='lat'><strong>:</strong></span> <span class='ocrx_word' id='word_1_1174' title='bbox 3372 4828 3530 4887; x_wconf 81' lang='lat' dir='ltr'><strong>Chri-</strong></span> 
     </span>
    </p>
   </div>
   <div class='ocr_carea' id='block_1_143' title="bbox 1937 4899 3533 4972">
    <p class='ocr_par' dir='ltr' id='par_1_143' title="bbox 1937 4899 3533 4972">
     <span class='ocr_line' id='line_1_145' title="bbox 1937 4899 3533 4972; baseline 0 -15"><span class='ocrx_word' id='word_1_1175' title='bbox 1937 4899 2128 4972; x_wconf 79' lang='lat' dir='ltr'><strong>stoque</strong></span> <span class='ocrx_word' id='word_1_1176' title='bbox 2175 4902 2397 4956; x_wconf 88' lang='lat' dir='ltr'><strong>Domino</strong></span> <span class='ocrx_word' id='word_1_1177' title='bbox 2446 4914 2544 4969; x_wconf 80' lang='lat' dir='ltr'><strong>age</strong></span> <span class='ocrx_word' id='word_1_1178' title='bbox 2585 4900 2804 4972; x_wconf 81' lang='lat' dir='ltr'><strong>gratias,</strong></span> <span class='ocrx_word' id='word_1_1179' title='bbox 2841 4899 2982 4972; x_wconf 83' lang='lat' dir='ltr'><strong>quod</strong></span> <span class='ocrx_word' id='word_1_1180' title='bbox 3032 4900 3295 4972; x_wconf 74' lang='lat' dir='ltr'><strong>ejusmodi</strong></span> <span class='ocrx_word' id='word_1_1181' title='bbox 3339 4902 3391 4954; x_wconf 90' lang='lat' dir='ltr'><strong>in</strong></span> <span class='ocrx_word' id='word_1_1182' title='bbox 3434 4919 3533 4958; x_wconf 81' lang='lat' dir='ltr'><strong>nos</strong></span> 
     </span>
    </p>
   </div>
   <div class='ocr_carea' id='block_1_144' title="bbox 1938 4969 3529 5039">
    <p class='ocr_par' dir='ltr' id='par_1_144' title="bbox 1938 4969 3529 5039">
     <span class='ocr_line' id='line_1_146' title="bbox 1938 4969 3529 5039; baseline 0.001 -12"><span class='ocrx_word' id='word_1_1183' title='bbox 1938 4969 2197 5029; x_wconf 81' lang='lat' dir='ltr'><strong>beneﬁcia</strong></span> <span class='ocrx_word' id='word_1_1184' title='bbox 2224 4972 2466 5035; x_wconf 88' lang='lat' dir='ltr'><strong>contulit,</strong></span> <span class='ocrx_word' id='word_1_1185' title='bbox 2500 4986 2618 5039; x_wconf 76' lang='lat' dir='ltr'><strong>qua:</strong></span> <span class='ocrx_word' id='word_1_1186' title='bbox 2648 4970 2763 5022; x_wconf 89' lang='lat' dir='ltr'><strong>sine</strong></span> <span class='ocrx_word' id='word_1_1187' title='bbox 2804 4969 3003 5023; x_wconf 69' lang='lat' dir='ltr'><strong>etelesti</strong></span> <span class='ocrx_word' id='word_1_1188' title='bbox 3032 4969 3321 5039; x_wconf 88' lang='lat' dir='ltr'><strong>divinaque</strong></span> <span class='ocrx_word' id='word_1_1189' title='bbox 3356 4988 3529 5028; x_wconf 88' lang='lat' dir='ltr'><strong>enun-</strong></span> 
     </span>
    </p>
   </div>
   <div class='ocr_carea' id='block_1_145' title="bbox 1940 5040 3530 5107">
    <p class='ocr_par' dir='ltr' id='par_1_145' title="bbox 1940 5040 3530 5107">
     <span class='ocr_line' id='line_1_147' title="bbox 1940 5040 3530 5107; baseline 0.001 -10"><span class='ocrx_word' id='word_1_1190' title='bbox 1940 5046 2158 5097; x_wconf 86' lang='lat' dir='ltr'><strong>tiatione</strong></span> <span class='ocrx_word' id='word_1_1191' title='bbox 2199 5043 2408 5096; x_wconf 88' lang='lat' dir='ltr'><strong>discere</strong></span> <span class='ocrx_word' id='word_1_1192' title='bbox 2447 5057 2602 5095; x_wconf 90' lang='lat' dir='ltr'><strong>nemo</strong></span> <span class='ocrx_word' id='word_1_1193' title='bbox 2649 5040 2834 5107; x_wconf 83' lang='lat' dir='ltr'><strong>possit.</strong></span> <span class='ocrx_word' id='word_1_1194' title='bbox 2866 5041 2947 5093; x_wconf 86' lang='lat' dir='ltr'><strong>Ub</strong></span> <span class='ocrx_word' id='word_1_1195' title='bbox 2975 5056 3092 5095; x_wconf 89' lang='lat' dir='ltr'><strong>eam</strong></span> <span class='ocrx_word' id='word_1_1196' title='bbox 3128 5042 3269 5094; x_wconf 90' lang='lat' dir='ltr'><strong>enim</strong></span> <span class='ocrx_word' id='word_1_1197' title='bbox 3314 5058 3530 5099; x_wconf 86' lang='lat' dir='ltr'><strong>causam</strong></span> 
     </span>
    </p>
   </div>
   <div class='ocr_carea' id='block_1_146' title="bbox 1940 5109 3532 5185">
    <p class='ocr_par' dir='ltr' id='par_1_146' title="bbox 1940 5109 3532 5185">
     <span class='ocr_line' id='line_1_148' title="bbox 1940 5109 3532 5185; baseline 0.001 -16"><span class='ocrx_word' id='word_1_1198' title='bbox 1940 5116 2040 5169; x_wconf 66' lang='lat' dir='ltr'><strong>iste</strong></span> <span class='ocrx_word' id='word_1_1199' title='bbox 2077 5116 2243 5185; x_wconf 85' lang='lat' dir='ltr'><strong>etiam</strong></span> <span class='ocrx_word' id='word_1_1200' title='bbox 2284 5112 2443 5185; x_wconf 85' lang='lat' dir='ltr'><strong>ridet,</strong></span> <span class='ocrx_word' id='word_1_1201' title='bbox 2477 5109 2619 5185; x_wconf 78' lang='lat' dir='ltr'><strong>quod</strong></span> <span class='ocrx_word' id='word_1_1202' title='bbox 2664 5110 2916 5185; x_wconf 10' lang='lat' dir='ltr'><strong>Aniutailis</strong></span> <span class='ocrx_word' id='word_1_1203' title='bbox 2942 5112 3093 5165; x_wconf 82' lang='lat' dir='ltr'><strong>homo</strong></span> <span class='ocrx_word' id='word_1_1204' title='bbox 3121 5114 3141 5142; x_wconf 80' lang='lat'><strong>’</strong></span> <span class='ocrx_word' id='word_1_1205' title='bbox 3174 5129 3274 5166; x_wconf 81' lang='lat' dir='ltr'><strong>non</strong></span> <span class='ocrx_word' id='word_1_1206' title='bbox 3310 5118 3445 5185; x_wconf 84' lang='lat' dir='ltr'><strong>capit</strong></span> <span class='ocrx_word' id='word_1_1207' title='bbox 3475 5136 3532 5171; x_wconf 81' lang='lat' dir='ltr'><strong>ea</strong></span> 
     </span>
    </p>
   </div>
   <div class='ocr_carea' id='block_1_147' title="bbox 1937 5182 2923 5255">
    <p class='ocr_par' dir='ltr' id='par_1_147' title="bbox 1937 5182 2923 5255">
     <span class='ocr_line' id='line_1_149' title="bbox 1937 5182 2923 5255; baseline -0.001 -18"><span class='ocrx_word' id='word_1_1208' title='bbox 1937 5202 2051 5255; x_wconf 67' lang='lat' dir='ltr'><strong>quae</strong></span> <span class='ocrx_word' id='word_1_1209' title='bbox 2075 5196 2190 5237; x_wconf 84' lang='lat' dir='ltr'><strong>sunt</strong></span> <span class='ocrx_word' id='word_1_1210' title='bbox 2214 5184 2438 5252; x_wconf 80' lang='lat' dir='ltr'><strong>Spiritus</strong></span> <span class='ocrx_word' id='word_1_1211' title='bbox 2469 5185 2546 5245; x_wconf 89' lang='lat' dir='ltr'><strong>(l.</strong></span> <span class='ocrx_word' id='word_1_1212' title='bbox 2580 5182 2693 5235; x_wconf 90' lang='lat' dir='ltr'><strong>Cor.</strong></span> <span class='ocrx_word' id='word_1_1213' title='bbox 2810 5183 2923 5252; x_wconf 72' lang='grc'><strong>14).</strong></span> 
     </span>
    </p>
   </div>
   <div class='ocr_carea' id='block_1_148' title="bbox 2011 5253 3531 5323">
    <p class='ocr_par' dir='ltr' id='par_1_148' title="bbox 2011 5253 3531 5323">
     <span class='ocr_line' id='line_1_150' title="bbox 2011 5253 3531 5323; baseline 0.001 -14"><span class='ocrx_word' id='word_1_1214' title='bbox 2011 5257 2147 5309; x_wconf 63' lang='grc' dir='ltr'><strong>(ἐι-ιω</strong></span> <span class='ocrx_word' id='word_1_1215' title='bbox 2200 5273 2230 5307; x_wconf 89' lang='grc' dir='ltr'><em>α</em></span> <span class='ocrx_word' id='word_1_1216' title='bbox 2283 5255 2540 5323; x_wconf 80' lang='lat' dir='ltr'><strong>prophetis</strong></span> <span class='ocrx_word' id='word_1_1217' title='bbox 2588 5253 2831 5320; x_wconf 73' lang='lat' dir='ltr'><strong>prwtlicta</strong></span> <span class='ocrx_word' id='word_1_1218' title='bbox 2893 5283 2965 5293; x_wconf 89' lang='grc'><strong>--</strong></span> <span class='ocrx_word' id='word_1_1219' title='bbox 3004 5254 3107 5308; x_wconf 76' lang='lat' dir='ltr'><strong>Sed</strong></span> <span class='ocrx_word' id='word_1_1220' title='bbox 3156 5255 3409 5323; x_wconf 85' lang='lat' dir='ltr'><strong>quidnam</strong></span> <span class='ocrx_word' id='word_1_1221' title='bbox 3461 5259 3531 5311; x_wconf 83' lang='lat' dir='ltr'><strong>ait</strong></span> 
     </span>
    </p>
   </div>
   <div class='ocr_carea' id='block_1_149' title="bbox 1938 5324 3530 5394">
    <p class='ocr_par' dir='ltr' id='par_1_149' title="bbox 1938 5324 3530 5394">
     <span class='ocr_line' id='line_1_151' title="bbox 1938 5324 3530 5394; baseline 0.001 -15"><span class='ocrx_word' id='word_1_1222' title='bbox 1938 5340 2145 5387; x_wconf 81' lang='lat' dir='ltr'><strong>amens,</strong></span> <span class='ocrx_word' id='word_1_1223' title='bbox 2180 5327 2433 5392; x_wconf 63' lang='lat' dir='ltr'><strong>ingratus,</strong></span> <span class='ocrx_word' id='word_1_1224' title='bbox 2467 5325 2805 5393; x_wconf 79' lang='lat' dir='ltr'><strong>perlidusque</strong></span> <span class='ocrx_word' id='word_1_1225' title='bbox 2829 5324 3082 5378; x_wconf 69' lang='lat' dir='ltr'><strong>Judmns?</strong></span> <span class='ocrx_word' id='word_1_1226' title='bbox 3126 5325 3177 5377; x_wconf 80' lang='lat' dir='ltr'><strong>Si</strong></span> <span class='ocrx_word' id='word_1_1227' title='bbox 3216 5343 3345 5394; x_wconf 76' lang='lat' dir='ltr'><strong>ergo</strong></span> <span class='ocrx_word' id='word_1_1228' title='bbox 3373 5328 3530 5381; x_wconf 81' lang='lat' dir='ltr'><strong>Chri-</strong></span> 
     </span>
    </p>
   </div>
   <div class='ocr_carea' id='block_1_150' title="bbox 1938 5394 3531 5465">
    <p class='ocr_par' dir='ltr' id='par_1_150' title="bbox 1938 5394 3531 5465">
     <span class='ocr_line' id='line_1_152' title="bbox 1938 5394 3531 5465; baseline 0.001 -14"><span class='ocrx_word' id='word_1_1229' title='bbox 1938 5411 2054 5451; x_wconf 83' lang='lat' dir='ltr'><strong>stus</strong></span> <span class='ocrx_word' id='word_1_1230' title='bbox 2082 5407 2162 5449; x_wconf 69' lang='lat' dir='ltr'><strong>est</strong></span> <span class='ocrx_word' id='word_1_1231' title='bbox 2193 5401 2350 5460; x_wconf 77' lang='lat' dir='ltr'><strong>licus,</strong></span> <span class='ocrx_word' id='word_1_1232' title='bbox 2385 5408 2441 5449; x_wconf 90' lang='lat' dir='ltr'><strong>ut</strong></span> <span class='ocrx_word' id='word_1_1233' title='bbox 2469 5394 2775 5456; x_wconf 74' lang='lat' dir='ltr'><strong>defenditis,</strong></span> <span class='ocrx_word' id='word_1_1234' title='bbox 2810 5410 2872 5448; x_wconf 89' lang='lat' dir='ltr'><strong>ac</strong></span> <span class='ocrx_word' id='word_1_1235' title='bbox 2906 5399 2993 5448; x_wconf 86' lang='lat' dir='ltr'><strong>Uci</strong></span> <span class='ocrx_word' id='word_1_1236' title='bbox 3026 5395 3208 5458; x_wconf 74' lang='lat' dir='ltr'><strong>Filius,</strong></span> <span class='ocrx_word' id='word_1_1237' title='bbox 3241 5400 3531 5465; x_wconf 62' lang='lat' dir='ltr'><strong>salutisque</strong></span> 
     </span>
    </p>
   </div>
   <div class='ocr_carea' id='block_1_151' title="bbox 1943 5465 3527 5533">
    <p class='ocr_par' dir='ltr' id='par_1_151' title="bbox 1943 5465 3527 5533">
     <span class='ocr_line' id='line_1_153' title="bbox 1943 5465 3527 5533; baseline -0.001 -13"><span class='ocrx_word' id='word_1_1238' title='bbox 1943 5470 2215 5521; x_wconf 86' lang='lat' dir='ltr'><strong>hominum</strong></span> <span class='ocrx_word' id='word_1_1239' title='bbox 2257 5483 2414 5517; x_wconf 52' lang='lat' dir='ltr'><strong>tzausa</strong></span> <span class='ocrx_word' id='word_1_1240' title='bbox 2462 5465 2606 5517; x_wconf 79' lang='lat' dir='ltr'><strong>venit</strong></span> <span class='ocrx_word' id='word_1_1241' title='bbox 2636 5482 2647 5515; x_wconf 87' lang='lat'>:</span> <span class='ocrx_word' id='word_1_1242' title='bbox 2680 5481 2775 5517; x_wconf 86' lang='lat' dir='ltr'><strong>cur</strong></span> <span class='ocrx_word' id='word_1_1243' title='bbox 2818 5468 2905 5519; x_wconf 89' lang='lat' dir='ltr'><strong>tali</strong></span> <span class='ocrx_word' id='word_1_1244' title='bbox 2950 5477 3143 5524; x_wconf 85' lang='lat' dir='ltr'><strong>morte,</strong></span> <span class='ocrx_word' id='word_1_1245' title='bbox 3192 5484 3330 5533; x_wconf 64' lang='lat' dir='ltr'><strong>quas,</strong></span> <span class='ocrx_word' id='word_1_1246' title='bbox 3375 5469 3527 5522; x_wconf 52' lang='grc' dir='ltr'>ἱιιΙιυμ</span> 
     </span>
    </p>
   </div>
   <div class='ocr_carea' id='block_1_152' title="bbox 1939 5536 3528 5607">
    <p class='ocr_par' dir='ltr' id='par_1_152' title="bbox 1939 5536 3528 5607">
     <span class='ocr_line' id='line_1_154' title="bbox 1939 5536 3528 5607; baseline 0.001 -15"><span class='ocrx_word' id='word_1_1247' title='bbox 1939 5550 2089 5593; x_wconf 81' lang='lat' dir='ltr'><strong>uesta</strong></span> <span class='ocrx_word' id='word_1_1248' title='bbox 2129 5550 2228 5597; x_wconf 82' lang='lat' dir='ltr'><strong>est,</strong></span> <span class='ocrx_word' id='word_1_1249' title='bbox 2264 5538 2414 5600; x_wconf 82' lang='lat' dir='ltr'><strong>obiit,</strong></span> <span class='ocrx_word' id='word_1_1250' title='bbox 2448 5547 2501 5588; x_wconf 84' lang='lat' dir='ltr'><strong>et</strong></span> <span class='ocrx_word' id='word_1_1251' title='bbox 2541 5536 2592 5587; x_wconf 88' lang='lat' dir='ltr'><strong>in</strong></span> <span class='ocrx_word' id='word_1_1252' title='bbox 2637 5553 2848 5588; x_wconf 77' lang='lat' dir='ltr'><strong>t’l&#39;ttCCtIt</strong></span> <span class='ocrx_word' id='word_1_1253' title='bbox 2892 5551 3043 5589; x_wconf 87' lang='lat' dir='ltr'><strong>actus</strong></span> <span class='ocrx_word' id='word_1_1254' title='bbox 3068 5548 3141 5589; x_wconf 70' lang='lat' dir='ltr'><strong>est</strong></span> <span class='ocrx_word' id='word_1_1255' title='bbox 3166 5538 3186 5587; x_wconf 68' lang='grc' dir='ltr'><strong>’ἰ</strong></span> <span class='ocrx_word' id='word_1_1256' title='bbox 3216 5540 3310 5589; x_wconf 61' lang='grc' dir='ltr'>(λιιι</span> <span class='ocrx_word' id='word_1_1257' title='bbox 3355 5556 3528 5607; x_wconf 67' lang='lat' dir='ltr'><strong>paucas</strong></span> 
     </span>
    </p>
   </div>
   <div class='ocr_carea' id='block_1_153' title="bbox 1939 5609 3527 5677">
    <p class='ocr_par' dir='ltr' id='par_1_153' title="bbox 1939 5609 3527 5677">
     <span class='ocr_line' id='line_1_155' title="bbox 1939 5609 3527 5677; baseline 0.001 -15"><span class='ocrx_word' id='word_1_1258' title='bbox 1939 5609 2424 5677; x_wconf 68' lang='lat' dir='ltr'><strong>l&#39;csltttltticiiiltttls‘,</strong></span> <span class='ocrx_word' id='word_1_1259' title='bbox 2482 5624 2598 5673; x_wconf 62' lang='lat' dir='ltr'><strong>quae</strong></span> <span class='ocrx_word' id='word_1_1260' title='bbox 2648 5623 2711 5659; x_wconf 84' lang='lat' dir='ltr'><strong>ex</strong></span> <span class='ocrx_word' id='word_1_1261' title='bbox 2760 5610 3032 5675; x_wconf 87' lang='lat' dir='ltr'><strong>prophetis</strong></span> <span class='ocrx_word' id='word_1_1262' title='bbox 3083 5610 3302 5661; x_wconf 65' lang='lat' dir='ltr'><strong>ciillecta</strong></span> <span class='ocrx_word' id='word_1_1263' title='bbox 3358 5621 3527 5663; x_wconf 81' lang='lat' dir='ltr'><strong>sunt:</strong></span> 
     </span>
    </p>
   </div>
   <div class='ocr_carea' id='block_1_154' title="bbox 1940 5677 3523 5745">
    <p class='ocr_par' dir='ltr' id='par_1_154' title="bbox 1940 5677 3523 5745">
     <span class='ocr_line' id='line_1_156' title="bbox 1940 5677 3523 5745; baseline -0.008 -11"><span class='ocrx_word' id='word_1_1264' title='bbox 1940 5680 2183 5743; x_wconf 67' lang='lat' dir='ltr'><strong>OpOt&#39;luit</strong></span> <span class='ocrx_word' id='word_1_1265' title='bbox 2208 5678 2479 5731; x_wconf 79' lang='lat' dir='ltr'><strong>Christum</strong></span> <span class='ocrx_word' id='word_1_1266' title='bbox 2507 5677 2653 5728; x_wconf 82' lang='lat' dir='ltr'><strong>cruci</strong></span> <span class='ocrx_word' id='word_1_1267' title='bbox 2684 5677 2846 5744; x_wconf 72' lang='lat' dir='ltr'><strong>afﬁgi,</strong></span> <span class='ocrx_word' id='word_1_1268' title='bbox 2879 5695 2910 5730; x_wconf 84' lang='grc' dir='ltr'>υ</span> <span class='ocrx_word' id='word_1_1269' title='bbox 2940 5678 3070 5745; x_wconf 73' lang='lat' dir='ltr'><strong>legis</strong></span> <span class='ocrx_word' id='word_1_1270' title='bbox 3095 5681 3339 5743; x_wconf 86' lang='lat' dir='ltr'><strong>violator,</strong></span> <span class='ocrx_word' id='word_1_1271' title='bbox 3365 5691 3418 5734; x_wconf 85' lang='lat' dir='ltr'><strong>et</strong></span> <span class='ocrx_word' id='word_1_1272' title='bbox 3446 5683 3523 5735; x_wconf 67' lang='lat' dir='ltr'><strong>in.</strong></span> 
     </span>
    </p>
   </div>
   <div class='ocr_carea' id='block_1_155' title="bbox 2008 5767 2847 5833">
    <p class='ocr_par' dir='ltr' id='par_1_155' title="bbox 2008 5767 2847 5833">
     <span class='ocr_line' id='line_1_157' title="bbox 2008 5767 2847 5833; baseline 0.004 -20"><span class='ocrx_word' id='word_1_1273' title='bbox 2008 5773 2021 5801; x_wconf 84' lang='grc' dir='ltr'>ι</span> <span class='ocrx_word' id='word_1_1274' title='bbox 2055 5767 2282 5833; x_wconf 32' lang='lat' dir='ltr'><strong>Saviljin</strong></span> <span class='ocrx_word' id='word_1_1275' title='bbox 2312 5783 2447 5825; x_wconf 70' lang='lat' dir='ltr'><strong>marg:</strong></span> <span class='ocrx_word' id='word_1_1276' title='bbox 2467 5805 2487 5833; x_wconf 80' lang='lat'><strong>_,</strong></span> <span class='ocrx_word' id='word_1_1277' title='bbox 2512 5767 2847 5833; x_wconf 71' lang='lat' dir='ltr'><strong>(lrpittgrtnttts.</strong></span> 
     </span>
    </p>
   </div>
   <div class='ocr_carea' id='block_1_156' title="bbox 2008 5828 3528 5895">
    <p class='ocr_par' dir='ltr' id='par_1_156' title="bbox 2008 5828 3528 5895">
     <span class='ocr_line' id='line_1_158' title="bbox 2008 5828 3528 5895; baseline -0.001 -17"><span class='ocrx_word' id='word_1_1278' title='bbox 2008 5836 2026 5864; x_wconf 79' lang='grc'>²</span> <span class='ocrx_word' id='word_1_1279' title='bbox 2058 5834 2159 5879; x_wconf 82' lang='grc' dir='ltr'>Ι)ιιι›</span> <span class='ocrx_word' id='word_1_1280' title='bbox 2188 5830 2316 5885; x_wconf 52' lang='grc' dir='ltr'><strong>Μελ..</strong></span> <span class='ocrx_word' id='word_1_1281' title='bbox 2344 5830 2473 5894; x_wconf 72' lang='grc' dir='ltr'>ιμιιιιί</span> <span class='ocrx_word' id='word_1_1282' title='bbox 2509 5828 2773 5891; x_wconf 68' lang='lat' dir='ltr'><strong>t&#39;ot&#39;pui‘ctts</strong></span> <span class='ocrx_word' id='word_1_1283' title='bbox 2792 5831 2933 5881; x_wconf 82' lang='lat' dir='ltr'><strong>homo</strong></span> <span class='ocrx_word' id='word_1_1284' title='bbox 2974 5832 3063 5895; x_wconf 71' lang='grc' dir='ltr'>ίϋτι</span> <span class='ocrx_word' id='word_1_1285' title='bbox 3097 5831 3324 5893; x_wconf 56' lang='lat' dir='ltr'><strong>captiuo;</strong></span> <span class='ocrx_word' id='word_1_1286' title='bbox 3354 5828 3528 5887; x_wconf 69' lang='grc' dir='ltr'><strong>ἄνθρω-</strong></span> 
     </span>
    </p>
   </div>
   <div class='ocr_carea' id='block_1_157' title="bbox 1946 5902 2065 5955">
    <p class='ocr_par' dir='ltr' id='par_1_157' title="bbox 1946 5902 2065 5955">
     <span class='ocr_line' id='line_1_159' title="bbox 1946 5902 2065 5955; baseline 0 -12"><span class='ocrx_word' id='word_1_1287' title='bbox 1946 5902 2065 5955; x_wconf 49' lang='grc' dir='ltr'><strong>πη),</strong></span> 
     </span>
    </p>
   </div>
  </div>
