4126 6498
1151 448 1237 503 [ιε
1277 444 1736 503 CONFESSIONE
1777 441 2136 500 PRETIOS/E
2173 441 2437 499 CltUClS.

316 635 410 644 __,-
1071 633 1583 640 —___..____
1623 633 1668 636 _..
1727 628 2142 635 -.--—————.—-———-—-_
2171 630 2182 633 -
2205 627 2673 634 _.-..---__..____-
2700 624 2946 634 .--ψ-
3012 624 3264 633 -—.——__.

191 634 752 690 “ﬁ”...
597 632 1216 684 ——————i_-—i;iI--—I
1225 645 1334 681 —___
1342 646 1411 681 __-
1420 643 2206 681 .__'-—..__———————————_I-Il———.
2216 637 3194 676 mw—h-
3201 635 3358 672 ..ῳ-Ι...
3398 638 3419 670 ..
3426 636 3491 660 -

1032 1002 1111 1066 ΙΝ
1155 1001 1569 1064 HOMILIAM
1603 999 1706 1060 DE
1750 995 2292 1058 CONFESSIONE
2342 995 2641 1058 CltUCIS.

255 1153 387 1206 “me
433 1148 655 1204 humilia
702 1148 1019 1217 pmedenti
1067 1163 1284 1216 prorsus
1321 1149 1510 1202 similis
1556 1155 1672 1206 est;
1720 1147 1788 1197 ita

183 1233 238 1272 nt
287 1225 452 1274 etiam
486 1219 652 1274 multa
693 1219 759 1272 ad
782 1221 1001 1273 verbum
1041 1236 1105 1272 ex
1154 1219 1244 1272 illa
1290 1229 1560 1270 mutuatus
1603 1219 1671 1270 sit
1705 1219 1788 1270 hic

179 1293 434 1359 quisquis
464 1294 535 1344 sit
561 1291 810 1359 SCriploI'.
837 1289 1195 1358 Quamobrem
1223 1291 1344 1357 jure
1386 1299 1499 1358 post
1526 1290 1670 1343 illam
1706 1293 1787 1342 in-

187 1372 273 1415 ter
304 1362 491 1431 spuria
519 1360 815 1431 ablegatur.

1971 1140 2468 1221 Interpretationem
2497 1141 2759 1196 Joachimi
2791 1143 3016 1197 Perionii
3042 1143 3244 1212 aliquot
3277 1143 3327 1196 in
3359 1141 3480 1196 luris

1894 1223 2294 1281 castigaVIlttttS.

1275 1582 1815 1674 EJUSDEM
1862 1580 2306 1665 ORATIO
2349 1571 2463 1670 (α),

188 1761 324 1818 οῦΔ
358 1765 565 1809 ΒΟΟΕΤ
606 1764 732 1808 μοι(

793 1764 941 1808 8888
1004 1763 1358 1806 νειιεκυυιι
1425 1762 1821 1807 CONFITERI!

1915 1763 2102 1805 [CTAM
2147 1762 2429 1817 CRUCEH,
2465 1765 2546 1806 ΕΤ
2589 1765 2708 1806 PER
2754 1766 2885 1807 EAM
2957 1764 3070 1805 NOS
3118 1766 3148 1804 Α
3213 1761 3489 1804 ρηιιιςτυ

279 1866 426 1909 8888
469 1865 931 1918 οοκεειινΑτ-οε,
978 1865 1059 1907 ET
1125 1864 1188 1906 IN
1235 1865 1312 1906 ΕΑ
1376 1863 1518 1906 ESSE
1560 1863 1821 1905 θιοκιη

1915 1862 2026 1904 [M2
2076 1863 2158 1903 DE
2229 1863 2507 1906 νηὶ-τοτε
2554 1865 2750 1907 Ε’ῙΊΔΜ
2825 1864 2996 1918 AGIT,

3055 1864 3134 1905 ET
3188 1859 3499 1916 ooouooo

276 1965 588 2042 οηιιιετῠξ
630 1967 921 2012 SALUTEM
966 1965 1260 2009 NOSTRAM
1307 1964 1622 2015 EXOPTET,
1666 1964 1743 2006 AC
1789 1964 1872 2005 DE
1916 1962 2356 2007 ELEEMOSYNA.
2416 2013 2419 2016 _

280 2257 330 2307 1.
376 2252 488 2307 Hoc
527 2261 633 2318 est,
665 2251 877 2314 fratres.
925 2254 1133 2322 signum
1182 2253 1331 2315 illud,
1362 2254 1502 2323 quod
1541 2254 1797 2308 Dominus

194 2324 454 2379 daturum
503 2339 562 2378 se
593 2325 842 2378 onmihus
881 2326 1124 2391 promisit
1172 2326 1254 2377 his
1283 2326 1480 2382 verbis.
1530 2324 1800 2377 (.‘cnemiio

197 2394 437 2467 improba
461 2405 513 2467 et
535 2394 1062 2467 adulterina_signtiiit
1089 2397 1288 2463 quierit,
1321 2408 1367 2448 et
1398 2397 1442 2448 ei
1471 2398 1672 2467 signum
1701 2411 1800 2467 nou

199 2466 432 2530 dabitur,
465 2465 559 2518 nisi
590 2467 788 2534 signum
815 2465 967 2520 ,Ιοηω
1012 2467 1272 2536 prapliem?
1299 2465 1532 2536 (Mattio
1552 2466 1630 2520 ιιι.
1664 2466 1754 2530 59)
1783 2483 1794 2517 :

200 2551 422 2591 crucem
459 2536 780 2602 intelligens,
812 2547 1060 2598 mortem,
1093 2539 1442 2604 sepulturam,
1475 2548 1526 2590 et
1558 2553 1799 2590 resui-i-u.

201 2609 465 2662 ctionem.
496 2607 700 2660 Rursus
722 2607 875 2660 aliter
903 2608 1004 2660 vim
1034 2609 1208 2661 crucis
1232 2609 1531 2668 declarans,
1565 2610 1688 2661 alibi
1721 2609 1802 2658 di-

201 2680 390 2744 cebat,
419 2675 554 2748 Cum
587 2678 924 2731 mltaveritis
966 2677 1157 2732 Filium
1191 2678 1427 2741 hominis,
1471 2693 1589 2731 tunc
1617 2695 1804 2748 cogno-

202 2749 379 2812 scetis,
420 2747 557 2812 quod
585 2763 674 2816 ego
703 2765 813 2801 sum
844 2749 1018 2818 (Joan.
1049 2750 1102 2804 8.
1135 2747 1254 2816 28).
1296 2749 1426 2803 Cum
1474 2765 1580 2814 me,
1611 2749 1800 2817 inquit,

205 2819 358 2872 cruci
401 2818 732 2881 suﬂlxeritis,
770 2829 823 2871 et
866 2836 950 2872 me
976 2819 1172 2874 victum
1211 2821 1662 2883 existimaveritis,
1693 2832 1802 2872 tum

207 2889 446 2960 maxime
473 2891 782 2960 vimimeam
814 2890 1142 2960 intelligetis.
1193 2891 1258 2944 Et
1287 2901 1436 2945 recte
1479 2893 1529 2944 id
1557 2891 1804 2945 Christus

207 2958 523 3012 aﬂirtnavit.
577 2959 764 3013 Postea
811 2961 952 3014 enim
994 2958 1153 3029 quam
1193 2963 1439 3016 Christus
1482 2963 1533 3016 in
1589 2977 1804 3015 crucem

209 3041 368 3083 actus
409 3040 511 3093 est,
551 3029 855 3084 Judzeornm
887 3033 1304 3088 Consuetudines
1353 3032 1511 3087 linem
1541 3043 1595 3086 et
1623 3036 1808 3092 termi-

212 3117 344 3153 num
369 3100 686 3166 hahuerunt,
721 3101 1024 3168 pnedlcatio
1047 3103 1243 3163 ﬂoruit.
1274 3103 1338 3156 ad
1365 3105 1496 3157 lines
1517 3103 1805 3158 terminos-

213 3186 323 3238 que
370 3171 515 3224 orbis
568 3180 830 3224 terrarum
871 3174 1092 3227 verbum
1123 3177 1404 3245 pervasit:
1433 3175 1657 3245 ejusque
1700 3175 1804 3227 vim

214 3250 369 3316 terra
403 3250 660 3316 e_t_mare,
714 3253 818 3294 tam
857 3258 921 3297 ea
961 3260 1097 3316 qme
1121 3244 1446 3313 habitantur,
1492 3244 1652 3316 quam
1688 3260 1808 3316 qua:

213 3327 324 3366 non
358 3313 681 3380 habitantur,
715 3327 932 3381 semper
961 3315 1270 3383 pr:edicant.

288 3383 469 3454 Cruci:
493 3385 692 3452 signum
713 3383 988 3454 gloriosum
1009 3397 1055 3438 et
1083 3387 1270 3454 passim
1299 3386 1615 3450 adhibitum;
1643 3387 1809 3440 crucis

213 3453 472 3526 mirabilia
511 3469 684 3526 Opera.
708 3453 780 3493 4——
813 3453 1090 3511 Neminem
1129 3457 1289 3525 igitur
1330 3460 1682 3526 gloriosorum
1721 3471 1806 3511 sa—

216 3523 346 3578 lutis
377 3534 574 3597 nostra!
605 3525 874 3593 signorum
909 3527 1120 3595 pudeat,
1154 3523 1485 3597 summatque
1509 3529 1769 3582 bonorum
1791 3569 1806 3592 ,

215 3609 322 3661 qua
354 3601 410 3648 et
431 3595 656 3648 vivimus
685 3604 739 3648 et
759 3611 973 3660 sumus;
1007 3600 1099 3652 sed
1133 3608 1190 3652 ut
1209 3595 1484 3663 coronam,
1513 3600 1590 3653 sic
1610 3599 1808 3652 Christi

215 3680 433 3739 crucem
465 3665 717 3739 feramus.
747 3667 954 3721 Etenim
983 3680 1179 3724 nostra:
1209 3670 1481 3739 religionis
1508 3670 1683 3722 omnia
1717 3685 1811 3738 per

217 3735 366 3810 illam
401 3737 743 3810 perﬁciuntur
768 3755 780 3791 :
811 3739 922 3810 sive
951 3735 1357 3810 regeneratione
1387 3755 1520 3804 opus
1545 3751 1656 3804 est,
1679 3735 1807 3794 crux

218 3804 397 3870 adest,
445 3806 558 3859 sive
600 3807 890 3876 spiritualis
939 3804 1040 3864 ille'
1065 3827 1128 3864 ac
1176 3811 1485 3865 tremendus
1525 3811 1678 3864 cibus
1722 3827 1810 3865 su-

221 3876 603 3950 tnendnsest.
639 3879 752 3931 sive
796 3879 848 3950 in
897 3880 1138 3934 ordinem
1183 3883 1604 3936 ecclesiasticum
1647 3882 1807 3950 aliqui

217 3947 537 4026 cmiptandi,
563 3948 676 4002 sive
717 3949 924 4026 quidvis
950 3952 1090 4026 aliud
1136 3951 1434 4026 ﬁtciendum
1474 3947 1810 4026 est,_ubiqite

220 4018 463 4071 victoria:
493 4029 688 4072 nostrae
716 4020 924 4087 signum
963 4022 1134 4076 adest.
1183 4023 1304 4077 Ideo
1346 4024 1488 4076 illam
1529 4033 1580 4077 et
1604 4024 1654 4077 in
1682 4018 1808 4077 (edi-

221 4087 343 4144 bus.
393 4098 448 4143 et
497 4088 548 4141 iu
602 4092 788 4155 muris,
822 4101 876 4145 et
913 4093 965 4145 in
1011 4095 1238 4155 lui-ibus.
1282 4105 1336 4147 et
1363 4095 1413 4148 in
1453 4098 1624 4148 lronte
1657 4103 1713 4149 et
1758 4095 1807 4148 in

222 4167 404 4234 tuente
443 4173 562 4212 cum
595 4175 787 4234 magno
821 4163 996 4216 studio
1030 4164 1384 4234 depingimus.
1425 4165 1631 4220 Nostra:
1666 4166 1808 4220 enim

220 4229 410 4281 Salutis
445 4229 849 4300 communisque
890 4229 1148 4290 libertatis
1197 4229 1254 4290 Et
1300 4236 1551 4290 bonitatis
1603 4236 1808 4290 Domini

222 4301 524 4373 nostriboc
551 4302 780 4373 signum
804 4315 921 4357 est:
956 4305 1233 4373 Tamquam
1267 4309 1409 4362 enim
1453 4308 1557 4360 ovis
1597 4310 1664 4359 ad
1711 4324 1810 4360 ιω-

221 4370 572 4454 dem'ductus.
611 4382 684 4425 est
732 4371 882 4443 (lsai.
932 4377 1028 4454 55.Δ
1066 4370 1142 4448 7⁷).
1193 4378 1416 4443 Quando
1462 4394 1589 4447 ergo
1636 4380 1812 4454 consi-

219 4450 422 4521 gnaris,
452 4450 627 4521 cogita
679 4454 843 4521 totum
877 4450 1061 4521 crucis
1097 4461 1488 4518 argutiientum,
1534 4452 1810 4518 exstingue

222 4517 356 4565 iram
385 4524 436 4565 et
456 4517 702 4590 reliquos
727 4517 892 4573 animi
915 4520 1134 4574 allectus
1152 4517 1173 4585 ;⁷
1197 4522 1409 4589 quando
1447 4517 1806 4590 consignaris,

222 4597 415 4659 magna
449 4586 637 4659 liducia
681 4588 906 4641 frontem
949 4591 1136 4659 imple,
1171 4586 1405 4644 animum
1447 4586 1718 4646 tuum'l'ac
1745 4594 1808 4646 li-

224 4652 435 4734 berum.
462 4658 620 4734 Scitis
646 4652 1286 4734 autemplane-quantam
1328 4663 1479 4716 nobis
1508 4664 1806 4717 libertatem

219 4725 467 4804 all'era‘nt.
499 4726 680 4797 Itaque
707 4725 916 4804 __Pattlus
947 4725 1147 4786 nos-ad
1182 4733 1280 4786 hoc
1327 4735 1496 4801 ipsum
1543 4736 1806 4800 incitans,

219 4793 291 4847 ad
343 4793 636 4876 libertatein
687 4799 805 4876 dico
854 4817 972 4869 quze
1016 4804 1166 4858 nobis
1205 4793 1486 4873 competit,
1528 4793 1809 4860 dominii-ai

218 4872 398 4946 erucis
423 4883 510 4946 ac.
535 4872 807 4946 sanguinis
838 4875 1204 4929 TCCUI'iilliiﬂlle
1250 4872 1431 4929 invitat
1461 4876 1560 4929 hoe
1607 4881 1763 4930 tnodo
1793 4895 1806 4932 :

222 4933 590 5017 lict-idenim,
621 4933 821 5017 inquit,
835 4946 994 5017 empti
1021 4947 1168 5010 estis;
1200 4949 1352 5000 nolite
1379 4951 1508 5002 servi
1551 4950 1808 5003 hominum

220 5005 350 5075 efﬁci
384 5011 462 5076 (l.
497 5010 624 5089 .Cor.
665 5005 716 5065 7'.
757 5014 872 5080 23).
906 5005 1084 5084 Cogita
1107 5058 1120 5079 ,
1149 5005 1357 5089 iinquit,
1400 5023 1626 5087 pretium
1664 5022 1805 5089 quod

222 5093 324 5146 pro
350 5089 400 5132 te
429 5081 661 5135 solutum
700 5095 801 5148 est,
830 5095 883 5136 et
925 5081 1124 5141 nullius
1155 5081 1614 5147 hominis'servus
1655 5081 1761 5146 eris
1792 5112 1804 5148 :

219 5149 418 5216 quibus
466 5154 642 5233 verbis
693 5157 918 5233 pretium
963 5159 1200 5233 appellat
1235 5162 1578 5233 sanguinem.
1628 5164 1715 5233 qui
1756 5165 1808 5218 in

218 5234 383 5299 erute
412 5222 664 5299 profusus
693 5234 794 5299 est.
829 5224 940 5278 Non
972 5222 1114 5282 enim
1159 5222 1472 5296 simpliciter
1514 5222 1679 5292 digito
1711 5236 1810 5288 im-

223 5291 503 5373 pritnenda
549 5305 600 5348 et
648 5296 1160 5373 eonsignandaest,
1204 5291 1296 5354 sed
1345 5304 1492 5369 prius
1538 5291 1809 5362 veluntate

221 5376 284 5441 ae
309 5363 533 5441 judicio,
563 5380 684 5419 cum
727 5381 917 5441 magna
961 5368 1094 5433 lide;
1127 5389 1228 5441 qua
1275 5363 1354 5425 sic
1397 5375 1446 5426 in
1481 5378 1649 5430 oculis
1691 5381 1805 5429 vul—

222 5440 386 5498 tuque
430 5435 710 5514 impressa,
742 5436 1069 5514 impurorum
1106 5435 1561 5514 scelestorumque
1604 5448 1808 5500 dmino-

225 5517 359 5584 n_un_i
385 5504 562 5559 nullus
585 5506 649 5560 ad
674 5518 730 5584 te
756 5504 1010 5584 accedere
1048 5529 1297 5582 umquam
1341 5504 1551 5584 putei-it,
1583 5533 1807 5574 cernens

222 5574 455 5639 gladium
489 5592 594 5659 quo
639 5577 686 5659 ei
718 5580 908 5659 vulnus
954 5574 1208 5637 inllictuin
1237 5574 1353 5647 est,
1387 5574 1680 5659 vidensque
1707 5606 1804 5644 en-

223 5657 335 5724 sem
362 5685 382 5724 ,-
407 5661 512 5714 quo
543 5648 753 5724 letalem
784 5649 989 5724 plagam
1021 5656 1246 5724 accepit.
1287 5656 1338 5708 Si
1373 5659 1514 5711 enim
1560 5648 1655 5712 nos
1685 5679 1805 5716 enm

225 5713 337 5768 loca
371 5713 436 5769 in,
467 5718 658 5785 quibus
704 5713 938 5774 damnati
980 5713 1486 5795 Capite'plectmitur
1530 5713 1803 5798 videmus,

281 5852 356 5920 (ι)
380 5850 555 5902 allata
580 5865 689 5902 cum
715 5852 964 5906 culicibus
988 5860 1146 5920 Regiis
1171 5859 1308 5923 1828,
1331 5862 1467 5924 18:9,
1492 5869 1543 5912 et
1565 5859 1702 5909 2821.

1789 2109 2158 2166 amo——

1909 2251 2376 2314 exhorrescimus,
2404 2253 2578 2320 cogita
2610 2249 2737 2320 quid
2777 2259 3092 2304 eventurum
3133 2249 3202 2304 sit
3246 2248 3463 2304 diabolo
3485 2290 3504 2317 ,

1908 2339 2030 2378 cum
2075 2338 2220 2376 arma
2267 2322 2489 2383 videbit,
2534 2319 2725 2388 quibus
2765 2322 2870 2373 vim
2922 2331 3344 2390 potestatetumie
3383 2322 3502 2391 ejus

1909 2407 2125 2447 omnem
2167 2391 2412 2447 Christus
2451 2391 2734 2458 dissolvit,
2778 2392 3135 2462 draconisque
3172 2401 3334 2462 caput
3384 2407 3506 2446 amo

1951 2466 2135 2516 utavit.

1910 2479 2180 2587 Ρυξῖνὲδιί
2209 2533 2368 2603 igitur
2392 2536 2750 2596 committere.
2785 2542 2842 2588 ut
2873 2544 2924 2587 te
2955 2534 3083 2588 tanti
3115 2533 3240 2588 boni
3269 2533 3464 2603 pudeat
3485 2575 3501 2598 ,

1911 2619 1979 2658 ne
2007 2606 2076 2659 tui
2103 2607 2263 2660 etiam
2289 2605 2562 2660 Christum
2589 2605 2807 2674 pudeat,
2832 2606 3182 2672 quandocum
3205 2605 3375 2672 gloria
3406 2619 3502 2659 sua

1911 2677 2109 2740 veniet,
2142 2687 2194 2730 et
2217 2676 2427 2745 signum
2454 2691 2638 2731 coram
2665 2678 2976 2744 apparebit,
3006 2676 3387 2744 superabitque
3413 2690 3504 2729 so—

1911 2746 1978 2800 lis
2023 2748 2202 2801 radios
2241 2747 2461 2801 lumine.
2503 2748 2643 2801 Crux
2678 2749 2820 2800 enim
2872 2759 2982 2800 tum
3023 2747 3324 2816 apparebit,
3378 2747 3505 2800 tuit-

1913 2825 2096 2887 tetque
2135 2832 2321 2872 vocem
2349 2830 2566 2886 aspectu
2605 2833 2734 2881 Suo,
2761 2829 2924 2887 atque
2967 2835 3063 2884 pro
3093 2817 3318 2873 Domino
3363 2817 3506 2887 apud

1912 2903 2102 2943 omnes
2148 2889 2295 2941 orbis
2335 2898 2601 2943 terrarum
2646 2889 2890 2942 homines
2930 2887 3299 2942 defensionem
3348 2889 3504 2942 insti-

1917 2969 2058 3020 tuet,
2105 2959 2424 3026 dueebitqne
2475 2960 2605 3013 nihil
2648 2959 2716 3012 ab
2757 2975 2823 3012 eo
2873 2960 3296 3028 praetermissum
3347 2973 3504 3026 esse,

1913 3030 2054 3098 qttod
2097 3031 2162 3082 ad
2210 3032 2419 3084 illorum
2461 3030 2690 3083 salutem
2730 3031 3045 3100 pertineret.
3091 3030 3203 3084 Hoc
3233 3031 3393 3085 etiam
3428 3031 3506 3084 si-

1913 3115 2076 3171 gnum
2103 3101 2295 3170 januas
2324 3101 2534 3156 clausas
2565 3101 2824 3168 tnajoruttt
2853 3112 3158 3156 nostrorum
3189 3112 3345 3171 {etate
3375 3115 3507 3168 ape-

1915 3170 2066 3226 ruit:
2121 3173 2221 3226 hoe
2266 3172 2421 3225 noxia
2487 3173 2869 3241 mortil'eraque
2913 3187 3117 3226 venena
3164 3170 3506 3242 proﬂigavit:

1917 3245 2020 3296 hoc
2048 3244 2237 3296 cicutze
2267 3243 2371 3296 vim
2397 3242 2552 3296 diluit
2577 3261 2588 3295 :
2623 3243 2726 3295 hoc.
2753 3243 2985 3310 denique
3007 3253 3388 3296 venenatarum
3409 3243 3505 3296 be-

1917 3314 2139 3367 stiarum
2184 3328 2394 3368 morsus
2433 3315 2658 3368 curavit.
2699 3312 2754 3368 Si
2798 3316 2941 3368 enim
2989 3313 3279 3368 inferorum
3329 3321 3511 3381 portas

1917 3385 2178 3438 reseravit
2219 3394 2272 3438 et
2316 3384 2568 3438 ca-lorum
2618 3384 2832 3452 apsides
2873 3386 3113 3454 aperuit.
3167 3384 3510 3453 paradislque

1916 3453 2118 3509 aditum
2161 3456 2412 3520 restituit,
2445 3464 2499 3509 et
2526 3454 2722 3509 diaboli
2763 3453 2959 3508 nervos
3001 3457 3192 3523 fregit:
3231 3457 3356 3525 quid
3404 3455 3508 3508 tui-

1919 3541 2035 3580 rum
2057 3568 2071 3591 ,
2113 3526 2157 3580 si
2187 3527 2456 3581 mortifera
2485 3542 2690 3581 venena
2717 3537 2770 3579 et
2808 3529 3006 3580 bestias
3044 3537 3099 3580 et
3127 3529 3228 3580 alia
3264 3525 3507 3595 ejusdem

1918 3597 2131 3664 generis
2164 3597 2330 3652 vincit
2376 3609 2427 3651 et
2460 3597 2715 3665 superat?
2748 3597 2859 3650 lloe
2899 3597 3059 3664 igitur
3103 3600 3155 3650 in
3202 3607 3382 3652 mente
3421 3605 3508 3649 tua

1919 3668 2182 3736 insculpe,
2229 3669 2637 3736 animorumque
2679 3680 2985 3722 nostrorum
3031 3669 3255 3722 salutem
3299 3667 3507 3736 ample-

1917 3739 2094 3792 ctitur.
2126 3736 2267 3792 Crux
2299 3739 2441 3792 enim
2475 3739 2589 3791 bare
2615 3739 2800 3794 orbem
2827 3749 3085 3793 terrarum
3108 3739 3392 3803 convertit,
3425 3754 3512 3792 er-

1917 3823 2096 3862 rorem
2133 3809 2368 3875 expulit,
2405 3811 2683 3863 veritatem
2735 3811 3046 3873 revocavit,
3085 3819 3279 3864 terram
3317 3810 3510 3863 cselum

1918 3879 2062 3950 fecit,
2113 3879 2357 3934 homines
2383 3881 2602 3950 angelos
2646 3880 2895 3934 reddidit.
2922 3880 3056 3933 Hine
3090 3881 3362 3934 dmmones
3404 3897 3511 3934 non

1914 3949 2024 4017 jam
2056 3950 2342 4004 horribiles
2372 3949 2525 4015 sunt,
2553 3950 2647 4004 sed
2690 3952 3069 4005 contemnendi
3102 3969 3114 4004 :
3147 3967 3319 4019 neque
3366 3966 3513 4004 mors

1917 4031 1998 4076 est
2018 4036 2180 4083 mors,
2203 4021 2294 4075 sed
2312 4037 2552 4076 somnus.
2576 4022 2898 4089 Hacabjecta
2924 4033 3044 4075 sunt
3071 4023 3214 4074 humi
3230 4021 3518 4075 conculca-

1917 4101 2075 4164 taque
2094 4094 2270 4146 omnia
2293 4109 2412 4164 quae
2453 4092 2606 4146 nobis
2631 4094 2999 4148 adversantur.
3033 4093 3182 4160 Quod
3201 4094 3243 4145 si
3272 4093 3390 4161 quis
3421 4092 3518 4145 Ju-

1917 4162 2064 4216 dzeus
2107 4163 2206 4217 hoc
2235 4162 2325 4218 tibi
2369 4164 2605 4232 objiciat,
2637 4164 2768 4219 Eum
2797 4173 2851 4218 tu
2881 4166 2968 4233 qui
3001 4165 3144 4218 cruci
3177 4165 3404 4217 suflixus
3432 4173 3516 4216 cst

1917 4234 2149 4286 adoras?
2189 4237 2236 4290 ei
2278 4235 2439 4289 alacri
2485 4249 2782 4303 magnaque
2822 4251 2955 4289 voce
2993 4251 3056 4289 ac
3101 4237 3222 4289 beto
3250 4236 3395 4288 vultu
3430 4252 3512 4287 re-

1917 4304 2196 4374 spondeto.
2216 4309 2374 4360 Certe
2393 4307 2583 4374 adoro,
2601 4306 2932 4360 necadorare
2948 4322 3068 4359 eum
3087 4307 3372 4360 desistam:
3393 4315 3445 4359 et
3467 4306 3508 4357 si

1918 4375 2108 4446 rideat,
2143 4376 2264 4431 dole
2290 4377 2407 4446 ejus
2452 4379 2620 4431 vicem
2660 4392 2783 4432 cum
2824 4377 3095 4446 lacrytnis,
3142 4377 3282 4445 quod
3326 4393 3512 4429 amens

1916 4447 2004 4499 sit.
2031 4445 2249 4517 Christo
2267 4445 2488 4502 Domino
2514 4463 2610 4517 age
2639 4449 2837 4517 gratias
2857 4490 2872 4514 ,
2901 4445 3041 4517 quod
3073 4447 3329 4502 beneﬁcia
3363 4447 3511 4516 ejus-

1916 4516 2060 4570 modi
2094 4519 2146 4571 in
2178 4533 2276 4572 nos
2295 4516 2612 4583 contulerit,
2645 4516 2764 4587 quae
2795 4516 3128 4573 sine'etelesti
3178 4519 3507 4572 revelationc

1917 4587 2124 4643 discere
2161 4605 2319 4643 nemo
2359 4590 2546 4659 possit.
2589 4589 2710 4644 ldeo
2753 4605 2986 4655 namque
3012 4591 3168 4652 ridet,
3211 4590 3330 4659 quia
3380 4590 3509 4659 Ani-

1918 4659 2066 4731 malia
2087 4660 2235 4713 homo
2256 4658 2366 4712 non
2397 4660 2606 4728 percipit
2629 4678 2704 4722 ea,
2739 4677 2852 4731 qua;
2881 4673 2994 4712 sum
3027 4658 3252 4729 Spiritus
3282 4661 3355 4731 (l.
3385 4658 3504 4713 Cor.

1917 4728 1971 4782 2.
2009 4732 2115 4798 14).
2150 4731 2580 4800 quandoquidem
2618 4731 2719 4784 hoc
2753 4728 2922 4785 etiam
2959 4728 3140 4800 pueris
3187 4728 3299 4785 usu'
3327 4734 3510 4796 venit,

1917 4815 2038 4852 cum
2068 4802 2262 4869 aliquid
2295 4818 2544 4871 magnum
2577 4811 2625 4856 et
2656 4802 3008 4855 admiratione
3046 4804 3263 4871 dignum
3297 4803 3511 4855 intueno

1919 4881 2003 4943 tur
2032 4887 2047 4943 ξ
2079 4888 2140 4943 ac
2168 4873 2210 4925 si
2243 4888 2466 4940 puerum
2496 4873 2560 4926 ad
2591 4873 2843 4943 mysteria
2876 4874 3257 4937 intruduxerts,
3291 4874 3505 4925 ridebit.

1917 4941 2010 4995 llis
2039 4942 2196 5011 igitur
2225 4944 2404 5011 pueris
2434 4955 2619 5011 gentes
2649 4941 2779 4995 sunt
2803 4944 3005 4996 similes
3026 4988 3038 5004 ,
3069 4960 3254 4997 verum
3289 4945 3468 5012 pueris
3487 4985 3504 5008 ,

1919 5024 1972 5064 nt
2003 5012 2072 5065 ita
2102 5015 2296 5075 dientn,
2322 5016 2738 5080 imperfectiores
2765 5024 2909 5073 sunt,
2942 5014 3011 5067 ob
3036 5030 3261 5084 eamque
3291 5029 3507 5067 causam

1917 5084 2247 5150 miseriores,
2279 5086 2419 5154 quod
2449 5101 2553 5138 nun
2586 5086 2638 5138 in
2680 5085 2960 5138 immatura
2986 5095 3143 5138 aetate
3166 5128 3178 5146 ,
3205 5085 3298 5138 sed
3333 5086 3382 5137 in
3413 5087 3507 5136 ab.

1915 5157 2088 5208 soluta
2135 5166 2190 5208 et
2226 5163 2506 5210 constante
2550 5157 2600 5209 in
2648 5155 2768 5208 illos
2812 5156 3000 5209 eadem
3051 5172 3170 5224 qua:
3213 5158 3262 5207 in
3311 5171 3508 5223 pueros

1915 5226 2130 5278 cadunt.
2163 5226 2342 5295 Itaque
2373 5243 2437 5280 ne
2473 5229 2625 5279 venia
2654 5225 2870 5296 quidem
2898 5226 3042 5294 digni
3073 5236 3214 5278 sunt.
3246 5225 3354 5280 Nos
3381 5241 3509 5280 vero

1915 5297 2056 5349 clara
2090 5313 2384 5366 magnaque
2406 5313 2536 5353 voce
2557 5299 2870 5360 clamemus,
2903 5308 3065 5364 atque
3086 5298 3350 5361 dicamus,
3374 5312 3436 5350 ac
3468 5299 3510 5350 si

1915 5383 2104 5419 omnes
2123 5379 2310 5436 gentes
2331 5368 2526 5428 adsint.
2551 5385 2670 5422 cum
2696 5370 2898 5434 majore
2927 5368 3116 5422 liducia
3143 5371 3511 5436 prolitcamur,

1915 5452 2129 5490 Crucem
2158 5455 2278 5492 esse
2307 5451 2544 5494 nostram
2573 5439 2969 5509 gloriationetn,
3011 5454 3384 5505 summamque
3414 5439 3505 5491 bo—

1917 5524 2105 5562 norum
2135 5511 2397 5574 omnium,
2427 5520 2482 5564 et
2509 5510 2756 5564 ﬁduciam
2783 5524 2995 5562 omnem
3045 5521 3203 5575 atque
3232 5525 3510 5563 coronam.

1923 5580 2123 5633 Vellem
2159 5590 2337 5634 autem
2378 5597 2533 5649 posse
2576 5592 2739 5635 etiam
2770 5596 2891 5634 cum
2936 5579 3100 5635 Paulo
3130 5581 3329 5642 dicere,
3382 5579 3516 5632 Mihi

1917 5651 2136 5704 mundus
2159 5652 2298 5704 cruci
2333 5652 2541 5721 supinis
2581 5663 2675 5715 est,
2713 5662 2757 5702 et
2785 5667 2876 5720 ego
2913 5653 3102 5704 mundo
3138 5650 3276 5719 (Gal.
3305 5653 3355 5704 6.
3390 5653 3512 5716 14);

1916 5722 2009 5775 sed
2042 5739 2145 5775 non
2170 5737 2383 5789 possum
2411 5722 2571 5776 variis
2601 5721 2886 5792 impeditus
2912 5724 3337 5790 constrictusque
3352 5723 3512 5774 annui

1917 5793 2215 5845 sollertibus.
2253 5793 2431 5860 Itaque
2461 5808 2580 5847 cum
2619 5791 2792 5856 vobis,
2837 5802 2948 5845 tum
2979 5793 3106 5846 mihi
3149 5792 3260 5860 ipse
3290 5795 3509 5855 sunteo,

1917 5875 1973 5918 ut
2000 5877 2200 5918 tnunuo
2220 5864 2614 5937 crueiligamur,
2637 5879 2735 5920 nec
2761 5863 3048 5934 quidquam
3076 5862 3368 5919 habeamus
3394 5880 3515 5918 cuin
