3964 6350
490 335 568 420 Is
897 300 908 303 ⁷
1327 350 1395 409 IN
1431 351 1490 410 s.
1530 346 1813 409 PETRUM
1849 343 2367 407 CHRYSOLOGUM
2404 345 2944 408 mommsens.
3361 300 3364 302 ’
3718 353 3797 414 ιο

495 472 810 540 manabat;
842 470 985 528 unde
1010 485 1112 543 pro
1138 468 1251 526 suis
1279 483 1403 524 eum
1432 466 1661 537 eloquiis
1695 463 2091 539 Chrysologum
2116 461 2170 524 Δ
2193 464 2343 520 nium
2368 461 2800 522 Christianorum
2839 463 2952 520 Deo
2977 461 3266 520 immensas
3304 450 3506 533 gratias
3531 471 3758 535 agentes
3773 506 3792 534 ,

494 567 710 626 vocavit
730 565 756 641 [
776 563 968 620 Vallia
1000 557 1324 632 vocavere],
1342 559 1396 615 id
1423 569 1509 617 est
1536 576 1734 617 aureus
1760 559 2092 616 sermocina-

493 670 587 718 tor
614 657 836 733 [Vallia
855 671 1079 712 aureum
1106 651 1632 725 sermocinatorem].
1663 651 1831 708 Natus
1857 659 1942 708 est
1966 648 2097 705 Cor-

493 753 740 812 neliense
765 751 1074 814 territorio;
1109 748 1342 806 nutritus
1371 755 1426 803 et
1465 747 1658 802 doctus
1696 746 1930 820 [Vallia
1964 745 2094 801 edo-

494 845 650 919 ctus]
682 862 713 902 a
740 843 994 902 Cornelio
1024 842 1166 898 illius
1193 842 1338 898 sedis
1378 842 1636 908 antistite,
1669 850 1725 896 et
1751 857 1851 912 pro
1880 840 1964 895 sui
1992 856 2094 894 nu-

494 940 704 996 tritoris
731 951 915 994 amore
944 934 1138 992 Petrus
1167 936 1268 991 iste
1295 935 1506 1002 beatus,
1538 935 1631 1004 qui
1673 933 1874 988 dudum
1901 932 2098 988 Imolas

496 1030 812 1102 praedictum
840 1027 1073 1084 vocabat
1102 1027 1432 1083 territorium
1463 1024 1686 1098 [Vallia
1720 1023 1868 1093 quod
1895 1023 2097 1078 dudum

496 1120 694 1177 lmolas
720 1118 1036 1191 prmdictum
1064 1117 1363 1174 vocabatur
1392 1114 1768 1187 territorium],
1789 1116 1857 1170 ab
1882 1116 1975 1171 illo
1987 1115 2100 1186 jam

496 1220 747 1282 tempore
795 1209 1127 1266 Corneliense
1174 1211 1490 1265 nominavit.
1524 1207 1631 1265 Sed
1679 1209 1832 1263 aiunt
1859 1208 1948 1262 alii
1978 1208 2102 1262 ideo

497 1304 870 1368 Corneliense,
905 1304 1050 1374 quod
1079 1302 1319 1360 Cornelii
1348 1303 1524 1359 forum
1565 1302 1774 1358 fuisset.
1806 1301 1913 1357 Iste
1942 1301 2102 1373 primi

499 1396 699 1453 Leonis
727 1397 1052 1452 sanctissimi
1080 1411 1232 1466 papze
1263 1394 1593 1450 Ravennatis
1633 1392 1888 1451 Ecclesitc
1917 1394 2106 1450 cathe-

499 1489 652 1544 dram
681 1489 923 1559 regebat.
957 1486 1016 1542 In
1065 1488 1195 1558 ipsis
1223 1486 1413 1542 diebus
1459 1487 1786 1542 saevissimus
1831 1485 2105 1558 Eutyches

498 1580 783 1651 presbyter
811 1579 1045 1649 maligno
1073 1578 1266 1648 spiritu
1295 1578 1580 1647 instigatur
1607 1585 1664 1633 et
1691 1579 1834 1633 circa
1861 1585 2106 1632 sanctam

499 1679 559 1728 et
585 1669 917 1726 individuam
946 1668 1107 1724 ﬁdem
1146 1669 1473 1724 catholicam
1513 1670 1625 1725 suis
1663 1669 1913 1740 pessimis
1954 1669 2105 1738 cogi-

501 1761 798 1817 tationibus
825 1760 1116 1829 malignam
1158 1759 1325 1830 carpit
1353 1759 1604 1815 haeresim
1642 1759 1900 1815 excitare.
1935 1757 2107 1826 Quem

2193 567 2250 614 et
2275 559 2540 616 maximas
2566 559 2752 616 laudes
2779 557 3119 630 imperatoris
3145 557 3464 614 catholicam
3502 565 3559 614 et
3584 565 3799 616 certam

2195 651 2359 707 ﬁdem
2405 651 2743 709 observantis
2791 649 3021 726 [Vallia
3072 658 3128 707 et
3179 651 3442 707 maximas
3481 650 3674 709 laudes
3713 653 3804 708 in-

2196 743 2438 802 ferentes
2484 746 2809 803 catholicam
2861 753 2918 800 et
2969 752 3175 800 rectam
3228 743 3391 800 fidem
3453 743 3803 802 observanti-

2197 838 2318 906 bus,
2350 836 2505 912 etc.],
2555 838 2922 895 valedicentes
2949 836 3215 893 abierunt.

2838 971 3069 1030 CAPUT
3106 971 3171 1027 II.

2347 1092 2493 1147 Petri
2523 1089 2826 1162 Chrysologi
2855 1089 3115 1144 ordinatio
3145 1088 3340 1144 ctelitus
3377 1089 3654 1161 imperata.

2275 1205 2460 1275 Igitur,
2485 1203 2807 1268 charissimi,
2825 1201 2970 1272 quod
2983 1201 3256 1258 residuum
3284 1207 3368 1256 est
3393 1199 3462 1257 de
3481 1197 3812 1273 Chrysologi

2206 1296 2317 1352 vita
2344 1297 2399 1351 in
2427 1295 2664 1351 medium
2691 1292 3047 1365 proferamus,
3090 1300 3147 1348 et
3174 1292 3506 1362 inquiramus
3532 1287 3814 1360 quomodo

2209 1397 2303 1444 aut
2329 1389 2563 1459 qualiter
2601 1389 2654 1442 in
2683 1387 2779 1441 tali
2807 1386 3111 1442 orthodoxa
3151 1385 3278 1441 sede
3317 1401 3426 1440 non
3466 1399 3537 1439 ex
3575 1381 3819 1454 propriis

2210 1482 2420 1550 ovibus,
2451 1481 2548 1538 sed
2576 1481 2644 1537 ab
2673 1481 2919 1551 subjecta
2945 1479 3297 1536 Corneliense
3325 1477 3567 1535 Ecclesia
3595 1477 3818 1532 Raven-

2211 1591 2406 1631 uenses
2433 1576 2581 1631 cives
2610 1573 2843 1648 [Vallia
2885 1570 3264 1644 Ravennates]
3305 1570 3619 1644 pontiﬁcem
3659 1569 3818 1626 ordi-

2211 1676 2495 1723 naverunt.
2529 1665 2798 1738 Tempore
2827 1680 3060 1736 namque
3088 1665 3182 1720 illo
3210 1673 3498 1736 postquam
3527 1662 3824 1718 defunctus

2213 1767 2298 1814 est
2341 1759 2685 1816 beatissimus
2731 1766 2858 1812 ante
2907 1758 3215 1812 nominatus
3243 1755 3478 1831 [Vallia
3528 1771 3635 1809 non
3664 1751 3827 1807 habet

499 1851 877 1908 sanctissimus
907 1848 1016 1905 Leo
1045 1864 1144 1920 per
1172 1865 1327 1904 suam
1356 1849 1642 1919 epistolam
1671 1849 1728 1903 in
1755 1857 2109 1920 conspectum
2141 1859 2190 1919 Β
2215 1860 2342 1908 ante
2370 1867 2516 1907 nom.
2540 1850 2556 1924 ]
2585 1851 2783 1922 prtesul
2809 1850 3077 1919 Joannes,
3121 1857 3497 1907 convenerunt
3532 1847 3827 1904 universus

501 1951 814 1999 sanctorum
828 1941 1120 1997 multorum
1137 1940 1232 1995 Dei
1247 1941 1624 2011 episcoporum
1638 1940 1934 1996 admonivit
1946 1943 1966 2016 [
1979 1941 2099 1995 Val-

503 2038 589 2092 lia
615 2033 936 2107 admonuit].
957 2035 1259 2104 Numquam
1281 2036 1458 2105 potuit
1486 2034 1706 2108 [Vallia
1732 2034 1801 2090 Et
1816 2051 2109 2105 numquam

503 2127 704 2200 potuit]
744 2127 862 2197 ejus
903 2127 1333 2196 superstitiosam
1374 2125 1752 2182 credulitatem
1792 2127 1861 2183 ad
1907 2127 2110 2182 bonum

503 2237 763 2280 revocare
791 2221 1149 2292 propositum.
1183 2219 1417 2277 Sanctus
1459 2219 1624 2289 igitur
1652 2217 1764 2275 Leo
1793 2219 1862 2276 ad
1890 2220 2110 2276 beatum

504 2311 728 2369 Petrum
756 2311 915 2382 hujus
962 2311 1293 2366 Ravennatis
1335 2311 1485 2366 urbis
1526 2311 1841 2381 pontificem
1871 2309 2106 2385 [Vallia

504 2423 611 2462 non
640 2404 794 2460 habet
821 2405 1001 2475 hujus,
1032 2415 1128 2459 etc.
1146 2402 1189 2477 ],
1221 2419 1310 2460 res
1337 2413 1497 2460 notas
1537 2405 1790 2461 celeriter
1831 2404 1989 2473 fecit;
2019 2407 2114 2476 qui

504 2497 748 2556 scribens
781 2497 1062 2568 epistolam
1093 2496 1161 2552 ad
1189 2497 1364 2567 ipsum
1405 2497 1717 2554 haereticum
1757 2498 1974 2565 direxit,
2014 2513 2116 2570 per

504 2604 669 2660 quam
698 2589 751 2644 in
771 2586 1202 2645 Chalcedonensi
1225 2589 1434 2661 synodo
1459 2606 1565 2644 non
1589 2591 1865 2649 consensit
1886 2589 2107 2664 [Vallia

505 2700 618 2740 non
646 2682 1064 2754 consentiens];
1097 2683 1378 2740 demersus
1420 2692 1522 2738 est.
1555 2682 1664 2739 Sed
1693 2685 1806 2755 ipse
1835 2684 2115 2740 sanctissi-

503 2795 627 2835 mus
666 2777 778 2835 Leo
806 2779 1002 2833 multas
1029 2778 1175 2834 vices
1202 2793 1301 2848 per
1328 2794 1424 2834 sua
1454 2778 1842 2848 epigrammata
1887 2779 1942 2833 in
1969 2776 2116 2833 Con-

505 2871 1042 2942 stantinopolitanam
1070 2870 1260 2926 urbem
1290 2871 1436 2925 misit
1465 2887 1574 2926 non
1603 2871 1779 2926 solum
1808 2869 1876 2925 ad
1903 2868 2116 2925 Callani

505 2961 820 3028 Placidiam,
855 2977 1044 3018 verum
1071 2963 1236 3018 etiam
1277 2962 1346 3018 ad
1374 2961 1812 3018 Valentinianum
1840 2969 1897 3017 ct
1924 2960 2114 3017 Hono-

506 3056 647 3110 rium
677 3055 697 3129 [
722 3053 910 3109 Vallia.
944 3053 1068 3109 add.
1102 3052 1494 3124 imperatores]
1525 3061 1581 3109 et
1627 3053 1694 3108 ad
1724 3061 1953 3110 caeteros
1980 3052 2117 3107 alios

505 3145 632 3202 ﬁdei
703 3146 986 3211 robustos,
1053 3145 1323 3214 simulque
1407 3145 1476 3200 ad
1541 3145 1725 3200 divum
1797 3143 2118 3200 Gratianum

2215 1957 2388 2004 cmtus
2413 1946 2602 2018 populi
2630 1962 2739 2000 una
2766 1961 2890 2001 cum
2919 1945 3311 2012 sacerdotibus,
3342 1945 3483 2000 sicut
3510 1957 3630 1998 mos
3657 1949 3745 1996 est
3765 1940 3829 1995 in

2216 2039 2472 2096 Ecclesire
2501 2040 2627 2104 ritu,
2661 2048 2716 2093 et
2744 2039 3025 2109 elegerunt
3053 2039 3153 2093 sibi
3175 2047 3468 2109 pastorem,
3492 2049 3725 2104 cumque
3752 2046 3830 2090 eo

2216 2139 2578 2203 properantes
2607 2129 2838 2186 Romam
2880 2140 3146 2186 venerunt
3175 2129 3408 2204 [Vallia
3440 2142 3664 2198 cumque
3693 2141 3832 2182 om-

2217 2239 2314 2281 nes
2341 2239 2466 2280 cum
2494 2238 2626 2279 eo...
2661 2222 2960 2295 venissent]
2991 2224 3057 2279 ad
3086 2233 3333 2279 sanctum
3361 2236 3556 2294 papam
3595 2226 3834 2290 aposto-

2215 2318 2334 2374 licze
2362 2317 2526 2384 sedis,
2559 2326 2612 2373 ut
2647 2332 2836 2373 eorum
2864 2319 3142 2373 ordi:.aret
3168 2317 3430 2383 electum,
3464 2331 3532 2370 ne
3563 2313 3686 2370 talis
3712 2309 3832 2367 Ec—

2217 2411 2382 2467 clesia
2409 2411 2627 2466 viduata
2655 2420 2800 2466 esset
2828 2409 3084 2482 pontifice
3113 2411 3277 2465 tantis
3313 2409 3521 2465 diebus.
3564 2407 3662 2462 Die
3689 2420 3833 2462 vero

2217 2503 2454 2557 crastina
2500 2510 2658 2557 erant
2703 2517 2894 2557 omnes
2941 2502 3116 2572 parati
3163 2510 3226 2556 ut
3272 2516 3395 2557 eum
3433 2499 3661 2574 [Vallia
3696 2511 3834 2552 eum

2217 2593 2416 2665 virum]
2433 2609 2596 2663 quem
2626 2594 2902 2663 elegerant
2923 2594 3124 2649 sanctis
3146 2592 3325 2668 [Deest
3345 2595 3397 2646 in
3424 2591 3562 2646 Vaif.
3598 2584 3834 2661 sanctis]

2219 2687 2534 2759 apostolicis
2561 2695 2952 2758 pncsentarent
2981 2687 3305 2758 aspectibus.
3337 2685 3504 2755 Igitur
3543 2692 3705 2739 nocte
3733 2695 3835 2736 ea—

2219 2781 2344 2836 dem
2381 2780 2634 2851 apparuit
2670 2780 2741 2835 ad
2777 2789 3024 2836 sanctum
3061 2779 3273 2836 Sixtum
3310 2780 3458 2834 urbis
3493 2777 3681 2833 Roma:
3710 2778 3835 2849 epi-

2220 2890 2444 2946 scopum
2472 2872 2700 2949 [Vallia
2736 2872 2792 2929 S.
2839 2873 3062 2930 Sixto...
3103 2870 3392 2945 episcopo]
3430 2887 3532 2943 per
3561 2871 3836 2930 visionem

2222 2967 2283 3022 B.
2317 2968 2595 3038 apostolus
2621 2966 2823 3023 Christi
2850 2968 3087 3038 claviger
3115 2965 3334 3033 Petrus,
3366 2982 3475 3022 una
3502 2982 3627 3022 cum
3655 2963 3836 3036 Apol-

2221 3062 2394 3117 linare
2431 3062 2697 3133 discipulo
2734 3077 2865 3128 suo,
2897 3053 2952 3116 et
2999 3061 3139 3116 inter
3167 3060 3329 3116 ambo
3356 3069 3510 3115 stans
3537 3059 3600 3113 B.
3633 3056 3838 3113 Petrus

2221 3153 2618 3227 Chrysologus;
2649 3163 2706 3209 et
2731 3168 2920 3224 parum
2965 3151 3029 3206 B.
3071 3151 3266 3207 Petrus
3312 3150 3589 3223 apostolus
3634 3148 3841 3224 pedem

505 3236 769 3311 [Vallia:
802 3237 1179 3310 Reponendum
1210 3236 1569 3309 Martialium]
1613 3247 1668 3293 et
1696 3237 1996 3294 Eudoxiam
2025 3253 2115 3293 se-
2144 3246 2192 3310 ο
2224 3247 2394 3317 ﬁgens
2421 3248 2556 3302 dixit
2584 3247 2652 3302 ad
2680 3246 2736 3302 s.
2771 3260 2967 3317 papam
2995 3244 3210 3300 Sixtum
3243 3263 3255 3297 :
3289 3243 3420 3298 Vide
3446 3243 3591 3297 hunc
3621 3242 3835 3309 virum,

506 3330 823 3399 questratim
853 3328 1086 3402 [Vallia
1118 3329 1498 3398 sequestratim
1528 3327 1732 3400 autem]
1761 3340 1952 3386 contra
1979 3345 2117 3401 prte-

507 3421 716 3478 dictum
743 3421 1026 3494 Eutychen
1054 3421 1433 3492 presbyterum
1463 3420 1726 3486 diversas,
1773 3429 1834 3476 ut
1861 3422 2114 3490 diximus,

507 3513 787 3586 epistolas,
820 3522 876 3570 et
904 3521 1056 3568 tanto
1085 3521 1333 3582 tempore
1361 3512 1573 3582 prolata
1605 3512 1702 3566 fuit
1731 3511 1953 3586 [Vallia
1986 3528 2117 3583 pro-

507 3606 734 3662 telatum
762 3603 927 3677 fuit],
960 3619 1132 3675 usque
1158 3603 1226 3659 ad
1258 3611 1502 3674 tempora
1543 3603 1792 3658 Martiani
1820 3605 2117 3676 imperato—

505 3700 603 3756 ris.
634 3699 820 3768 Igitur,
851 3706 913 3753 ut
939 3697 1190 3764 diximus,
1221 3711 1348 3752 cum
1375 3696 1543 3750 multa
1573 3695 1858 3752 altercatio
1896 3697 1965 3752 de
1993 3713 2119 3752 san-

507 3802 596 3849 cta
626 3793 947 3848 intemerata
977 3790 1080 3846 lide
1109 3790 1377 3846 catholica
1408 3787 1547 3845 facta
1577 3787 1768 3845 fuisset
1795 3789 1976 3846 multis
2004 3790 2121 3846 die-

508 3884 640 3951 bus,
691 3883 918 3952 contigit
966 3889 1026 3936 ut
1065 3897 1190 3938 cum
1231 3881 1609 3951 episcoporum
1658 3881 1887 3936 consilio
1929 3882 2122 3941 fuisset

509 3975 704 4030 allatus
730 3974 1020 4045 praedictus
1046 3973 1332 4028 haereticus
1360 3987 1546 4028 coram
1586 3972 1836 4028 omnibus
1863 3974 2119 4031 sacerdo-

510 4070 674 4137 tibus,
707 4068 1023 4125 Theodorus
1069 4068 1358 4138 episcopus
1404 4082 1528 4122 cum
1576 4081 1643 4121 eo
1691 4075 1902 4123 certare
1930 4071 2116 4139 coepit,

510 4161 805 4217 ostendens
832 4159 1043 4230 singula
1070 4159 1347 4215 volumina
1376 4158 1444 4213 de
1472 4159 1675 4214 sanctis
1703 4157 2030 4230 Scripturis,
2063 4169 2119 4216 et

510 4251 723 4308 diversa
754 4251 1096 4318 testimonia,
1127 4250 1278 4320 quod
1306 4259 1497 4306 sancta
1539 4259 1594 4305 et
1635 4251 1863 4307 indivisa
1901 4253 1973 4308 sit
2001 4252 2120 4308 Tri-

510 4347 654 4400 nitas
700 4352 757 4400 et
800 4342 982 4409 Pater,
1015 4351 1071 4399 et
1115 4341 1303 4409 Filius,
1337 4354 1394 4398 et
1439 4341 1672 4413 Spiritus
1718 4353 1940 4401 sanctus
1981 4363 2120 4402 unus

511 4443 657 4490 esset
684 4433 826 4488 Deus
855 4434 1146 4504 comqualis
1167 4449 1236 4488 ex
1257 4434 1463 4490 duabus
1484 4451 1710 4491 manens
1732 4437 1939 4493 naturis
1961 4437 2121 4512 [Val-

511 4527 598 4580 lic.
635 4543 652 4580 :
685 4524 814 4580 Hcec
846 4526 910 4580 de
939 4524 1143 4580 Christo
1173 4525 1400 4582 Domino
1443 4539 1562 4601 apte
1587 4530 1987 4604 intelligenda],
2021 4533 2119 4588 Dei

2225 3354 2389 3408 quem
2418 3339 2678 3408 elegimus
2705 3353 2826 3405 nos,
2858 3338 2951 3407 qui
2997 3345 3106 3392 stat
3153 3337 3208 3391 in
3245 3335 3481 3390 medium
3506 3341 3844 3389 nostrorum

2228 3429 2461 3504 [Desunt
2488 3432 2542 3484 in
2572 3429 2711 3485 ναιι.
2744 3429 2838 3499 qui
2865 3436 2991 3495 stat,
3024 3426 3168 3498 etc.],
3202 3427 3374 3497 ipsum
3402 3438 3682 3488 cousecra,
3716 3439 3840 3482 non

2225 3524 2407 3578 alium.
2439 3522 2648 3578 Idcirco
2676 3520 3083 3592 expergefactus
3109 3534 3267 3590 papa,
3285 3517 3444 3587 jussit
3469 3515 3628 3571 valde
3656 3515 3838 3571 intro-

2224 3616 2349 3672 duci
2375 3616 2613 3672 diluculo
2640 3616 2856 3686 plebem
2883 3616 3218 3680 universam,
3250 3621 3306 3668 et
3340 3612 3516 3667 virum
3553 3611 3649 3680 qui
3675 3609 3833 3665 ordi-

2225 3711 2434 3767 nandus
2462 3718 2598 3766 erat.
2629 3709 2860 3766 Intuitus
2897 3719 2982 3765 est
3010 3724 3134 3763 eum
3173 3705 3474 3762 diutissime
3511 3703 3568 3760 S.
3601 3719 3744 3775 papa
3772 3713 3838 3760 et

2223 3805 2300 3859 ait
2333 3823 2344 3854 :
2377 3803 2481 3869 Ite,
2515 3802 2688 3857 tollite
2725 3817 2848 3856 eum
2885 3801 2953 3856 de
2980 3799 3188 3864 medio,
3231 3798 3376 3854 hunc
3416 3812 3528 3852 non
3564 3810 3830 3866 agnosco.

2224 3898 2336 3955 Nisi
2383 3896 2716 3953 adduxeritis
2761 3896 2893 3950 mihi
2921 3895 3014 3964 qui
3061 3901 3312 3949 ostensus
3350 3899 3466 3957 est,
3508 3891 3672 3945 alium
3714 3905 3837 3946 non

2224 3991 2508 4046 ordinabo.
2540 3989 2608 4044 At
2637 3989 2713 4044 illi
2741 3995 3024 4059 cmperunt
3065 3986 3338 4056 inquirere
3379 3985 3523 4040 inter
3547 4000 3608 4040 se
3634 3991 3834 4038 mutuo

2223 4097 2346 4152 qua:
2392 4089 2539 4136 esset
2583 4079 2890 4150 huiusmodi
2919 4094 3008 4134 res
3024 4119 3038 4144 ,
3073 4077 3372 4148 ejectisque
3401 4077 3650 4131 omnibus
3677 4073 3834 4131 foras

2224 4173 2530 4229 contristati
2576 4180 2718 4228 sunt.
2753 4170 2869 4226 Alia
2914 4186 3046 4226 vero
3094 4169 3181 4224 die
3224 4168 3384 4239 jussit
3419 4166 3655 4242 [Vallia
3691 4166 3827 4221 add.

2222 4265 2386 4338 papa]
2416 4274 2475 4321 ut
2502 4264 2736 4335 populus
2777 4279 2899 4319 cum
2940 4263 3192 4317 omnibus
3231 4261 3420 4318 electis
3449 4259 3678 4333 [Vallia
3710 4258 3834 4314 cle—

2221 4357 2388 4429 ricis]
2419 4357 2698 4423 maximis,
2731 4364 2786 4410 et
2831 4355 3226 4423 mediocribus,
3271 4364 3327 4410 et
3372 4353 3579 4426 pusillis
3607 4361 3735 4408 ante
3763 4369 3834 4410 se

2221 4448 2516 4504 introducti
2544 4447 2790 4512 fuissent,
2822 4453 2878 4500 et
2904 4460 3026 4500 cum
3058 4463 3166 4502 non
3195 4446 3416 4502 vidisset
3455 4445 3681 4501 formam
3717 4445 3833 4502 viri

2221 4557 2341 4612 quae
2369 4542 2445 4596 illi
2474 4549 2692 4596 ostensa
2721 4540 2915 4606 fuerat,
2948 4541 3025 4594 ait
3057 4558 3069 4592 :
3103 4539 3382 4610 Requirite
3410 4556 3478 4597 ex
3503 4540 3676 4606 vobis,
3709 4538 3832 4596 for-

512 4626 569 4673 et
595 4617 846 4672 hominis.
879 4617 998 4672 Non
1025 4618 1317 4674 consensit.
1353 4617 1503 4676 Tunc
1544 4623 1869 4678 auctoritate
1897 4633 2117 4695 aposto-
2146 4635 2192 4696 ι)
2219 4636 2358 4690 sitan
2412 4650 2522 4689 ηοη
2576 4648 2765 4690 omnes
2817 4633 3072 4701 venistis,
3130 4641 3186 4688 ει
3225 4635 3530 4707 complures
3584 4632 3821 4706 [Vallia

513 4708 616 4763 lica
644 4708 1015 4765 demonstrata
1044 4725 1152 4765 non
1179 4710 1425 4780 resipuit.
1449 4709 1782 4782 Ostensaque
1811 4723 1895 4770 est
1922 4715 1982 4770 Β.
2017 4714 2120 4772 Pe-

2216 4735 2398 4782 utrum
2427 4725 2643 4798 plures]
2674 4729 2823 4782 estis.
2865 4725 2936 4780 At
2972 4727 3047 4781 illi
3076 4725 3330 4782 dixerunt
3361 4745 3373 4779 :
3417 4726 3536 4781 Non
3565 4742 3635 4780 ex
3664 4726 3830 4786 nobis

514 4799 582 4895 tri
611 4797 931 4895 Chrysologi
959 4800 1190 4895 epistola
1218 4802 1272 4856 in
1300 4817 1407 4872 qua
1435 4817 1503 4859 ex
1544 4813 1699 4875 parte
1737 4806 2119 4862 continebatur
2207 4818 2234 4895 f
2262 4817 2449 4872 Vallia
2485 4797 2676 4892 novis]
2726 4820 3035 4890 quempiam
3081 4819 3355 4883 invenies,
3412 4816 3633 4872 domine
3680 4833 3828 4890 papa

513 4888 588 4943 ita
623 4907 635 4942 :
670 4888 932 4946 Humana:
952 4893 1087 4964 leges
1107 4894 1248 4948 intra
1268 4911 1377 4949 xxx
1405 4912 1569 4951 annos
1597 4898 1731 4952 inter
1758 4915 1852 4954 nos
1882 4899 1900 4971 [
1925 4898 2110 4954 Vallia.

514 4996 618 5034 non
649 4980 803 5036 habet
831 4983 973 5038 inter
1000 4982 1123 5056 nos]
1152 5002 1327 5040 omnes
1356 4987 1609 5060 litigiosus
1641 4991 1944 5046 interimunt
1970 5008 2112 5064 qua?-

514 5072 726 5140 stiones,
756 5081 806 5126 et
836 5082 887 5126 tu
917 5075 1056 5129 circa
1082 5078 1386 5149 quingentos
1416 5097 1580 5136 annos
1612 5099 1702 5137 cur
1741 5092 1884 5139 tanto
1912 5101 2111 5155 praesu-

514 5166 613 5218 mis
657 5167 714 5220 in
755 5165 958 5222 Christo
1011 5171 1298 5226 conviciare
1342 5174 1615 5229 sermone?
1659 5193 1772 5230 vere
1817 5186 2017 5249 Oportet
2064 5187 2110 5232 te

518 5254 783 5312 humiliari
829 5259 899 5312 ad
944 5269 1180 5316 sanctum
1229 5263 1521 5321 Romanum
1549 5270 1867 5340 pontiﬁcem,
1898 5279 1949 5324 et
1985 5270 2109 5325 dili-

515 5357 694 5422 genter
727 5353 838 5422 ejus
873 5364 1132 5427 praecepta
1171 5359 1448 5426 custodire,
1479 5371 1528 5414 et
1563 5379 1668 5417 non
1716 5363 1869 5417 aliter
1895 5365 2108 5419 extimes

516 5441 620 5496 nisi
649 5444 786 5515 quod
814 5444 875 5499 B.
908 5445 1097 5504 Petrus
1126 5452 1390 5522 apostolus
1419 5455 1557 5509 vivus
1583 5457 1678 5520 sit,
1711 5465 1761 5509 et
1788 5461 2107 5528 apostolatus

517 5532 776 5621 cathedra
803 5536 1057 5597 Romam:
1082 5542 1219 5598 sedis
1247 5546 1304 5598 in
1333 5561 1490 5600 carne
1529 5555 1698 5600 teneat
1734 5550 2104 5621 principatum.

515 5620 649 5681 Post
675 5627 790 5684 haec
837 5643 1020 5688 autem
1059 5635 1176 5704 ipse
1216 5634 1489 5707 Eutyches
1530 5639 1854 5698 saevissimus
1894 5620 1950 5696 in
1991 5643 2110 5712 ipso

516 5719 712 5775 cecidit
738 5725 969 5781 concilio
1001 5726 1234 5800 [Vallia
1267 5727 1551 5802 consilio].
1597 5729 1952 5790 Sacerdotum
1979 5752 2112 5793 vero

516 5817 690 5872 cattus
713 5826 839 5878 post
866 5818 1104 5876 solutum
1149 5821 1438 5877 concilium
1485 5837 1592 5879 una
1637 5841 1760 5882 cum
1803 5829 1959 5897 plebe
1989 5846 2109 5888 om-

2213 4904 2434 4983 [Vallia
2469 4912 2592 4966 add.
2627 4910 2697 4965 At
2725 4913 2813 4966 ille
2849 4911 3032 4985 dixit].
3077 4909 3154 4966 Ite
3192 4919 3249 4966 et
3283 4909 3600 4980 egredimini
3644 4909 3821 4976 foras,

2215 5005 2454 5061 nondum
2501 5006 2733 5061 electum
2784 5005 2958 5061 Video.
2995 5005 3176 5060 Tertia
3223 5005 3311 5060 die
3361 5003 3587 5078 [Vallia
3623 5006 3827 5079 nocte]

2215 5099 2448 5167 denique
2478 5099 2672 5152 iterum
2701 5098 2952 5168 apparuit
2980 5098 3048 5152 ad
3077 5098 3330 5154 eumdem
3358 5112 3574 5169 papam,
3607 5113 3710 5154 nec
3739 5099 3830 5153 vi-

2214 5193 2386 5260 gilans
2425 5192 2672 5262 pleniter,
2710 5207 2811 5248 nec
2851 5191 3081 5262 pleniter
3118 5191 3394 5248 dormiens
3437 5190 3608 5265 [Vall.
3642 5191 3831 5250 eidem

2213 5299 2429 5355 papae...
2464 5285 2771 5353 vigilanti...
2805 5284 3146 5357 dormienti],
3166 5286 3537 5358 apostolorum
3566 5287 3829 5359 princeps

2213 5389 2333 5431 cum
2349 5376 2612 5446 discipulo
2634 5393 2733 5432 suo
2755 5377 2894 5433 sicut
2913 5384 2969 5432 et
2987 5378 3138 5448 prius
3158 5386 3212 5433 et
3241 5379 3615 5435 sanctissimus
3629 5377 3830 5436 Petrus

2213 5466 2579 5540 Chrysologus
2596 5467 2817 5541 [Vallia
2844 5468 2900 5525 S.
2931 5468 3152 5524 Petrum
3166 5467 3585 5544 Chrvsologum]
3606 5472 3749 5528 inter
3761 5486 3828 5529 se

2216 5567 2480 5628 tenentes,
2497 5560 2738 5619 (licentes
2759 5561 2836 5616 illi
2857 5579 2868 5615 :
2893 5561 3139 5616 Diximus
3154 5560 3267 5630 jam
3282 5561 3380 5617 tibi
3398 5578 3466 5618 ne
3477 5577 3643 5634 super
3653 5563 3826 5618 alium

2215 5665 2408 5707 manus
2436 5653 2684 5722 imponas
2712 5654 2814 5708 nisi
2851 5668 3015 5723 super
3050 5653 3195 5707 hunc
3235 5654 3440 5720 virum,
3471 5655 3594 5724 quia
3627 5654 3683 5710 in
3715 5655 3826 5712 illis

2214 5745 2550 5814 temporibus
2579 5745 2849 5803 Ravenna:
2887 5745 3162 5814 Ecclesia,
3203 5755 3264 5803 ut
3298 5747 3571 5819 pinguedo
3601 5747 3709 5803 olei
3738 5749 3826 5804 lu-

2214 5851 2389 5894 cerna:
2419 5837 2748 5905 illuminans,
2772 5842 2820 5897 si
2846 5841 2914 5896 ab
2943 5840 3067 5911 igne
3095 5839 3317 5913 [Vallia
3342 5854 3467 5898 cum
3495 5840 3632 5916 igni]
3656 5840 3826 5914 fuerit
