3964 6350
150 445 220 503 η
1333 418 1488 477 rm.
1524 415 1582 473 s.
1622 408 1764 469 per}

1885 409 2294 472 Il-lRYSOLOGl
3387 419 3458 480 l8

141 559 452 634 applicata,
482 553 560 610 ita
606 549 750 607 illius
791 547 1109 620 pinguescet
1147 546 1200 596 et
1243 534 1632 594 illuminabitur
1668 530 1768 586 do-
1793 529 1848 590 A
1870 528 2010 634 intra
2039 530 2374 634 episcopium
2407 531 2625 605 [Vallia
2659 535 2853 591 domus
2881 537 2937 592 in
2964 535 3460 613 archiepiscopatu]

147 627 354 713 ctrina.
392 650 576 706 Altera
603 645 691 702 die
719 639 1134 700 introducuntur
1154 649 1363 701 omnes,
1395 639 1451 688 et
1479 645 1586 688 non
1615 627 1768 683 inve—

147 748 321 804 nitur.
356 743 516 799 Tunc
543 745 766 796 sanctus
791 750 934 809 papa
970 730 1116 790 sedis
1144 729 1404 786 Romanae
1442 722 1682 800 [Desunt
1707 721 1765 775 in

147 859 246 897 nu.
273 837 428 895 sedis
445 832 739 906 Romanae]
761 831 896 888 dixit
914 829 982 885 ad
999 817 1759 970 CornelienselYpiscopum,

149 933 239 970 ιιηί
272 931 376 970 illa
406 937 656 970 tpmnnm
677 941 799 970 cum
831 919 1280 970 Ravennensibus
1306 915 1410 970 (εἰνί
1449 929 1514 968 llS
1535 911 1759 966 Romam

149 933 244 1003 qui
272 931 376 986 illo
406 937 656 1000 tempore
677 941 802 982 cum
831 919 1280 979 Ravennensibus
1306 911 1514 972 civibus
1535 911 1765 966 Romam

149 1025 290 1080 ierat
334 1041 350 1076 :
395 1019 656 1076 Introduc
694 1031 885 1074 omnes
921 1012 1233 1073 sacerdotes
1279 1017 1336 1066 et
1363 1006 1590 1064 clericos
1618 1011 1761 1069 tuos,

150 1115 294 1170 forte
324 1113 402 1168 ibi
431 1111 704 1167 inveniam
742 1109 917 1164 virum
946 1107 1040 1178 qui
1068 1103 1202 1160 mihi
1239 1110 1490 1159 ostensus
1528 1103 1629 1154 est.
1662 1092 1765 1151 Cui

147 1208 242 1264 ille
261 1222 394 1262 cum
423 1202 825 1276 supplicatione
863 1197 1146 1271 respondit
1172 1195 1357 1253 dicens
1390 1211 1402 1247 :
1434 1190 1555 1247 Non
1585 1187 1764 1246 habeo

151 1300 318 1356 talem
338 1299 543 1362 virum,
576 1295 682 1351 nisi
708 1308 876 1350 unum
905 1291 1212 1356 diaconum,
1244 1287 1340 1358 qui
1367 1290 1563 1358 praeest
1591 1278 1766 1337 omni-

153 1393 254 1448 bus
281 1389 454 1446 rebus
494 1387 651 1454 meis,
683 1400 847 1457 super
875 1383 1030 1455 cujus
1060 1395 1253 1439 manus
1289 1393 1391 1448 ego
1424 1391 1614 1432 servus
1641 1381 1766 1429 tuus

154 1483 436 1542 incumbe.
464 1479 525 1536 Si
548 1479 710 1551 jubes
738 1487 800 1534 ut
837 1478 893 1532 in
933 1475 1171 1532 medium
1209 1472 1425 1538 veniat,
1467 1467 1760 1524 deferatur.

155 1578 254 1634 Cui
269 1574 628 1633 beatissimus
647 1587 790 1644 papa
823 1589 836 1625 :
860 1569 1073 1636 Veniat,
1106 1583 1215 1622 non
1245 1565 1420 1620 solum
1451 1563 1566 1628 ille,
1590 1560 1685 1616 sed
1712 1567 1770 1616 et

157 1671 334 1728 caueri
354 1683 556 1726 omnes
592 1685 605 1720 :
629 1666 674 1722 si
696 1665 883 1721 videro
905 1677 1066 1733 quem
1095 1659 1274 1731 cupio,
1299 1663 1575 1727 gratanter
1593 1653 1766 1712 susci-

159 1767 266 1836 pio.
295 1762 367 1818 At
414 1762 514 1817 ubi
543 1760 773 1831 ingressi
820 1763 946 1814 sunt
974 1770 1181 1818 omnes,
1225 1753 1408 1808 statim
1455 1759 1515 1807 ut
1551 1749 1686 1804 vidit
1707 1747 1763 1804 S.

162 1874 292 1932 papa
309 1857 498 1912 virum
519 1870 684 1926 quem
704 1855 806 1910 sibi
827 1868 925 1924 per
945 1851 1210 1907 visionem
1232 1857 1510 1904 ostensum
1532 1844 1554 1918 [
1576 1843 1764 1898 Vallia

343 1946 650 2020 ostensus]
680 1923 879 2010 fuerat,
913 1942 1200 2014 conspexit
1237 1957 1362 1996 eum
1403 1945 1463 1992 ut
1500 1951 1765 2006 gemmam
1795 1923 1845 1985 Β

163 2043 472 2114 fulgentem,
489 2049 546 2096 et
560 2041 686 2096 hinc
707 2047 869 2108 atque
882 2037 1029 2092 illinc
1048 2051 1146 2108 per
1166 2034 1412 2106 spiritum
1434 2043 1769 2100 cognoscens

165 2135 354 2190 vultum
395 2133 465 2188 Β.
499 2130 739 2203 apostoli
787 2127 961 2196 Petri,
995 2135 1053 2183 et
1098 2125 1425 2198 Apollinaris
1471 2118 1765 2194 pontificis,

163 2226 482 2301 Chrysologi
511 2224 663 2280 Petri
691 2222 889 2298 [Deest
918 2224 971 2276 in
1002 2239 1099 2277 ms.
1126 2217 1313 2292 Petri]
1344 2217 1592 2273 dextram
1637 2215 1770 2271 sini-

162 2331 432 2392 stramque
484 2326 768 2384 tenentes;
805 2325 862 2372 et
906 2324 965 2372 ut
993 2315 1108 2371 haec
1157 2314 1338 2370 omnia
1381 2319 1600 2371 sanctus
1628 2323 1770 2382 papa

161 2414 462 2486 wmpexit,
487 2412 674 2467 statim
695 2410 763 2465 de
784 2409 912 2465 sede
933 2422 1177 2478 surgens,
1203 2415 1259 2462 et
1280 2406 1493 2461 obviam
1517 2404 1591 2458 illi
1614 2402 1770 2472 quasi

163 2509 390 2565 medium
424 2506 631 2562 atrium
672 2505 794 2570 ivit;
827 2512 884 2558 et
929 2502 1116 2557 libenti
1145 2501 1328 2556 animo
1358 2499 1679 2554 alterutrum
1709 2511 1771 2552 se

163 2601 569 2662 salutaverunt,
601 2611 774 2666 usque
815 2595 883 2650 ad
912 2610 1108 2664 genua.
1144 2593 1212 2648 At
1241 2592 1333 2648 ubi
1362 2591 1682 2647 subtrahere
1709 2604 1770 2646 se

162 2691 348 2748 Petrus
375 2690 753 2762 Chrysologus
798 2702 954 2758 papae
993 2686 1197 2752 voluit,
1239 2683 1582 2742 beatissimus
1628 2697 1769 2753 papa

162 2803 266 2846 non
285 2787 473 2844 sinivit
493 2785 718 2860 [Vallia
748 2782 911 2854 sivit].
936 2781 1130 2838 Statim
1152 2781 1318 2852 coepit
1340 2779 1608 2836 fremitum
1637 2777 1770 2833 dare

161 2878 388 2950 populus
417 2877 566 2932 inter
603 2891 665 2933 se
699 2883 758 2929 et
785 2874 1079 2928 maximum
1114 2873 1410 2928 clamorem
1441 2869 1511 2925 ad
1543 2869 1762 2926 cmlum.

162 2969 262 3025 Alii
287 2969 548 3025 dicebant
565 2967 688 3037 quia
717 2965 1050 3036 neophytum
1092 2980 1199 3019 non
1227 2964 1535 3034 recipimus,
1569 2977 1678 3016 non
1699 2975 1768 3017 ex

161 3071 345 3118 nostro
362 3060 472 3116 fuit
500 3059 660 3124 ovrle,
677 3057 772 3114 sed
795 3057 974 3113 subito
995 3056 1202 3111 invadit
1215 3055 1529 3111 cathedram
1551 3054 1766 3125 episco-

159 3153 365 3223 palem,
400 3152 560 3220 quasi
576 3151 726 3206 latro.
761 3149 976 3214 Tollite,
995 3149 1169 3204 tollite
1198 3164 1320 3204 eum
1343 3148 1411 3204 de
1432 3147 1629 3214 medio,
1657 3163 1765 3203 non

161 3244 480 3315 recipimus,
499 3243 624 3312 quia
650 3242 713 3298 de
732 3241 975 3311 subjecta
985 3240 1228 3297 Ecclesia
1245 3258 1352 3296 non
1373 3241 1500 3297 licet
1519 3241 1572 3294 in
1595 3240 1767 3310 majo-

162 3355 271 3394 rem
299 3335 619 3393 transferre.
653 3336 756 3391 Alii
777 3345 966 3392 contra
998 3335 1216 3391 aiebant
1249 3335 1270 3408 [
1298 3335 1488 3390 Vallia
1513 3335 1766 3391 dicebant

169 3431 370 3504 coram]
401 3430 631 3486 :Justus
652 3439 737 3486 est
758 3431 845 3487 hic
873 3431 1060 3496 homo,
1085 3445 1193 3484 non
1224 3437 1374 3484 recte
1407 3411 1585 3484 dicitis
1611 3446 1622 3481 :
1647 3444 1766 3483 sus-

169 3526 421 3596 cipiamus
440 3539 590 3590 eum,
624 3531 685 3578 ut
715 3522 854 3578 bene
881 3523 953 3578 sit
980 3531 1179 3577 nostra:
1207 3522 1442 3586 civitati;
1478 3522 1602 3590 quia
1631 3537 1763 3592 pru-

164 3617 507 3674 dentiSSimus
527 3622 630 3682 est,
663 3623 719 3670 et
738 3614 1088 3680 castissimus,
1131 3622 1187 3669 et
1207 3615 1399 3670 doctor
1424 3614 1616 3678 bonus,
1641 3629 1763 3668 om-

167 3710 318 3779 nique
331 3709 509 3779 gloria
531 3708 754 3778 dignus;
787 3723 856 3764 ex
876 3717 1062 3763 nostra
1091 3708 1412 3776 cognatione
1432 3717 1531 3772 est,
1558 3707 1688 3762 nihil
1709 3707 1764 3762 in

167 3817 282 3855 eum
301 3801 434 3855 mali
455 3801 742 3867 sentimus,
766 3800 961 3856 timore
988 3800 1203 3855 Domini
1223 3801 1438 3871 plenus;
1462 3801 1578 3856 sine
1598 3816 1763 3857 causa

165 3911 281 3951 enin
301 3896 538 3966 perdere
557 3895 738 3950 vultis.
771 3893 1002 3951 Sanctus
1031 3910 1159 3950 vero
1188 3893 1375 3950 Xistus
1401 3893 1468 3950 ill
1491 3893 1680 3967 [Deest
1707 3897 1764 3950 in

167 4004 256 4043 ut.
286 3985 390 4061 Ill]
423 3988 480 4042 in
515 3986 609 4041 tali
638 3986 991 4042 altercatione
1010 3986 1269 4058 populum
1297 3988 1401 4042 huc
1429 3986 1662 4056 illucque
1682 3987 1764 4042 di-

167 4081 332 4137 visum
351 4079 720 4151 conspiciens,
752 4079 934 4151 palam
973 4079 1224 4136 omnibus
1251 4079 1436 4136 retulit
1475 4078 1678 4146 visum,
1704 4086 1766 4134 ut

167 4190 319 4246 supra
340 4174 603 4239 diximus,
627 4173 904 4244 quomodo
921 4171 1139 4246 [Vallia
1159 4173 1438 4246 quoniam]
1459 4187 1558 4244 per
1577 4172 1764 4229 admo-

166 4270 423 4325 nitionem
454 4267 812 4339 apostolicam
849 4282 975 4322 eum
1012 4283 1335 4324 consecrare
1371 4267 1663 4323 debuisset.
1696 4267 1766 4324 Et

165 4364 206 4420 si
223 4363 387 4419 istum
419 4379 532 4418 non
561 4361 725 4418 vultis
752 4369 981 4434 patrem,
1005 4377 1036 4416 a
1056 4376 1143 4417 me
1161 4360 1417 4428 recedite,
1449 4369 1505 4416 et
1524 4377 1555 4416 a
1575 4370 1765 4418 sancta

165 4453 402 4513 Ecclesia
433 4455 705 4512 catholica
733 4454 951 4510 alienati
981 4453 1199 4526 [Vallia
1233 4452 1479 4508 Romana
1508 4453 1761 4524 alienate]

165 4566 255 4610 vos
275 4567 491 4606 omnes.
527 4550 680 4606 Tunc
708 4550 803 4614 illi,
835 4548 990 4618 quasi
1009 4563 1114 4602 una
1149 4562 1309 4613 voce,
1341 4554 1622 4618 cmperunt
1649 4547 1762 4603 cla-

165 4659 308 4700 mare
333 4663 346 4697 :
373 4643 687 4707 Ordinetur,
718 4641 1017 4698 ordinetur.
1041 4637 1493 4710 Conscripserunt
1513 4639 1765 4694 celeriter

161 4739 442 4794 decretum
475 4755 489 4788 :
524 4743 580 4792 et
606 4750 704 4806 per
730 4734 1132 4804 impositionem
1151 4747 1344 4790 manus
1363 4731 1567 4801 recepit
1595 4729 1766 4801 Spiri-

162 4841 276 4888 tum
320 4839 595 4896 sanctum,
646 4827 1032 4896 ordinatosque
1071 4833 1154 4882 est
1191 4827 1247 4880 in
1291 4823 1604 4896 pontiﬁcem
1636 4839 1763 4880 cum

160 4924 350 4992 gloria,
395 4930 452 4977 et
492 4921 810 4976 Ravennam
851 4918 1083 4993 [Vallia
1128 4914 1538 4987 Ravennatem]
1577 4914 1762 4973 sedem

161 5029 415 5070 reversus
434 5020 536 5068 est.
559 5011 642 5065 Ex
671 5011 763 5066 illo
780 5010 894 5080 jam
913 5009 1000 5064 die
1020 5014 1302 5078 coeperunt
1328 5021 1518 5062 omnes
1539 5004 1758 5077 [Vallia

162 5107 287 5161 add.
318 5105 482 5178 eum]
507 5103 753 5161 venerari
784 5110 1057 5171 tamquam
1085 5099 1332 5170 angelum
1371 5098 1486 5152 Dei.

788 5209 1020 5268 CAPUT
1057 5210 1146 5266 Ill.

161 5313 332 5366 Λῖἀα
370 5311 534 5366 Petro
564 5317 780 5363 curante
815 5315 1143 5364 constructae.
1185 5303 1438 5376 Ejusdem
1465 5320 1590 5376 eum
1628 5302 1766 5376 Prae

223 5385 364 5456 jecto
411 5380 749 5437 Corneliense
805 5373 1279 5451 Sync/zronologia.
1341 5375 1401 5430 S.
1456 5373 1764 5429 Barbationi

230 5459 408 5526 funus.

231 5563 546 5621 Ediiicavit
573 5564 663 5620 hic
685 5563 1035 5619 Beatissimus
1063 5561 1265 5618 fontem
1287 5561 1343 5616 in
1362 5560 1583 5616 civitate
1607 5559 1763 5630 juxta

161 5657 446 5715 ecclesiam
475 5671 598 5726 qua:
625 5663 853 5712 vocatur
881 5653 1135 5710 Petriana
1168 5695 1183 5720 ,
1228 5668 1392 5722 quam
1435 5650 1630 5706 Petrus
1660 5666 1762 5704 an-

162 5751 316 5807 tistes
344 5749 610 5805 fundavit.
645 5749 746 5816 Qui
777 5749 896 5804 fons
924 5749 1075 5803 mirae
1113 5746 1501 5817 magnitudinis
1528 5745 1762 5817 duplici-

163 5843 264 5899 bus
300 5842 503 5907 muris,
545 5849 601 5898 et
637 5841 760 5896 altis
799 5842 1065 5897 omnibus
1103 5847 1341 5895 structus
1388 5839 1761 5905 arithmeticae,

163 5933 387 5997 [Vallia
439 5933 904 6000 architectonica}
961 5934 1112 5990 artis.
1172 5932 1481 6006 ltel‘umque
1544 5931 1762 5989 domum

1870 622 2139 679 Ravenna:
2163 621 2383 698 [Vallia
2411 624 2760 701 Ravennatis]
2781 628 2943 692 sedis,
2967 643 3087 699 qua:
3114 629 3312 687 dicitur
3337 628 3459 687 Tri-

1868 717 2031 784 colis,
2089 731 2156 772 eo
2193 717 2342 786 quod
2396 718 2499 773 tria
2536 720 2656 775 cola
2695 721 2971 776 contineat
3013 739 3026 774 :
3058 736 3179 792 quac
3229 721 3460 780 abditicia

1869 809 1985 882 [Sic
2013 827 2109 864 ma.
2136 809 2352 864 Bachin.
2378 811 2581 882 legend.
2611 821 2758 883 putat
2784 812 2950 885 mdes]
2989 814 3152 870 nimis
3179 814 3458 885 ingeniosa

1868 903 2094 960 inferius
2127 910 2334 960 structa
2373 912 2473 958 est.
2516 903 2777 974 Fecitque
2814 922 2922 962 non
2962 908 3120 977 longe
3157 908 3226 964 ab
3265 908 3458 965 eadem

1868 997 2031 1054 domo
2068 997 2458 1053 monasterium
2495 997 2553 1053 S.
2587 997 2815 1055 Andreae
2844 1002 3095 1070 apostoli,
3137 1016 3345 1070 suaque
3373 999 3458 1058 ef-

1869 1087 2020 1160 ﬁgies
2073 1105 2237 1162 supra
2268 1089 2452 1146 valvas
2488 1089 2731 1160 ejusdem
2768 1093 3082 1147 monasterii
3119 1100 3204 1148 est
3230 1090 3458 1148 inferius

1869 1185 2099 1241 tessellis
2129 1184 2344 1256 depicta
2371 1183 2594 1259 [Vallia
2641 1199 2902 1254 suamque
2947 1184 3266 1255 efﬁgiem...
3301 1185 3459 1257 depi-

1869 1277 2034 1351 ctam]
2056 1297 2068 1333 :
2087 1287 2233 1336 totas
2259 1294 2392 1335 vero
2420 1278 2658 1350 parietes
2686 1278 3055 1350 proconnissis
3083 1277 3304 1350 [Vallia
3329 1293 3460 1350 per-

1869 1369 2197 1444 commissis]
2252 1373 2618 1429 marmoribus
2673 1372 2952 1429 decoravit
3005 1381 3062 1428 et
3113 1372 3168 1426 in
3215 1373 3460 1442 ingressu

1863 1464 2046 1536 januae
2085 1467 2424 1522 extrinsecus
2461 1479 2629 1537 super
2681 1465 2931 1522 liminare
2987 1481 3174 1522 versus
3201 1466 3460 1522 metricos

1871 1561 2216 1618 continentes
2244 1563 2318 1618 ita
2351 1561 2524 1638 [Vall.
2559 1560 2686 1618 iecit
2716 1562 2985 1618 contineri
3014 1559 3112 1633 ita]
3149 1579 3160 1613 :

1964 1678 2060 1741 ᾼιιι
2082 1679 2166 1729 lux
2191 1679 2272 1730 hic
2297 1685 2406 1731 nata
2433 1685 2533 1739 est,
2556 1688 2638 1730 aut
2661 1687 2798 1740 capta
2824 1679 2904 1728 hic
2925 1676 3082 1727 libera
3107 1683 3302 1741 regnat.

1965 1739 2071 1790 Lux
2094 1751 2171 1790 est
2191 1752 2304 1792 ante
2330 1745 2462 1792 venit
2485 1745 2595 1792 caeli
2620 1739 2774 1792 decus
2792 1744 2922 1790 unde
2943 1739 3251 1789 moderno'm.

1965 1802 2062 1866 Aut
2089 1807 2272 1865 privata
2294 1805 2424 1854 diem
2447 1814 2748 1866 pepererunt
2775 1813 2911 1866 tecta
2927 1806 3188 1861 nitentem,

1965 1863 2469 1928 hmlrimnnquejubai‘
2486 1863 2681 1916 secluso
2704 1868 2862 1927 fulget
2887 1864 3106 1928 Olympo.

1966 1927 2203 1991 biarmora
2223 1927 2328 1978 cum
2357 1930 2500 1978 radiis
2524 1932 2772 1978 ver-nantia
2798 1927 2957 1978 cerne
2971 1930 3183 1991 serenis,

1967 1989 2250 2054 Cunctaque
2286 2005 2469 2041 sereno
2495 1991 2652 2052 [γαιι.
2686 1991 2906 2054 sidereo]
2940 1989 3176 2053 percussa
3196 1991 3248 2040 in
3273 1991 3460 2041 murice

3341 2063 3459 2101 saxa

1969 2113 2193 2179 Auctoris
2219 2117 2380 2178 pretio
2402 2115 2756 2179 splendescunt
2781 2128 2983 2164 munera
3004 2116 3159 2164 Petri.
3301 2055 3338 2179 _(

1967 2176 2093 2226 Huic
2133 2174 2286 2228 honor
2318 2174 2440 2228 huic"
2474 2181 2704 2228 meritum
2749 2180 2919 2229 tribuit
2959 2179 3029 2226 sic
3065 2189 3265 2226 cornere
3299 2174 3461 2238 [ValL

3005 2241 3262 2304 (condere]
3284 2251 3461 2304 parva;

1971 2301 2245 2373 ytvaleant
2267 2305 2475 2373 Spatium
2501 2304 2712 2373 amplum
2734 2317 2970 2373 superare
2993 2301 3190 2373 coactis.

1967 2363 2046 2428 δι]
2071 2367 2210 2415 ηιυιιὶ·
2229 2363 2308 2415 um
2329 2367 2518 2416 Christo
2541 2363 2635 2416 est.
2662 2363 2832 2416 Arctus
2851 2368 2982 2416 bene
3009 2366 3221 2428 [assidet
3241 2364 3398 2428 mdes,

1969 2425 2120 2490 Cujus
2163 2442 2214 2479 λιι
2255 2430 2464 2478 humano
2504 2430 2776 2479 consistunt
2819 2423 3024 2490 pectore
3061 2426 3239 2489 templa
3298 2423 3458 2490 [νάιι.

2857 2491 3157 2551 (consistit...
3183 2489 3462 2602 temptaui}.

2857 2554 2992 2602 dator
3029 2560 3074 2600 ct
3137 2552 3256 2602 Aula
3300 2551 3402 2602 [να
3448 2589 3462 2600 .

1964 2551 2248 2603 Fundamen
2288 2553 2496 2613 Petrus,
2546 2553 2728 2606 Petrus
2768 2553 2992 2602 fundator
3029 2560 3074 2600 (ιι
3137 2552 3256 2602 Aula
3299 2551 3462 2613 [ναυ.

2927 2614 3161 2675 (fundavit
3187 2623 3236 2665 et
3260 2614 3461 2677 autaut].

1966 2679 2104 2738 Quod
2130 2679 2313 2734 Domus
2332 2680 2422 2729 hoc
2441 2680 2677 2730 Dominus
2697 2679 2826 2741 quod
2849 2677 3021 2726 factum
3044 2677 3237 2736 Factor,
3261 2684 3314 2726 et
3331 2676 3461 2726 idem

1964 2741 2180 2791 liter-ibus
2199 2753 2348 2804 atque
2373 2755 2543 2804 opere.
2569 2743 2794 2792 tlhristus
2821 2741 3306 2804 possessorliubetur

1966 2805 2059 2864 Qui
2075 2805 2172 2854 duo
2191 2798 2472 2854 coxisocia'us
2501 2807 2738 2856 mediator
2762 2798 2923 2855 reddit
2968 2798 3127 2863 [ναιι.
3159 2800 3387 2864 reddidit]
3410 2805 3461 2851 et

3291 2877 3460 2914 unum.

1963 2927 2074 2992 Huc
2099 2930 2304 2978 veniens
2324 2929 2490 2978 fundat
2515 2931 2758 2991 parituros
2780 2928 2954 2992 gaudia
2983 2928 3130 2976 ﬂetus
3267 2871 3287 2926 ί

1963 2989 2228 3054 Contritam
2249 2993 2458 3040 solidans
2480 2989 2721 3054 percusso
2744 2989 3018 3051 iupectOrc
3044 2995 3288 3054 mentem.

1961 3051 2038 3102 Ne
2054 3055 2233 3115 jaceat.
2259 3069 2316 3102 se
2341 3051 2532 3105 ste-ruat
2554 3055 2706 3108 humi.
2743 3053 3276 3115 morbosquelatentes

1963 3113 2092 3164 Ante
2117 3116 2269 3178 pedes
2294 3116 2468 3166 Medici
2495 3132 2608 3164 cura
2638 3125 2933 3178 prOpcraule
2961 3113 3208 3174 recludat;

1961 3177 2294 3242 Saepe’melus
2316 3180 2504 3240 mortis,
2535 3177 2648 3228 vitae
2671 3178 2722 3226 ιιι
2742 3191 2884 3226 causa
2907 3177 3083 3224 beate.

1791 3304 1839 3370 α
1869 3285 2038 3341 Multa
2079 3285 2322 3342 condidit
2367 3283 2670 3348 volumina,
2723 3291 2778 3337 et
2825 3281 2981 3336 valde
3027 3281 3462 3351 sapientissimus

1870 3381 1988 3435 fuit.
2023 3379 2129 3434 Iste
2158 3394 2263 3432 una
2293 3393 2417 3434 cum
2446 3375 2702 3446 l’rojecto
2731 3393 2761 3430 a
2799 3375 2860 3429 Β.
2893 3372 3150 3430 Cornelio
3179 3371 3461 3429 hnolensis

1869 3473 2115 3530 ecclesiae
2142 3488 2249 3527 una
2268 3473 2403 3527 hora
2433 3471 2485 3525 in
2515 3470 2774 3525 diaconos
2803 3468 2962 3523 ambo
2991 3466 3292 3523 consecrati
3313 3472 3458 3522 sunt.

1869 3565 1999 3622 Post
2026 3581 2158 3621 vero
2200 3565 2381 3620 divina
2423 3563 2786 3634 providentia,
2821 3561 2980 3616 ambo
3010 3559 3205 3614 solium
3247 3557 3459 3629 episco-

1867 3661 1991 3731 pale
2018 3665 2326 3714 tenuerunt.
2361 3655 2555 3712 Petrus
2584 3656 2855 3710 Ravenna)
2884 3653 3147 3718 ecclesiae,
3181 3649 3463 3720 Projectus

1867 3762 2115 3809 servatus
2164 3760 2249 3808 est
2299 3751 2550 3806 lmolensi
2590 3749 2809 3823 [Vallia
2867 3749 3239 3803 Ravennatem
3281 3745 3459 3800 eccle-

1865 3847 2024 3914 siam,
2057 3844 2342 3915 Projectus
2377 3844 2600 3898 sortitus
2639 3851 2721 3896 est
2757 3837 3122 3909 lmolensem].
3165 3838 3462 3906 Postquam

1866 3939 1957 3995 hic
1983 3937 2229 4009 pontifex
2270 3935 2551 3991 ordinatus
2579 3941 2690 3998 est,
2732 3931 3083 4002 postmodum
3113 3929 3180 3983 ab
3210 3928 3328 3998 ipso
3357 3927 3462 3982 iste

1867 4033 2007 4088 alter
2025 4031 2314 4102 episcopus
2337 4028 2581 4085 ecclesia:
2599 4025 2966 4082 Corneliensis
2985 4030 3335 4080 consecratus
3353 4027 3456 4085 est,

1871 4124 2206 4196 temporibus
2234 4121 2399 4176 Galla:
2429 4118 2681 4174 Placidia:
2709 4116 2992 4186 Augusta),
3025 4115 3166 4170 sicut
3195 4114 3459 4185 scriptum

1867 4216 2169 4287 reperimus
2197 4211 2424 4286 [Vallia
2458 4211 2717 4280 scriptum
2759 4205 2884 4279 est].
2917 4204 3128 4276 Corpus
3155 4204 3217 4258 B.
3251 4202 3459 4259 Barba-

1870 4307 2000 4362 tiani
2045 4305 2186 4362 idem
2237 4301 2431 4358 Petrus
2472 4300 2840 4372 Chrysologus
2881 4313 3004 4353 cum
3047 4296 3305 4367 praedicta
3346 4292 3430 4349 Au

1867 4407 2023 4469 gusta
2053 4396 2384 4452 aromatibus
2411 4393 2786 4458 condiderunt,
2811 4398 2865 4446 et
2887 4405 3010 4446 cum
3037 4403 3232 4457 magno
3250 4387 3461 4442 honore

1867 4492 2216 4562 sepelierunt,
2248 4503 2356 4542 non
2373 4488 2532 4555 longe
2562 4485 2630 4539 ad
2658 4480 3231 4555 Posterulam[Vallia
3263 4476 3460 4532 Puste-

1867 4580 2008 4652 rula)
2039 4577 2317 4645 Ovilionis,
2355 4575 2801 4644 consecravitque
2829 4572 3114 4630 ecclesiam
3151 4570 3208 4624 S.
3238 4566 3460 4624 Joannis

1868 4673 2143 4743 Baptistae,
2177 4686 2340 4740 quam
2379 4667 2681 4723 Bandarius
2711 4665 2931 4740 [Vallia
2975 4659 3296 4730 Baduarius]
3324 4658 3460 4715 mdi-

1870 4763 2067 4822 ﬁcavit.

2477 4827 2710 4883 CAPUT
2755 4827 2844 4882 IV.

1869 4929 2059 5004 Petrus
2107 4936 2324 5004 mortem
2365 4940 2520 5004 suam
2553 4921 2841 5004 prierideth,‘
2870 4919 3218 5004 prwdicil‘qne.
3242 4913 3462 5004 'Farum

1977 5000 2204 5055 Cornelii
2234 4999 2420 5070 pergit,
2451 4986 2618 5061 ibique
2645 4986 3063 5046 decedit.'Locus
3093 4986 3351 5058 Sepulcri.

1942 5093 2212 5164 Cognovit
2251 5099 2432 5147 autem
2463 5095 2587 5160 post
2624 5087 2739 5141 hwc
2767 5084 3110 5140 beatissimus
3146 5079 3339 5134 Petrus
3365 5092 3464 5149 per

1867 5191 2130 5262 Spiritum
2158 5187 2321 5242 tinem
2361 5185 2484 5239 vitae
2521 5197 2652 5237 sum.
2685 5180 2788 5234 Ivit
2826 5178 2894 5233 ad
2930 5175 3338 5231 Corneliensem
3367 5186 3463 5226 ec-

1867 5285 2120 5350 clesiam,
2180 5290 2236 5337 et
2285 5281 2560 5349 ingressus
2597 5274 2737 5330 infra
2775 5272 3052 5326 basilicam
3111 5267 3171 5321 B.
3216 5264 3464 5320 Cassiani

1868 5379 2064 5436 obtulit
2101 5389 2326 5430 munera
2358 5391 2370 5425 :
2405 5371 2458 5425 id
2479 5377 2563 5426 est
2598 5375 2868 5424 craterem
2907 5377 3131 5417 aureum
3171 5375 3356 5426 unum,
3409 5365 3467 5413 et

1866 5479 2113 5544 pateram
2164 5473 2476 5535 argenteam
2528 5463 2783 5525 alteram,
2845 5465 2900 5512 et
2945 5454 3251 5510 diademata
3299 5466 3465 5506 aurea

1869 5542 2062 5631 magna
2091 5557 2497 5631 pretiosissimis
2525 5554 2753 5622 gemmis
2782 5555 2994 5605 ornata.
3028 5546 3154 5602 Haec
3182 5545 3364 5600 omnia
3396 5542 3466 5597 ad
3509 5615 3528 5640 ρ

1869 5658 1926 5711 S.
1971 5652 2215 5709 Cassiani
2263 5666 2462 5720 corpus
2501 5647 2722 5711 imbuit,
2763 5643 3052 5713 positaque
3093 5639 3312 5713 [Vallia
3360 5651 3465 5707 po-
3502 5645 3535 5720 ξ

1868 5745 2104 5817 suitque]
2134 5758 2299 5814 super
2339 5757 2490 5795 aram
2532 5739 2676 5793 illius
2718 5734 2992 5801 ecclesize,
3025 5743 3080 5787 et
3107 5740 3257 5787 stans
3301 5743 3464 5798 super
3503 5711 3525 5729 ”

1869 5839 2202 5912 crepidinem
2225 5836 2377 5906 juxta
2410 5834 2580 5887 altare
2608 5829 2862 5901 expansis
2891 5827 3158 5894 manibus,
3183 5822 3462 5880 benedixit

1870 5941 2118 5990 cunctam
2147 5929 2391 5999 plebem,
2423 5924 2733 5986 sacerdotes
2753 5965 2768 5992 ,
2801 5939 2865 5980 ac
2891 5921 3171 5995 populum,
3203 5927 3260 5975 et
3286 5915 3462 5980 oravit
