3976 6352
401 361 466 423 ιι
1230 351 1296 409 ΙΝ
1334 352 1394 410 S.
1439 348 1719 408 PETRUM
1755 347 2275 407 CHRYSOLOGUM
2313 346 2850 407 PROLEGOMENA.
3616 353 3691 408 δι

402 470 575 534 oravit
617 468 815 537 studio,
860 466 1007 525 aedes
1045 467 1299 523 cursabat
1334 480 1534 534 sacras,
1567 470 1623 521 et
1646 463 1993 535 metropolim
2017 470 2073 532 Α
2097 461 2355 519 Adriatici
2376 461 2572 520 littoris
2591 462 2831 531 fundata,
2849 470 2905 521 et
2922 462 3026 520 sita
3047 462 3189 520 inter
3207 461 3346 520 duos
3372 476 3483 521 non
3501 461 3697 521 admo-

402 563 690 629 invisebat,
721 561 815 618 ubi
862 560 931 617 ad
969 560 1219 633 martyris
1243 557 1490 616 Cassiani
1532 574 1643 613 suae
1680 557 1870 628 patriae
1896 572 1996 630 pa-

403 655 548 713 troni
573 669 695 710 aras
715 653 1031 725 provolutus
1047 652 1190 708 diem
1211 652 1479 721 integrum
1501 666 1624 705 cum
1649 651 1823 706 noctis
1844 658 1999 721 parte

404 764 515 804 non
545 747 766 804 minima
794 745 1139 817 transigebat.
1185 745 1312 802 Hmc
1338 745 1474 800 mira
1502 743 1649 799 Petri
1679 744 1851 800 nostri
1879 744 1997 815 pie-

405 850 508 905 tas,
538 839 655 896 haec
682 838 900 895 devotio
941 837 998 895 S.
1026 838 1285 903 Cornelii,
1336 844 1466 894 tunc
1492 835 1701 908 praefati
1729 835 1999 893 Forocor-

400 934 661 990 neliensis
700 932 883 1005 oppidi
910 932 1173 1004 praesulis,
1205 930 1285 987 sic
1308 931 1491 1003 rapuit
1519 930 1777 997 animum,
1806 930 1885 987 sic
1911 937 1998 985 at-

402 1026 573 1082 traxit
613 1026 883 1093 affectum,
935 1034 995 1080 ut
1022 1023 1340 1079 advocando
1369 1023 1439 1078 ad
1477 1039 1537 1079 se
1582 1022 1825 1089 Petrum,
1874 1037 1999 1079 eum

406 1119 506 1176 sub
539 1119 794 1191 pastorali
835 1118 1087 1175 clientela
1114 1118 1381 1189 reciperet
1424 1124 1479 1173 et
1517 1116 1791 1184 educaret,
1836 1131 1999 1187 quem

405 1212 539 1271 satis
579 1213 633 1269 in
663 1212 760 1268 Dei
787 1211 1046 1267 servitute
1071 1208 1323 1281 prtefatus
1352 1208 1595 1280 pontifex
1620 1209 1872 1266 erudivit.
1916 1209 1997 1266 Do

408 1313 601 1362 testem
645 1304 897 1361 eumdem
942 1301 1363 1376 Chrysologum,
1402 1317 1655 1359 sermone
1700 1302 1998 1359 centesimo

403 1398 745 1469 sexagesimo
785 1396 997 1467 quinto,
1043 1395 1135 1452 ubi
1187 1396 1301 1450 ait:
1335 1394 1601 1451 Cornelius
1648 1411 1866 1467 namque
1890 1411 1999 1449 me-

405 1489 587 1543 moria;
614 1487 923 1542 beatissimus
968 1489 1074 1541 vita
1112 1486 1302 1554 clarus,
1336 1488 1531 1541 cunctis
1559 1487 1803 1541 uirtutum
1839 1486 1998 1541 titulis

404 1581 591 1653 ubique
636 1582 856 1655 fulgens,
900 1598 1110 1653 operum
1138 1582 1491 1655 magnitudine
1530 1592 1681 1637 notus
1722 1583 1996 1650 universis,

404 1686 552 1748 pater
592 1677 717 1731 mihi
746 1677 846 1749 fuit
867 1693 885 1730 :
912 1676 1020 1748 ipse
1041 1692 1124 1730 me
1143 1692 1234 1748 per
1255 1675 1597 1748 Evangelium
1641 1677 1845 1748 genuit;
1890 1675 1999 1747 ipse

403 1785 486 1823 me
504 1769 619 1840 pius
641 1769 870 1840 piissime
906 1768 1148 1830 nutrivit;
1188 1768 1299 1839 ipse
1323 1776 1532 1822 sanctus
1569 1776 1753 1821 sancta
1779 1767 2001 1821 instituit

2102 558 2227 614 dum
2253 557 2446 615 divites
2471 557 2683 627 ﬂuvios,
2715 566 3052 631 nuncupatos
3076 558 3236 615 Sabio
3264 565 3320 614 et
3348 555 3542 625 Roneo,
3563 572 3691 615 mu-

2098 666 2194 708 ros
2215 650 2331 722 ejus
2370 652 2475 707 isto
2501 651 2788 722 lambente,
2835 652 3162 724 respicitque
3203 649 3447 717 Imolam,
3474 650 3692 708 Faven-

2101 744 2253 809 tiam,
2282 741 2578 813 C:esenam,
2608 753 2665 801 et
2684 744 2884 801 Forum
2913 742 3069 811 Livii,
3095 744 3231 800 adeo
3259 745 3601 816 perantiqua,
3629 752 3695 802 ut

2101 846 2227 910 post
2248 837 2620 895 confusionem
2651 840 2956 910 linguarum
2979 855 3076 895 sua
3102 839 3299 895 viderit
3321 838 3689 895 fundamenta.

2100 927 2180 984 Ex
2209 945 2271 985 ea
2319 931 2425 986 orti
2469 939 2596 988 sunt
2633 929 2990 989 Cassiodorus
3017 939 3254 998 senator,
3307 930 3498 987 beatus
3526 929 3696 1004 Apol-

2100 1022 2286 1083 linaris
2310 1026 2517 1096 primus
2543 1026 2660 1097 ejus
2687 1027 2990 1099 episcopus,
3035 1024 3092 1083 S.
3124 1025 3333 1094 Vitalis,
3379 1024 3690 1095 Gervasius,
3735 1022 3767 1069 "

2102 1123 2159 1172 et
2205 1115 2501 1184 Protasius,
2554 1128 2718 1190 atque
2763 1118 2957 1175 Petrus
3003 1117 3289 1175 Ravennas
3338 1117 3693 1176 Foricornelii
3756 1174 3767 1186 ,

2102 1210 2407 1282 episcopus,
2438 1212 2507 1268 de
2531 1227 2641 1283 quo
2679 1211 2836 1268 infra.
2864 1210 2983 1268 Non
3022 1218 3107 1268 est
3146 1211 3236 1267 illa
3277 1210 3535 1267 Ravenna
3564 1210 3694 1268 villa
3746 1196 3773 1267 εἶ

2101 1304 2371 1361 Faustinte
2408 1305 2463 1361 in
2504 1321 2634 1377 agro
2677 1304 3052 1381 Tarracinensi
3088 1322 3159 1360 xx
3202 1305 3271 1360 ab
3312 1302 3456 1360 Urbe
3492 1304 3690 1376 lapide.
3745 1290 3763 1377 ς’

2100 1398 2180 1455 De
2222 1406 2408 1458 nostra
2456 1400 2601 1455 enim
2642 1399 2764 1455 vide
2813 1398 3045 1455 Plinium
3086 1398 3179 1454 lib.
3230 1396 3319 1463 III,
3350 1415 3405 1452 n.
3437 1396 3593 1464 4-15,
3638 1405 3697 1452 et

2101 1492 2402 1549 Martialem
2429 1494 2524 1549 lib.
2565 1493 2652 1561 Ill,
2678 1495 2990 1564 epigramm.
3025 1491 3111 1548 56.
3136 1491 3473 1549 Obdormivit
3512 1492 3565 1547 in
3585 1491 3698 1548 Do-

2100 1588 2251 1643 mino
2272 1586 2388 1657 ejus
2416 1588 2640 1644 antistes
2660 1586 2897 1643 Joannes
2920 1587 3082 1658 hujus
3103 1587 3336 1643 nominis
3356 1586 3582 1659 primus,
3613 1585 3697 1641 vi—

2098 1680 2337 1749 gesimus
2382 1687 2563 1735 tamen
2607 1679 2983 1736 Ravennatum
3028 1680 3243 1751 praesul,
3297 1680 3391 1750 qui
3438 1676 3625 1735 Griece
3662 1695 3696 1734 a

2100 1771 2303 1830 Graecis
2340 1774 2411 1829 ob
2451 1773 2816 1841 sanctitatem,
2874 1773 3184 1844 puritatem,
3230 1780 3287 1828 et
3326 1772 3696 1828 innocentiam

403 1861 661 1916 servitute.
687 1858 941 1916 Adultum
968 1858 1083 1929 jam
1107 1857 1329 1915 Petrum
1350 1857 1632 1914 Cornelius
1654 1867 1872 1915 sanctus
1893 1858 1987 1913 sibi

2098 1882 2253 1924 suam
2296 1866 2577 1922 dicebatur
2617 1863 2646 1905 ιι
2672 1864 3023 1936 Angeloptos.
3067 1862 3244 1920 Causa
3284 1864 3410 1921 novi
3451 1863 3697 1936 praesulis

402 1952 607 2009 creavit
632 1951 940 2018 diaconum,
967 1966 1130 2021 quem
1159 1967 1283 2007 cum
1308 1951 1619 2021 agnovisset
1659 1952 1750 2007 ille
1779 1952 1833 2006 in
1864 1968 1998 2023 pau-

400 2060 591 2116 perum
635 2045 1010 2101 ardentissima
1049 2046 1339 2101 dilectione
1368 2043 1613 2115 ﬂagrare,
1645 2046 1748 2101 sibi
1788 2045 2000 2117 dispen-

399 2145 654 2204 satorem,
685 2152 1005 2206 sacrumque
1033 2138 1196 2208 elegit
1241 2152 1613 2205 (economum;
1652 2139 1700 2194 ei
1733 2138 1752 2211 (
1778 2148 1835 2194 ut
1860 2139 1999 2195 alter

398 2226 582 2284 Sixtus
615 2242 752 2300 papa
777 2227 1090 2302 Laurentio)
1134 2227 1392 2285 Ecclesize
1427 2227 1731 2296 facultates,
1764 2238 1821 2285 et
1863 2245 1997 2302 opes

400 2320 660 2388 tribuens,
687 2330 748 2378 ut
773 2338 804 2378 e
831 2323 1056 2393 penario
1085 2338 1242 2379 sacro
1284 2322 1590 2380 ﬁdelissima
1615 2340 1712 2379 sua
1740 2324 1996 2380 distribu-

398 2414 547 2471 tione
567 2418 842 2488 suppetias
867 2417 1033 2474 ferret
1061 2419 1265 2488 egenis,
1297 2420 1791 2476 succenturiaretur
1811 2432 1867 2475 et
1890 2421 1994 2475 mi-

396 2510 552 2565 seris.
605 2510 718 2568 Nec
778 2513 956 2568 minus
1015 2513 1381 2570 excordabant
1450 2513 1764 2571 Cornelium
1807 2523 1997 2584 arguta

395 2598 717 2674 Chrysologi
738 2604 1068 2674 eloquentia,
1093 2605 1454 2677 philosophia,
1487 2606 1778 2677 theologia,
1811 2615 1866 2663 et
1905 2622 1994 2662 sa-

396 2708 611 2749 crarum
652 2696 954 2752 litterarum
1000 2698 1217 2769 peritia,
1248 2698 1303 2754 in
1330 2699 1525 2769 quibus
1553 2700 1823 2767 omnibus,
1870 2708 1995 2754 tan-

396 2800 561 2855 quam
600 2788 821 2844 lucerna
847 2789 1042 2845 ardens
1065 2790 1122 2845 in
1146 2791 1352 2847 temnlo
1392 2791 1510 2859 Dei,
1557 2789 1785 2847 miriﬁce
1823 2790 1991 2846 reful-

395 2878 577 2949 gebat.

467 2972 518 3026 4.
560 2972 774 3044 Elapsis
822 2975 1090 3046 aliquibus
1139 2978 1296 3035 annis
1345 2987 1370 3016 ει
1400 2977 1693 3044 Ravennze,
1742 2992 1862 3048 quae
1909 2987 1993 3035 est

390 3064 525 3121 urbs
563 3065 886 3125 Sabinorum
941 3070 997 3125 in
1040 3081 1233 3128 octava
1278 3071 1446 3127 Italiae
1493 3074 1744 3142 regione.
1787 3073 1842 3127 in
1892 3088 1990 3128 ora

2100 1959 2351 2029 eligendi,
2381 1973 2451 2014 ex
2498 1957 2698 2014 usitato
2720 1972 2893 2024 more,
2924 1964 3191 2014 venerunt
3212 1955 3546 2025 Ravennam,
3583 1954 3700 2011 suf-

2098 2051 2360 2123 fraganei,
2410 2059 2466 2108 et
2493 2052 2733 2123 episcopi
2773 2050 3031 2117 Arimini,
3062 2048 3327 2117 Ctesenm,
3374 2048 3499 2105 Fori
3530 2047 3690 2115 Livii,

2099 2145 2389 2211 Faventire,
2418 2145 2628 2212 Brintii,
2654 2144 2930 2211 Bononiae,
2959 2143 3196 2211 Mutinae,
3226 2142 3436 2212 Rhegii,
3461 2141 3691 2212 Parmae,

2100 2238 2428 2307 Placentiae,
2475 2248 2531 2295 et
2579 2238 2704 2294 Fori
2733 2236 2992 2306 Cornelii,
3039 2239 3133 2309 qui
3185 2247 3315 2295 tunc
3356 2247 3477 2294 erat
3517 2238 3693 2295 dictus

2096 2329 2155 2386 S.
2187 2330 2489 2387 Cornelius.
2534 2329 2635 2387 Hic
2660 2331 2811 2387 venit
2837 2347 2944 2387 una
2982 2330 3139 2387 simul
3170 2345 3293 2386 cum
3333 2345 3435 2386 suo
3462 2329 3693 2387 diacono

2099 2421 2453 2497 Chrysologo,
2470 2435 2493 2464 ε
2511 2431 2569 2478 ιιι
2584 2423 2986 2495 metropolitani
2997 2422 3078 2478 sui
3099 2420 3210 2477 Rav
3218 2436 3284 2477 en
3292 2429 3474 2476 natum
3490 2421 3695 2478 archie-

2097 2515 2308 2587 piscopi
2337 2517 2613 2571 assisteret
2650 2516 2905 2572 electioni
2938 2533 2951 2568 :
2978 2514 3046 2570 ad
3067 2530 3230 2584 quam
3261 2522 3392 2570 tunc
3420 2514 3588 2570 etiam
3611 2515 3691 2571 ci-

2098 2622 2194 2663 ves
2213 2608 2610 2664 concurrebant
2648 2621 2747 2678 per
2786 2613 3007 2677 puncta,
3035 2605 3150 2660 sive
3178 2602 3450 2674 suﬁ‘ragia.
3476 2603 3693 2661 Dissen-

2098 2700 2357 2757 tientibus
2378 2701 2540 2771 igitur
2558 2699 2828 2770 episcopis
2845 2699 2897 2753 in
2925 2696 3178 2765 comitiis,
3200 2705 3324 2768 post
3343 2696 3524 2752 varias
3542 2712 3691 2769 quas-

2097 2793 2304 2850 stiones
2330 2794 2471 2848 inter
2507 2791 2815 2862 eligendum
2851 2789 3095 2856 habitas;
3139 2804 3279 2845 unus
3317 2803 3387 2844 ex
3412 2786 3693 2846 Ravenna-

2095 2894 2213 2943 tum
2251 2885 2456 2943 civibus
2491 2885 2736 2954 seligitur
2776 2884 2830 2938 in
2871 2883 3262 2954 episcopatum.
3294 2878 3530 2951 Legatos
3562 2896 3693 2938 suos

2095 2980 2241 3036 cives
2268 2977 2432 3034 mittit
2476 2977 2709 3032 Romam
2751 2973 3039 3041 Ravenna,
3086 2981 3148 3030 ut
3186 2987 3219 3028 a
3247 2987 3461 3029 summo
3488 2969 3690 3030 Christi

2093 3071 2311 3127 Vicario
2338 3069 2494 3126 Sixto
2527 3068 2617 3125 III~
2659 3068 2745 3126 sui
2772 3068 3026 3125 antistitis
3065 3067 3227 3124 electi
3255 3065 3284 3105 ά
3311 3066 3556 3124 obtineat
3593 3067 3690 3123 be-

465 3260 492 3289 ι
518 3248 759 3323 Celebris
798 3252 944 3307 urbis
985 3252 1218 3322 dignitas
1253 3254 1727 3311 commendatione
1756 3270 1864 3309 non
1893 3254 1979 3309 in-
2007 3252 2057 3320 C
2086 3253 2465 3323 episcoporum
2488 3249 2854 3323 cogendreque
2872 3246 3065 3322 synodi
3089 3244 3439 3323 perﬂabant,
3470 3252 3682 3323 contra-

392 3321 556 3394 diget.
607 3320 862 3394 Augustis
908 3324 962 3377 in
992 3320 1338 3379 occidentem
1386 3325 1571 3379 sedem
1619 3326 1977 3394 eligentibus,

394 3392 666 3448 Ravennae
695 3393 1237 3465 primumreguatum
1262 3403 1363 3461 est,
1388 3404 1443 3449 et
1464 3395 1676 3465 exinde,
1700 3392 1985 3465 tamquam

390 3478 423 3535 ξι
452 3462 758 3535 metropoli,
792 3480 888 3533 per
914 3462 1169 3529 Africam,
1194 3462 1527 3535 Hispaniam,
1559 3474 1613 3520 et
1641 3462 1985 3521 Germaniam

388 3532 510 3604 jura
556 3532 816 3606 derivata,
866 3535 1119 3606 legesque
1168 3532 1509 3606 praescriptze.
1568 3535 1871 3606 Gothorum
1898 3552 1988 3592 re-

390 3602 519 3674 gum
546 3602 803 3677 majestas
828 3621 897 3661 ex
925 3602 991 3661 ea
1029 3602 1264 3672 refulsit;
1314 3602 1506 3676 hisque
1534 3622 1633 3677 per
1669 3605 1985 3663 Constanti-

391 3675 740 3749 nopolitanos
766 3674 1010 3749 Caesares
1026 3679 1249 3743 exactis,
1274 3674 1603 3749 receptaque
1629 3678 1803 3743 Italia,
1836 3695 1989 3734 exar-

392 3745 619 3819 chorum
647 3746 811 3819 sedes,
850 3746 977 3815 fuit;
1029 3755 1085 3803 et
1112 3750 1276 3804 tantis
1304 3745 1432 3805 licet
1458 3745 1772 3819 sequiorum
1810 3765 1985 3806 saecu-

392 3816 571 3897 lorum
623 3817 1039 3897 calamitatibus
1064 3827 1281 3897 vexata,
1332 3816 1566 3875 nominis
1614 3820 1985 3877 celebritatem

393 3888 544 3959 auxit
562 3888 752 3959 potius
779 3904 942 3959 quam
970 3889 1180 3944 minuit.

466 3959 504 4031 '_'_
522 3957 582 4013 ld’
608 3974 677 4013 ex
705 3957 982 4031 continua,
1012 3960 1098 4015 vel
1130 3960 1398 4030 frequenti
1418 3961 1736 4031 angelorum
1764 3978 1988 4021 consue-

394 4027 599 4092 tudine,
617 4030 817 4104 scribit
836 4027 1271 4104 _Fgerrariusgpag.
1326 4031 1448 4096 721,
1484 4027 1628 4104 722,7
1652 4033 1874 4104 ejusque
1902 4034 1983 4092 fe-

393 4105 536 4172 stum
565 4100 631 4155 ad
659 4100 800 4156 diem
829 4101 891 4155 21
918 4100 1239 4158 Novembris
1265 4104 1564 4172 consignat.
1589 4100 1725 4158 Eum
1756 4100 1985 4170 primum

394 4167 765 4244 Ravennatem
783 4173 1259 4244 archiepiscopum
1305 4167 1533 4230 credant
1580 4167 1843 4242 nonnulli,
1886 4193 1985 4232 ve-

395 4241 497 4311 teri
525 4241 737 4296 cuidam
764 4241 1092 4299 documento
1114 4241 1304 4311 innixi,
1335 4246 1422 4301 cui
1444 4244 1710 4300 Baronius
1730 4241 1857 4301 ann.
1881 4247 1987 4302 452

394 4307 642 4392 falsitatis
685 4322 1169 4392 notamperquam
1214 4307 1410 4371 merito
1457 4316 1643 4371 inurit.
1693 4314 1776 4392 An
1805 4326 1984 4392 a_utem

395 4379 560 4453 fuerit
583 4379 926 4453 Chrysologi'
950 4379 1257 4442 immediate
1302 4395 1634 4453 antecessor,
1668 4387 1788 4443 vide
1818 4387 1982 4444 Tille-

395 4451 667 4577 immittat;
691 4451 812 4577 9%.
843 4451 947 4577 is;
966 4464 1097 4577 gerit1
1124 4464 1237 4512 not.
1273 4455 1325 4523 5,
1356 4472 1479 4528 pag.
1515 4451 1648 4523 866';
1696 4468 1752 4513 et
1779 4457 1982 4529 Ughel-

396 4521 703 4596 lium_tom.'
721 4521 810 4591 XI,
843 4541 965 4596 pag.
999 4524 1122 4580 551.

471 4604 502 4675 ξ.
526 4591 996 4675 RavennaveL'ab
1023 4612 1167 4675 anno
1196 4595 1435 4675 408_erat
1462 4598 1553 4675 ad
1571 4599 1751 4675 minus
1776 4608 1983 4675 metro-

393 4662 534 4735 polis
562 4666 853 4734 provincize
882 4666 1175 4734 Flaminize,
1227 4668 1314 4724 cui
1362 4670 1666 4725 ascribitur.
1719 4669 1823 4726 Sed
1868 4671 1984 4727 hzec

395 4734 629 4818 dignitas
657 4736 710 4791 in
740 4753 803 4792 ea
831 4737 1006 4793 civilia
1036 4746 1269 4818 tantnm__
1285 4739 1407 4818 jura
1435 4742 1731 4818 spectabat.
1782 4740 1983 4818 Verum

396 4810 514 4874 ejus
541 4810 847 4882 episcopus,
898 4825 1003 4882 una
1031 4826 1155 4882 cum
1185 4810 1303 4882 aliis
1331 4811 1632 4878 Flaminiae,
1662 4814 1981 4882 metropoli-

396 4887 524 4933 tano
553 4876 936 4935 Mediolanensi
966 4881 1202 4936 suberat.
1229 4881 1489 4936 Flaminia
1518 4876 1660 4937 enim
1687 4876 1872 4938 Galliae
1899 4881 1983 4937 Ci-

394 4949 633 5032 salpina},
665 4964 841 5032 Aquam
868 4952 1186 5032 vicariatum
1214 4952 1380 5007 Italize
1408 4963 1739 5032 nuncupant,
1787 4954 1981 5032 finibus

392 5019 765 5093 deﬁniebatur.
797 5019 1045 5093 Ignotum
1072 5023 1351 5093 hucusque
1372 5040 1467 5079 cur
1495 5019 1796 5080 labentibus
1822 5025 1980 5081 annis

393 5091 806 5164 metropolitico
814 5092 937 5162 jure
966 5095 1224 5149 meruerit
1264 5091 1535 5164 insigniri.
1568 5095 1745 5149 Fallor
1772 5105 1971 5163 autem,

394 5161 497 5218 nisi
519 5161 630 5237 hnc
657 5163 1059 5237 ascribendun1_
1080 5165 1152 5237 sit
1182 5161 1488 5237 rimperialis
1516 5166 1789 5236 dignitatis
1835 5161 1973 5237 prae-'-

393 5232 598 5297 sentie,
629 5248 735 5302 qua
764 5235 834 5290 ab
862 5251 1007 5291 anno
1034 5234 1138 5289 402
1165 5232 1539 5303 decorabalur,
1564 5232 1684 5292 cum
1708 5232 1978 5295 Honorius

395 5303 708 5385 imperator,
758 5306 1064 5362 Mediolano
1117 5306 1407 5385 digressus,
1459 5307 1832 5385 Ravennmque
1869 5326 1978 5385 _per

392 5372 608 5455 aliquot
626 5390 853 5455 nienses
888 5385 1149 5455 moratus,
1175 5372 1370 5455 ibidem
1394 5372 1591 5455 eodem
1620 5372 1976 5455 anno‘sed'em

394 5442 616 5516 llxit,‘et
641 5445 1051 5516 Valentinianus
1078 5447 1143 5502 lll
1172 5449 1239 5504 ab
1268 5465 1410 5505 anno
1439 5448 1570 5516 426;
1603 5452 1744 5507 unde
1771 5452 1825 5506 in
1855 5468 1973 5507 eam

391 5514 635 5583 quredam
666 5514 871 5593 emuxit
899 5521 1268 5593 pnerogativa,
1302 5531 1358 5576 ut
1379 5514 1694 5593 metropolis
1714 5523 1973 5578 declarari

394 5596 726 5671 mereretur,_
761 5587 980 5671 decreto
1010 5587 1304 5671 pentiiiois
1348 5602 1404 5649 et
1451 5587 1790 5671 imperatoris
1816 5612 1855 5671 __:
1887 5594 1974 5671 cui

393 5654 615 5730 decreto
640 5659 729 5714 alii
756 5659 857 5715 nisi
898 5670 1023 5717 sunt
1039 5654 1336 5730 contraire,
1362 5673 1418 5719 et
1458 5654 1684 5719 fortasse
1715 5663 1971 5719 Mediola-

395 5729 596 5794 nensis,
627 5732 778 5802 cujus
818 5730 940 5802 jura
982 5734 1451 5790 imminuebantur.
1505 5731 1621 5788 Hoc
1661 5733 1773 5788 fere
1814 5733 1974 5788 modo

394 5812 559 5876 causa
601 5801 920 5876 vicariorum
967 5803 1147 5874 ltalim,
1199 5807 1292 5876 qui
1334 5803 1969 5876 Mcdiolanidegebant,

2010 4632 2061 4693 D

2086 3315 2244 3399 eiiori
2275 3315 2611 3394 'acceptiorie
2654 3323 2733 3378 sic
2765 3315 3000 3399 dictum,
3031 3315 3170 3374 onus
3198 3316 3546 3399 incumberet.
3572 3315 3680 3399 ραι

2083 3395 2245 3450 bitari
2284 3385 2463 3449 autem
2506 3408 2668 3452 posse
2720 3392 3052 3447 arbitrantur
3100 3388 3360 3452 nonnulli,
3386 3385 3682 3445 Ecclesiam

2086 3464 2458 3520 Ravennatem
2507 3456 2731 3533 honore
2796 3460 3230 3533 metropoliticou
3253 3466 3467 3515 auctam
3515 3456 3686 3533 fui_s_se

2125 3536 2375 3611 ostremis
2400 3534 2626 3611 _Joa_nnis
2669 3532 2957 3611 Angelopti
2978 3528 3353 3611 't_e_mporibus,_
3378 3544 3547 3611 opera
3575 3528 3685 3611 Ya-

2109 3605 2367 3662 entiniani
2392 3604 2642 3673 iunioris,
2676 3612 2731 3659 et
2757 3597 2935 3660 Callie
2986 3597 3239 3658 Placidia:
3281 3597 3539 3673 piissimae
3567 3597 3683 3657 Au-

2086 3685 2285 3749 gustas;
2318 3671 2613 3749 atPetrum
2640 3673 3032 3749 Chrysolpgum
3064 3681 3271 3728 tantum
3286 3671 3376 3749 ob
3410 3671 3601 3749 turbas
3627 3680 3687 3728 et

2086 3741 2251 3805 fricas
2274 3741 2543 3804 excitatas
2588 3741 3125 3817 hujusmodi'munus
3161 3742 3488 3817 exercuisse,
3521 3741 3686 3817 [ico-

2087 3820 2440 3875 haventinum
2485 3811 2798 3890 episcopum
2852 3815 3171 3890 ordinando.
3199 3812 3483 3890 Quamvis
3529 3811 3683 3890 Hen-

2086 3891 2359 3953 schenius,
2390 3885 2628 3945 tomel
2655 3885 2798 3954 Maii,
2822 3902 2946 3958 pag.
2980 3885 3101 3952 154,
3134 3900 3199 3941 eo
3230 3885 3569 3958 propendere
3597 3885 3685 3940 vi-

2086 3962 2299 4027 deatur,
2330 3969 2391 4015 ut
2422 3961 2612 4031 credat
2657 3953 3051 4031 Chrysologum
3080 3953 3253 4031 ipsum
3282 3953 3381 4031 sub
3408 3953 3687 4031 _S._Leone

2086 4024 2294 4103 Magno
2310 4040 2373 4103 et
2392 4024 2973 4103 Valentiniano'circa:
2987 4024 3187 4084 annum
3215 4026 3430 4103 Domini
3455 4024 3561 4081 450
3580 4026 3685 4103 hu;-

2091 4097 2319 4172 jusinodi
2348 4102 2606 4172 dignitate
2642 4101 2809 4172 fuisse
2830 4099 3274 4172 condecoratum,
3306 4097 3400 4172 qui
3428 4105 3590 4172 antea
3611 4097 3684 4152 ab

2133 4175 2287 4231 eonis
2314 4168 2599 4230 decessore
2645 4171 2801 4227 Sixto
2829 4169 2897 4225 Ill
2943 4169 3243 4239 simplicem
3272 4169 3511 4239 episcopi
3546 4168 3684 4239 titu-

2087 4244 2197 4315 lum
2229 4253 2285 4300 et
2312 4253 2634 4315 potestatem
2663 4249 2967 4315 acceperat.
2999 4238 3235 4315 Consule
3270 4253 3412 4315 quae
3438 4238 3582 4294 edidi
3611 4254 3683 4315 ex

2088 4309 2344 4372 Pastritio
2373 4316 2427 4370 in
2468 4309 2987 4370 sermonum’notis.
3022 4311 3160 4366 Dum
3188 4318 3369 4365 autem
3396 4309 3514 4366 haec
3541 4310 3683 4366 scri-

2086 4386 2178 4454 bo,
2209 4387 2371 4442 audio
2420 4385 2692 4441 Ravennae
2738 4383 3082 4454 doctissimos
3119 4397 3241 4454 esse
3287 4381 3432 4454 viros
3459 4379 3677 4454 quibus,

2088 4451 2339 4529 expilatis
2367 4457 2709 4529 archivorum
2747 4454 2953 4529 forulis,
2987 4453 3042 4508 id
3069 4452 3226 4509 bonis
3255 4451 3455 4529 avibus
3472 4451 3677 4529 evenit,

2088 4521 2249 4583 ut'in
2302 4528 2599 4584 vetustiora
2652 4526 2896 4597 quzedam
2948 4529 3313 4597 monumenta_
3350 4521 3675 4597 ingidercnt,

2088 4599 2220 4655 nulli
2248 4614 2416 4670 usque
2444 4598 2571 4670 dum
2599 4592 2852 4670 cognita,
2876 4611 3107 4670 quorum
3146 4610 3256 4670 ope
3298 4593 3371 4649 ita
3402 4592 3680 4670 Ravenna:

2087 4664 2484 4748 nietropoilitica
2511 4664 2742 4738 dignitas
2766 4664 2946 4748 veluti.
2977 4664 3347 4748 antiquissinta
3376 4664 3679 4748 asseri-po-

2087 4749 2211 4803 test,
2244 4734 2304 4796 tit
2333 4741 2386 4795 in
2415 4741 2519 4795 hac
2544 4734 2606 4795 re
2633 4754 2794 4795 omne
2821 4738 3043 4793 dubium
3072 4734 3439 4802 exhauriatur,
3469 4742 3528 4790 et
3553 4734 3678 4791 lites

2085 4812 2426 4867 dirimantur.
2456 4811 2626 4866 Doleo
2652 4811 2720 4865 ab
2753 4825 2843 4865 me
2870 4808 3118 4877 quamvis
3145 4822 3244 4877 per
3270 4806 3477 4877 litteras
3505 4813 3561 4861 et
3588 4804 3675 4861 of-

2086 4881 2204 4936 ficia
2252 4883 2382 4938 clar.
2416 4883 2607 4938 doctis.
2645 4881 2748 4936 viri
2794 4878 2854 4933 P.
2888 4876 3312 4933 Paciaudi’Cler.
3346 4876 3480 4947 Reg.
3520 4891 3676 4932 com-

2082 4954 2314 5023 pellatos
2371 4954 2444 5008 nil
2492 4952 2864 5023 rescripsisse.
2910 4947 3065 5004 Unde
3098 4948 3269 5023 _mibi
3315 4956 3505 5023 extero
3573 4947 3676 5003 ho-

2085 5018 2214 5078 inini
2244 5025 2319 5079 nil
2359 5023 2502 5079 aliud
2530 5018 2733 5087 (latum,
2767 5021 2870 5077 nisi
2897 5035 2961 5075 ea
2989 5018 3379 5090 proferre‘qute
3417 5018 3485 5073 ab
3512 5033 3677 5075 accu-

2084 5096 2373 5150 ratioribus
2424 5094 2775 5163 scriptoribus
2804 5087 3006 5147 tradita
3036 5097 3179 5147 sunt.
3230 5087 3417 5145 Serior
3442 5090 3676 5145 fortasse

2080 5166 2196 5223 dies
2217 5165 2441 5236 meliora
2470 5166 2661 5236 pariet.

2153 5236 2178 5275 ἀ
2209 5237 2340 5305 ρυτε
2367 5235 2435 5291 de
2462 5227 2801 5291 ordinatione
2825 5231 3257 5305 Chrysologi,_ex
3285 5227 3493 5305 Agnelli
3523 5228 3671 5305 Pon:

2081 5301 2283 5372 tilicali,
2331 5307 2552 5363 tradunt
2577 5307 2734 5371 Mita,
2765 5301 2986 5360 Castillo
3020 5311 3077 5358 et
3104 5301 3204 5358 alii
3231 5302 3443 5358 subacti
3472 5301 3674 5372 ingenii

2080 5381 2199 5444 viri,
2232 5379 2296 5434 ad
2324 5378 2533 5434 tabulas
2561 5375 2893 5433 amandanda
2941 5390 3061 5444 esse
3091 5373 3447 5444 contendunt.
3480 5372 3677 5444 Atmi-

2080 5442 2195 5505 rari
2219 5449 2379 5513 subit,
2413 5449 2588 5519 inquit
2613 5448 2951 5519 Bacchinius,
2982 5443 3265 5519 observat.
3298 5444 3354 5499 in
3383 5442 3669 5512 Agnellum

2080 5537 2240 5592 supra
2266 5535 2387 5592 pag.
2424 5515 2509 5586 ll',
2549 5536 2604 5575 η.
2633 5519 2686 5586 3,
2710 5518 2962 5592 homines
2990 5517 3172 5592 plures
3199 5515 3273 5570 ita
3301 5521 3667 5585 comparatos,

2082 5588 2321 5647 ut'fncile
2344 5588 2528 5647 'nimis
2577 5590 2756 5646 omnia
2796 5590 3048 5655 credant;
3080 5588 3219 5643 alios
3262 5592 3446 5641 autem
3475 5600 3507 5641 e
3535 5599 3671 5641 con-

2081 5671 2181 5727 tra,
2215 5671 2271 5717 ut
2300 5664 2480 5718 omnia
2523 5663 2575 5717 in
2606 5660 2826 5716 dubium
2850 5667 3083 5715 vertant.
3114 5658 3185 5713 At
3203 5655 3453 5713 falsitatis
3480 5662 3672 5727 not_am

2079 5736 2131 5789 in
2171 5725 2263 5789 his
2292 5732 2709 5789 narratiunculis
2756 5731 3102 5787 incubantem
3147 5728 3321 5785 sensit
3365 5727 3528 5783 etiam
3556 5725 3674 5781 Til-

2077 5805 2366 5861 lemomius
2400 5823 2412 5857 :
2454 5820 2520 5859 ex
2549 5820 2615 5860 eo
2652 5803 2923 5873 praecipue
2949 5800 3095 5872 quod
3121 5799 3497 5873 Ravennatum
3523 5811 3672 5869 prte—

394 5869 633 5930 attinere
660 5874 822 5940 erepit
848 5875 967 5946 ejus
990 5869 1142 5936 urbis
1172 5869 1408 5943 antistes,
1440 5877 1527 5958 cui
1556 5869 1987 5965 ordinandorum

2093 5874 2607 5967 ruluurmordinatm
2648 5869 3068 5967 biediolanerisis
3119 5869 3500 5945 metropoliue,
3555 5882 3674 5934 non

1976 5951 2013 5958 ..-
