3964 6350
287 325 370 388 58
1190 324 1349 384 VITA
1387 324 1444 382 S.
1487 323 1692 382 PETRI
1732 317 2167 384 CHRYSOLOGI
2209 323 2304 381 EX
2342 323 2700 386 CASTILLO.
3518 341 3596 401 34

289 437 686 499 nedictionem.
734 436 816 496 Eo
845 445 1110 510 tempore,
1143 439 1314 495 tertur
1358 436 1670 495 Cornelium
1698 437 1900 510 episco-
1927 443 1978 502 Α
2003 437 2320 508 gubernium
2341 455 2558 496 suarum
2582 441 2762 496 ovium
2785 442 2944 498 anxie
2968 452 3324 514 patrocinium
3349 441 3600 530 exoptat,

290 549 427 605 pum
463 546 592 589 cum
628 529 969 604 Chrysologo
1015 531 1246 588 diacono
1293 548 1392 588 suo
1423 532 1744 589 adventasse
1787 530 1900 588 Ro-

287 640 464 690 mam,
491 631 589 680 aut
613 639 773 682 causa
799 623 1071 695 praedicta:
1093 624 1376 681 electionis
1404 625 1645 697 episcopi
1685 622 1902 681 Raven-

287 721 440 774 natis
495 717 903 784 conﬁrmanda},
950 727 1043 775 aut
1089 736 1186 790 pro
1237 735 1348 775 suae
1399 718 1901 776 Forocorneliensis

287 811 557 869 Ecclesiae
582 814 903 884 peragendis
927 815 1176 884 negotiis.
1210 813 1461 870 Pontifex
1481 815 1644 884 igitur
1659 831 1902 871 summus

288 903 487 960 Sixtus
533 903 604 960 ΠΙ
641 913 770 961 tunc
821 905 1080 975 temporis
1123 921 1156 960 e
1193 906 1346 962 cmlis
1372 906 1640 961 visionem
1661 907 1902 962 intuetur

290 999 578 1069 delapsam
622 1013 720 1068 per
773 999 1044 1055 somnium
1077 1016 1090 1052 :
1122 1014 1318 1071 nempe
1365 998 1586 1056 Petrum
1633 1000 1904 1070 apostolo-

291 1106 421 1145 rum
476 1091 790 1160 jrincipem,
824 1099 882 1146 et
925 1098 1174 1147 sanctum
1219 1091 1608 1162 Apollinarem,
1659 1081 1902 1161 ejusdem

293 1181 362 1237 D.
413 1181 562 1239 Petri
607 1183 947 1255 discipulum,
993 1191 1158 1254 atque
1186 1184 1420 1254 primum
1460 1183 1732 1240 Ravenna:
1761 1199 1898 1254 pne-

291 1275 496 1331 sulem.
520 1274 586 1330 Hi
613 1277 850 1346 speciem
889 1276 1106 1332 diaconi
1152 1273 1470 1348 Chrysologi
1515 1285 1903 1346 repraesentant

292 1366 480 1434 Sixto,
505 1368 788 1423 innuentes
828 1383 953 1423 eum
983 1367 1114 1440 (alio
1144 1383 1307 1437 quem
1347 1368 1657 1423 obtulerant
1683 1368 1898 1424 Raven-

294 1469 460 1516 nates
501 1461 815 1532 reprobato)
846 1462 1048 1517 debere
1071 1462 1197 1530 eligi
1219 1462 1274 1516 in
1303 1462 1639 1533 episcopum,
1669 1479 1902 1533 eumque

294 1554 478 1609 creari
542 1553 920 1611 Ravennatum
983 1555 1281 1610 antistitem
1347 1556 1555 1625 gratius
1610 1571 1732 1612 esse
1787 1555 1899 1612 Deo

294 1643 522 1716 Optimo
551 1644 803 1701 Maximo.
830 1645 1045 1701 Adeunt
1070 1645 1414 1702 Ravennates
1444 1645 1781 1717 pontiﬁcium
1806 1647 1901 1702 tri-

293 1737 488 1801 bunal,
509 1746 564 1793 et
582 1753 745 1808 quem
767 1739 872 1808 ipsi
893 1739 1066 1794 civem
1089 1739 1788 1812 elegerantinepiscopum,
1815 1737 1898 1795 of-

2003 530 2186 600 egeuis
2216 531 2379 587 totius
2405 532 2594 588 domus
2619 549 2728 589 suze
2760 537 3085 606 temporales
3121 539 3388 598 distribuit
3413 561 3546 618 opes
3573 565 3591 607 :

2004 629 2060 678 et
2085 622 2279 678 delicta
2305 621 2656 690 Foricornelii
2695 626 2925 683 salutata
2955 630 3157 700 patria,
3185 649 3308 690 cum
3335 639 3595 698 comitatu

2003 712 2251 768 familiari
2281 715 2472 784 pergit,
2507 723 2562 770 et
2589 719 2878 774 revertitur
2900 721 2953 776 in
2983 721 3319 784 Ravennam.

2075 804 2127 857 6.
2167 803 2437 871 Creditur,
2468 807 2625 862 simul
2647 825 2768 864 cum
2789 809 3124 885 Chrysologo
3145 818 3464 880 adventasse
3483 822 3597 884 Ra-

2003 911 2234 950 vennam
2280 897 2622 965 Cornelium,
2669 917 2805 970 quos
2832 908 3198 965 sanctissimos
3223 913 3372 970 viros
3407 915 3600 977 festiva

2004 1003 2221 1061 pompa,
2261 999 2316 1045 et
2344 991 2498 1047 hilari
2522 995 2803 1064 applausu,
2836 998 2903 1053 ad
2931 1010 3102 1070 portae
3129 1004 3408 1065 introitum
3435 1027 3600 1070 exce-

2004 1091 2198 1154 perunt
2235 1083 2644 1143 Valentinianus
2679 1087 2887 1158 Caesar,
2933 1093 3092 1164 hujus
3132 1102 3364 1157 nominis
3390 1103 3491 1169 Ill,
3546 1115 3604 1162 et

2007 1172 2196 1230 aGalla
2212 1174 2449 1232 Placidia
2477 1178 2593 1248 ejus
2614 1190 2788 1236 mater
2812 1201 2824 1236 :
2850 1185 2942 1253 qui
2960 1193 3085 1242 tunc
3112 1190 3321 1248 clavum
3348 1197 3604 1254 tenebant

2003 1265 2215 1358 imperii
2245 1275 2300 1322 et
2327 1269 2511 1324 sedem
2540 1269 2828 1336 Ravennae,
2867 1275 2945 1329 uti
2975 1276 3028 1330 in
3060 1292 3124 1333 ea
3155 1282 3304 1348 urbe,
3334 1299 3453 1354 qua:
3479 1298 3606 1358 post

2005 1354 2233 1412 Romam
2256 1367 2386 1414 tunc
2415 1360 2643 1430 primum
2675 1363 2728 1416 in
2758 1363 2907 1419 Italia
2938 1366 3116 1423 locum
3146 1371 3245 1426 sibi
3274 1354 3602 1435 vindicabat.

2004 1445 2194 1519 Populi
2226 1449 2556 1508 Ravennatis
2577 1470 2899 1510 concursum
2941 1467 2995 1513 et
3035 1475 3318 1520 occursum
3359 1481 3605 1538 superest

2005 1555 2279 1597 enarrare.
2305 1541 2464 1599 Anno
2493 1545 2708 1600 Domini
2749 1549 3284 1620 quadringentesimo
3325 1560 3602 1630 trigesimo

2004 1634 2183 1702 tertio,
2209 1637 2439 1706 quadam
2469 1647 2595 1694 ante
2616 1644 3082 1700 consecrationem
3108 1648 3338 1706 solemni
3361 1653 3468 1721 die,
3494 1671 3526 1711 e
3543 1655 3602 1713 S.

2003 1725 2240 1784 Cornelii
2271 1747 2432 1785 manu
2472 1734 2832 1790 sacerdotium
2861 1739 3054 1809 recipit
3083 1739 3465 1816 Chrysologus,
3496 1751 3608 1808 vim

293 1831 482 1885 fel-um
503 1829 678 1895 Sino,
711 1828 852 1886 nem
875 1831 1079 1901 popme
1118 1830 1491 1901 deprecantes,
1521 1845 1622 1886 suo
1643 1831 1777 1886 vim
1799 1846 1900 1886 νο-
1934 1828 1981 1890 Β
2005 1820 2365 1894 lacrymarum
2387 1825 2476 1879 vix
2501 1829 2860 1897 comprimere
2881 1831 3088 1888 valens.
3106 1833 3188 1890 Ad
3214 1852 3421 1896 sacram
3447 1843 3608 1914 igitur

296 1922 379 1976 cis
406 1921 633 1978 oraculo
662 1921 953 1978 obfirmare
980 1923 1326 1979 electionem.
1354 1923 1423 1978 At
1452 1922 1708 1979 Ecclesiae
1729 1923 1906 1995 Caput

297 2013 408 2083 jam
437 2013 573 2068 satis
602 2013 961 2069 illuminatum
987 2029 1018 2070 e
1043 2015 1272 2085 superis,
1306 2015 1528 2071 cmleste
1567 2014 1784 2072 facessit
1809 2032 1906 2072 ne-

305 2105 531 2171 gotium,
577 2103 821 2161 oblatum
862 2106 1175 2178 repudians,
1208 2115 1264 2162 et
1291 2115 1518 2163 caeteros
1561 2105 1906 2164 Ravennates

299 2205 501 2266 praesto
545 2213 667 2254 esse
703 2197 917 2268 jubens.
960 2199 1128 2255 Adest
1172 2197 1459 2256 Cornelius
1489 2201 1778 2272 episcopus
1807 2200 1907 2257 Fo-

299 2291 742 2360 rocorneliensis,
765 2292 853 2348 cui
881 2291 1064 2348 Sixtus
1093 2294 1338 2365 praecipit
1381 2310 1510 2351 suos
1555 2296 1804 2363 comites,
1851 2303 1907 2351 et

297 2382 518 2438 sodales
558 2383 628 2440 ad
656 2385 1037 2441 consistorium
1072 2385 1309 2441 trahere.
1341 2383 1732 2457 Obtemperans
1757 2395 1906 2444 tanto

298 2475 474 2545 jussui
529 2473 815 2534 Cornelius
843 2493 950 2532 una
984 2493 1110 2534 cum
1159 2478 1343 2549 pueris
1381 2480 1512 2547 suis,
1559 2487 1720 2550 atque
1748 2479 1908 2535 mini-

299 2569 462 2632 stris,
495 2567 785 2625 diaconum
813 2571 1034 2626 adducit
1055 2568 1470 2644 Chrysologum.

379 2659 430 2715 5.
475 2659 635 2718 Hunc
661 2677 785 2718 cum
814 2663 1037 2718 vidisset
1065 2661 1276 2729 Sixtns,
1306 2664 1451 2719 illico
1479 2664 1690 2732 didicit,
1732 2666 1908 2736 ipsum

302 2769 428 2810 esse
449 2755 552 2811 sibi
572 2755 786 2812 caelitus
806 2756 1259 2823 demonstratum,
1287 2766 1342 2812 et
1363 2773 1392 2814 a
1415 2774 1668 2830 supremo
1693 2762 1910 2816 numine

304 2849 622 2920 episcopum
645 2848 761 2918 jam
787 2849 1124 2919 designatum
1148 2849 1436 2906 Ravennae.
1475 2850 1624 2906 Unde
1660 2853 1909 2907 innume-

306 2942 385 2997 ris
424 2952 538 2998 tum
566 2958 598 2998 e
624 2941 1044 3012 Forocornelio,
1088 2953 1202 2999 tum
1243 2960 1274 3000 e
1317 2945 1573 3001 Ravenna
1613 2945 1910 3002 aStantibus

303 3044 366 3090 et
395 3037 848 3106 auscultantibus,
897 3039 1033 3094 vivae
1062 3040 1210 3095 vocis
1245 3039 1466 3095 oraculo
1507 3040 1862 3110 proclamavit
1893 3057 1906 3093 :

308 3145 431 3185 non
460 3130 620 3185 alium
641 3147 798 3201 quam
823 3132 998 3187 virum
1027 3133 1190 3197 hunc,
1224 3132 1690 3203 archiepiscopum
1719 3131 1910 3188 Eccle-

2005 1917 2429 1972 consecrationis
2454 1916 2785 1976 iunctionem
2809 1921 2925 1978 dies
2941 1924 3251 1985 Dominicus
3273 1932 3604 2005 designatur,

2007 2015 2061 2062 et
2081 2008 2296 2078 publice
2323 2012 2621 2080 evulgatur,
2651 2029 2721 2068 ne
2761 2015 2976 2073 humilis
3017 2018 3070 2074 in
3099 2032 3394 2094 conspectu
3423 2027 3515 2084 Dei
3549 2039 3606 2086 et

2007 2099 2310 2165 hominum,
2331 2103 2718 2159 exaltationem
2741 2106 2808 2161 ab
2831 2110 2948 2177 ipso
2963 2109 3076 2166 Deo
3097 2116 3436 2184 promissam,
3451 2121 3609 2177 amit-

2010 2200 2148 2248 teret
2175 2195 2316 2264 apud
2342 2211 2490 2252 suos.
2520 2194 2862 2254 Conveniunt
2884 2203 3067 2259 caeteri
3088 2209 3444 2275 provinciales
3472 2228 3611 2284 prae-

2007 2289 2170 2354 sules,
2195 2297 2251 2344 et
2279 2291 2332 2344 in
2360 2305 2551 2361 magna
2574 2291 2846 2349 Ravennae
2867 2295 3106 2366 basilica,
3138 2305 3438 2362 astantibus
3463 2309 3612 2378 priu-

2009 2381 2216 2452 cipibus
2243 2380 2565 2438 Christianis
2591 2383 2804 2441 Ctesare
2843 2397 2898 2443 et
2926 2389 3043 2459 ejus
3075 2403 3248 2450 matre
3268 2411 3390 2452 cum
3415 2399 3611 2457 nobili-

2007 2474 2110 2529 bus
2139 2475 2342 2545 populi,
2376 2485 2590 2532 vetusto
2631 2478 2722 2533 illo
2759 2495 2941 2547 more,
2971 2497 3002 2536 a
3045 2496 3233 2542 sancto
3261 2485 3516 2547 Cornelio
3557 2494 3612 2550 in

2011 2568 2323 2640 episcopum
2345 2566 2713 2642 Chrysologus
2732 2583 3098 2630 consecratur.
3132 2577 3282 2636 Unde
3311 2583 3426 2651 ipse
3447 2581 3613 2658 Chry-

2009 2661 2228 2730 sologus
2251 2677 2503 2717 sermone
2542 2661 2644 2716 165
2673 2665 2744 2718 ita
2769 2665 2931 2721 habet
2959 2667 3187 2738 loquens
3221 2673 3290 2727 de
3311 2670 3565 2732 Cornelio
3594 2696 3608 2732 :

2013 2753 2136 2826 Ipse
2155 2756 2391 2828 pontifex
2409 2757 2575 2811 sacris
2596 2774 2676 2812 me
2696 2757 2898 2827 obtulit,
2923 2770 2973 2814 et
2993 2767 3307 2820 consecravit
3328 2767 3576 2826 altaribus
3594 2787 3612 2824 :

2013 2857 2061 2902 et
2089 2847 2204 2903 ideo
2226 2849 2356 2903 mihi
2385 2850 2600 2905 charum
2628 2852 2927 2920 colendum,
2973 2856 3208 2911 mirabile
3245 2856 3470 2916 Cornelii
3516 2879 3614 2918 no-

2013 2958 2148 2996 men.
2192 2939 2418 2998 Creatus
2467 2944 2754 3015 episcopus
2801 2944 3166 3018 Chrysologus
3208 2951 3615 3012 celeberrimam

2011 3033 2340 3104 brevemque
2380 3035 2567 3090 habuit
2611 3035 2681 3090 ad
2730 3037 2992 3106 populum
3041 3041 3360 3097 concionem
3405 3044 3460 3098 in
3510 3061 3616 3115 qua

2014 3127 2143 3182 boni
2181 3127 2425 3198 prmsulis
2465 3127 2644 3182 debita
2695 3137 2749 3182 et
2801 3143 3024 3183 munera
3067 3131 3280 3186 sublimi
3325 3133 3617 3195 delineavit

304 3223 411 3279 siaa
450 3221 746 3278 Ravennati
774 3223 1114 3294 praelicimus.
1147 3222 1353 3292 Quibus
1396 3225 1694 3295 perspectis
1733 3223 1914 3279 cuncti
1940 3213 1986 3275 C
2018 3218 2238 3290 spiritu,
2278 3219 2478 3287 gratias
2520 3218 2729 3273 obtenti
2777 3221 3046 3288 muneris,
3093 3231 3149 3277 et
3176 3223 3434 3283 festivalis
3460 3243 3616 3299 pom-

305 3314 656 3372 Ravennates
697 3331 933 3372 maerore
969 3317 1256 3388 occupati,
1307 3325 1561 3372 eventum
1603 3317 1769 3372 veluti
1811 3315 1914 3372 sibi

317 3410 628 3465 ominosum
657 3408 1035 3481 deplorarunt,
1065 3425 1132 3466 eo
1169 3409 1313 3480 quod
1353 3418 1542 3464 contra
1568 3410 1769 3464 avitum
1797 3424 1916 3464 mo-

315 3516 429 3556 rem
467 3517 579 3557 non
602 3501 758 3567 civis,
786 3503 1073 3574 episcopus
1098 3513 1393 3568 crearetur,
1427 3502 1651 3570 electus,
1684 3502 1778 3558 sed
1817 3518 1913 3558 ex-

311 3603 531 3650 traneus
559 3593 1061 3650 Forocorneliensis
1089 3595 1379 3664 eligeretur
1421 3595 1487 3650 ad
1529 3612 1744 3650 munus.
1790 3595 1918 3652 Haec

310 3685 450 3741 bene
476 3685 682 3742 callens
704 3685 931 3760 dynasta
970 3702 1231 3751 summus,
1264 3694 1323 3741 ut
1343 3687 1692 3742 conturbatos
1717 3688 1916 3743 civium

309 3776 588 3835 Ravennae
607 3780 818 3836 animos
837 3789 1075 3851 pacaret,
1092 3796 1278 3837 coram
1296 3778 1633 3854 Chrysologo
1653 3790 1919 3837 renuente

311 3873 837 3945 archiepiscopalem
875 3872 1099 3929 infulam
1121 3882 1432 3945 acceptare;
1463 3890 1531 3930 ne
1560 3874 1634 3929 illi
1661 3890 1785 3931 cum
1811 3874 1917 3932 isto

310 3964 512 4022 divinae
523 3968 846 4024 resisterent
859 3967 1143 4034 voluntati,
1170 3968 1560 4024 revelationem
1583 3969 1684 4025 sibi
1705 3971 1918 4027 caelitus

309 4057 513 4113 iactam
553 4059 646 4113 tali
683 4059 1012 4130 eloquentia,
1043 4060 1253 4131 spiritu,
1285 4069 1341 4116 et
1381 4061 1670 4118 verborum
1709 4065 1922 4135 aperuit

312 4150 535 4218 energia
555 4188 572 4213 ,
597 4158 657 4204 ut
684 4167 790 4207 non
817 4151 982 4208 modo
1024 4151 1366 4208 Ravennates
1405 4154 1680 4211 evinceret
1699 4195 1714 4221 ,
1745 4157 1838 4212 sed
1867 4165 1923 4213 et

311 4251 539 4310 cogeret
559 4240 952 4314 Chrysologum
977 4243 1278 4300 abdicatam
1320 4254 1380 4300 ut
1418 4246 1725 4303 admitteret
1745 4248 1920 4318 digni-

313 4342 506 4390 tatem.
536 4333 670 4390 Post
697 4336 892 4407 pedum
923 4337 1185 4406 osculum,
1212 4346 1336 4409 post
1364 4337 1534 4394 invisa
1564 4340 1745 4396 limina
1787 4356 1922 4413 apo-

313 4427 616 4495 stolorum,
661 4445 833 4486 novus
879 4429 1152 4487 Ravenna:
1198 4431 1486 4504 episcopus
1523 4431 1920 4506 Chrysologus,

314 4535 441 4577 cum
487 4523 705 4578 tutelari
732 4539 832 4580 suo
871 4523 1157 4592 Cornelio,
1189 4541 1418 4596 cumque
1447 4543 1554 4582 non
1581 4529 1805 4584 minimo
1843 4531 1924 4586 ci-

317 4612 466 4668 vium
489 4613 768 4671 Ravennze
793 4617 1073 4682 comitatu,
1099 4618 1387 4672 revertitur
1411 4619 1465 4673 in
1491 4621 1722 4690 patriam
1747 4620 1924 4677 Foro-
1950 4596 2004 4658 D

320 4709 657 4775 cornelium;
690 4725 797 4764 non
828 4710 1003 4765 solum
1033 4717 1091 4765 ut
1118 4709 1207 4781 pia
1237 4711 1544 4768 urbanitate
1573 4714 1924 4770 comitaretur

317 4797 635 4855 Cornelium
669 4800 1207 4858 Forocorneliensem
1244 4803 1585 4874 episc0pum;
1618 4804 1714 4861 sed
1756 4814 1816 4861 ut
1854 4806 1916 4862 D.

319 4890 566 4948 Cassiani
594 4896 847 4966 martyris
875 4896 1136 4950 salutaret
1171 4911 1311 4951 aras.
1344 4896 1421 4952 Ibi
1461 4899 1634 4953 sancti
1674 4903 1925 4973 martyris

319 4984 662 5054 sarcophago
701 4985 980 5042 adhaerens
1002 5025 1017 5053 ,
1050 5001 1238 5057 magna
1279 4988 1635 5061 lacrymarum
1677 4993 1832 5063 copia
1857 4994 1926 5051 ad

319 5139 554 5213 Romani
584 5141 856 5210 pontilicis
871 5141 992 5213 jura
1023 5143 1319 5213 spectabat.
1353 5141 1422 5197 Et
1445 5143 1756 5213 hujusmodi
1785 5163 1919 5204 con-

317 5209 554 5283 suetudo
588 5209 911 5281 ’pratsulum,
945 5209 1250 5268 Romanum
1277 5209 1589 5283 pontilicém
1635 5231 1920 5274 accersen-

318 5282 394 5356 di,
427 5290 490 5356 ut
516 5283 586 5337 ab
615 5297 684 5338 eo
710 5285 1176 5356 consecrationem
1205 5282 1535 5356 κείρει-θαι,
1561 5287 1676 5356 jam
1698 5289 1821 5344 inde
1851 5291 1920 5347 ab

320 5351 524 5429 Leonis
599 5353 870 5429 pontilicis
927 5356 1266 5429 temporibus
1324 5351 1579 5429 antiqua
1609 5358 1915 5429 dicebatur.

321 5421 503 5498 Hujus
534 5421 873 5498 temporibus,
923 5421 1098 5498 inquit
1145 5421 1561 5483 Anastasius'in
1606 5427 1788 5486 Leone
1815 5431 1917 5498 Vl,

319 5495 565 5548 restituta
611 5505 690 5550 est
742 5495 1428 5553 Ecclesia—Ravennatensis
1463 5499 1556 5554 sub
1594 5495 1920 5557 ordinatione

319 5566 464 5643 {edis
490 5568 810 5643 apostolicae,
839 5577 895 5643 ut
923 5569 1160 5640 defuncto
1183 5571 1589 5643 archiepiscopo,
1617 5573 1702 5643 qui
1731 5573 1918 5628 electus

325 5638 526 5712 fferat,
572 5639 730 5710 juxta
768 5638 1034 5712 antiquam
1077 5638 1519 5712 consuetudinem,
1560 5638 1640 5696 in'
1663 5644 1919 5700 civitatem

324 5705 628 5764 Romanam
651 5712 845 5765 veniret
871 5705 1208 5768 ordinandus.
1251 5711 1318 5766 Et
1359 5713 1412 5766 id
1459 5705 1515 5767 in
1553 5729 1768 5782 plenam
1809 5715 1920 5772 for-

321 5785 477 5857 tasse
500 5789 720 5838 tentata:
741 5783 876 5857 olim
899 5784 1300 5857 autocephalize.
1329 5782 1486 5857 Quod
1505 5794 1685 5841 autem
1706 5787 1922 5857 sequio-

321 5851 480 5914 l'ibus
522 5853 858 5924 temporibus
906 5854 962 5912 in
998 5851 1156 5912 usuin
1189 5851 1440 5925 venerat,
1471 5856 1578 5914 hoc
1601 5864 1656 5914 et
1682 5851 1920 5927 Chryso-

2015 3327 2100 3384 pce
2142 3312 2282 3382 egit,
2329 3311 2582 3381 deditque
2636 3311 2846 3378 vicinis,
2878 3310 3105 3369 Caesaris
3163 3324 3218 3370 et
3267 3319 3456 3376 matris
3500 3321 3618 3392 ejus

2017 3405 2184 3461 Gallae
2227 3404 2474 3461 Placidim
2529 3405 2892 3461 assistentiam
2942 3416 2996 3462 et
3037 3409 3383 3468 christianam
3441 3416 3617 3486 pieta-

2017 3509 2127 3556 tem
2177 3499 2506 3554 collaudans.
2547 3498 2741 3554 Totum
2785 3499 2953 3570 liquet
2992 3516 3062 3558 ex
3099 3519 3349 3562 sermone
3387 3506 3620 3582 Chryso.

2018 3593 2128 3662 logi
2151 3591 2178 3631 δ
2205 3593 2501 3648 centesimo
2525 3592 2824 3662 trigesimo.
2850 3591 3061 3650 Videsis
3086 3594 3181 3650 ibi.
3198 3595 3350 3652 Novo
3370 3601 3620 3669 praesule,

2021 3700 2270 3754 novoque
2299 3694 2454 3756 patre
2489 3693 2545 3740 et
2585 3686 2862 3754 magistro,
2888 3687 3165 3755 provincia
3195 3696 3308 3744 tota
3334 3693 3620 3752 exsultavit

2022 3777 2271 3842 Emiliaz,
2305 3778 2417 3833 sive
2440 3776 2638 3841 lmolae,
2669 3777 2721 3830 in
2745 3791 2848 3846 qua
2873 3786 2991 3831 erat
3012 3775 3267 3834 Ravenna
3291 3783 3622 3853 amplissima

2020 3871 2209 3927 civitas
2236 3877 2290 3924 et
2311 3866 2670 3924 Occidentalis
2697 3868 2908 3938 imperii
2930 3877 3154 3939 augusta
3174 3871 3350 3928 sedes.
3374 3872 3493 3930 Jam
3521 3892 3622 3932 an-

2021 3971 2108 4018 tea
2131 3962 2274 4017 circa
2291 3975 2488 4015 annum
2505 3959 2717 4014 Domini
2737 3961 3171 4016 trecentesimum
3190 3966 3619 4034 nonagesimum,

2023 4055 2328 4110 Mediolano
2359 4062 2702 4109 concesserat
2743 4053 2884 4109 Deus
2921 4053 3282 4112 Ambrosium.
3328 4058 3418 4116 Sic
3460 4063 3623 4121 etiam

2024 4148 2184 4220 paulo
2215 4155 2338 4201 ante
2368 4155 2612 4217 tempora
2639 4154 2842 4212 nostra,
2870 4145 2936 4200 ad
2966 4161 3163 4201 annum
3194 4151 3621 4222 quadringente-

2025 4244 2219 4300 simum
2263 4242 2591 4312 trigesimum
2616 4240 2949 4312 Hipponensi
2971 4239 3230 4300 Ecclesia:
3257 4244 3480 4303 dederat
3509 4248 3623 4306 Au-

2025 4339 2298 4408 gustinum
2331 4355 2342 4389 :
2373 4336 2482 4406 jam
2515 4350 2643 4390 vero
2674 4332 2906 4388 Aﬁmilim
2949 4350 3057 4389 non
3104 4335 3304 4394 oblitus
3341 4337 3617 4409 Dominus,

2028 4430 2095 4485 ad
2125 4445 2323 4484 annum
2352 4427 2937 4498 quadringentesimum
2967 4427 3302 4498 trigesimum
3332 4431 3549 4487 tertium
3571 4433 3616 4489 ci

2029 4522 2256 4594 praebuit
2281 4519 2672 4593 Chrysologum
2691 4559 2705 4583 ,
2735 4528 2794 4573 ut
2818 4519 3102 4575 sanctitate
3126 4536 3222 4576 sua
3251 4519 3623 4579 Ravennatqu

2029 4613 2342 4670 obﬁrmaret
2371 4611 2548 4677 ﬁdem,
2581 4619 2636 4666 et
2681 4611 2930 4666 facundia
2983 4627 3078 4667 sua
3127 4613 3468 4686 mirabilique
3521 4615 3623 4672 d0-

2029 4707 2203 4763 ctrina
2237 4712 2455 4761 cunctas
2471 4701 2703 4758 IEmilize
2732 4703 2964 4760 haereses
2995 4705 3334 4775 exstirparet.

2071 4827 2099 4898 §
2139 4825 2226 4881 Ill.
2275 4823 2438 4878 Varia
2493 4820 2797 4902 Cltrgsologi
2853 4821 3223 4890 archiepiscopi
3272 4821 3588 4880 Ravennatis
3659 4821 3666 4880 ξ

2388 4903 2532 4966 gesta
2547 4934 2562 4959 ,
2585 4901 2892 4972 virtutesque
2919 4903 3262 4948 recensentur.
3443 4919 3446 4922 ’

2106 4992 2156 5046 7.
2196 4987 2316 5044 Non
2358 4943 2929 5041 ίιῗὲιᾟεὶεὶέιῗὲὲῖέιιὶε⁷
2953 4943 3320 5056 uagas...
3347 4985 3445 5041 ille
3465 4995 3488 5026 ο
3515 4983 3623 5044 re-
3655 4943 3660 5070 ἶ

2023 5147 2134 5218 logi
2161 5143 2308 5201 aetati
2337 5141 2657 5218 convenire,
2697 5155 2869 5212 parvo
2907 5140 3127 5210 negotio
3164 5137 3511 5197 crediderunt
3537 5158 3623 5198 re~

2023 5214 2297 5276 centiores
2326 5214 2641 5284 scriptores.

2099 5300 2124 5326 ι
2155 5281 2452 5343 Theodosii
2495 5285 2624 5354 imp.
2673 5283 2800 5348 lilia,
2848 5299 3004 5354 soror
3050 5281 3265 5337 Arcadii
3305 5289 3362 5338 et
3397 5281 3626 5340 Honorii

2024 5361 2194 5430 Augg.
2229 5373 2373 5413 anno
2399 5353 3399 5430 Ml,_nupsitinvitaCothorumregi
3438 5355 3625 5430 Ataul—

2023 5421 2171 5503 pho:
2177 5430 2372 5503 Postea
2405 5428 2459 5482 in
2495 5421 2800 5503 libertatem
2824 5426 3119 5503 vindicata;
3151 5421 3625 5503 Gothorumenim

2022 5495 2231 5573 captiva
2255 5501 2370 5566 fuit,
2391 5499 2682 5573 occisoque
2704 5499 2771 5551 ab
2789 5498 2868 5552 eis
2884 5496 3171 5573 Ataulphn,
3197 5495 3424 5573 Hongrii
3443 5497 3625 5573 fratris

2027 5565 2365 5638 auctoritate,
2384 5571 2451 5625 ad
2468 5565 2703 5625 secunda
2719 5578 2844 5622 vota
2875 5567 3137 5638 transivit,
3162 5583 3287 5623 cum
3307 5565 3625 5638 Constantio

2025 5644 2224 5701 Caesari
2253 5663 2265 5698 :
2291 5637 2359 5700 ex
2384 5659 2492 5713 quo
2522 5641 2792 5696 Ravennae
2812 5639 3022 5713 peperit
3044 5637 3587 5713 valentinianumjll.

2099 5716 2126 5756 ι’
2157 5716 2290 5772 Vide
2318 5708 2438 5786 quae
2467 5720 2723 5767 annotata
2745 5709 2954 5786 _s_unt_in
2987 5711 3216 5786 notisad
3245 5725 3410 5786 serm.
3443 5708 3564 5786 1.50.

2103 5799 2126 5828 ε
2161 5779 2401 5845 Celebris
2420 5787 2507 5841 hic
2530 5780 2862 5861 temporibus
2884 5779 3206 5861 Theodorici
3224 5781 3391 5861 regis,
3417 5779 3624 5861 quique

2030 5878 2140 5920 non
2169 5861 2313 5919 leves
2336 5865 2519 5930 partes
2546 5853 2859 5927 perfunctus
2883 5861 2966 5916 est
2997 5853 3053 5914 in
3083 5849 3326 5914 conciliis
3350 5849 3549 5914 habitis
3569 5849 3625 5917 in
