3964 6350
288 305 374 398 ξ’]
1192 301 1354 368 ἫΤΑ
1392 309 1450 368 S.
1494 306 1700 368 PETRI
1739 303 2176 372 CHRYSOLOGI
2213 309 2306 372 EX
2345 313 2703 372 CASTILLO.
3510 321 3580 382 58

283 434 502 514 aquare
526 432 766 492 gregem,
793 419 888 479 sed
911 430 966 504 et
987 421 1177 479 ovibus
1198 423 1309 479 suis
1331 423 1664 479 materialem
1690 425 1898 494 aperire
1928 435 1973 495 Α
2002 442 2224 481 munere
2243 468 2256 492 ,
2304 428 2471 483 sacris
2513 405 2738 484 noverat
2765 425 3036 487 addictum
3064 429 3191 489 aris.
3220 418 3585 499 lntroeuntera

280 505 524 566 fontem.
548 510 611 566 In
629 505 892 584 'oppidulo
917 511 1060 570 enim
1081 513 1259 570 vicino
1281 513 1552 571 Ravennae
1575 514 1896 571 dulciSsimm
1998 516 2366 573 Ravennatem
2395 521 2710 591 episcopum
2740 519 3131 594 Chrysologum
3171 528 3445 599 excipiunt
3472 547 3586 594 ma-

277 617 445 673 aquae
473 601 862 674 Scaturiginetri
891 605 1174 677 indagatus
1191 605 1583 680 Chrysologus,
1615 607 1894 663 fontanam
1994 626 2102 683 gno
2125 627 2245 668 cum
2271 614 2498 682 gaudio,
2531 624 2585 670 et
2607 615 2763 671 hilari
2803 617 2992 688 plausu
3029 623 3374 679 conteri-anei
3409 625 3583 686 Foro-

275 695 486 763 erexit,
518 695 801 769 et’duplici
823 715 980 755 muro
1002 699 1116 755 sive
1139 701 1270 755 turri
1291 701 1539 764 munivit,
1566 708 1752 756 utnon
1773 716 1892 756 mo-
1993 705 2358 762 cornelienses
2393 723 2499 762 una
2528 724 2648 764 cum
2679 726 2776 766 suo
2805 713 3060 785 episcopo
3083 713 3364 787 Proiecto;
3395 733 3584 792 gratu-

271 787 354 845 do
383 787 662 847 Ravenna:
682 792 884 864 pepulo
920 793 1232 858 inserviret,
1260 793 1355 849 sed
1381 794 1541 850 etiam
1584 803 1795 866 pateret
1833 802 1890 851 et

271 879 542 950 gregibus
569 883 627 937 in
655 884 769 955 ipsa
799 883 1113 940 ebullitione
1135 885 1395 941 securior.
1421 885 1481 941 Id
1507 885 1575 941 de
1600 885 1728 941 Ozia
1751 895 1886 942 tam-

270 986 445 1040 quam
487 971 652 1030 laude
691 975 913 1045 dignum
957 975 1196 1032 divinum
1235 979 1578 1034 commendat
1605 979 1884 1034 oraculum

264 1059 320 1116 Il
351 1061 593 1136 Paralip.
626 1084 745 1138 cap.
776 1084 930 1134 xxvr,
959 1084 1099 1125 vers.
1134 1067 1221 1134 lO,
1254 1069 1322 1126 de
1349 1086 1458 1141 quo
1498 1071 1671 1126 adhuc
1699 1071 1881 1126 Domi-

267 1172 402 1211 num
428 1159 745 1229 requirente
777 1162 1004 1216 habetur
1031 1181 1045 1216 :
1072 1159 1350 1218 Exstruin
1387 1173 1550 1218 turres
1589 1163 1641 1218 in
1680 1165 1880 1218 sollici-

263 1250 453 1304 tudine
471 1292 488 1317 ,
518 1261 570 1305 et
596 1251 779 1322 effodit
819 1255 1069 1308 cisternas
1098 1253 1347 1326 plurimas
1370 1296 1384 1320 ,
1417 1271 1477 1310 eo
1505 1255 1642 1327 quod
1670 1255 1882 1310 haberet

261 1341 436 1396 multa
481 1361 696 1415 pecora.
746 1344 838 1402 Sic
885 1347 1050 1401 etiam
1102 1345 1243 1403 inter
1293 1348 1715 1403 celebratissima
1758 1364 1877 1418 quze

259 1435 656 1493 sanctissimus
702 1437 942 1508 pontifex
989 1438 1331 1495 Innocentius
1377 1439 1427 1495 Χ
1470 1441 1665 1512 elapsis
1720 1443 1877 1497 annis

260 1541 439 1597 opera
461 1526 613 1597 fecit,
644 1530 838 1600 quibus
869 1531 1151 1586 illustravit
1181 1531 1408 1598 Urbem,
1438 1532 1579 1598 fons,
1612 1535 1725 1589 sive
1751 1538 1872 1607 fon-

258 1628 395 1675 tana
432 1633 520 1678 est
558 1633 680 1694 quat
731 1625 926 1681 dicitur
967 1626 1266 1683 Innocentii
1297 1646 1310 1681 :
1342 1642 1504 1698 quam
1532 1630 1694 1684 etiam
1738 1631 1871 1684 turri

257 1713 470 1785 duplici
519 1725 574 1772 et
615 1718 807 1772 statuis
835 1719 997 1774 variis
1018 1719 1294 1775 decoravit
1319 1722 1624 1793 onychinis.
1650 1719 1867 1776 Omitti-

1993 798 2173 854 lantur
2198 815 2386 855 omnes
2404 798 2737 873 Chrysologo
2760 819 2854 860 sua
2878 808 3202 865 auctoritate
3223 820 3278 866 et
3297 818 3582 882 praesentia

1988 894 2218 962 patriam
2241 893 2550 949 decorasse.
2580 894 2816 964 Benigne
2838 901 3078 970 exceptis
3114 916 3144 955 a
3174 913 3328 973 patre
3354 903 3475 960 ﬁliis
3497 909 3581 963 al.-

1988 991 2104 1040 tera
2133 985 2220 1040 die
2260 986 2324 1040 ad
2348 987 2409 1040 D.
2439 985 2679 1042 Cassiani
2719 995 2965 1063 martyris
3001 995 3172 1063 pergit
3201 999 3486 1069 templum,
3523 1012 3581 1058 ut

1985 1078 2198 1148 publice
2220 1079 2345 1134 inibi
2362 1081 2772 1136 eucharisticum
2790 1083 3029 1140 immolet
3041 1086 3380 1146 sacriﬁcium.
3407 1097 3577 1149 Suum

1984 1170 2238 1226 devotun.
2272 1169 2583 1227 Cassianum
2631 1174 2855 1241 salutat,
2899 1178 3164 1248 anxieque
3206 1193 3395 1237 exorat
3434 1185 3574 1254 apud

1983 1261 2152 1316 Deum
2179 1264 2311 1318 hora
2337 1265 2523 1319 tuortis
2552 1275 2868 1335 patronum,
2902 1277 3089 1338 utpote
3110 1272 3200 1340 qui
3219 1272 3329 1341 jam
3359 1275 3459 1330 sibi
3486 1277 3569 1331 vi-

1982 1362 2050 1408 tze
2081 1354 2239 1410 linem
2287 1366 2512 1411 noverat
2560 1357 2884 1414 adfuturum.
2933 1358 3092 1416 Juxta
3135 1365 3271 1419 sacri
3319 1368 3571 1439 martyris

1979 1444 2222 1502 Cassiani
2265 1464 2386 1503 aras
2426 1450 2683 1521 episcopo
2707 1459 2760 1505 et
2788 1451 3025 1518 clericis,
3055 1469 3239 1510 amore
3265 1455 3360 1512 Dei
3387 1460 3569 1529 sepul-

1977 1553 2129 1594 crum
2165 1541 2500 1611 expostulat,
2535 1540 2810 1597 oflerendo
2833 1545 3053 1615 martyri
3076 1561 3232 1602 sacro
3253 1549 3567 1618 provolutus

1976 1633 2030 1686 in
2057 1641 2255 1688 terram
2283 1636 2553 1690 mitratam
2582 1637 2802 1690 cidarim
2827 1652 2960 1692 auro
2986 1641 3308 1709 variegatam
3329 1650 3383 1698 et
3409 1652 3564 1711 gerri-

1973 1726 2103 1792 mis,
2133 1743 2254 1782 cum
2282 1727 2476 1798 poculo
2506 1744 2700 1795 aureo,
2744 1737 2798 1784 et
2827 1740 3080 1798 argentea
3111 1734 3336 1802 patella,
3373 1737 3564 1804 quibus

257 1822 387 1861 mus
424 1811 725 1878 permultas
749 1812 1031 1884 variasque
1070 1813 1462 1886 eleemosyuas,
1492 1817 1687 1892 quibus
1715 1832 1867 1887 aper—
1893 1835 1944 1897 Β
1973 1820 2087 1890 ipse
2122 1834 2264 1890 saepe
2299 1819 2472 1874 fuerat
2507 1837 2634 1875 usus
2667 1822 2716 1875 in
2741 1823 2927 1877 sacris.
2974 1821 3079 1878 Sed
3128 1824 3269 1880 inter
3296 1826 3403 1881 alia
3439 1843 3561 1896 qua:

259 1906 316 1952 ta
378 1915 541 1954 manu
583 1917 881 1973 pauperum
921 1912 976 1958 et
1016 1919 1308 1974 egenorum
1337 1907 1650 1962 sublevabat
1694 1923 1865 1978 angu-

254 1989 418 2057 stias,
444 1991 749 2048 redimebat
770 1995 1043 2051 miseriam
1064 2015 1076 2049 :
1096 1998 1242 2069 quod
1271 2015 1380 2054 non
1403 2000 1734 2056 subobscure
1762 2017 1864 2070 po-

255 2091 381 2137 test
396 2085 576 2154 colligi
601 2101 669 2140 ex
691 2102 942 2143 sermone
987 2089 1285 2146 centesimo
1317 2092 1476 2147 tertio
1501 2092 1772 2148 Auctoris.
1803 2093 1864 2148 In

251 2171 514 2244 jejuniis,
555 2178 891 2236 orationibus
931 2187 988 2236 et
1031 2181 1220 2238 ciliciis
1262 2183 1336 2238 ita
1377 2183 1476 2238 fuit
1516 2187 1784 2255 pamitens
1808 2193 1866 2241 et

252 2276 537 2335 austeros,
564 2279 625 2326 ut
650 2272 827 2330 adhuc
852 2275 1039 2330 vivens
1065 2292 1133 2331 cx
1162 2291 1258 2332 ore
1289 2278 1662 2334 concionantis
1702 2278 1863 2335 Adel-

247 2359 358 2430 phi
392 2361 626 2434 epiSCOpi
654 2366 914 2422 meruerit
942 2367 1126 2423 audire
1152 2367 1390 2440 epitheta
1413 2370 1501 2424 illa
1527 2388 1539 2424 :
1567 2381 1775 2426 sanctus
1800 2388 1863 2426 ac

254 2456 618 2526 beatissimus,
651 2471 711 2517 ut
738 2477 806 2518 ex
828 2478 1079 2520 sermone
1109 2463 1210 2518 107
1237 2466 1422 2536 liquet.
1453 2466 1584 2521 Aliae
1625 2465 1862 2540 Chryso-

249 2548 385 2622 logi
419 2553 600 2610 laudes
631 2555 842 2612 desumi
878 2566 1107 2628 possunt
1149 2574 1217 2614 ex
1267 2557 1470 2627 Natali,
1519 2557 1817 2615 Trithemio
1841 2600 1858 2627 ,

246 2641 508 2703 Baronio
528 2657 656 2705 tom.
681 2649 726 2706 ν
757 2652 949 2707 Annal.
982 2668 1111 2708 ann.
1136 2651 1261 2718 455,
1295 2661 1350 2709 et
1378 2670 1446 2709 ex
1479 2654 1537 2709 S.
1563 2654 1741 2710 Felice
1771 2671 1859 2709 ar-

247 2735 610 2812 chiepisc0po
657 2742 970 2798 Ravennate
1020 2743 1074 2800 in
1131 2744 1444 2817 praefatione
1486 2747 1552 2800 ad
1600 2745 1862 2802 Homilias

247 2825 606 2904 Chrysologi,
639 2850 707 2890 ex
733 2836 861 2892 Mita
889 2847 944 2893 et
965 2839 1103 2894 aliis.
1129 2839 1318 2906 Quoad
1347 2839 1697 2911 pontiﬁcalia,
1724 2841 1861 2897 duos

249 2925 557 2997 episcopos
581 2935 604 2964 ⁸
629 2935 964 2988 consecravit
1004 2932 1396 3008 Chrysologus,
1446 2951 1639 3006 nempe
1675 2934 1862 3005 Proje-

245 3027 418 3075 ctum
445 3020 968 3080 Forocornelienscm
1013 3028 1358 3098 episcopum,
1405 3028 1573 3083 sancti
1621 3025 1861 3082 Cornelii

243 3108 509 3168 Romani
533 3131 888 3172 successorem
906 3159 921 3184 ,
949 3127 1008 3173 ut
1036 3127 1250 3174 constat
1271 3134 1338 3173 ex
1369 3134 1618 3174 sermone
1642 3117 1771 3185 165,
1804 3127 1862 3174 et

1973 1913 2080 1966 alta
2105 1929 2236 1967 voce
2257 1913 2526 1968 direxerat
2560 1915 2612 1969 in
2644 1923 2928 1984 patronum
2954 1916 3297 1988 Cassianum,
3337 1921 3515 1976 subdit
3543 1941 3558 1956 ο

1971 2003 2234 2076 Deprecor
2260 2016 2324 2071 te,
2356 2005 2501 2061 beate
2529 2004 2775 2062 Cassiane
2804 2017 3022 2080 martyr,
3049 2010 3306 2064 intercede
3331 2029 3426 2082 pro
3454 2030 3555 2078 me,

1973 2106 2073 2151 tua:
2102 2098 2292 2152 domus
2311 2101 2458 2171 quasi
2487 2100 2788 2154 vernaculus
2815 2102 2921 2172 fui,
2961 2119 2994 2154 a
3034 2100 3269 2158 Cornelio
3298 2104 3451 2176 hujus
3479 2121 3561 2160 se-

1969 2191 2052 2245 dis
2072 2193 2316 2258 antistite,
2361 2193 2414 2246 in
2459 2193 2554 2247 hoc
2585 2193 2770 2264 templo
2799 2195 3022 2248 nutritus
3053 2210 3070 2248 :
3101 2195 3284 2250 iterum
3313 2197 3382 2250 ad
3411 2206 3457 2252 te
3477 2213 3560 2252 re-

1966 2299 2170 2348 versus,
2217 2285 2447 2337 animam
2487 2301 2624 2338 nunc
2652 2286 2992 2356 omnipotenti
3021 2285 3131 2341 Deo
3155 2287 3344 2358 reddo;
3375 2305 3560 2360 corpus

1967 2385 2140 2428 autem
2170 2392 2336 2430 meum
2367 2376 2456 2430 tibi
2479 2376 2798 2430 commendo.
2821 2375 2916 2431 His
2938 2385 2992 2431 et
3015 2377 3133 2432 aliis
3155 2377 3416 2434 similibus
3438 2395 3560 2449 per-

1967 2467 2138 2524 oratis
2163 2511 2177 2532 ,
2229 2468 2594 2538 episcopalem
2637 2469 2691 2522 in
2733 2468 2886 2536 signo
2926 2469 3100 2524 crucis
3127 2469 3560 2526 benedictionem

1966 2562 2060 2616 dat
2086 2561 2309 2633 populo,
2336 2569 2390 2616 et
2411 2561 2621 2630 quiete,
2651 2560 2916 2630 nimisque
2943 2559 3230 2629 tranquille
3257 2560 3390 2616 inibi
3405 2559 3560 2630 juxta

1965 2657 2138 2712 altare
2160 2671 2330 2728 prope
2359 2656 2638 2711 meridiem
2668 2655 2993 2714 obdormivit
3021 2656 3075 2710 in
3095 2657 3327 2711 Domino
3355 2656 3443 2712 die
3468 2671 3559 2713 se-

1966 2748 2141 2804 cunda
2181 2748 2491 2803 Decembris
2533 2763 2678 2804 anno
2715 2745 2927 2803 Domini
2975 2747 3000 2786 b
3031 2747 3558 2818 quadringentesimo

1965 2839 2410 2911 quadragesimo,
2453 2842 2551 2899 sub
2596 2829 2778 2897 Leone
2806 2842 2826 2896 Ι
2851 2841 3103 2912 pontifice
3143 2842 3411 2908 maxime,
3459 2845 3559 2901 sub

1965 2936 2248 2990 consulatu
2277 2935 2534 2992 Marciani
2565 2935 2822 3006 Augusti,
2860 2936 3162 3007 imperante
3187 2937 3239 2993 in
3267 2938 3560 2995 Occidente

1970 3026 2343 3083 Valentiniano
2387 3027 2453 3081 lll
2495 3037 2551 3083 et
2594 3025 2898 3083 Theodosio
2943 3025 3165 3084 Juniore
3212 3028 3266 3084 in
3305 3027 3555 3098 Oriente,

1964 3121 2138 3178 anatis
2175 3135 2286 3175 suae
2327 3136 2469 3174 anno
2513 3119 2923 3190 quadragesimo
2951 3129 3171 3190 quarto,
3203 3129 3262 3176 ut
3289 3123 3558 3191 colligitur

239 3203 638 3263 Marcellinum
677 3209 1158 3268 Vicohaventinum
1204 3213 1548 3284 episcopum,
1597 3229 1755 3283 quem
1802 3215 1856 3269 in
1886 3227 1933 3302 ς
1965 3228 2033 3268 ex
2061 3214 2285 3283 epistola
2317 3213 2386 3267 57
2416 3211 2610 3267 Leonis
2647 3228 2800 3282 papa:
2823 3211 2844 3266 l
2869 3212 2968 3267 sub
2993 3211 3276 3268 consulatu
3313 3213 3558 3283 praedicti

242 3298 350 3354 die
376 3301 544 3356 natali
565 3299 774 3359 Domini
798 3321 941 3360 anno
977 3303 1079 3359 449
1104 3307 1190 3361 vel
1213 3305 1280 3361 ad
1309 3307 1518 3376 initium
1549 3303 1654 3360 450
1675 3305 1850 3381 Chry-

245 3392 484 3463 sologus
531 3399 866 3454 consecravit
913 3397 1185 3455 Ravenna:
1229 3419 1242 3454 :
1295 3416 1418 3455 nam
1466 3397 1851 3458 Vicohaventia

250 3483 374 3556 (ex
399 3500 500 3556 qua
526 3497 643 3542 erat
681 3490 934 3547 oriundus
963 3491 1343 3565 Marcellinus)
1377 3494 1504 3549 urbs
1535 3502 1652 3548 erat
1673 3492 1850 3550 Emi-

243 3572 346 3630 lize
385 3577 666 3647 subjacens
706 3579 978 3637 Ravenna:
1019 3582 1211 3638 ditioni
1252 3592 1307 3640 et
1335 3585 1847 3657 archiepiscopatui,

242 3665 420 3723 modo
450 3671 590 3723 enim
614 3686 784 3742 pagus
804 3672 1022 3730 ditionis
1049 3674 1410 3732 Ferrariensis
1439 3678 1638 3732 existit.

241 3783 276 3856 ς
305 3781 401 3838 IV.
431 3783 513 3842 De
538 3789 768 3860 pretiosa
797 3788 1104 3868 Chrysologi
1138 3801 1334 3859 morte,
1381 3795 1592 3868 ejusque
1616 3795 1850 3867 sepulcro

923 3865 1168 3935 glorioso.

317 3946 409 4001 ll.
440 3945 755 4008 Octodecim
777 3968 947 4010 annos
974 3971 1072 4011 suo
1103 3957 1156 4010 in
1197 3971 1422 4013 munere
1461 3955 1740 4028 pontiﬁcio
1765 3958 1847 4015 fe-

235 4038 424 4097 liciter
448 4041 561 4112 jam
589 4054 777 4116 egerat
808 4045 1199 4120 Chrysologus,
1229 4049 1355 4105 dum
1378 4051 1521 4107 circa
1563 4067 1691 4107 ann.
1734 4052 1845 4109 Do-

232 4134 380 4189 mini
415 4136 1004 4209 quadringentesimum
1031 4144 1532 4214 quinquagesimum
1567 4144 1838 4202 Forocor-

231 4225 468 4295 nelium,
500 4233 775 4302 pr0priam
797 4235 931 4305 petit
951 4237 1178 4307 patriam
1202 4253 1311 4294 suae
1333 4240 1522 4294 mortis
1544 4255 1836 4310 praesagus,

228 4317 318 4375 ibi
347 4322 572 4392 cupiens
595 4323 834 4392 dissolvi,
861 4335 1056 4386 etesse
1081 4344 1203 4384 cum
1229 4328 1465 4398 Christo,
1494 4331 1585 4386 ubi
1609 4332 1838 4402 primam

229 4416 452 4473 viderat
493 4419 681 4476 mundi
725 4421 902 4478 lucem
929 4432 986 4480 et
1013 4423 1103 4480 ubi
1141 4425 1371 4496 primum
1417 4441 1478 4483 se
1525 4425 1840 4483 diaconatus

1960 3305 2218 3362 Marciani
2246 3306 2488 3375 Augusti,
2516 3304 2719 3360 directa
2748 3305 2814 3359 ad
2839 3303 3078 3360 Neonem
3107 3305 3420 3376 episcopum
3443 3305 3555 3360 Ra-

1959 3407 2250 3454 vennatem
2276 3413 2643 3455 successorem
2657 3395 2996 3470 Chrysologi.
3023 3396 3169 3452 inter
3187 3405 3366 3452 vestes
3382 3395 3555 3470 Cbry~

1959 3494 2134 3564 sologi
2174 3494 2390 3549 inventa
2419 3501 2545 3548 sunt
2573 3492 2782 3548 cuculla
2811 3499 2866 3545 et
2886 3491 3119 3546 cilicium
3149 3501 3171 3530 ε
3198 3491 3370 3546 sancti
3415 3488 3554 3546 Ger-

1959 3589 2106 3644 mani
2145 3587 2605 3646 Antisiodorensis
2649 3584 2916 3656 episcopi,
2967 3584 3061 3654 qui
3113 3599 3235 3640 cum
3284 3583 3554 3640 Ravenna:

1963 3694 2221 3750 mortem,
2253 3700 2284 3740 a
2315 3699 2373 3739 se
2395 3683 2554 3739 etiam
2584 3682 2895 3754 prmvisam,
2920 3695 3044 3736 cum
3073 3679 3278 3736 caelesti
3307 3695 3551 3735 commu-

1954 3784 2124 3833 tasset
2165 3778 2306 3844 vita,
2353 3776 2583 3832 cadaver
2627 3774 2744 3844 ejus
2785 3790 2815 3828 a
2858 3772 3194 3844 Cbrysologo
3243 3771 3547 3837 conditum,

1953 3867 2329 3926 transmissum
2355 3869 2407 3923 in
2431 3867 2661 3922 Galliam
2693 3866 2820 3932 fuit;
2852 3874 2908 3920 et
2930 3864 3254 3920 sanctissimi
3291 3863 3391 3918 viri
3427 3879 3551 3919 san-

1952 3972 2073 4020 ctus
2095 3963 2265 4018 haeres
2291 3961 2462 4018 factus
2491 3961 2755 4016 cucullam
2785 3968 2947 4030 atque
2988 3959 3220 4015 cilicium
3266 3957 3546 4023 induerat,

1951 4056 2096 4126 quod
2119 4064 2242 4127 post
2271 4063 2501 4110 mortem
2530 4051 2848 4124 Cbrysologi
2889 4059 3060 4105 totum
3099 4049 3396 4105 revelatum
3424 4047 3544 4105 fuit.

2022 4147 2110 4203 12.
2144 4147 2326 4202 Tertio
2353 4160 2524 4200 nonas
2567 4143 2876 4200 Decembris
2905 4143 3054 4198 omni
3094 4141 3296 4213 populo
3342 4157 3543 4208 conve-

1945 4245 2130 4300 niente
2159 4240 2526 4312 pomeridiana
2552 4239 2686 4293 hora
2705 4279 2719 4304 ,
2746 4238 2906 4292 funus
2934 4234 3258 4308 Chrysologi
3299 4234 3544 4291 celebra-

1944 4343 2036 4391 tur
2073 4335 2140 4390 ab
2169 4333 2424 4404 episcopo
2460 4329 2926 4386 Forocorneliensi
2959 4326 3238 4397 Proiecto,
3277 4333 3333 4382 et
3354 4337 3545 4383 sancto

1945 4425 2159 4482 Donato
2202 4422 2443 4494 ejusdem
2486 4421 2720 4478 civitatis
2757 4428 2814 4475 et
2843 4418 3102 4476 Ecclesia:
3128 4417 3390 4484 diacono,
3419 4433 3543 4474 cum

305 4650 344 4716 ξ
378 4638 482 4695 Adi
520 4653 644 4710 quae
683 4640 1034 4697 disseruimus
1081 4641 1135 4698 in
1176 4642 1320 4699 notis
1349 4643 1416 4699 ad
1445 4659 1606 4700 serm.
1641 4642 1745 4697 165
1783 4651 1838 4699 et
1861 4648 1918 4710 D
1945 4652 2028 4700 tus
2056 4642 2114 4716 S.
2139 4643 2442 4700 Germanus
2469 4643 2925 4700 Antisiodorensis
2953 4642 3146 4716 prmsul
3166 4685 3180 4709 ,
3213 4641 3314 4716 via:
3351 4659 3416 4700 se
3444 4642 3538 4701 de-

223 4712 251 4766 i
266 4707 364 4766 75.

167 4847 170 4851 _
237 4854 250 4855 ί
280 4783 338 4855 -ιξ
365 4781 580 4855 Annum
607 4781 961 4838 emortualem
990 4780 1326 4855 Chrysologi,
1360 4801 1462 4841 nec
1489 4793 1614 4840 ante
1634 4801 1836 4842 annum

221 4852 345 4907 448
387 4854 648 4908 collocari
688 4870 878 4923 posse,
931 4870 1032 4910 nec
1069 4852 1193 4923 post
1233 4852 1432 4912 almum
1472 4856 1568 4909 451
1599 4857 1830 4923 differri,

219 4926 436 4980 diserte
460 4923 637 4998 tingat
677 4923 1018 4998 Bacchinius.
1051 4923 1332 4998 Rastritius
1359 4929 1426 4983 de
1455 4925 1676 4996 Patena,
1702 4938 1831 4998 etc.,

216 4998 490 5068 opinatur
532 4991 926 5068 Chrysologum
969 5012 1029 5053 se
1071 4997 1298 5053 Romam
1339 5000 1634 5054 contulisse
1663 4991 1832 5055 'anno

213 5067 355 5129 με),
389 5067 777 5137 reversumque
809 5067 1119 5123 Ravennam
1150 5085 1294 5123 anno
1322 5069 1426 5123 450
1460 5070 1512 5125 in
1547 5069 1826 5126 Pascltate.

213 5137 308 5211 Ex
339 5133 756 5211 Epistolantém
779 5141 848 5211 is.
897 5139 1094 5211 Leonis
1123 5156 1275 5211 papa:
1311 5140 1480 5197 Neoni
1529 5141 1836 5198 Ravennati

211 5210 356 5284 data
387 5207 488 5264 an.
530 5207 664 5274 4.51,
709 5210 871 5267 infert
908 5207 1299 5284 Chrysalogum
1319 5211 1432 5284 jam
1457 5213 1524 5268 ab
1553 5230 1696 5269 anno
1725 5212 1831 5268 450

215 5282 296 5336 ad
325 5297 556 5354 superos
576 5284 980 5353 commigrasse.

325 5298 354 5336 s
429 5298 556 5346 eros
576 5298 980 5353 comrmgrasse.

301 5363 329 5425 εἴ
355 5298 835 5410 ἓιιύᾌηηοηίεοί
856 5359 982 5410 ann.
1007 5353 1109 5408 448
1127 5354 1240 5425 jam
1269 5355 1506 5411 secundo
1532 5355 1599 5411 ab
1627 5354 1825 5411 Valen-

214 5424 439 5478 tiniano
467 5424 821 5491 defecissent,
865 5436 922 5482 ut
958 5443 1018 5484 se
1046 5429 1097 5481 iu
1131 5424 1431 5482 libertatem
1459 5429 1822 5492 vindicarent,

213 5493 452 5570 Aetius,
489 5497 580 5564 qui
615 5505 743 5570 tunc
771 5500 1028 5568 temporis
1062 5496 1365 5570 Qccidcntis
1395 5500 1677 5570 imperium
1711 5500 1827 5570 vice

213 5567 575 5644 imperatoris
625 5567 1027 5644 moderabatur,
1083 5569 1396 5644 Eocaricum
1423 5613 1438 5636 ,
1471 5567 1585 5625 seu
1634 5569 1825 5644 quovis

213 5640 466 5712 yoce'tur
496 5640 737 5704 nomine,
769 5642 1068 5712 principem
1097 5643 1268 5694 virum
1294 5643 1552 5711 religione
1580 5651 1635 5696 et
1659 5643 1823 5695 mori-

211 5708 329 5770 bus
351 5709 674 5785 barbarum,
721 5708 1060 5770 valitltssitttis
1108 5708 1423 5768 instructum
1466 5716 1664 5785 copiis,
1696 5728 1825 5768 con-

215 5789 312 5855 tra
353 5785 464 5839 eos
493 5783 738 5840 immisit.
777 5787 950 5854 Quam
989 5785 1160 5843 facem
1208 5783 1567 5841 dilectissimis
1614 5785 1826 5855 populis

217 5852 601 5920 imminentem
631 5863 692 5914 ut
728 5852 1022 5929 averteret,
1064 5875 1161 5934 per
1183 5871 1370 5915 eorum
1397 5852 1824 5932 legatos—exora-

1943 4718 2048 4781 dit,
2079 4715 2498 4787 Ravennamque
2521 4717 2586 4770 ad
2618 4715 2996 4786 imperatorem
3024 4715 3296 4787 pervenit,
3323 4717 3537 4787 veniam

1941 4784 2426 4868 expostulaturusf
2449 4785 2645 4868 grbem
2683 4784 2953 4868 ingressus
2975 4786 3122 4868 apud
3143 4784 3538 4868 Cbrysologum
3621 4835 3628 4842 .

1938 4855 2243 4934 hospitatus
2271 4857 2372 4914 fuit
2402 4879 2415 4914 :
2449 4859 2629 4929 ibique
2658 4859 2725 4914 ab
2748 4855 3122 4934 imperatrice
3145 4855 3379 4928 Placidia
3619 4869 3626 4918 ἢ

1937 4925 2158 4986 neribus
2183 4939 2403 4998 auctus,
2436 4925 2741 4999 mag—noque
2766 4925 2973 4984 honore
2999 4925 3246 4994 habitus,
3278 4925 3535 4984 nonnulla

1937 5003 2106 5056 edidit
2146 5003 2403 5057 miracula
2434 5020 2446 5055 :
2476 5001 2649 5057 donec
2694 5001 2885 5056 morbo
2927 5007 3208 5070 correptus
3249 4999 3528 5070 occubuit,

1935 5074 2167 5144 septimo
2195 5082 2317 5144 post
2353 5074 2662 5144 decubitum
2688 5073 2803 5139 die,
2836 5071 3035 5144 mensis
3071 5069 3256 5144 autem
3280 5069 3406 5144 Julii
3439 5069 3536 5125 tri-

1935 5143 2142 5225 gesimo
2169 5143 2652 5225 primoa-1111243,
2673 5144 2787 5225 sub
2815 5158 2920 5213 qua
2923 5143 3036 5225 “die
3052 5158 3096 5225 .e
3121 5143 3370 5225 plin-imis.
3399 5156 3530 5212 pro-

1937 5209 2232 5272 vinciarum
2272 5215 2457 5272 Gallia:
2497 5209 2852 5280 kalendariis,
2885 5209 3090 5272 ellluxit
3118 5209 3172 5268 in
3203 5209 3528 5280 Parisiense.

1933 5285 2010 5342 De
2039 5304 2104 5341 eo
2135 5295 2298 5356 agunt
2342 5287 2778 5356 Martyrologium
2825 5286 3028 5340 AdOnis
3046 5284 3142 5356 _ab
3182 5283 3251 5337 cl.
3291 5279 3532 5356 Georgio

1931 5360 2135 5429 editum
2166 5348 2286 5427 pag.
2320 5357 2451 5422 566',
2480 5348 2992 5429 Hieroitytnianum,
3030 5353 3384 5429 Cellonpnse,
3404 5348 3531 5429 ﬁa—

1928 5427 2133 5490 banus,
2166 5423 2531 5484 'et'Notkerus
2561 5423 2841 5484 Rabanum
2870 5427 3198 5482 exscribens.
3223 5423 3381 5480 Initio
3402 5424 3533 5479 Mis-

1931 5501 2058 5555 salis
2105 5498 2366 5555 Gallicani
2419 5502 2616 5555 veteris
2670 5500 2811 5566 apud
2864 5497 3240 5566 Thomasium,
3301 5496 3534 5566 habetur

1929 5567 2093 5626 Missa
2123 5571 2176 5626 S.
2212 5568 2495 5638 Germani,
2530 5572 2623 5626 scd
2663 5565 2794 5625 niltil
2831 5569 2898 5623 de
2933 5568 3029 5638 die
3057 5565 3113 5621 i'n
3152 5579 3263 5638 qua
3299 5565 3416 5637 ejus
3446 5566 3529 5622 fe-

1929 5653 2072 5698 stum
2111 5637 2504 5699 celebrabatur.
2554 5641 2628 5696 Ex
2677 5639 2947 5696 nonnullis
2988 5637 3386 5710 Martyrologiis
3425 5651 3528 5708 ap-

1970 5725 2086 5770 aret
2137 5715 2351 5768 kaleml.
2403 5713 2651 5769 Octobris
2683 5711 2942 5780 ejusdem
2990 5711 3400 5766 translationem
3443 5723 3529 5764 so-

1952 5787 2182 5842 emniter
2211 5783 2468 5840 habitam.
2501 5785 2662 5838 Certe
2692 5784 2744 5837 in
2772 5780 2962 5837 Galliis
2991 5783 3187 5838 saeculo
3221 5797 3273 5836 rx
3303 5780 3519 5840 kalend.

1929 5856 2180 5918 Octobris
2208 5857 2453 5928 Remigio
2483 5864 2537 5912 et
2563 5853 2846 5912 Germane
2865 5858 3022 5912 erant
3047 5865 3236 5912 sacrm
