3964 6350
439 316 538 422 δυ’
789 377 792 380 -
1272 347 1340 412 tu
1379 353 1437 412 s.
1481 349 1766 412 remum
1802 353 2320 415 cunvsomcuu
2363 341 2888 415 raomeousus.

3680 345 3762 413 4o

450 475 704 531 universo
725 470 906 538 clero,
947 476 1004 526 ct
1029 469 1280 542 praetoris
1307 469 1542 524 civitatis
1565 470 1890 526 assistentia.
1914 467 2050 526 Cor—
2079 476 2134 536 Α
2157 472 2335 528 clesiae
2373 471 2652 530 lmolensis
2695 472 3040 544 praepositum
3091 465 3399 526 Mattmeum
3439 483 3468 524 a
3526 465 3761 526 Phaello

450 580 552 640 pus
591 563 764 620 sancti
804 562 908 619 viri
947 563 1003 618 in
1045 577 1182 617 urna
1209 560 1487 618 conditum
1512 561 1668 632 juxta
1711 562 1772 616 D.
1812 560 2056 618 Cassiani

451 657 576 728 (ubi
600 657 715 729 ipse
738 653 1036 726 selegerat)
1067 667 1218 709 aram
1247 654 1564 709 tumulatur.
1595 653 1715 710 Non
1751 661 1878 725 post
1920 654 2059 710 mul-

449 757 538 807 tos
565 750 682 805 dies
727 747 982 822 (negotio
1006 746 1148 802 bene
1176 746 1499 818 perspecto)
1525 747 1811 802 universus
1829 747 2060 818 populus

449 857 577 899 cum
603 839 857 912 Projecto
885 839 1143 909 episc0po
1186 838 1518 895 conveniens
1545 840 1600 894 in
1629 839 1918 910 templum,
1965 855 2059 896 ac-

451 935 780 992 clamatione
807 941 864 988 et
890 932 1168 988 communi
1207 933 1450 989 omnium
1490 931 1776 1003 suffragio,
1819 933 2059 989 auctori-

453 1035 564 1082 tate
598 1025 838 1096 episc0pi
864 1022 1127 1094 Projecti,
1157 1025 1301 1081 inter
1322 1025 1476 1092 divos
1496 1027 1871 1082 annumeravit
1891 1025 2063 1098 Chry-

453 1119 721 1188 sologum.
751 1114 892 1172 Olim
921 1118 1068 1173 enim
1095 1119 1420 1175 canonizare
1463 1133 1652 1175 servos
1685 1118 1812 1185 Dei,
1840 1119 2064 1174 canoni-

453 1214 668 1268 zatione
715 1212 1062 1282 particulari,
1092 1228 1194 1283 pro
1219 1229 1326 1269 una
1363 1213 1574 1269 scilicet
1613 1214 1921 1284 provincia,
1967 1228 2064 1268 na-

455 1305 636 1370 tione,
661 1306 750 1360 vel
771 1319 970 1374 regno,
1003 1307 1381 1362 consentiente
1416 1307 1650 1378 populo,
1684 1321 1743 1361 at
1780 1307 2066 1378 episcopos

456 1396 758 1468 spectabat,
791 1398 866 1451 uti
890 1398 1022 1452 satis
1045 1398 1191 1454 clare
1213 1398 1430 1453 elicitur
1450 1413 1519 1454 ex
1546 1397 1726 1454 verbis
1754 1396 1818 1453 D.
1843 1397 2065 1471 Cypria-

457 1491 514 1546 ni
535 1492 788 1564 martyris
811 1499 866 1547 et
887 1492 1129 1563 episcopi
1156 1490 1618 1563 Carthaginensis,
1641 1493 1734 1562 qui
1757 1492 1850 1548 lib.
1882 1508 1940 1548 ιιι
1972 1507 2060 1563 ep.

458 1584 512 1653 6,
545 1594 668 1656 post
693 1586 949 1653 medium,
983 1586 1054 1640 ita
1077 1587 1274 1652 habet,
1300 1587 1573 1657 loquendo
1599 1587 1668 1642 de
1693 1588 2017 1660 martyribus
2047 1605 2060 1642 :

459 1677 695 1751 Denique
717 1719 732 1744 ,
765 1688 816 1734 et
857 1679 966 1734 dies
995 1695 1174 1734 eorum
1195 1678 1377 1751 quibus
1415 1679 1670 1734 excedunt
1697 1687 1977 1746 annotate,
2007 1687 2067 1733 ut

459 1773 972 1829 commemorationes
1019 1788 1197 1827 eorum
1248 1772 1384 1826 inter
1437 1772 1714 1826 memorias
1777 1780 2065 1844 martyrum

462 1863 720 1919 celebrare
746 1865 1019 1935 possimus.
1057 1864 1125 1918 At
1151 1864 1347 1919 summi
1393 1862 1649 1919 Ecclesiae
1686 1873 1960 1932 pastores,
2005 1870 2065 1917 ut
2093 1868 2142 1930 Β

461 1956 740 2012 nonnullis
780 1963 1134 2012 occurrerent
1178 1954 1580 2026 impedimentis
1607 1969 1730 2023 quae
1769 1969 1838 2009 ex
1875 1953 2067 2024 praeci-

461 2058 576 2107 tato
623 2061 679 2106 et
719 2051 918 2106 usitato
957 2050 1270 2106 oriebantur
1311 2065 1494 2114 more,
1544 2049 1929 2116 decreverunt,
1960 2049 2068 2105 hoc

459 2144 889 2200 canonizationis
930 2144 1208 2212 negotium
1257 2142 1598 2197 solummodo
1645 2141 1714 2197 ad
1753 2155 2066 2212 supremum

461 2235 719 2292 Ecclesia:
745 2245 992 2306 spectare
1021 2243 1202 2306 caput.
1254 2234 1334 2289 Ita
1375 2235 1538 2290 etiam
1582 2235 1811 2289 habetur
1839 2249 1908 2288 ex
1936 2233 2064 2289 Ale-

459 2327 670 2383 xandro
695 2325 763 2381 lll
788 2328 843 2382 in
870 2342 991 2398 cap.
1019 2327 1322 2381 Audiuimus
1339 2367 1355 2393 ,
1397 2335 1452 2381 et
1471 2325 1788 2382 Innocentio
1831 2324 1900 2380 111
1941 2341 2061 2397 cap.

463 2417 592 2475 Cum
620 2435 686 2474 ea:
712 2435 791 2483 eo,
822 2418 890 2473 de
911 2418 1066 2488 reliq.
1099 2426 1154 2474 et
1176 2434 1363 2474 vener.
1387 2426 1560 2474 sanct.
1585 2417 1664 2472 lta
1686 2416 1840 2474 Felix
1865 2415 2068 2473 Conte-

460 2511 631 2566 lorius
662 2510 731 2566 de
758 2509 1017 2565 Canoniz.
1061 2509 1244 2566 Sanct.
1293 2525 1347 2564 ιι.
1397 2509 1484 2577 17,
1530 2509 1742 2565 Troilus
1783 2507 2066 2566 Malvetius

461 2601 592 2656 dub.
635 2600 671 2654 2
718 2616 750 2656 a
795 2616 924 2656 num
954 2599 1016 2666 1,
1049 2599 1377 2670 Augustinus
1402 2599 1727 2671 Triumphus
1754 2599 1823 2655 de
1857 2598 2059 2655 Potest.

460 2691 718 2749 Ecclesia:
751 2693 1052 2763 quaestione
1073 2691 1142 2745 l4
1170 2707 1319 2747 num.
1345 2690 1410 2755 2,
1444 2700 1500 2746 et
1527 2692 1650 2757 alii,
1682 2692 2060 2748 communiter.

461 2792 490 2823 ι
515 2783 764 2840 Vexabat
793 2795 922 2841 tunc
949 2784 1142 2840 Attilas
1170 2785 1463 2840 saevissime
1488 2784 1714 2850 Italiam,
1743 2801 1866 2841 cum
1886 2783 2062 2857 Chry-

459 2875 681 2946 sologus
707 2877 957 2945 migravit
983 2877 1040 2931 in
1067 2877 1265 2932 cmlum
1293 2895 1305 2930 :
1335 2877 1536 2933 idcirco
1580 2887 1898 2948 sumptuosa
1946 2878 2064 2947 ejus

459 2969 709 3040 corporis
728 2969 960 3024 elevalio
978 3010 994 3036 ,
1027 2984 1123 3024 seu
1145 2970 1432 3026 collocatio
1460 2969 1623 3024 dilata
1645 2969 1744 3024 fuit
1767 2970 1836 3025 ad
1861 2985 2063 3026 annum

461 3065 676 3120 Domini
719 3063 1311 3135 quadringentesimum
1355 3065 1856 3136 quinquagesimum
1899 3066 2060 3136 quin-

463 3165 607 3221 tum,
651 3155 705 3210 in
734 3170 844 3226 quo
885 3157 1193 3226 sepulcrum
1221 3157 1518 3225 gloriosum
1547 3155 1894 3230 Chrysologi,
1939 3158 2060 3227 glo-

2162 579 2358 634 corpus
2410 563 2471 618 D.
2495 562 2813 636 Chrysologi
2879 563 3055 619 denuo
3123 562 3352 631 legimus
3399 561 3758 618 collocatum.

2163 654 2402 712 Diximus
2423 664 2547 728 post
2569 669 2739 712 annos
2766 654 2922 722 1042,
2960 655 3087 724 quia
3114 669 3238 711 cum
3263 653 3394 710 dicit
3419 651 3681 711 Phaellus
3703 654 3762 711 in

2163 767 2260 808 sua
2281 751 2508 822 epistola
2539 770 2551 804 :
2585 749 2720 806 Fide
2747 750 3022 821 proﬁteor,
3061 766 3092 803 a
3120 749 3571 820 quatricentesimo
3605 749 3768 822 quin-

2110 862 2115 866 '
2163 845 2456 918 quagesinto
2489 843 2666 915 quinto
2688 858 2824 897 anno
2853 843 3070 897 concivis
3099 841 3262 896 nostri
3291 838 3600 913 Chrysologi
3639 855 3767 896 cor-

2163 953 2259 1008 pus
2287 935 2570 1007 honoriﬁce
2596 935 2867 1007 sepultum,
2892 935 3118 1006 propriis
3156 933 3394 988 manibus
3429 939 3765 997 attrectasse,

2165 1035 2293 1094 etc.,
2333 1042 2442 1082 non
2463 1027 2578 1082 vult
2613 1025 2821 1092 dicere,
2855 1032 2940 1080 tot
2973 1023 3348 1079 tantummodo
3383 1022 3770 1079 intercessisse

2165 1135 2336 1176 annos
2375 1117 2481 1174 455
2515 1134 2548 1174 a
2593 1119 2867 1190 sepultura
2910 1118 3230 1190 Chrysologi
3269 1132 3439 1187 usque
3487 1117 3558 1172 ad
3603 1131 3768 1172 suum

2165 1223 2406 1286 tempus;
2438 1231 2563 1271 cum
2584 1215 2650 1270 ab
2679 1230 2822 1270 anno
2845 1212 2967 1280 450,
2993 1229 3101 1282 quo
3129 1210 3496 1284 Chrysologus
3526 1212 3638 1266 vita
3666 1209 3772 1264 fuit

2165 1309 2397 1377 functus,
2441 1325 2612 1381 usque
2639 1310 2707 1366 ad
2747 1308 2953 1365 Phaelli
2994 1316 3206 1378 tempus
3251 1306 3594 1362 decurrerint
3615 1303 3773 1359 mille

2165 1404 2517 1474 quadraginta
2551 1403 2658 1458 duo
2698 1403 2824 1457 anni
2852 1420 2864 1454 :
2890 1401 3006 1457 vult
3032 1401 3176 1455 enim
3221 1399 3514 1454 memorari
3558 1409 3772 1451 annum

2165 1495 2291 1560 455,
2325 1497 2377 1550 in
2399 1511 2507 1565 quo
2529 1504 2652 1566 post
2674 1494 2854 1550 Attilae
2892 1491 3158 1563 ﬂagellum
3187 1507 3384 1562 corpus
3429 1491 3493 1545 D.
3525 1488 3773 1560 Chryso-

2166 1590 2273 1660 logi
2300 1589 2399 1645 fuit
2425 1589 2712 1660 sepultum,
2746 1595 2801 1642 et
2823 1587 2889 1642 ad
2917 1586 3145 1642 sublime
3173 1585 3461 1650 elevatum,
3503 1582 3585 1636 uti
3621 1578 3773 1636 dixi-

2167 1699 2286 1740 mus
2310 1697 2468 1754 supra
2501 1681 2529 1753 §
2559 1680 2614 1747 4,
2638 1695 2788 1736 num.
2814 1677 2900 1736 12.

2403 1821 2432 1893 §
2456 1819 2524 1875 γ.
2555 1817 2634 1874 De
2661 1818 2883 1890 Scriptis
2905 1817 3008 1872 divi
3030 1815 3176 1872 Petri
3197 1813 3524 1888 Chrysologi.

2242 1956 2327 2010 l4.
2368 1954 2660 2012 Sermones
2681 1953 2745 2009 D.
2779 1951 2925 2010 Petri
2952 1951 3294 2025 Chrysologi,
3325 1949 3419 2021 qui
3450 1947 3619 2005 modo
3653 1945 3778 2018 ejus

2170 2049 2388 2104 nomine
2411 2046 2642 2103 volitant
2663 2087 2678 2112 ,
2711 2054 2767 2101 et
2794 2045 3009 2100 assidue
3036 2045 3272 2100 citantur
3295 2043 3349 2098 in
3389 2041 3634 2113 pergulis
3658 2079 3676 2106 ,
3719 2039 3779 2095 in

2171 2156 2395 2196 numero
2425 2148 2550 2195 sunt
2586 2154 2800 2194 cnxxvr.
2849 2137 3117 2208 Incipiunt
3163 2152 3193 2190 a
3238 2149 3494 2191 sermone
3534 2133 3600 2189 de
3626 2131 3779 2188 Filio

2169 2234 2406 2306 prodigo,
2431 2232 2513 2288 his
2541 2232 2718 2287 verbis
2742 2249 2754 2284 :
2784 2229 2957 2286 Hodie
2985 2230 3132 2285 nobis
3153 2228 3431 2295 Dominus,
3468 2235 3601 2292 etc.,
3629 2234 3687 2282 et
3710 2222 3779 2278 ii-

2169 2325 2324 2380 niunt
2345 2338 2594 2379 sermone
2615 2324 2678 2377 de
2693 2321 2863 2390 Caco,
2886 2321 3037 2378 hisce
3061 2321 3270 2376 verbis:
3291 2320 3483 2392 Surget
3500 2320 3557 2372 in
3577 2318 3776 2390 gloria.

2167 2415 2276 2472 Sed
2300 2431 2368 2472 ex
2393 2415 2478 2471 his
2519 2415 2624 2470 176
2652 2414 2887 2470 homiliis
2911 2453 2926 2478 ,
2958 2413 3073 2469 sive
3117 2411 3480 2474 sermonibus,
3523 2425 3624 2465 sex
3663 2423 3780 2465 non

2165 2518 2290 2566 sunt
2333 2510 2396 2564 D.
2428 2507 2768 2583 Chrysologi,
2802 2507 2958 2578 juxta
3003 2506 3428 2578 probabiliorem
3468 2504 3782 2575 peritorum

2166 2604 2476 2676 Opinionem
2509 2622 2522 2656 :
2548 2618 2673 2658 nam
2700 2617 2878 2658 sermo
2903 2599 2972 2656 5'5
2993 2616 3024 2656 a
3049 2599 3108 2656 S.
3137 2599 3487 2664 Barbatiano,
3520 2595 3782 2652 Placidia:

2165 2697 2523 2770 imperatricis
2548 2712 2579 2750 a
2603 2695 2864 2760 consiliis,
2900 2695 3240 2764 conscriptus
3281 2691 3544 2748 creditur.
3575 2687 3780 2744 Sermo

2166 2798 2347 2846 autem
2375 2788 2478 2842 107
2517 2786 2575 2843 S.
2600 2786 2827 2859 Adelphi
2853 2786 3094 2858 episcopi
3121 2785 3378 2842 Metensis
3406 2799 3545 2854 opus
3573 2791 3680 2848 est,
3721 2787 3782 2837 et

2164 2883 2232 2938 ab
2261 2885 2432 2938 altero
2463 2882 2604 2937 illius
2633 2880 2892 2952 temporis
2911 2878 3195 2935 sacerdote
3220 2891 3404 2934 sermo
3433 2873 3539 2929 129
3561 2882 3621 2929 et
3639 2874 3782 2930 scri-

2163 2984 2288 3048 ptus
2311 2983 2368 3030 et
2394 2975 2747 3030 concionatus
2771 2971 2890 3028 fuit.
2921 2971 2978 3026 S.
3001 2969 3306 3027 Germanus
3335 2970 3631 3040 episcopus
3661 2966 3781 3022 An-

2165 3066 2536 3123 tisiodorensis
2564 3080 2872 3122 sermonem
2898 3053 3000 3119 158
3029 3061 3264 3118 confecit
3294 3079 3312 3118 :
3337 3062 3478 3118 sicut
3500 3060 3672 3116 etiam
3697 3057 3785 3114 di-

2163 3159 2329 3214 ctavit
2350 3171 2656 3214 sermonem
2689 3153 2793 3210 449
2818 3155 2879 3209 D.
2910 3154 3236 3210 Severianus
3257 3154 3550 3224 episcopus
3590 3149 3785 3206 Gaba-

459 3246 633 3310 riose,
666 3255 1118 3317 sumptuoseque,
1165 3248 1416 3316 expensis
1442 3247 1942 3304 Forocorneliensis
1969 3264 2060 3306 ec-
2085 3248 2130 3310 C
2163 3251 2346 3308 lensis.
2366 3249 2614 3306 Econtra
2636 3263 2766 3303 vero
2793 3247 2968 3302 eidem
2986 3245 3284 3301 Severiano
3312 3245 3571 3299 tribuitur
3589 3256 3788 3297 sermo

459 3339 638 3395 clesitc
655 3381 669 3406 ,
697 3339 1118 3394 condecoratum
1162 3337 1290 3404 fuit,
1319 3347 1376 3394 et
1408 3339 1524 3409 ejus
1550 3343 1795 3411 corporis
1814 3342 2061 3413 jaspidea

459 3447 595 3488 urna
620 3433 674 3487 in
697 3431 926 3487 sublime
955 3441 1167 3495 erecta,
1203 3447 1399 3502 magna
1429 3449 1553 3488 cum
1582 3435 1934 3491 veneratione
1964 3451 2061 3491 ex-

459 3532 650 3580 ornata
679 3523 798 3578 fuit.
841 3521 1115 3579 Successit
1155 3521 1492 3596 Chrysologo
1521 3525 1573 3579 in
1603 3526 1918 3597 episc0patu
1947 3526 2058 3582 Ra-

458 3630 648 3672 venna}
693 3617 776 3672 vir
814 3616 1246 3672 modestissimus
1294 3624 1350 3672 et
1395 3615 1424 3656 ι)
1465 3617 1857 3675 eruditissimus
1904 3619 2058 3676 Neon

457 3709 559 3765 sub
606 3709 800 3765 eodem
845 3707 1030 3764 Leone
1069 3723 1209 3780 papa
1251 3707 1306 3774 l,
1358 3709 1426 3764 ad
1471 3724 1634 3780 quem
1675 3711 1790 3781 ipse
1815 3710 2059 3782 pontifex

458 3800 747 3872 quamdam
787 3801 1004 3872 scripsit
1043 3800 1356 3872 epistolam,
1386 3816 1508 3871 quae
1533 3803 1674 3857 inter
1701 3801 1898 3859 Leonis
1943 3804 2058 3874 epi-

457 3896 629 3951 stolas
655 3895 986 3965 trigesimum
1013 3895 1302 3965 septimum
1330 3895 1432 3949 sibi
1455 3895 1692 3951 vindicat
1718 3895 1917 3952 locum.

527 3991 616 4046 l3.
657 3989 943 4046 Brachium
972 3989 1029 4044 S.
1073 3987 1220 4043 Petri
1263 3986 1600 4060 Chrysologi,
1627 4005 1760 4046 auro
1807 3999 2057 4046 ornatum

455 4093 513 4141 et
535 4085 782 4154 gemmis,
814 4084 1082 4153 integrum
1112 4090 1168 4137 et
1189 4083 1413 4137 illaesum
1438 4099 1611 4153 usque
1637 4085 1799 4141 hodie
1821 4085 2052 4151 videtur,

457 4185 824 4232 etveneratur
849 4177 902 4230 in
948 4176 1143 4230 Ursina
1173 4174 1304 4229 sede
1343 4173 1635 4230 Ravenna;
1667 4175 1926 4232 Similiter
1953 4178 2053 4233 ha-

455 4267 614 4323 betur
639 4268 770 4322 inibi
799 4267 915 4335 ejus
930 4275 1186 4335 argentea
1214 4277 1234 4305 ο
1260 4265 1464 4336 patina,
1484 4281 1604 4335 quae
1625 4268 1702 4322 sic
1719 4270 1927 4326 cunctis
1945 4278 2054 4326 tam

455 4363 612 4432 aegris
643 4377 806 4432 quam
846 4361 1250 4416 valetudinariis
1288 4359 1527 4430 proﬁcua
1557 4370 1676 4427 est,
1705 4370 1765 4417 ιιι
1793 4378 1932 4433 aqua
1957 4379 2056 4435 per

457 4470 576 4512 eam
602 4452 834 4508 demissa
861 4459 917 4507 et
959 4467 990 4506 a
1037 4451 1283 4505 ﬁdelibus
1324 4459 1510 4521 potata
1535 4493 1549 4518 ,
1583 4460 1637 4506 et
1667 4467 1696 4506 a
1736 4454 2055 4523 pestilentiis

455 4554 767 4620 praeservet,
811 4553 867 4600 et
893 4545 1040 4600 canis
1087 4543 1258 4598 rabidi
1305 4560 1542 4599 morsum
1589 4554 1778 4611 sanet,
1811 4546 2054 4618 aliosque

453 4641 635 4697 varios
663 4637 962 4694 medicetur
990 4636 1229 4690 morbos.
1261 4634 1399 4690 Hinc
1428 4638 1601 4704 venit,
1632 4646 1691 4692 ut
1719 4654 1910 4695 omnes
1955 4642 2048 4710 qui

453 4731 724 4804 praedictis
749 4737 998 4785 tenentur
1032 4726 1270 4783 febribus
1295 4767 1310 4792 ,
1361 4727 1429 4782 ad
1457 4730 1718 4784 tumulum
1765 4743 2050 4788 accurraut

452 4823 791 4896 Chrysologi,
816 4821 910 4890 qui
924 4821 1208 4875 sanitatem
1231 4818 1375 4874 illico
1395 4830 1813 4889 consequuntur.
1837 4822 2049 4894 Corpus

453 4917 513 4973 Β.
543 4913 864 4988 Chrysologi
893 4922 1017 4984 post
1043 4911 1180 4965 1042
1205 4927 1396 4976 annos,
1430 4912 1799 4985 incorruptum
1828 4926 1884 4973 et
1911 4919 2045 4974 illa:-

452 5025 573 5065 sum
596 5008 872 5062 inventum
901 5005 1098 5075 legitur
1119 5003 1187 5059 ab
1213 5004 1468 5075 episcopo
1515 5014 1571 5060 et
1607 5007 1753 5064 clero
1781 5009 2049 5067 Forocor-

453 5100 709 5156 neliensis
746 5099 1008 5154 ecclesiae.
1041 5095 1235 5153 Postea
1264 5099 1407 5153 enim
1431 5140 1444 5165 ,
1492 5116 1635 5157 anno
1662 5103 1912 5160 videlicet
1937 5106 2046 5162 Do-

453 5193 585 5247 mini
617 5189 774 5257 1497,
805 5190 894 5246 die
920 5187 991 5243 29
1019 5189 1280 5259 Augusti,
1313 5191 1412 5246 sub
1434 5191 1741 5251 Alexandro
1769 5213 1907 5268 papa
1937 5197 2006 5253 Vl
2027 5240 2042 5267 ,

454 5297 553 5355 per
578 5283 892 5354 episcopum
916 5279 1182 5337 Ravennae
1203 5281 1479 5340 Simonem
1508 5294 1564 5341 et
1591 5288 1914 5346 cathedralis
1957 5305 2048 5346 ec-

529 5497 554 5524 α
584 5486 827 5557 Direptio
844 5486 1141 5560 italiagper
1168 5487 1390 5543 Attilam
1419 5490 1642 5560 incocpit
1668 5506 1813 5547 anno
1841 5490 1964 5558 452,
1993 5500 2052 5547 et

456 5559 582 5615 dum
608 5559 964 5681 properabat,
1010 5557 1281 5615 Ravenna:
1318 5560 1544 5616 sedebat
1563 5557 1806 5617 Joannes
1833 5557 2047 5632 episco-

456 5643 575 5681 nus.
635 5627 686 5681 ‘x
714 5644 823 5681 auo
851 5630 1204 5681 ponderosius
1233 5632 1440 5681 eruitur
1459 5640 1852 5681 amumentum.
1877 5630 2047 5681 Chrv—

453 5643 575 5705 pus.
608 5627 686 5705 lix
714 5644 823 5698 quo
851 5630 1204 5700 ponderosius
1233 5632 1440 5705 eruitur
1459 5627 2050 5705 argumentum—Chry-

456 5700 628 5772 sologi
658 5709 887 5772 mortem
915 5710 1039 5772 post
1066 5718 1269 5758 annum
1297 5700 1397 5755 451
1431 5702 1637 5756 retrahi
1665 5717 1775 5756 non
1801 5716 1978 5771 posse.

457 5857 582 5903 nem
609 5839 772 5900 fuisse
792 5839 1510 5918 Chrysologi‘successor‘em
1533 5882 1548 5910 ,
1582 5842 1793 5900 abunde
1819 5841 2046 5902 Bacchi-

2079 4610 2134 4670 D

2164 3341 2286 3409 152,
2316 3358 2440 3398 cum
2467 3356 2596 3397 vere
2640 3338 2963 3412 Chrysologi
3003 3339 3092 3400 sit,
3124 3347 3183 3392 ut
3212 3337 3380 3408 stylus
3417 3343 3475 3390 et
3501 3334 3623 3406 ipsa
3669 3327 3790 3389 do-

2163 3436 2338 3491 ctrina
2365 3435 2496 3489 satis
2523 3432 2902 3503 comprobant.
2917 3429 3211 3485 Sermones
3237 3426 3303 3482 50
3320 3437 3378 3483 et
3397 3424 3501 3480 127
3526 3423 3788 3482 nonnulli

2163 3525 2465 3582 attribuunt
2492 3524 2553 3579 D.
2581 3522 2779 3580 Joanni
2805 3522 3194 3595 Chrysostomo
3215 3563 3230 3587 ,
3272 3535 3398 3576 cum
3426 3520 3542 3575 sint
3569 3533 3708 3576 vere
3751 3535 3787 3574 a

2161 3615 2498 3690 Chrysologo
2538 3615 2866 3672 concionati.
2913 3613 3122 3669 Videsis
3178 3614 3322 3669 circa
3368 3610 3519 3668 dicta
3563 3619 3786 3667 tomum

2162 3710 2408 3781 quintum
2433 3709 2782 3766 Bibliotheca:
2806 3719 3050 3765 veterum
3078 3706 3318 3772 Patrum,
3344 3715 3557 3777 quartae
3579 3705 3787 3762 editio-

2161 3803 2266 3866 nis,
2298 3803 2354 3857 in
2394 3801 2702 3872 principio:
2732 3799 2826 3855 ubi
2864 3799 3105 3871 reperies
3143 3799 3440 3854 nonnullos
3485 3810 3788 3853 sermones

2160 3894 2298 3951 falso
2321 3895 2484 3950 tribui
2507 3893 2844 3967 Chrysologo
2868 3936 2883 3960 ,
2914 3895 3007 3963 qui
3037 3909 3144 3947 non
3175 3899 3302 3947 sunt
3331 3890 3479 3960 ejus;
3508 3898 3568 3946 et
3607 3888 3786 3959 aliqui

2163 4004 2194 4044 e
2218 3997 2406 4045 contra
2435 3990 2529 4058 qui
2556 3996 2682 4044 sunt
2721 3986 3060 4060 Chrysologi,
3089 3986 3254 4042 modo
3284 3985 3351 4040 D.
3390 3983 3740 4058 Hieronymo
3764 4024 3783 4052 ,

2161 4085 2324 4141 modo
2355 4084 2416 4139 Ι).
2447 4082 2835 4157 Chrysostomo
2857 4081 3079 4152 injungi.

2233 4177 2320 4234 15.
2361 4177 2565 4234 Pimter
2591 4176 2930 4249 supradictas
2951 4191 3230 4232 sermones
3254 4216 3270 4242 ,
3300 4175 3471 4230 multa
3497 4175 3608 4230 alia
3639 4175 3786 4230 scri-

2159 4274 2268 4344 psit
2305 4270 2700 4345 Chrysologus,
2745 4286 2866 4341 qua:
2901 4271 3163 4341 temporis
3207 4279 3482 4326 vetustate
3529 4272 3783 4342 periere.

2159 4365 2386 4438 Scripsit
2406 4367 2650 4436 quaedam
2673 4365 3082 4430 commentaria,
3107 4371 3163 4420 et
3191 4365 3483 4420 nonnullas
3507 4365 3787 4435 epistolas

2159 4468 2347 4516 contra
2371 4459 2619 4525 Arianos,
2648 4473 2768 4528 qua:
2796 4473 2900 4512 una
2924 4473 3044 4512 cum
3069 4455 3415 4512 sennonibus
3453 4455 3553 4510 171
3590 4475 3622 4512 a
3656 4458 3786 4514 viro

2159 4553 2328 4608 nobili
2356 4552 2694 4606 Balthassare
2715 4550 2782 4605 de
2802 4547 3057 4620 Prosapia
3071 4547 3416 4622 Chrysologi,
3442 4548 3633 4605 [molas
3655 4564 3785 4606 ser-

2157 4654 2300 4710 vata,
2330 4652 2386 4699 et
2406 4644 2472 4698 ad
2500 4658 2695 4713 purum
2723 4641 2873 4697 fuere
2900 4640 3140 4696 redacta.
3185 4641 3256 4695 At
3297 4656 3422 4696 cum
3445 4641 3531 4696 vir
3573 4641 3681 4698 iste
3719 4641 3786 4698 in

2157 4737 2455 4800 obsidione,
2482 4743 2537 4790 et
2557 4732 2772 4806 tyranni
2801 4731 3125 4786 Theudorici
3144 4729 3606 4803 Ostrogothorum
3626 4736 3786 4805 regis

2154 4830 2551 4900 persecutione,
2576 4825 2785 4882 carceri
2823 4823 3161 4893 mancipatus
3191 4824 3262 4879 ob
3299 4823 3687 4882 defensionem
3713 4827 3786 4881 ti-

2153 4923 2280 4986 dei,
2319 4922 2446 4977 inibi
2493 4919 2669 4975 inedia
2704 4924 3055 4986 consumptus
3097 4914 3306 4984 ﬁniret;
3355 4917 3538 4989 Opera
3582 4922 3784 4978 omnia

2155 5013 2474 5086 Chrysologi
2504 5012 2571 5065 ab
2611 5009 2802 5065 eodem
2827 5009 2944 5064 viro
2967 5008 3259 5077 custodita,
3309 5011 3432 5080 igne
3475 5015 3785 5073 combusta

2153 5107 2363 5178 periere
2391 5105 2445 5158 in
2467 5100 2888 5170 conﬂagratione
2911 5101 3002 5156 illa
3031 5116 3151 5171 qum
3180 5116 3356 5157 saevus
3379 5103 3473 5161 ille
3494 5113 3791 5179 tyrannus

2155 5201 2465 5254 Ravennam
2514 5203 2570 5251 et
2611 5193 3055 5250 Forocornelium
3093 5195 3406 5251 immaniter
3454 5196 3791 5256 devastavit

2153 5294 2296 5350 circa
2318 5305 2517 5346 annum
2539 5287 2753 5343 Domini
2775 5285 2896 5341 524.
2915 5285 3023 5343 Sed
3047 5287 3174 5358 quia
3200 5288 3309 5344 alia
3330 5289 3628 5360 originalia
3652 5306 3787 5348 ma-

2152 5501 2272 5548 nius
2301 5501 2576 5564 expungit.

2153 5633 2194 5646 h
2227 5563 2364 5646 αρε
2383 5565 2485 5618 hac
2509 5562 2958 5646 dissertatis?ng
2990 5563 3274 5646 adornavit
3316 5567 3783 5646 abbasJoanines

2153 5633 2693 5704 Pastritius,eam_qug
2723 5633 2890 5688 edidit
2917 5631 3105 5688 Romae
3135 5636 3276 5704 typis
3304 5637 3532 5698 Antonii
3559 5645 3635 5701 de
3652 5631 3782 5703 Ro;

595 5701 628 5775 gi
658 5709 887 5775 mortem
915 5710 1039 5772 post
1066 5718 1269 5775 annum
1297 5701 1397 5755 451
1431 5702 1637 5756 retrahi
1665 5717 1775 5756 non
1801 5701 2003 5775 posseﬁ
2149 5704 2266 5759 beis
2293 5717 2435 5758 anno
2465 5701 2621 5775 17062
2651 5701 2766 5772 Ego
2792 5704 2954 5775 etiam
2979 5701 3222 5775 [monii—3i]
3258 5706 3328 5763 de
3370 5725 3436 5764 ea
3467 5701 3779 5775 comma}.

531 5771 556 5809 δ
578 5771 954 5845 conjecturam
989 5789 1058 5828 ex
1089 5787 1196 5844 qua
1229 5774 1578 5842 desumpsere
1602 5781 1870 5845 auctores,
1901 5773 2046 5829 heo-
2149 5782 2294 5828 tatus
2339 5788 2466 5845 sum
2503 5774 2557 5829 iu
2607 5771 2868 5845 opusculo
2901 5771 3108 5834 Pubuci

2153 5782 2296 5901 ἔιῗῖἓὲ
2503 5774 2557 5829 iu
2607 5771 2868 5845 opusculo
2901 5771 3108 5834 Pubuci
3150 5771 3296 5837 Juris
3335 5777 3485 5842 facto
3529 5771 3784 5868 Neapoli
