3964 6350
191 372 261 428 ιι
1360 356 1733 417 PREFATIO
1772 353 2076 414 nontam
2115 355 2321 413 sum.
3427 373 3498 432 η

195 483 508 557 nuscripta,
562 497 596 538 c
634 476 828 552 quibus
872 474 1056 532 forsan
1099 470 1380 528 Balthasar
1427 472 1517 525 ille
1567 485 1664 524 sua
1709 467 1805 521 de-
1839 472 1884 528 Α
1915 487 2109 541 tissime
2135 486 2232 557 ﬁli.
2260 485 2499 542 Habetur
2524 487 2638 544 haec
2660 488 2887 559 epistola
2914 491 2966 546 in
2998 492 3256 553 Vaticano
3285 501 3498 561 n.2574

197 585 552 651 prompserat
579 572 939 644 exemplaria,
965 569 1147 625 nescio
1175 583 1284 638 quo
1325 565 1504 621 abdita
1540 565 1594 618 in
1623 561 1803 617 Theo-

199 671 382 727 dorici
410 668 730 731 invasione,
769 664 934 718 illaesa
977 668 1188 732 reperta
1230 669 1395 715 sunt:
1428 665 1615 730 postea
1659 669 1802 710 anno

196 763 420 820 Domini
467 760 588 824 700,
622 769 871 829 tempore
918 754 1160 810 Damiani
1207 752 1446 824 episc0pi
1475 749 1804 805 Ravennatis

197 853 446 916 XXXIX,
479 851 712 908 ﬂammis
732 866 860 906 casu
878 857 992 904 tota
1014 845 1457 918 archiepiscopali
1479 843 1803 899 bibliotheca

197 948 487 1011 devorata,
517 944 715 1000 iterum
744 956 910 1014 Opera
937 937 1260 1012 Chrysologi
1275 953 1430 1010 passa
1452 944 1577 992 sunt
1602 935 1798 1004 ignem.

197 1038 413 1096 Inventi
437 1047 568 1095 sunt
604 1037 711 1093 hoc
744 1051 886 1091 anno
915 1035 970 1090 in
998 1033 1162 1089 domo
1191 1031 1468 1102 cujusdam
1507 1026 1803 1084 doctissimi

201 1130 505 1188 sacerdotis
545 1128 841 1186 Sermones
881 1125 1201 1198 Chrysologi
1244 1123 1368 1188 176,
1399 1123 1492 1192 qui
1533 1135 1675 1176 nunc
1709 1134 1804 1174 ex-

203 1233 383 1290 stant,
416 1239 544 1280 cum
575 1221 816 1295 Epistola
843 1219 910 1275 ad
933 1218 1232 1291 Eutychen.

277 1316 362 1370 16.
406 1314 619 1371 Accidit
643 1315 823 1384 itaque
860 1311 1028 1368 nostri
1080 1307 1398 1382 Cbrysologi
1422 1316 1700 1378 tempore,
1749 1314 1808 1361 ut

199 1407 479 1482 Eutycbes
506 1407 836 1480 Byzantinus
872 1404 1038 1460 abbas
1065 1409 1361 1474 ponentum
1383 1399 1632 1472 praesidio
1655 1397 1808 1468 adju-

203 1513 292 1558 tus
317 1511 376 1558 et
396 1500 650 1557 suffultus
666 1499 942 1572 juvamine
969 1497 1376 1567 malignantium
1401 1536 1416 1561 ,
1446 1500 1711 1565 przctextu
1739 1489 1805 1544 ﬁ-

201 1595 309 1660 dei,
325 1592 614 1651 confidens
635 1603 690 1649 et
709 1592 1031 1664 promittens
1055 1606 1114 1646 se
1135 1599 1323 1646 contra
1345 1587 1649 1643 Nestorium
1675 1584 1808 1641 scri-

201 1686 332 1742 bere
351 1687 470 1758 (qui
493 1686 726 1742 docebat
745 1685 878 1740 duas
899 1684 951 1738 in
967 1680 1180 1737 Christo
1200 1679 1364 1736 fuisse
1384 1677 1688 1751 personas),
1711 1692 1810 1747 per

207 1794 366 1834 omne
389 1779 682 1849 imperium
710 1775 1023 1832 hmreticam
1051 1773 1348 1842 falsamque
1387 1772 1682 1827 seminaret
1709 1770 1807 1825 do-

1905 587 1961 634 ct
1988 577 2147 643 2580,
2191 586 2245 634 et
2287 586 2418 635 tom.
2459 576 2505 634 II
2533 578 2896 638 Conciliorum
2947 585 2999 640 in
3043 592 3383 658 prmambulis
3427 598 3497 653 ad

1905 671 2346 729 Cbalcedonense
2370 674 2423 728 in
2450 674 2733 745 principio,
2761 692 2828 732 ex
2851 678 3094 750 impress.
3127 682 3369 743 Coloniae
3394 704 3496 746 an-

1908 781 1979 821 no
2009 765 2222 822 Domini
2251 763 2406 820 16M.
2431 765 2660 822 Adducit
2687 769 2846 823 etiam
2874 770 3181 830 Dominicus
3215 776 3342 834 Mita
3369 779 3496 838 Fic-

1909 858 2062 913 chius
2103 857 2156 913 in
2200 857 2466 928 principio
2509 857 2827 915 Sermonum
2855 861 2916 916 D.
2954 861 3098 920 Petri
3127 865 3447 942 Chrysologi
3478 849 3522 928 τ’

1908 965 2072 1020 quam
2094 949 2226 1007 citat
2254 967 2322 1006 ex
2363 949 2651 1022 Rodulpho
2699 953 2754 1008 in
2779 952 2900 1009 Vita
2931 953 3248 1030 Chrysologi
3272 1002 3288 1028 ,
3336 973 3392 1020 et
3429 982 3498 1022 ex

1910 1043 2148 1100 archivio
2171 1052 2389 1099 senatus
2409 1043 2708 1100 lmolensis.

1981 1134 2068 1189 17.
2112 1133 2240 1192 Post
2262 1136 2485 1192 citatum
2516 1137 2832 1194 Damianum
2867 1139 3138 1200 Ravenna:
3164 1148 3495 1222 episcopum,

1910 1241 2192 1284 successor
2220 1227 2336 1298 ejus
2379 1227 2442 1283 B.
2473 1228 2625 1284 Felix
2659 1231 3100 1304 quadragesimus
3125 1237 3500 1299 Ravennatum

1910 1320 2365 1391 archiepiscopus,
2396 1322 2540 1379 circa
2565 1338 2765 1380 annum
2807 1325 3020 1383 Domini
3049 1329 3151 1384 715
3173 1373 3189 1399 ,
3221 1349 3502 1393 sermones

1909 1409 2229 1486 Chrysologi
2256 1415 2572 1485 recollegit,
2615 1425 2671 1472 et
2697 1418 2899 1476 selecta
2940 1423 3156 1494 scripsit
3197 1428 3375 1483 serie:
3406 1432 3502 1500 qui

1912 1507 2262 1578 manuscripti
2283 1525 2424 1564 nunc
2445 1517 2660 1565 exstant
2683 1511 2737 1566 in
2760 1521 2945 1570 nostra
2964 1513 3255 1588 Seraphica
3267 1519 3502 1578 Caesena:

1912 1610 2210 1658 conventus
2235 1603 2578 1662 bibliotheca.
2606 1603 2736 1662 Post
2755 1608 3071 1679 prodierunt
3091 1613 3267 1683 primo
3292 1655 3307 1680 ,
3336 1631 3502 1688 opera

1912 1701 1967 1747 et
1988 1692 2173 1749 labore
2193 1693 2406 1766 Agapiti
2431 1694 2699 1753 Vicentini
2725 1701 2952 1757 rectoris
2985 1705 3370 1763 canonicorum
3400 1708 3504 1764 La-

1912 1786 2296 1854 teranensium,
2329 1804 2471 1846 anno
2514 1787 2670 1845 1554.
2717 1790 2827 1849 Eos
2855 1796 3163 1852 emendavit
3211 1811 3398 1870 postea
3446 1802 3500 1857 in

208 1871 438 1928 cuinam
464 1910 480 1935 ,
527 1870 762 1926 edocens
782 1867 1018 1962 divinam
1036 1863 1240 1962 Christi
1269 1873 1509 1962 naturam
1698 1861 1795 1916 hu-
1831 1866 1880 1928 B
1906 1876 2088 1933 multis
2111 1877 2174 1934 F.
2198 1877 2390 1936 Petrus
2411 1879 2725 1952 Rodulphus
2745 1885 3032 1958 episcopus
3058 1861 3497 1962 Senogalliensis,

207 1979 365 2020 mana
406 1964 466 2019 in
521 1963 663 2018 idem
707 1961 985 2018 recidisse.
1035 1959 1186 2016 Hanc
1226 1958 1475 2014 haeresim
1523 1957 1808 2011 Flavianus
1863 1965 1866 1968 ‘

209 2057 500 2128 episcopus
519 2055 848 2127 Byzantinus
874 2054 928 2108 in
976 2053 1184 2125 synodo
1220 2059 1409 2107 contra
1451 2049 1806 2122 Eutychetem

209 2156 538 2218 congregata
561 2146 836 2202 damnavit
861 2165 873 2198 :
907 2153 963 2200 et
986 2144 1053 2199 ad
1081 2143 1320 2199 Leonem
1361 2141 1672 2214 pontilicem
1703 2141 1806 2195 hu~

203 2238 291 2308 jus
321 2239 562 2294 nominis
581 2239 812 2309 primum
834 2277 850 2301 ,
894 2237 948 2292 in
971 2236 1205 2292 concilio
1234 2243 1354 2291 acta
1383 2235 1584 2291 remitti
1626 2234 1806 2305 jussit.

206 2328 440 2387 Sanctus
469 2331 632 2400 igitur
657 2328 901 2401 pontifex
929 2327 1059 2395 Leo,
1100 2328 1170 2384 de
1195 2327 1444 2383 facundia
1467 2367 1482 2392 ,
1514 2327 1810 2383 subtilitate

207 2431 265 2478 et
287 2421 538 2478 doctrina
570 2422 632 2475 D.
656 2419 975 2493 Chrysologi
998 2420 1139 2476 bene
1167 2420 1452 2486 conscius“,
1485 2435 1607 2474 eum
1637 2419 1704 2474 ad
1752 2434 1812 2474 se

205 2514 448 2576 vocavit,
473 2521 534 2568 et
561 2522 686 2585 post
702 2513 847 2568 varia
875 2512 1115 2568 resoluta
1138 2512 1320 2575 dubia,
1345 2512 1670 2584 encyclicam
1693 2512 1812 2583 epi-

205 2605 405 2662 stolam
427 2605 649 2675 (nempe
672 2604 1011 2669 circularem,
1043 2618 1110 2659 eo
1130 2603 1275 2672 quod
1304 2603 1370 2658 ad
1398 2603 1579 2674 plures
1607 2603 1812 2658 eisdem

204 2698 402 2755 fuisset
426 2699 624 2769 scripta
653 2697 855 2768 verbis)
895 2681 1099 2751 dictare
1127 2704 1182 2751 et
1204 2696 1439 2753 scribere
1461 2695 1620 2766 jussit
1643 2694 1814 2770 Chry-

207 2793 405 2863 sologo
440 2807 644 2863 :quam
681 2792 762 2846 uti
804 2791 1020 2861 dignam
1068 2799 1219 2846 tanto
1265 2791 1500 2856 nomine,
1544 2792 1659 2862 ipse
1702 2790 1814 2847 Leo

205 2881 462 2955 pontifex
485 2882 706 2954 proprio
740 2881 957 2936 nomine
985 2880 1295 2936 decoratam
1324 2881 1533 2937 remisit
1559 2881 1814 2938 Flaviano

207 2975 821 3046 Constantinopolitano
843 2975 1120 3046 episcopo.
1146 2973 1338 3048 incipit
1361 2976 1620 3048 epistola:
1647 2975 1816 3033 Lectis

215 3069 516 3123 dilectionis
539 3079 638 3124 tute
659 3069 877 3133 litteris;
909 3075 964 3122 et
995 3067 1112 3122 linit
1140 3067 1160 3140 (
1182 3084 1277 3124 sex
1305 3068 1474 3123 divisa
1497 3069 1811 3144 capitibus):

1909 1984 2050 2026 anno
2078 1970 2291 2026 Domini
2316 1971 2472 2028 1594.
2505 1972 2611 2030 Sed
2635 1991 2771 2046 opus
2793 1977 2934 2033 istud
2959 1980 3120 2037 hodie
3144 1999 3252 2039 non
3283 1995 3498 2056 exstat,

1910 2079 2010 2120 nec
2045 2065 2329 2135 reperitur.
2370 2067 2595 2122 Demum
2637 2069 2857 2126 illustris
2899 2073 3148 2132 dominus
3193 2077 3502 2136 Dominicus

1909 2154 2037 2210 Mita
2060 2156 2308 2212 Ficchius
2336 2173 2366 2212 a
2391 2155 2625 2216 Ceronio
2646 2160 2926 2222 Imolensis
2951 2167 3222 2234 sacerdos,
3256 2178 3312 2224 et
3338 2187 3471 2241 paro
3487 2204 3502 2214 -

1910 2247 2044 2303 chus
2071 2248 2128 2304 S.
2153 2247 2396 2319 Agnetis,
2425 2265 2569 2306 anno
2597 2253 2807 2309 Domini
2835 2255 2990 2324 1612,
3017 2272 3295 2316 sermones
3327 2260 3504 2335 Chryc

1910 2339 2079 2410 sologi
2103 2341 2283 2398 denuo
2313 2343 2637 2413 emendavit,
2665 2349 2939 2414 correxit,
2965 2358 3022 2406 et
3039 2354 3191 2408 auxit
3210 2356 3430 2414 scholiis
3450 2366 3506 2414 et

1912 2433 2074 2500 notis,
2101 2434 2229 2490 licet
2247 2435 2608 2502 brevissimis;
2633 2439 2728 2495 sed
2757 2440 3004 2499 indiculis
3043 2446 3315 2504 altissimis
3342 2468 3356 2503 :
3379 2466 3508 2522 pro-

1912 2524 2129 2582 dierunt
2154 2525 2412 2583 Bononiae
2435 2544 2578 2585 anno
2607 2529 2820 2586 Domini
2857 2533 3014 2600 1643,
3040 2553 3163 2592 cum
3209 2543 3507 2613 exemplari

1912 2618 2111 2689 patina:
2136 2628 2406 2688 argentea:
2449 2620 2513 2674 D.
2544 2618 2860 2694 Chrysologi
2884 2625 2903 2697 (
2926 2626 2994 2683 de
3027 2643 3134 2698 qua
3179 2630 3381 2687 dictum
3423 2643 3508 2689 est

1915 2725 2077 2780 supra
2109 2710 2137 2781 §
2168 2709 2222 2776 4,
2255 2727 2309 2766 n.
2337 2711 2398 2765 11
2423 2711 2443 2786 )
2467 2721 2666 2770 etcum
2695 2715 2870 2785 effigie
2895 2717 2958 2774 D.
2983 2718 3333 2794 Chrysologi,
3384 2742 3508 2783 cor-

1916 2803 2062 2873 poris
2086 2803 2394 2872 medietate,
2435 2804 2590 2875 juxta
2621 2809 2895 2880 exemplar
2928 2814 3072 2881 quod
3109 2815 3379 2886 depictum
3424 2829 3508 2876 est

1915 2895 1972 2950 in
2001 2896 2257 2952 coronide
2293 2897 2446 2954 chori
2493 2899 2734 2955 ecclesia:
2760 2905 3188 2974 metropolitana:
3214 2907 3505 2966 Ravennae.

1989 2992 2126 3048 Nota
2167 3009 2267 3064 pro
2305 2993 2520 3064 scriptis
2547 2993 2864 3067 Cbrysologi
2892 2999 2945 3054 id
2985 3001 3128 3069 quod
3173 3019 3334 3074 supra
3371 3021 3508 3076 prte—

1922 3086 2151 3157 ligimus.
2184 3085 2317 3142 Nam
2346 3086 2621 3144 multoties
2647 3089 2884 3158 reperies
2918 3091 2985 3144 ad
3007 3093 3231 3149 verbum
3274 3097 3509 3168 integras

211 3159 434 3258 {sterio
463 3171 511 3213 et
532 3158 817 3258 Protogene
846 3160 966 3214 viris
997 3159 1298 3214 clarissimis
1328 3159 1638 3216 consulibus.
1685 3160 1818 3217 Era
1845 3242 1886 3258 Α
1921 3178 2246 3242 δεηιεηιίαε,
2280 3177 2444 3233 immo
2485 3186 2540 3232 ει
2581 3193 2861 3236 sermones
2903 3180 3221 3254 Chrysalogi
3261 3158 3414 3258 apud“
3441 3191 3504 3245 ι),

209 3248 344 3304 186.
371 3249 471 3304 Est
491 3252 715 3351 epistola
740 3249 806 3304 10
830 3249 1491 3351 ini-ordineDecretalium
1514 3251 1570 3307 S.
1617 3251 1814 3312 Leonis
1841 3242 1888 3306 C
1917 3267 2326 3340 Hieronymum,
2350 3266 2814 3340 Chrysosiomum,
2845 3242 3034 3329 immo.
3054 3284 3110 3331 ει
3151 3242 3508 3351 ευριιάἈυεξιξ

209 3360 387 3416 papae,
419 3355 639 3415 recepta
667 3345 721 3398 in
744 3345 975 3400 concilio
997 3342 1424 3401 Chalcedonensi
1461 3362 1560 3417 per
1584 3362 1811 3403 sexcen-

211 3441 309 3490 tos
337 3447 388 3492 et
407 3437 626 3506 triginta
657 3435 862 3491 Patres.
898 3435 1138 3492 Habetur
1157 3438 1210 3492 in
1241 3439 1434 3493 concil.
1463 3437 1718 3495 Chalced.
1760 3457 1812 3498 tv

215 3536 327 3584 act.
352 3526 404 3592 2,
431 3537 484 3583 et
509 3545 540 3582 a
567 3526 784 3583 Gelasio
814 3543 948 3599 papa
971 3528 1070 3584 sub
1100 3543 1258 3599 pmna
1279 3531 1638 3586 anathematis
1661 3530 1812 3602 jussa

214 3629 302 3675 est
325 3622 572 3676 venerari
598 3629 654 3676 et
675 3620 972 3676 observari.
997 3621 1157 3690 Atqui
1186 3620 1455 3694 Eutyches
1477 3623 1691 3694 iniquus
1718 3625 1812 3681 ab-

211 3712 331 3775 bas,
357 3714 604 3784 epistola:
625 3711 946 3785 Chrysologi
983 3714 1083 3770 sub
1112 3715 1329 3770 nomine
1359 3715 1554 3773 Leonis
1576 3734 1811 3789 praesen-

213 3807 356 3862 tiens
380 3806 677 3862 eﬂicaciam
709 3816 764 3860 et
788 3806 1078 3876 pungentia
1092 3807 1274 3872 verba,
1297 3809 1560 3879 arripiens
1583 3811 1816 3867 furiosus

213 3897 506 3964 calamum,
526 3896 707 3952 denuo
729 3896 889 3950 aliam
911 3897 1125 3967 Scripsit
1152 3906 1339 3952 contra
1367 3897 1678 3956 Flavianum
1701 3903 1818 3973 epi-

214 3991 413 4048 stolam
441 3999 496 4047 et
525 3991 592 4045 ad
619 3989 991 4046 Occidentales
1021 3992 1332 4061 episcopos,
1371 4000 1428 4047 ut
1454 3994 1617 4048 veluti
1642 3995 1812 4050 letha-

213 4083 284 4138 lis
305 4083 588 4140 basiliscos
617 4083 784 4138 halitu
807 4099 926 4149 suo,
947 4097 1043 4138 eos
1065 4082 1130 4137 ad
1153 4099 1308 4138 suum
1339 4087 1636 4143 attraheret
1659 4104 1812 4144 erro-

213 4193 351 4233 rem.
387 4175 494 4233 Sed
524 4176 910 4248 Chrysologus,
952 4191 1137 4232 amore
1176 4175 1299 4233 ﬁdei
1329 4178 1614 4245 incensus,
1646 4178 1815 4253 Euty-

213 4267 391 4325 chetis
420 4285 530 4324 non
554 4269 741 4326 valens
768 4268 1037 4324 sustinere
1066 4269 1425 4337 insolentiam,
1462 4273 1684 4344 proprio
1713 4291 1814 4329 no-

211 4363 361 4419 mine
386 4363 552 4418 aliam
577 4361 863 4434 Eutycheti
887 4362 1162 4432 rescripsit
1187 4363 1491 4434 epistolam,
1525 4381 1644 4435 qum
1689 4367 1817 4423 inci-

211 4455 333 4527 pit:
365 4455 552 4511 Tristis
582 4456 684 4527 legi
707 4455 876 4510 tristes
899 4455 1097 4509 litteras
1129 4466 1275 4522 tuas;
1307 4465 1362 4512 et
1391 4455 1510 4513 ﬁnit
1540 4477 1552 4512 :
1586 4460 1812 4521 honora-

1918 3360 2148 3426 stinum;
2192 3360 2288 3415 sed
2327 3368 2457 3415 tunc
2496 3361 2736 3432 praedicti
2757 3378 3054 3432 sermones,
3093 3376 3186 3424 aut
3224 3369 3360 3427 falso
3408 3375 3513 3428 tri-

1917 3451 2156 3508 buuntur
2181 3450 2517 3523 Chrysologo
2537 3493 2554 3518 ,
2596 3462 2690 3509 aut
2718 3470 3001 3526 perperam
3031 3462 3297 3531 praedictis
3334 3463 3508 3522 Patri-

1919 3542 2038 3609 bus,
2064 3551 2123 3598 ut
2150 3543 2272 3599 loco
2297 3559 2458 3614 supra
2489 3545 2654 3600 citato
2675 3549 2952 3604 annotavi.
2993 3549 3300 3611 Sententias
3327 3566 3510 3614 autem

1919 3637 2155 3706 integras
2181 3635 2528 3708 Chrysologi,
2559 3639 2704 3695 circa
2743 3641 2808 3695 D.
2841 3641 3072 3699 Matthmi
3119 3645 3464 3718 Evangelium
3489 3691 3508 3713 .

1920 3746 1972 3786 ν.
2003 3744 2056 3800 g.
2083 3731 2136 3786 in
2159 3731 2496 3786 sermonibus
2519 3731 2584 3786 de
2611 3731 2936 3804 Centurione,
2961 3739 3026 3792 de
3053 3739 3224 3796 Sacra
3248 3741 3414 3811 Petri,
3446 3747 3513 3800 de

1918 3821 2186 3893 Ejectioue
2215 3823 2524 3889 daemonum,
2559 3823 2622 3878 de
2654 3825 2974 3898 Tempestate
3008 3831 3190 3886 sedata
3212 3874 3228 3900 ,
3259 3843 3389 3898 etc.,
3423 3836 3510 3892 in-

1919 3915 2104 3970 venies
2134 3915 2188 3968 in
2217 3913 2507 3970 Paschasio
2539 3914 2839 3972 Rathberto
2869 3920 3062 3976 abbate
3095 3922 3428 3994 Corbeiensi,
3455 3928 3511 3982 in

1918 4008 2068 4064 libris
2096 4023 2215 4078 sup.
2248 4006 2556 4063 Mattbaeum
2586 4017 2720 4064 tom.
2747 4009 2822 4064 1X
2863 4015 3061 4070 szeculo
3103 4032 3157 4071 Ix
3184 4017 3506 4076 Bibliothec.

1918 4098 2101 4154 Veter.
2135 4097 2374 4153 Patrum.
2398 4097 2504 4153 Sed
2530 4109 2713 4156 noster
2733 4100 3097 4175 Chrysologus
3121 4109 3391 4178 antiquior
3411 4109 3514 4166 fuit

1921 4193 2248 4262 Rathberto;
2289 4211 2413 4250 nam
2459 4197 2559 4252 iste
2583 4197 2718 4252 vixit
2755 4197 2897 4254 circa
2939 4215 3064 4254 ann.
3115 4201 3327 4258 Domini
3369 4202 3510 4269 900,

1918 4287 2253 4358 temporibus
2281 4285 2538 4342 Ludovici
2569 4286 2648 4342 Pii
2673 4289 3038 4359 imperatoris,
3063 4300 3115 4346 et
3145 4291 3326 4348 Caroli
3353 4291 3508 4350 Calvi

1918 4377 2215 4436 Galliarum
2237 4380 2410 4448 regis;
2442 4378 2806 4452 Cbrysologus
2828 4396 2957 4437 vero
2979 4398 3122 4439 anno
3143 4384 3354 4440 Domini
3379 4385 3508 4450 450.

1916 4473 1973 4528 in
1997 4474 2194 4529 saeculo
2213 4473 2422 4542 quinto.
2447 4472 2516 4527 Et
2535 4473 2650 4528 lucc
2668 4473 2736 4530 de
2750 4472 3068 4548 Chrysologi
3089 4479 3196 4534 vita
3221 4479 3507 4537 sulﬁciant.

213 4582 3504 4633 HM

1054 4708 1606 4798 DOMINICI
1659 4719 1972 4806 MIT/E
2023 4719 2632 4806 PRZEFATIO
2650 4771 2678 4810 s

632 4863 1048 4933 Editionibus
1075 4870 1344 4950 eiusdem
1369 4877 1686 4955 apposita,
1713 4898 1900 4962 quam
1924 4882 2026 4947 hic
2053 4883 2348 4946 recudere
2381 4901 2509 4945 non
2534 4883 2641 4946 abs
2668 4900 2736 4946 re
2763 4885 2967 4949 visum
2992 4895 3107 4948 est.

293 5013 448 5116 Λατςί
808 5013 870 5068 Β.
917 5013 1062 5116 Petri
1095 5017 1396 5116 Cltrysologi
1437 5039 1595 5094 opera
1636 5024 1704 5080 R.
1747 5027 1819 5082 D.
1850 5009 1904 5072 Ῑ)
1925 5032 2154 5087 maximo
2182 5032 2483 5088 mendorum
2511 5050 2724 5089 numero
2761 5045 2908 5102 sunt,
2939 5047 3118 5110 utpote
3141 5041 3230 5114 qui
3253 5057 3320 5098 ex
3344 5047 3516 5116 prima

216 5107 430 5178 Agapiti
481 5105 769 5171 Vicentini,
830 5111 1197 5165 canonicorum
1254 5111 1570 5172 Lateranen.
1619 5120 1840 5178 ordinis'

218 5198 459 5263 actoris,
491 5214 520 5251 e
549 5199 766 5252 tenebris
787 5203 1255 5274 manuscriptorum
1279 5208 1649 5280 exemplarium
1669 5216 1821 5281 eruti,

221 5289 460 5359 prodiere
506 5290 560 5342 in
606 5290 782 5362 vulgus
811 5293 979 5364 primo
1020 5311 1085 5348 ea:
1128 5294 1442 5354 Bononiensi
1481 5304 1826 5376 typographia

220 5379 382 5437 Joan.
429 5381 681 5454 Baptista;
721 5383 925 5441 Phaelli
977 5404 1112 5442 anno
1152 5387 1364 5446 Domini
1421 5391 1579 5449 1554.
1616 5393 1826 5452 Exinde

223 5477 390 5532 recusi
419 5487 543 5531 sunt
582 5477 814 5534 Colonia:
851 5480 1153 5552 Agrippina:
1202 5499 1338 5538 anno
1380 5483 1510 5538 1541
1557 5496 1608 5541 et
1654 5487 1822 5556 16l8;

224 5568 452 5626 Parisiis
494 5588 636 5626 anno
678 5571 835 5638 1575,
883 5571 1042 5640 1585,
1089 5573 1227 5629 1614
1277 5585 1328 5630 et
1373 5575 1541 5645 1651;
1572 5581 1822 5654 Antuerp.

222 5659 395 5728 1577;
449 5662 634 5717 Venet.
678 5661 816 5718 1588
843 5675 893 5720 et
921 5665 1088 5732 1656;
1129 5665 1365 5741 Mogunt.
1417 5667 1553 5724 1607
1580 5681 1630 5726 et
1658 5671 1823 5742 1615;

223 5751 397 5825 Lugd.
430 5753 589 5820 1629.,
623 5753 779 5822 1623,
813 5755 968 5822 1627,
1000 5756 1141 5813 1654
1186 5769 1238 5813 et
1265 5757 1420 5828 1636,
1467 5762 1620 5819 sicuti
1646 5764 1824 5821 eodem

225 5865 364 5904 anno
399 5845 535 5902 1656
559 5848 745 5903 iterum
773 5847 1040 5908 Bonon'te.
1073 5854 1141 5910 At
1167 5871 1342 5912 omnes
1371 5854 1570 5912 codices
1589 5873 1693 5913 non
1712 5859 1824 5914 sine

517 5946 795 6008 Panos.
843 5945 952 6010 Lll
966 5991 978 6006 .

1928 5123 2133 5180 Pltaelli
2173 5125 2392 5180 editione
2446 5143 2550 5181 non
2597 5127 2822 5199 integre,
2875 5139 2932 5182 ut
2971 5133 3191 5186 asseruit
3226 5135 3514 5208 Agapitus,

1925 5217 2199 5272 emendata
2227 5218 2610 5283 descendentes,
2640 5228 2691 5272 et
2717 5221 3057 5291 originalibus
3085 5232 3135 5276 et
3161 5225 3518 5299 subsequenti-

1927 5307 2018 5365 bus
2046 5310 2385 5382 quorumlibet
2411 5312 2778 5384 impressorum
2799 5315 3142 5386 peculiaribus
3169 5323 3356 5377 erratis
3385 5328 3523 5380 exie-

1925 5417 1983 5454 re
1999 5401 2276 5473 deturpati.
2298 5402 2349 5457 Μ
2357 5404 2438 5456 ἱνα
2454 5413 2622 5458 tamen
2639 5403 2702 5458 de
2717 5403 2892 5459 habita
2905 5408 3220 5464 correctione
3234 5412 3288 5465 in
3307 5412 3517 5470 illorum

1925 5493 2302 5565 exemplaribus
2330 5495 2615 5568 praedicata
2635 5497 2892 5569 leguntur,
2921 5498 3032 5563 sed,
3061 5501 3385 5573 singulorum
3413 5509 3522 5562 col-

1926 5583 2120 5640 latione
2157 5588 2319 5658 facta,
2365 5587 2744 5660 tltypographos
2786 5605 2847 5641 ac
2880 5587 3185 5663 bibliopolas
3213 5613 3279 5651 ex
3306 5603 3522 5671 propria

1927 5677 2094 5748 magis
2121 5678 2360 5745 utilitate,
2391 5697 2546 5752 quam
2573 5697 2638 5734 ea:
2664 5681 2874 5734 veritate
2899 5681 2957 5735 id
2986 5691 3173 5741 temere
3201 5705 3521 5746 asserat-asse

1927 5766 2258 5839 deprehendi.
2293 5767 2735 5834 Quemadmodum
2779 5769 2988 5829 Indices
3025 5792 3192 5834 sacra:
3233 5778 3524 5852 Scripturte

1926 5877 2098 5916 rerum
2124 5863 2448 5929 notabilium,
2478 5874 2528 5918 et
2555 5863 2625 5918 ad
2654 5865 3034 5922 concionatoris
3062 5885 3212 5924 usum
3242 5876 3516 5936 novissime

3017 5961 3054 6021 2
