3976 6352
505 371 573 430 ιι
1340 368 1405 428 ΙΝ
1441 372 1498 427 8.
1540 365 1820 427 PETRUM
1859 362 2375 426 CHRYSOLOGUM
2414 364 2950 423 PROLEGOMENA.
3720 368 3793 426 48

499 474 785 555 instruxit,
834 501 901 542 ac
945 488 1167 558 proprio
1210 486 1425 542 demum
1468 483 1849 542 corroboravit
1893 492 2095 557 marty-
2119 495 2173 559 Δ
2269 483 2319 538 6.
2362 482 2493 539 Erat
2521 492 2648 540 tunc
2677 482 2936 555 temporis
2980 480 3333 537 diaconorum
3366 493 3564 538 munus
3590 484 3795 540 mensis

499 584 585 642 rio
608 582 706 656 (ιι),
737 581 974 638 universi
1001 578 1380 638 Cornelienses
1401 567 1781 650 Eva’ngelicam
1802 576 1959 634 fidem
1984 586 2097 633 toto

500 676 682 732 animo
710 689 1029 745 suscepere;
1066 683 1121 729 et
1148 682 1207 729 ut
1245 688 1539 745 perennem
1580 670 1861 735 haberent,
1892 686 1924 724 a
1965 670 2097 725 bea-

501 768 710 825 tissiino
737 766 938 824 Christi
965 768 1167 824 vicario
1195 768 1251 823 in
1282 766 1441 823 terris
1469 762 1775 821 ﬁrmissimo
1796 762 2097 819 animarum

505 869 727 930 pastore
753 868 879 916 sunt
906 859 1043 915 fulti.

575 953 627 1007 5.
668 953 843 1023 Atque
865 953 1007 1008 inter
1033 952 1172 1008 alios
1213 951 1505 1023 pnesules,
1556 966 1790 1022 quorum
1833 948 2095 1006 memoria

501 1053 804 1115 temporum
834 1043 1044 1114 injuriis
1066 1042 1207 1113 apud
1231 1059 1331 1100 nos
1352 1042 1531 1099 delata
1561 1058 1670 1098 non
1697 1040 1823 1107 fuit,
1855 1041 2099 1097 eminens

501 1144 620 1192 erat
637 1135 923 1192 Cornelius
947 1136 1167 1191 natione
1187 1135 1492 1204 Romanus,
1533 1134 1608 1210 (ὁ)
1647 1135 1772 1190 vita:
1811 1132 2099 1190 sanctitate

499 1228 850 1302 conspicuus,
900 1229 1215 1298 cunctisque
1256 1228 1511 1283 virtutum
1560 1227 1727 1282 titulis
1766 1225 1964 1296 ubique
1991 1223 2097 1279 ful-

499 1334 652 1393 gens.
686 1318 792 1376 Per
817 1318 973 1391 cujus
993 1329 1256 1391 tempora,
1281 1329 1568 1391 antequam
1594 1320 1655 1376 B.
1679 1318 1914 1377 Joannes
1933 1316 2099 1392 Chry-

497 1421 772 1468 sostomus
799 1410 1043 1483 Byzantii
1080 1414 1367 1485 episcopus
1404 1413 1656 1483 migravit
1693 1412 1763 1468 ad
1809 1412 2016 1479 Deum,
2065 1427 2097 1466 a

498 1504 757 1575 Virgineo
780 1514 937 1576 partu
950 1506 1157 1576 quadri:
1181 1508 1482 1576 gentesimo
1508 1514 1685 1572 sexto,
1703 1520 1772 1561 ex
1795 1496 2026 1561 honesta
2043 1511 2101 1560 et

497 1595 792 1651 Christiani
821 1597 1054 1653 nominis
1076 1598 1330 1668 religiosa
1356 1596 1921 1654 Forocorneliensium
1942 1594 2100 1651 fami-

497 1687 571 1743 lia
602 1696 757 1744 natus
783 1696 867 1744 est
894 1688 1087 1755 infans,
1123 1690 1195 1761 (ε)
1233 1690 1320 1745 cui
1349 1697 1602 1761 parentes
1638 1689 1692 1744 in
1741 1703 1898 1744 sacro
1944 1700 2099 1755 rcge-

499 1781 799 1836 nerationis
843 1782 1057 1837 lavacro
1106 1782 1176 1836 ob
1219 1782 1482 1837 honorem
1520 1781 1779 1853 principis
1821 1779 2098 1853 apostolo-

2200 576 2506 632 ministrare
2520 617 2535 641 ,
2552 575 2656 631 hoc
2677 583 2760 631 est
2777 576 2851 648 (g)
2867 573 3132 630 sacerdoti
3153 589 3305 630 sacra
3328 570 3546 630 facienti
3568 582 3753 633 astare
3773 594 3791 631 :

2198 684 2265 725 eo
2293 669 2689 739 impedimentis
2717 667 2938 724 detento
2965 675 3277 724 sanctorum
3298 664 3519 723 Patrum
3539 668 3794 728 homilias

2196 764 2399 836 populo
2427 763 2658 820 recitare
2698 782 2710 817 :
2743 762 3107 820 Ecclesiarum
3135 761 3277 817 bona
3318 760 3398 835 (Ιι)
3437 778 3610 833 penes
3647 763 3794 835 ipsos

2197 864 2516 912 conservata
2565 855 2619 911 in
2667 870 2935 927 pauperes
2970 869 3197 924 erogare
3228 872 3242 908 :
3274 868 3339 908 ac
3365 854 3795 927 quibuscumque

2196 950 2567 1021 perlustratis,
2599 949 2780 1005 omnia
2808 964 2929 1020 qua:
2957 964 3093 1021 opus
3137 956 3352 1015 essent,
3401 949 3663 1022 episcopo
3710 966 3794 1006 re-

2196 1041 2359 1109 ferre,
2391 1050 2451 1099 ut
2478 1050 2684 1100 stantes
2719 1041 3087 1110 confirmaret,
3118 1042 3412 1097 sustineret
3437 1042 3791 1108 collabentes,

2197 1137 2378 1209 lapsos
2406 1137 2658 1207 erigeret.
2678 1135 2835 1204 Quod
2863 1151 3059 1191 munus
3087 1152 3196 1192 non
3226 1135 3329 1190 nisi
3356 1135 3629 1207 probitate
3652 1136 3718 1207 (ἰ)
3739 1143 3796 1193 et

2197 1227 2443 1284 doctrina
2490 1227 2759 1300 pollentes
2798 1227 3051 1296 obibant,
3086 1228 3180 1298 qui
3222 1228 3600 1300 episcoporum
3637 1230 3795 1300 quasi

2199 1323 2340 1379 oculi
2384 1322 2451 1395 (j)
2493 1338 2559 1378 ac
2599 1321 2885 1390 tabellarii,
2929 1322 3039 1377 imo
3070 1322 3249 1379 verius
3277 1322 3456 1393 angeli
3485 1322 3562 1396 (It)
3591 1331 3649 1379 et
3675 1337 3797 1394 pro-

2198 1414 2376 1485 pheta:
2404 1413 2800 1469 vocitabantur.

2273 1504 2321 1557 7.
2365 1502 2557 1561 Petrus
2584 1504 2767 1574 itaque
2795 1504 2849 1558 in
2878 1503 2985 1561 hoc
3011 1501 3298 1561 levitarum
3331 1520 3559 1562 numero
3591 1506 3796 1564 consti-

2200 1602 2378 1664 tutus,
2411 1602 2472 1651 ut
2499 1604 2619 1651 erat
2648 1594 2767 1651 idea
2796 1595 3075 1663 virtutum,
3117 1605 3174 1652 et
3209 1612 3449 1653 summus
3487 1598 3793 1669 theologus,

2199 1688 2274 1742 ita
2302 1686 2606 1759 prudentia,
2639 1688 2980 1755 castimonia,
3027 1697 3083 1745 et
3125 1688 3319 1759 insigni
3347 1703 3475 1759 erga
3524 1690 3698 1747 Deum
3742 1700 3798 1748 et

2200 1783 2505 1854 proximum
2535 1784 2802 1839 charitate
2830 1784 3103 1851 eminens,
3136 1800 3196 1840 se
3224 1800 3411 1840 verum
3441 1793 3792 1853 sectatorem,

496 1888 617 1930 rum
647 1872 793 1928 Petri
830 1889 1025 1929 nomen
1051 1873 1255 1943 imponi
1275 1870 1573 1941 jusserunt,
1597 1872 1751 1942 quasi
1775 1871 1890 1942 jam
1915 1869 2092 1926 futura
2124 1880 2174 1941 Β
2198 1876 2497 1945 quinimmo
2528 1876 2693 1931 filium
2722 1894 2790 1933 ne
2817 1877 2872 1932 in
2903 1878 3125 1934 minimo
3153 1879 3372 1949 quidem
3401 1895 3433 1934 a
3462 1895 3626 1936 sacro
3653 1897 3798 1952 pra:—

494 1964 649 2035 pueri
690 1965 882 2020 merita
931 1972 1369 2036 pramoscentes,
1413 1965 1595 2021 divino
1638 1964 1843 2034 judicio
1890 1962 2099 2019 cunctis

494 2059 867 2130 praedicerent,
894 2057 1114 2113 Petrum
1144 2058 1326 2114 vocari
1356 2058 1409 2112 iu
1440 2074 1507 2113 eo
1539 2057 1735 2112 nedum
1759 2055 1991 2111 nominis
2011 2069 2099 2124 ap-

496 2153 846 2224 pellationem
876 2152 1011 2218 fore,
1042 2151 1140 2206 sed
1171 2160 1226 2206 et
1251 2152 1662 2221 prmrogativam
1689 2149 1923 2205 virtutis.

568 2245 622 2300 4.
665 2245 764 2301 ilic
793 2244 955 2315 igitur
982 2260 1119 2316 puer
1146 2243 1374 2315 pulcher
1402 2252 1628 2314 aspectu
1663 2249 1719 2298 et
1763 2239 2098 2296 delectabi‘lis

499 2336 672 2394 forma
700 2353 821 2393 cum
840 2336 920 2410 (ιι)
941 2336 1222 2392 miriﬁcam
1251 2335 1468 2390 virtutis
1499 2334 1735 2389 indolem
1756 2348 1868 2405 pra:
1882 2349 1941 2389 se
1956 2333 2099 2387 terre

499 2431 807 2496 videretur;
841 2438 899 2484 ut
928 2429 1160 2499 primum
1186 2444 1283 2498 per
1311 2428 1479 2499 ipsius
1497 2435 1714 2482 mtatem
1736 2426 1907 2491 licuit,
1932 2440 2098 2496 opera

501 2522 807 2593 genitorem
836 2522 1037 2577 schola:
1075 2521 1385 2583 ascribitur,
1436 2520 1529 2575 ubi
1575 2519 1630 2573 in
1668 2519 1857 2589 primis
1895 2518 2099 2572 littera-

501 2632 621 2671 rum
644 2614 966 2670 rudimentis
993 2611 1428 2681 Christianisque
1456 2611 1698 2667 moribus
1726 2626 1791 2666 ac
1818 2610 2003 2666 divino
2031 2617 2100 2665 tl-

502 2722 655 2764 more
684 2706 759 2761 ita
787 2720 920 2761 sane
949 2701 1287 2775 proficiebat,
1320 2710 1379 2755 ut
1406 2710 1713 2758 coactaneos
1741 2701 1902 2770 longe
1938 2715 2098 2771 supe-

504 2808 671 2867 raret,
702 2807 759 2855 et
787 2798 999 2852 virilem
1028 2798 1083 2851 in
1112 2794 1307 2866 puerili
1343 2810 1575 2865 corpore
1620 2794 1859 2849 animum
1905 2808 2099 2863 gerens

505 2892 644 2948 levia
673 2906 1029 2962 quaecumque
1056 2906 1121 2943 ac
1148 2887 1359 2942 inﬁrma
1385 2895 1794 2958 aspernaretur;
1816 2901 1985 2955 quare
2013 2886 2097 2941 vel

507 2985 626 3056 ipsa
654 2983 1009 3040 relaxationis
1038 2990 1283 3051 tempora
1312 2981 1379 3034 ad
1407 2979 1583 3035 sancti
1608 2977 1853 3034 Cassiani
1900 2985 2100 3049 marty-

508 3076 583 3130 ris
629 3091 693 3131 ac
740 3074 957 3145 patroni
994 3088 1144 3127 aram
1176 3072 1249 3144 (e)
1279 3071 1588 3135 humili‘ad
1635 3070 1806 3126 Deum
1853 3070 2099 3125 oratione

506 3165 941 3236 frequentissime
971 3163 1333 3232 transigebat;
1366 3178 1535 3232 seque
1563 3162 1732 3232 ipsius
1759 3161 1820 3216 Β.
1853 3158 2098 3217 Cassiani

2199 1975 2421 2036 ceptore
2449 1966 2773 2036 degenerem
2801 1966 3013 2022 civibus
3045 1967 3200 2038 juxta
3243 1976 3298 2023 et
3334 1969 3539 2024 exteris
3571 1969 3797 2026 demon-

2197 2058 2423 2113 strabat.
2460 2057 2552 2130 (ι)
2583 2058 2969 2114 Verumtamen
2998 2059 3122 2129 quin
3147 2058 3463 2131 prmclarum
3486 2058 3593 2116 hoc
3614 2060 3795 2117 lumen

2196 2149 2458 2205 virtutum
2488 2166 2594 2205 non
2626 2151 2814 2221 patria:
2846 2159 3053 2206 tantum
3084 2150 3231 2217 urbi,
3265 2150 3361 2206 sed
3392 2151 3649 2208 universo
3678 2151 3795 2208 orbi

2199 2250 2259 2297 ut
2300 2242 2626 2312 j'elluceret,
2677 2242 2934 2297 divinitus
2979 2252 3240 2299 statutum
3286 2253 3421 2311 erat,
3471 2244 3623 2316 quod
3670 2254 3799 2302 tunc

2201 2334 2464 2404 temporis
2491 2334 2647 2404 quasi
2675 2334 2776 2389 sub
2804 2335 2987 2390 modio
3032 2335 3407 2391 absconditum
3456 2336 3802 2393 existimaba-

2198 2437 2307 2494 tur,
2340 2426 2465 2482 inde
2492 2442 2560 2483 ex
2590 2427 2819 2482 obscura
2849 2426 3054 2482 latebra
3078 2428 3131 2482 in
3153 2428 3396 2483 eminens
3416 2428 3801 2485 ec:lesiastic:e

2199 2519 2478 2590 dignitatis
2505 2519 2781 2591 fastigium
2806 2520 2982 2576 attolli
3013 2521 3281 2589 debebat,
3331 2522 3482 2577 velut
3503 2521 3671 2592 jubar
3695 2521 3800 2580 Ec-

2199 2613 2377 2669 clesim
2406 2613 2460 2668 in
2489 2613 2656 2669 domo
2684 2613 2783 2669 Dei
2810 2611 3091 2682 effulgens,
3132 2623 3191 2669 ut
3219 2629 3315 2669 sua
3356 2614 3606 2671 claritate
3642 2630 3798 2672 erro-

2198 2721 2319 2760 rum
2354 2705 2642 2775 caliginem
2681 2704 2842 2773 longe
2889 2704 3101 2774 lateque
3144 2704 3455 2776 profligaret
3487 2725 3500 2758 :
3546 2705 3801 2762 efferato-

2200 2812 2319 2851 rum
2348 2797 2627 2852 hominum
2669 2796 2819 2862 vitia,
2851 2811 2970 2866 qua:
3013 2804 3257 2867 tempora
3296 2797 3384 2851 illa
3423 2797 3600 2853 tristia
3638 2799 3802 2854 mise-

2200 2904 2367 2960 raque
2396 2889 2759 2954 reddiderant,
2791 2905 2822 2945 e
2848 2889 3028 2945 medio
3055 2890 3268 2945 tolleret
3295 2906 3359 2947 ac
3387 2890 3614 2946 deleret.

2272 2979 2322 3033 8.
2359 2978 2568 3035 Accidit
2586 2987 2892 3052 propterea,
2911 2988 2989 3046 ut,
3007 2980 3150 3035 elato
3171 2979 3238 3035 ad
3256 2980 3573 3037 Creatorem
3590 2980 3799 3041 Joanne

2201 3070 2361 3140 hujus
2387 3070 2625 3126 nominis
2653 3071 2829 3141 primo
2853 3109 2868 3134 ,
2918 3086 3077 3140 quem
3115 3085 3290 3141 gra:ca
3320 3087 3454 3128 voce
3482 3076 3800 3148 Δῃελόπτην

2202 3162 2585 3234 appellabant,
2631 3163 2726 3235 (ιιι)
2759 3172 2815 3218 et
2844 3161 3103 3231 vigesimo
3131 3178 3322 3218 eorum
3349 3165 3442 3233 qui
3471 3163 3802 3222 Ravennatis

507 3260 786 3315 vernulam
815 3258 1012 3326 insigni
1038 3257 1271 3327 quadam
1296 3256 1587 3311 dilectione
1623 3264 1678 3310 et
1724 3271 1873 3320 esse,
1925 3264 1981 3311 et
2027 3255 2097 3310 ab
2124 3256 2171 3323 C
2200 3253 2459 3310 Ecclesia:
2486 3255 2850 3323 gubernacula
2897 3263 3221 3320 tenuerant,
3273 3255 3395 3310 vita:
3441 3256 3803 3313 sanctimonia

508 3350 631 3407 aliis
658 3351 827 3405 libere
853 3349 1041 3404 vocari
1071 3348 1309 3417 piissime
1334 3346 1684 3414 gloriabatur.

586 3441 638 3495 5.
679 3441 835 3509 Quod
881 3456 1006 3497 cum
1052 3441 1247 3495 crebro
1300 3439 1599 3494 venerabili
1652 3441 1859 3509 pastori
1913 3448 2101 3496 sancto

512 3535 773 3592 Cornelio
822 3532 1219 3590 admirabundo
1263 3532 1580 3602 conspicere
1632 3533 1983 3602 contigisset,
2034 3547 2103 3587 ex

514 3626 869 3700 praesentibus
899 3626 1075 3681 futura
1106 3640 1448 3696 praenoscens
1474 3624 1535 3678 Β.
1571 3625 1814 3691 antistes,
1846 3624 2102 3680 humilem

514 3718 724 3776 scilicet
750 3717 1151 3773 adolescentem
1180 3730 1434 3787 magnum
1473 3718 1526 3771 in
1570 3716 1814 3773 Ecclesia
1862 3718 1959 3774 Dei
2004 3718 2105 3773 ali-

514 3810 738 3882 quando
775 3809 1044 3875 futurum,
1076 3811 1122 3865 si
1152 3809 1325 3878 magis
1352 3809 1590 3864 studiose
1617 3809 1894 3863 institutus
1921 3808 2104 3864 divino

515 3901 686 3958 cultui
714 3909 1155 3967 consecraretur,
1189 3901 1338 3955 illmn
1370 3900 1589 3956 tandem
1634 3901 1739 3956 hoc
1768 3899 1943 3971 ipsum
1989 3917 2108 3974 per-

516 4002 797 4067 optantem
869 4010 1089 4050 suorum
1154 3993 1410 4050 Ecclesia:
1473 3992 1815 4049 familiarium
1881 4011 2105 4052 numero

515 4086 781 4157 ascripsit,
815 4086 882 4159 (f)
913 4085 1216 4154 exindeque
1244 4084 1508 4140 humanas
1552 4092 1609 4141 et
1653 4084 1865 4141 divinas
1899 4085 2106 4143 litteras

518 4180 693 4250 ipsum
723 4180 860 4235 adeo
890 4180 1025 4236 scite
1056 4179 1357 4250 perdocuit,
1390 4187 1468 4245 ut,
1499 4194 1606 4248 qua
1632 4187 1752 4235 erat
1780 4180 1980 4250 ingenii
2008 4180 2107 4237 do-

516 4270 719 4327 cilitate
747 4278 803 4325 et
828 4271 1023 4339 lingua:
1050 4271 1358 4337 celeritate,
1390 4272 1642 4328 celeriter
1668 4274 1816 4328 omni
1846 4274 2105 4344 pmclaro

515 4359 838 4415 eruditionis
864 4375 1062 4431 genere
1091 4363 1327 4419 imbutus
1353 4363 1441 4429 sit,
1472 4379 1537 4419 ac
1564 4378 1686 4419 eam
1732 4364 1856 4420 vita:
1901 4366 2104 4422 sancti-

513 4452 757 4506 moniam
782 4451 1027 4522 adeptus,
1059 4462 1118 4507 ut
1145 4469 1176 4507 a
1206 4454 1621 4524 prudentissimo
1656 4456 1913 4528 episcopo
1949 4473 2106 4514 sacro

517 4542 683 4597 etiam
724 4542 1009 4597 levitarum
1048 4543 1236 4598 ordine
1265 4545 1366 4600 rite
1396 4546 1662 4613 initiatus,
1701 4556 1757 4604 et
1791 4546 2108 4605 Cornelien-

2202 3348 2372 3413 claro,
2405 3349 2766 3420 provinciales
2802 3348 3044 3419 episcopi
3078 3364 3177 3420 pro
3206 3357 3465 3404 consueta
3497 3358 3804 3422 temporqu

2203 3441 2420 3496 illorum
2448 3441 2854 3512 metropolitani
2882 3441 3137 3496 antistitis
3179 3440 3445 3496 electione
3482 3439 3803 3497 Ravennam

2204 3532 2551 3600 diverterent,
2582 3547 2719 3603 quos
2748 3533 2889 3588 inter
2916 3531 3132 3587 affuerit
3158 3540 3214 3587 et
3253 3540 3472 3587 sanctus
3516 3530 3804 3587 Cornelius

2205 3640 2327 3681 cum
2357 3640 2456 3680 suo
2498 3624 2727 3679 diacono
2768 3622 2963 3688 Petro,
3015 3623 3105 3677 ubi
3151 3631 3274 3695 post
3319 3622 3495 3678 varias
3539 3622 3798 3692 frequen-

2205 3724 2395 3786 tesque
2423 3717 2605 3787 populi
2635 3732 2698 3772 ac
2732 3716 2863 3771 cleri
2893 3716 2947 3770 in
2976 3715 3211 3771 comitiis
3238 3714 3627 3779 dissensiones,
3660 3731 3801 3772 unus

2206 3810 2423 3865 tandem
2451 3826 2519 3866 ex
2540 3810 2945 3865 Ravennatibus
2972 3809 3251 3878 deligitur,
3300 3809 3393 3877 qui
3440 3819 3802 3880 properanter

2207 3902 2274 3958 ad
2306 3901 2505 3959 Urbem
2535 3919 2659 3959 cum
2688 3904 2880 3973 legatis
2910 3902 3331 3969 Ravennatibus,
3364 3911 3419 3957 et
3446 3911 3636 3958 sancto
3664 3902 3806 3958 Cor-

2207 3994 2353 4050 nelio
2382 3996 2658 4065 episcopo,
2691 3994 2873 4049 divino
2895 3991 3081 4049 afflatu
3102 3995 3361 4050 comitem
3390 3994 3601 4049 itineris
3621 3992 3677 4048 S.
3720 3995 3804 4051 le-

2206 4086 2374 4141 vitam
2404 4084 2622 4141 Petrum
2651 4085 2900 4152 ducente,
2951 4086 3019 4141 ad
3066 4086 3382 4142 canonicam
3428 4087 3622 4141 summi
3667 4103 3808 4157 pono

2208 4178 2368 4233 tilicis
2394 4178 2861 4235 confirmationem
2890 4178 3236 4235 obtinendam
3265 4179 3561 4235 contendit.

2277 4268 2330 4324 9.
2362 4269 2584 4327 Clavum
2625 4271 3000 4327 ecclesiastica.
3030 4272 3180 4328 navis
3222 4273 3443 4328 tenebat
3491 4281 3620 4329 tunc
3665 4288 3805 4328 san-

2208 4370 2327 4417 ctus
2343 4360 2527 4416 Sixtus
2548 4361 2707 4431 hujus
2728 4362 2962 4418 nominis
2980 4361 3069 4425 ill,
3094 4363 3179 4418 cui
3201 4379 3299 4433 per
3323 4363 3559 4432 quietem
3584 4372 3808 4435 aposto-

2209 4452 2291 4508 lus
2312 4450 2503 4507 Petrus
2524 4460 2579 4507 et
2598 4461 2801 4525 martyr
2814 4452 3139 4523 Apollinaris
3162 4454 3393 4509 medium
3412 4455 3553 4511 inter
3572 4469 3691 4510 sese
3704 4470 3807 4512 ve-

2208 4546 2500 4603 nerabilem
2516 4545 2914 4602 adolescentem
2929 4546 3189 4603 habentes
3201 4548 3366 4603 oblati
3380 4556 3523 4615 sunt,
3543 4548 3621 4619 (ιι)
3633 4562 3806 4617 quem

517 4634 595 4692 sis
637 4633 918 4703 Ecclesiae,
950 4636 1102 4705 quasi
1131 4634 1434 4707 Stephanus
1461 4638 1599 4693 alter
1623 4637 2103 4713 Jerosolymitanae,
2131 4645 2187 4708 D
2211 4652 2269 4696 ut
2338 4642 2393 4697 in
2451 4643 2913 4714 archiepiscopum
2981 4641 3346 4699 Ravennatem
3377 4684 3393 4710 ,
3453 4656 3808 4713 quocumque

518 4742 617 4783 seu
639 4727 957 4784 Laurentius
986 4727 1241 4784 Romana:
1268 4727 1523 4785 Ecclesia:
1542 4731 1827 4799 primarius
1846 4732 2106 4791 diaconus

519 4816 684 4875 fuerit
710 4821 1051 4877 constitutus.

594 4931 672 5004 (a)
700 4931 801 4986 An.
827 4931 981 5011 Doni.
1006 4931 1127 4995 562,
1144 4932 1318 4988 idibus
1336 4934 1470 5011 Aug.
1492 4935 1555 4989 D.
1576 4932 1832 5011 Cassian.
1842 4940 2103 5011 martyrio

518 5002 833 5061 coronatur.
868 5002 985 5057 Vid.
1022 5011 1234 5059 nostras
1257 5014 1368 5058 not.
1398 5002 1452 5059 in
1485 5021 1647 5060 serm.
1684 5005 1784 5060 165
1806 5002 2081 5065 Auctoris.

593 5074 673 5155 (ὑλ
709 5074 772 5130 Ι).
802 5071 1050 5155 Chryse}.
1082 5074 1217 5155 Ad.
1234 5090 1408 5155 senm.
1444 5073 1565 5155 165_.
1599 5074 1744 5155 Ifetr.
1786 5078 2104 5151 Rodulphus

518 5143 971 5229 Tussignanensis
999 5144 1053 5198 in
1082 5143 1204 5198 Vita
1233 5143 1289 5199 8.
1320 5143 1836 5271 Chrysologjnrenes
1872 5143 2095 5207 me'ms.

522 5231 587 5271 ac
607 5234 659 5271 ιιι
688 5217 911 5271 archivo
939 5221 1159 5270 senatus
1185 5212 1363 5269 lmolze
1383 5231 1436 5269 ιιι
1460 5214 1565 5271 fine
1584 5232 1616 5271 c
1693 5257 1707 5271 .
1728 5215 2095 5271 Commentar-

522 5231 587 5271 ac
607 5218 659 5272 in
683 5212 911 5271 archiva
939 5221 1159 5270 senatus
1185 5212 1363 5269 lmolze
1383 5212 1565 5271 in'fine
1584 5212 1707 5271 eod.
1728 5215 2095 5278 Commentar.

522 5286 690 5356 ipsius
715 5295 936 5343 senatus
956 5285 1084 5356 anni
1109 5282 1245 5356 1.595
1271 5284 1459 5356 relata.

596 5356 666 5428 (ο)
705 5357 898 5431 Annal.
929 5354 1107 5431 [mol._,
1139 5354 1368 5431 Darem,
1402 5354 1631 5421 Natalis,
1664 5355 1928 5431 Rodulph.
1961 5370 2018 5419 et
2044 5363 2099 5419 in

520 5425 656 5481 mss.
699 5429 878 5497 omnia
903 5467 918 5491 ,
966 5425 1240 5496 Adelphos
1285 5426 1567 5497 episcopus
1603 5443 1765 5484 serm.
1814 5425 1915 5486 1'07
1961 5434 2102 5489 inter

521 5510 687 5551 εει-ιιι.
718 5496 985 5563 Auctoris,
1015 5505 1071 5552 et
1098 5505 1294 5551 nostra:
1322 5497 1375 5549 in
1403 5496 1525 5551 eum
1545 5498 1813 5555 observat.

2210 4736 2531 4809 postposito,
2564 4744 2794 4799 crearet,
2820 4735 3060 4807 pontifici
3079 4736 3380 4793 edixerunt.
3411 4734 3595 4792 Sixtus
3615 4735 3808 4793 divina

2208 4829 2539 4887 revelatione
2565 4826 3026 4885 commonefactus
3055 4844 3177 4885 cum
3214 4837 3431 4901 postera
3468 4829 3559 4885 die
3586 4828 3801 4886 Raven-

2205 4939 2382 5025 tomlxl
2398 4940 2601 5025 ¹ᾼιιιιιιι.
2627 4939 2834 5025 βρεμι.
2859 4940 3061 5025 περίτι.
3125 5012 3136 5025 ⁸

2302 5011 2358 5094 (ι)
2393 5011 2595 5094 paron.
2631 5021 2671 5064 t.
2703 5009 2745 5094 Υ
2776 5026 2845 5094 δἐι
2866 5010 2969 5064 402
2991 5012 3165 5094 innuit
3192 5010 3441 5085 Chryse].
3467 5029 3629 5069 serm.
3666 5013 3797 5073 155.

2380 5079 2602 5168 astam,
2634 5096 2682 5136 e.
2708 5080 2987 5168 3;nllar0tt_.
3014 5081 3158 5165 Vlll._

2298 5151 2346 5222 j)
2379 5149 2456 5275 85
2480 5151 2606 5207 dist.
2646 5168 2730 5206 ca.
2762 5150 2983 5250 13mm
3011 5154 3158 5225 quasi
3175 5154 3341 5235 ρειαί.

2298 5223 2368 5345 1⁸))
2408 5219 3334 5345 Aﬁﬁi‘ﬁﬂlﬁf‘.ﬁﬁf’i‘ﬂﬂ‘a‘i’
3347 5225 3546 5345 ιξὲεδέέ

2320 5291 2374 5433 ιζ
2408 5291 2675 5363 Rodulph.
2708 5293 2819 5347 ubi.
2850 5291 2971 5363 sup.
3003 5303 3059 5350 et
3074 5292 3320 5366 Chrysol.
3347 5296 3462 5365 ipse
3481 5311 3643 5351 serm.
3663 5294 3796 5351 165.

2303 5379 2380 5447 ιιι..
2416 5361 2703 5447 Bubasu‘p.
2726 5363 2818 5418 lib.
2852 5380 2886 5447 ιι
2916 5364 3795 5447 ann."455,_Rodulph.,_flor_-ius,

2208 5440 2265 5489 et
2291 5433 2411 5498 alii;
2463 5434 2589 5490 licet
2625 5433 2822 5490 Baron.
2865 5443 2994 5489 tom.
3043 5434 3106 5498 V,
3138 5433 3259 5490 eod.
3303 5433 3431 5491 ann.
3479 5436 3602 5499 435,
3644 5436 3800 5492 dicat

2203 5512 2379 5560 sanet.
2408 5501 2720 5561 Cornelium
2753 5520 2881 5561 casu
2917 5504 3135 5560 affuisse
3172 5505 3357 5561 Roma:
3385 5522 3509 5562 cum
3536 5505 3593 5562 S.
3625 5503 3797 5563 Petro

618 5566 673 5643 ἀν)
708 5566 932 5643 flor-ius
949 5583 1013 5623 ac
1040 5567 1356 5643 Rodulphus
1381 5567 1473 5636 qui
1501 5584 1682 5643 supra.

618 5642 668 5706 ε)
708 5635 1018 5706 Rodulphus
1037 5636 1161 5693 mss.
1196 5635 1361 5692 multa
1390 5635 1421 5691 τι
1450 5654 1537 5693 me
1566 5635 1698 5694 visa.

620 5654 646 5691 e
708 5642 1018 5706 ltodulphus
1037 5654 1161 5693 mss.
1196 5642 1361 5692 multa
1390 5653 1421 5691 a
1450 5654 1537 5693 me
1566 5642 1698 5694 visa.

620 5642 668 5779 [ζ
702 5701 948 5785 Chrysol.
980 5722 1140 5762 serm.
1175 5707 1280 5785 86.5
1301 5748 1315 5773 ,
1358 5708 1425 5763 de
1454 5707 1511 5764 S.
1563 5708 1811 5779 Projecto
1840 5713 2096 5785 episcopo

521 5775 865 5840 Corneliani),
898 5785 953 5832 et
973 5787 1166 5833 nostra:
1196 5780 1263 5833 ibi
1289 5787 1453 5834 notat.

596 5848 669 5921 (ᾳ)
713 5849 827 5904 Act.
854 5864 929 5911 Vl,
957 5846 1019 5912 2;
1050 5850 1242 5904 concil.
1276 5850 1505 5907 Vasente
1546 5869 1580 5908 ιι
1620 5868 1739 5925 cap.
1782 5853 1848 5922 2;
1890 5854 2089 5911 Baron.

2200 5572 2423 5647 Chrys.1
2443 5576 2790 5647 nihilominus
2812 5574 3000 5631 [iubeo
3020 5591 3079 5631 se
3099 5575 3343 5647 remittit.

2273 5645 2354 5719 (ri)
2392 5645 2585 5719 Petrus
2600 5647 2678 5719 _de
2715 5645 2990 5719 Natalibus
3044 5648 3128 5719 in_
3154 5645 3273 5719 Vita
3318 5645 3519 5719 Chrys.
3549 5646 3794 5719 Rodulp.

2201 5714 2344 5789 Bob.
2361 5717 2569 5789 Annal.
2600 5717 2705 5789 lm1
2743 5717 3062 5789 et_Breviar.
3097 5716 3153 5771 S.
3187 5715 3331 5789 Petri
3358 5714 3551 5789 Chrys.
3582 5718 3652 5774 de
3676 5714 3796 5789 qlio

2201 5785 2323 5859 i_nfr.
2344 5787 2412 5859 in
2442 5789 2653 5859 observ.
2686 5786 2742 5841 lu
2775 5786 2949 5841 Vitam
2970 5786 3159 5859 Chrys.
3194 5804 3247 5842 ιι.
3274 5788 3327 5855 9,
3350 5798 3406 5843 et
3443 5785 3644 5846 Baron.
3675 5785 3789 5846 Ᾱι.

2201 5856 2433 5913 Domini.
2468 5857 2591 5915 4⁸55.
