3964 6350
174 433 250 488 s9
1011 471 1014 474 .
1072 430 1233 488 VITA
1271 431 1334 488 s.
1371 430 1576 489 PETRI
1609 431 2047 491 cnnxsowct
2084 434 2219 491 pen
2259 435 2320 490 ι).
2359 417 2597 492 utrm.
2688 431 2690 433 ’
3401 432 3469 492 κο

177 556 348 606 nates
371 563 472 620 pro
491 547 906 604 conﬁrmatione
927 545 1256 619 pontiﬂeiam
1297 546 1476 603 aulam
1515 548 1789 617 ingressos
1815 554 2123 615 Avennam
2167 548 2505 621 profecturus
2547 550 2651 606 iter
2703 551 2994 622 arripiens,
3028 550 3119 604 ubi
3158 548 3225 604 ad
3272 549 3471 607 Forum

176 643 294 700 sibi
331 650 513 697 astare
559 639 807 707 videret,
862 640 1068 712 rejecto
1117 641 1350 712 primum
1376 640 1445 697 ab
1474 641 1553 698 eis
1574 641 1782 710 electo,

179 734 318 792 inde
351 735 418 791 ad
445 750 510 791 se
538 749 732 791 omnes
767 733 860 804 qui
904 733 1014 788 illic
1056 742 1240 789 essent
1288 733 1549 790 accedere
1592 733 1782 804 jussit,

177 827 458 886 Caeterum
482 844 607 885 cum
635 828 776 884 inter
803 826 1147 884 Ravennates
1184 836 1648 899 prmmonstratam
1695 828 1788 885 Ju-

131 943 150 981 i
179 924 343 980 venis
359 924 601 994 speciem
638 923 822 980 animo
842 924 950 980 alte
994 925 1309 995 impressam
1357 924 1596 980 nondum
1645 933 1789 981 esset

181 1019 554 1090 conspicatus,
585 1015 843 1074 Cornelio
887 1017 1145 1089 episeopo
1169 1017 1356 1086 jussit,
1390 1017 1466 1072 uti
1494 1025 1551 1072 et
1577 1033 1705 1072 suos
1733 1017 1788 1072 in

181 1118 544 1180 conspectum
567 1108 867 1180 proferret;
897 1109 1040 1179 quod
1070 1109 1160 1164 ubi
1190 1108 1388 1164 factum
1417 1120 1519 1175 est,
1554 1110 1638 1163 vix
1661 1103 1788 1164 dum
1823 1123 1828 1128 '

185 1200 434 1272 pontifex
451 1217 596 1256 max.
622 1201 982 1256 venerabilem
1000 1199 1216 1256 Petrum
1240 1199 1476 1256 Cornelii
1502 1200 1789 1256 diaconum

183 1289 418 1346 intuitus
447 1300 549 1358 est,
583 1307 708 1347 eum
733 1290 1056 1362 ipsum'esse
1084 1293 1176 1361 qui
1201 1293 1414 1348 cmlitus
1442 1291 1544 1347 sibi
1572 1291 1789 1347 demon-

183 1391 392 1440 stratus
434 1384 629 1446 fuerat,
690 1383 927 1451 agnovit.
959 1393 1015 1438 et
1042 1383 1166 1438 laeto
1213 1384 1395 1438 animo
1435 1383 1642 1438 cunctis
1688 1399 1788 1438 au-

183 1475 465 1531 dientibus
510 1475 682 1530 dixit:
741 1475 896 1531 Hune
942 1476 1160 1546 quidem
1215 1476 1396 1530 divina
1453 1476 1789 1546 providentia

185 1567 423 1622 electum
451 1565 855 1627 Ravennatensi
879 1565 1134 1624 Ecclesia:
1159 1568 1622 1640 archiepiscopum
1649 1583 1788 1640 pne-

187 1658 421 1723 ticimus,
456 1677 566 1716 non
605 1661 790 1717 alium.

259 1754 348 1809 10.
387 1753 660 1811 Cmterum
716 1757 987 1828 pontificis
1042 1758 1318 1830 inopinata
1358 1759 1627 1815 sententia
1681 1775 1790 1816 non

187 1845 384 1901 leviter
406 1855 465 1901 et
486 1848 700 1903 animos
749 1847 1124 1904 Ravennatum
1179 1851 1447 1920 perculit,
1500 1851 1645 1922 quod
1673 1851 1792 1907 cive

1889 639 2125 697 Cornelii
2155 643 2428 713 pervenit,
2461 641 2716 711 singulari
2753 641 3041 697 devotione
3084 641 3191 695 divi
3229 639 3473 697 Cassiani

1888 735 2137 806 martyris
2160 734 2413 790 dilectum
2442 734 2699 804 templum
2739 735 3029 803 ingressus,
3059 731 3188 787 fusis
3222 733 3473 805 lacrymis

1890 845 1955 885 ac
1980 829 2166 884 humili
2189 829 2435 884 oratione
2459 836 2703 884 sanctum
2725 835 3012 898 patronum
3036 826 3241 880 iteratis
3266 826 3473 881 vicibus

1888 930 2140 994 precatus
2168 928 2268 988 est,
2299 930 2358 976 ut
2405 921 2458 975 in
2515 928 2663 974 tanta
2717 920 3036 974 necessitate
3073 933 3193 974 sese
3221 919 3477 976 deserere

1891 1015 2077 1081 nollet,
2099 1015 2393 1085 quinimmo
2418 1031 2516 1087 per
2529 1013 2762 1070 divinam
2802 1012 3248 1068 illuminationcm
3271 1012 3472 1077 favere,

1890 1117 2152 1178 quatenus
2172 1118 2422 1180 suscepto
2457 1105 2800 1180 pontificatus
2847 1107 3057 1162 muneri
3085 1106 3244 1177 digne
3269 1106 3477 1161 valeret

1890 1203 2150 1258 inservire
2177 1217 2275 1274 per
2300 1202 2488 1258 Deum.
2519 1200 2751 1272 Moxque
2779 1217 2838 1256 re
2867 1200 3114 1255 familiari
3150 1209 3335 1255 sancte
3363 1200 3476 1256 dis-

1889 1298 2063 1368 posita
2090 1296 2400 1351 Ravennam
2428 1312 2458 1350 a
2486 1294 2720 1366 przelatis
2765 1293 3025 1350 deductus
3053 1301 3162 1359 est,
3210 1293 3300 1347 uhi
3325 1308 3354 1346 a
3377 1292 3478 1348 Va-

1891 1388 2186 1443 lentiniano
2207 1385 2417 1442 Caesare
2444 1395 2499 1442 et
2527 1385 2678 1441 Galla
2722 1383 2956 1440 Placidia
2999 1383 3117 1454 ejus
3152 1394 3342 1449 matre,
3370 1384 3479 1440 Au-

1891 1482 2061 1551 gustis
2090 1480 2169 1554 (d)
2198 1481 2427 1551 primum
2447 1523 2462 1547 ,
2521 1480 2644 1536 inde
2697 1479 2764 1534 ab
2796 1478 3195 1533 Ravennatibus
3231 1478 3480 1534 omnibus

1890 1587 2103 1627 summo
2137 1571 2405 1627 desiderio
2430 1586 2494 1626 ac
2522 1571 2704 1624 lzetitia
2747 1580 3005 1640 exceptus
3036 1569 3163 1634 fuit,
3207 1569 3401 1640 quibus
3427 1568 3482 1624 id

1893 1679 2059 1719 unum
2083 1664 2150 1719 ab
2170 1665 2249 1720 eis
2271 1671 2456 1735 petere
2479 1678 2537 1718 se
2565 1663 2718 1726 dixit,
2749 1671 2807 1716 ut
2828 1662 3082 1732 quoniam
3109 1670 3316 1716 tantum
3345 1675 3479 1716 one—

1892 1758 1968 1813 ris
1995 1773 2094 1829 pro
2123 1758 2296 1813 salute
2342 1758 2580 1828 ipsorum
2607 1755 2785 1810 subire
2815 1771 2923 1810 non
2967 1756 3162 1820 renuit,
3204 1754 3484 1810 studerent

1895 1858 1948 1904 et
1975 1851 2074 1932 ipsi
2100 1849 2318 1906 monitis
2333 1849 2444 1904 suis
2459 1848 2852 1918 obtemperare,
2880 1847 3184 1918 divinisque
3202 1847 3484 1918 praeceptis

187 1941 432 2010 ipsorum
453 1941 659 2011 reiecto
681 1951 869 1998 contra
892 1943 1094 1998 avitum
1135 1959 1343 2000 morem
1368 1953 1589 2001 exterus
1617 1945 1787 2014 elige-
1817 1941 1865 2003 B
1894 1959 2002 2000 non
2031 1943 2312 2000 obsistere.

185 2041 367 2099 retur,
400 2044 459 2089 et
486 2045 726 2090 mentem
774 2033 920 2090 Petri
974 2035 1125 2105 gravi
1180 2037 1421 2108 po-dere
1471 2037 1780 2104 concussit,

187 2125 505 2196 visceraque
524 2127 778 2194 turbavit,
807 2127 952 2198 quod
970 2143 1106 2184 onus
1129 2130 1384 2199 angelicis
1412 2130 1649 2186 humeris
1672 2129 1783 2184 for-

185 2215 499 2271 midandum
528 2219 781 2290 exemplo
829 2235 1037 2275 summa
1067 2222 1388 2277 auctoritate
1437 2221 1536 2276 sibi
1581 2221 1785 2292 imponi

185 2310 550 2380 conspiceret.
578 2310 758 2378 Quare
785 2311 852 2366 ab
873 2311 1243 2367 Ravennatum
1266 2312 1500 2382 querelis
1544 2322 1785 2368 mutuata

183 2403 555 2458 excusationis
613 2405 1036 2474 opportunitate,
1089 2420 1212 2460 eum
1242 2404 1482 2474 alioquin
1531 2420 1598 2460 ex
1631 2420 1787 2460 reve-

183 2493 360 2548 rentia
399 2503 456 2549 et
497 2495 800 2549 humilitate
830 2495 930 2550 sibi
963 2495 1054 2564 jus
1100 2511 1307 2565 magnae
1343 2495 1787 2552 contradictionis

183 2602 297 2641 non
323 2597 487 2649 esset,
515 2587 582 2641 ad
612 2588 776 2658 pedes
819 2587 1091 2658 pontificis
1119 2603 1264 2642 max.
1297 2588 1615 2658 provolutus
1655 2604 1786 2659 sup-

184 2679 317 2749 plex
343 2680 686 2750 precabatur,
720 2682 1013 2735 maximum
1042 2681 1351 2750 huiusmodi
1375 2698 1588 2747 munus,
1632 2681 1788 2737 valde

181 2784 214 2823 a
236 2786 340 2825 sua
363 2782 544 2826 mente
563 2781 620 2826 et
647 2771 958 2828 conditione
981 2773 1215 2829 alienum
1241 2781 1299 2828 ut
1327 2782 1617 2830 averteret.

257 2861 350 2917 11.
389 2863 732 2935 Quapropter
777 2865 998 2920 beatiss.
1057 2865 1242 2921 Sixtus
1279 2866 1346 2920 ad
1378 2866 1648 2938 paeandos
1677 2866 1788 2921 Ra-

182 2965 478 3010 vennatum
499 2957 730 3024 animos,
759 2965 815 3012 et
842 2958 984 3014 vires
1007 2958 1223 3013 humilis
1243 2957 1388 3014 Petri
1411 2959 1786 3026 sublevandas,

181 3061 304 3103 rem
329 3063 546 3104 omnem
582 3049 796 3106 coalitus
817 3059 1287 3121 prmmonstratam
1328 3053 1459 3108 satis
1488 3052 1794 3108 luculenter

181 3142 386 3213 aperit,
411 3142 703 3214 validisque
742 3145 1040 3200 rationibus
1061 3145 1302 3214 utrisque
1337 3145 1558 3211 suadet,
1599 3146 1791 3202 divina:

182 3243 240 3289 ut
277 3235 631 3304 acquiescant
669 3237 935 3292 voluntati
974 3255 987 3289 :
1032 3245 1350 3307 tantumque
1391 3235 1661 3308 pontificis
1704 3237 1791 3292 vel

1962 2035 2050 2091 15.
2092 2035 2314 2091 Demnm
2345 2038 2594 2107 proximo
2648 2036 2734 2092 die
2783 2036 3073 2102 dominico,
3129 2033 3482 2106 pnesentibus

1889 2129 2210 2193 Christianis
2255 2131 2606 2201 principibus,
2639 2138 2693 2185 et
2723 2129 2922 2200 populo
2971 2129 3220 2184 universo
3249 2125 3481 2182 incredi-

1888 2223 1984 2278 bili
2013 2230 2274 2293 apparatu
2309 2230 2364 2277 et
2404 2222 2763 2278 exsultatione
2793 2219 3136 2275 inenarrabili
3180 2234 3389 2274 summo
3428 2217 3485 2272 in

1889 2315 2096 2386 templo
2123 2331 2154 2370 a
2180 2322 2369 2369 sancto
2398 2311 2651 2369 Cornelio
2671 2355 2684 2378 ,
2747 2322 2805 2367 ut
2857 2311 3144 2374 credimus,
3171 2319 3224 2366 et
3253 2309 3370 2365 aliis
3392 2324 3486 2365 co-

1891 2408 2160 2480 episcopis
2187 2415 2400 2461 vetusto
2424 2422 2574 2462 more
2605 2405 2675 2478 (e)
2715 2404 3153 2474 archiepiscopus
3201 2416 3486 2458 consecra-

1893 2511 1982 2558 tus
2004 2510 2088 2557 est
2113 2500 2443 2562 Ravennatis
2470 2499 2725 2554 Ecclesiae
2755 2506 2876 2568 post
2899 2497 3198 2551 Romanam
3247 2493 3487 2551 secundo

1891 2595 2014 2650 loco
2039 2605 2167 2649 tunc
2191 2594 2242 2648 in
2273 2593 2423 2647 Italia
2449 2594 2498 2666 (f
2511 2592 2528 2660 )
2555 2591 2765 2656 habita},
2797 2589 2941 2659 quod
2972 2590 3087 2660 ipse
3109 2587 3300 2644 Petrus
3320 2601 3486 2644 aureo

1893 2703 2144 2743 sermone
2162 2703 2289 2741 mox
2313 2685 2494 2741 habito
2515 2685 2566 2738 in
2585 2683 2816 2754 quadam
2838 2691 2991 2754 parte
3013 2690 3240 2737 testatur
3260 2681 3444 2736 dicens
3469 2698 3484 2733 :

1894 2781 2074 2836 Ilodie
2103 2779 2356 2835 Ecclesia:
2387 2779 2682 2833 Raretmati
2704 2795 2798 2849 pro
2827 2786 2974 2848 patre
3014 2785 3165 2831 natus
3193 2785 3269 2829 est
3305 2775 3444 2846 [ilius
3467 2815 3483 2839 ,

1895 2877 1981 2948 qui
2011 2891 2125 2928 eam
2153 2890 2254 2928 non
2287 2871 2514 2945 pondere
2541 2871 2784 2934 inclinet,
2833 2885 2937 2922 non
2985 2867 3290 2921 auctoritate
3317 2865 3488 2920 deter-

1896 2978 2024 3034 reat,
2059 2985 2160 3022 non
2192 2967 2531 3022 commotione
2557 2964 2835 3028 sollicitet,
2887 2979 2989 3016 non
3028 2962 3306 3032 asperitate
3360 2975 3487 3014 con-

1898 3059 2102 3123 turbet;
2142 3057 2234 3112 sed
2260 3057 2405 3127 fideli
2454 3063 2702 3110 sustentet
2749 3054 3021 3126 obsequio;
3077 3069 3202 3106 cura
3256 3050 3489 3122 pervigili

1897 3151 2060 3223 faciat
2090 3163 2456 3220 persecuram;
2488 3145 2743 3217 familiam
2773 3144 2965 3198 blanda
2992 3143 3312 3198 institutione
3348 3157 3487 3195 com-

1895 3250 2086 3311 ponat;
2117 3237 2399 3309 hospitibus
2449 3244 2724 3300 occurrat;
2763 3236 3060 3305 parentibus
3098 3235 3317 3296 serviat;
3349 3235 3486 3305 regi-

181 3327 512 3392 auctoritas,
560 3327 648 3384 vel
686 3344 840 3384 sacra
870 3329 1179 3399 eloquentia
1218 3329 1433 3399 potuit,
1493 3337 1551 3383 ut
1598 3327 1792 3384 Petrus
1820 3327 1866 3391 C
1897 3333 1988 3388 bus
2018 3333 2366 3403 obtemperet;
2421 3329 2756 3401 potestatibus
2805 3329 3124 3392 collaboret;
3155 3327 3250 3382 Dei
3281 3325 3486 3382 senibus

181 3419 316 3474 licet
355 3420 556 3475 invitus
596 3429 654 3475 et
693 3422 1036 3477 tremefactus
1082 3423 1416 3492 pontilicium
1460 3421 1788 3483 Ravennatis

179 3511 444 3570 Ecclesia:
479 3529 678 3569 munus
717 3513 912 3570 divinm
954 3516 1244 3572 voluntatis
1289 3514 1682 3586 significatione
1733 3525 1790 3572 et

181 3608 486 3678 apostolica
518 3609 859 3665 institutione
887 3609 1123 3664 delatum
1154 3611 1378 3666 ulterius
1406 3625 1660 3682 respuere
1679 3625 1786 3664 non

181 3700 254 3759 sit
273 3715 470 3767 ausus;
505 3701 690 3770 itaque
712 3702 966 3772 imposito
988 3703 1141 3758 oneri
1161 3703 1418 3759 humeros
1441 3703 1783 3766 submittens,

181 3808 254 3847 ne
283 3808 479 3848 munus
504 3807 536 3846 a
563 3791 675 3847 Deo
701 3795 1031 3863 assignatum
1059 3793 1319 3864 refugisse
1339 3793 1631 3857 diceretur,
1659 3811 1788 3850 mox

181 3899 244 3939 se
297 3891 465 3938 totum
517 3884 711 3939 divina:
768 3885 1031 3941 voluntati
1102 3886 1374 3942 addictum
1425 3889 1782 3942 consecravit.

187 3978 535 4034 Ravennates
559 3995 690 4035 vero
737 3979 955 4034 Petrum
975 4021 990 4046 ,
1017 3979 1143 4036 licet
1189 3995 1220 4034 a
1252 3977 1515 4036 Columba
1541 4019 1556 4044 ,
1590 3988 1650 4035 ut
1695 3981 1786 4035 alii

185 4072 341 4126 multi
363 4070 736 4140 praecedentes
763 4071 1030 4127 antistites
1082 4070 1161 4143 (a)
1207 4071 1350 4127 haud
1402 4080 1785 4142 praemonstra-

187 4172 322 4225 tum,
347 4163 560 4218 ctelitus
585 4171 764 4218 tamen
788 4163 926 4217 miro
954 4163 1116 4218 modo
1144 4163 1434 4218 indicatum
1462 4205 1476 4230 ,
1519 4172 1574 4220 et
1596 4180 1785 4219 eorum

189 4252 448 4308 Ecclesia:
469 4267 639 4324 opere
664 4261 745 4308 tot
766 4252 863 4308 Dei
893 4253 1186 4309 electorum
1214 4255 1562 4324 praepositum
1586 4271 1785 4310 novum

186 4345 484 4400 antistitem
511 4345 874 4400 venerabundi
897 4353 1264 4416 susceperunt,
1297 4353 1353 4400 et
1385 4346 1784 4402 consalutatum

186 4451 401 4491 summo
423 4436 478 4490 in
508 4435 718 4490 honore
739 4436 894 4505 quasi
943 4437 1191 4506 angelum
1221 4435 1317 4491 Dei
1352 4435 1554 4506 jugiter
1576 4437 1782 4494 habue-

187 4539 332 4583 runt.

261 4620 346 4676 12.
391 4621 584 4677 Petrus
607 4623 789 4691 itaque
817 4622 1252 4692 archiepiscopus
1267 4623 1558 4693 vigesimus
1579 4625 1784 4694 primus

1891 3429 2248 3490 reverentiam,
2281 3425 2452 3497 pueris
2479 3423 2720 3495 gratiam,
2747 3422 2995 3494 fratribus
3019 3439 3265 3486 amorem,
3296 3435 3484 3491 parra-

1888 3519 1953 3572 lis
1982 3515 2248 3588 impendat
2303 3515 2564 3584 affectum,
2599 3513 2815 3567 liberam
2856 3529 2948 3584 per
2975 3509 3236 3566 Christum
3291 3511 3485 3566 cunctis

1887 3611 2127 3666 exhibeat
2152 3609 2462 3664 servitutem.
2495 3605 2626 3673 Qua:
2669 3605 2878 3667 omnia,
2920 3603 3110 3672 hisque
3144 3601 3347 3670 majora
3391 3614 3487 3655 ex-

1890 3711 2031 3769 acte,
2051 3710 2109 3757 ut
2126 3701 2396 3772 pollicitus
2417 3706 2519 3763 est,
2539 3697 2605 3752 ab
2621 3697 2811 3752 eodem
2827 3696 3113 3752 observata
3129 3692 3291 3748 fuisse
3305 3706 3484 3748 rerum

1887 3809 2052 3864 quam
2083 3795 2285 3863 optime
2307 3790 2553 3862 probavit
2583 3797 2824 3844 eventus.

1964 3884 2049 3938 M.
2117 3883 2410 3952 Siquidem,
2460 3890 2520 3936 ut
2561 3880 2780 3935 salutari
2805 3879 3045 3934 remedio
3067 3878 3229 3949 paulo
3260 3885 3384 3932 ante
3428 3876 3483 3932 in

1887 3976 2104 4046 Liguria
2130 3973 2542 4028 Mediolanensis
2564 3970 2818 4026 Ecclesiae
2849 3969 3198 4038 languoribus
3219 3968 3485 4024 subvene-

1887 4077 1973 4123 rat
2001 4065 2255 4122 mellillua
2276 4066 2382 4120 divi
2409 4064 2673 4119 Ambrosii
2703 4063 3010 4132 eloquentia
3039 4071 3092 4116 et
3121 4061 3485 4132 Hipponensis

1888 4157 2143 4214 Ecclesize
2173 4155 2585 4212 necessitatibus
2611 4155 2664 4208 in
2695 4154 2870 4208 Atrica
2902 4152 3268 4207 doctissimum
3309 4152 3486 4206 sancti

1888 4249 2170 4318 Augustini
2201 4248 2508 4317 eloquium;
2541 4246 2618 4301 sic
2641 4258 2699 4300 ut
2729 4243 3057 4299 Ravennatis
3086 4242 3340 4298 Ecclesize
3368 4242 3483 4312 pri-

1887 4342 2174 4412 mogenitze
2203 4340 2461 4394 Romame
2483 4340 2536 4393 in
2569 4336 2808 4402 IEmiIia,
2833 4337 2924 4390 ubi
2957 4344 3083 4390 tunc
3121 4334 3340 4405 proprie
3380 4331 3483 4389 0c-

1886 4432 2170 4488 eidentalis
2189 4431 2399 4501 imperii
2440 4429 2597 4485 sedes
2645 4428 2883 4497 Augusta
2913 4427 3168 4496 fulgebat,
3221 4423 3481 4495 aegritudo

1887 4524 2146 4596 przeclarc
2190 4523 2566 4593 repelleretur,
2614 4521 2834 4575 donavit
2873 4518 3225 4590 Omnipotens
3260 4533 3483 4573 auream

1885 4620 2046 4675 beato
2090 4617 2426 4689 Chrysologo
2458 4625 2643 4672 nostro
2673 4615 3054 4684 eloquentiam,
3109 4622 3162 4667 et
3211 4628 3482 4668 summum

188 4710 519 4766 Ravennatis
566 4710 824 4766 Ecclesiae
869 4711 1177 4780 designatus
1232 4729 1375 4769 anno
1422 4729 1452 4768 a
1501 4714 1780 4770 Dominiea
1810 4710 1860 4770 Ι)
1883 4711 2272 4780 magisterium,
2303 4718 2362 4763 ut
2389 4708 2656 4780 principes
2692 4715 2747 4762 et
2777 4707 3033 4777 populum
3072 4705 3238 4776 ipsius
3269 4705 3480 4775 imperii

187 4800 480 4856 Nativitate
509 4802 784 4871 trigesimo
805 4803 965 4857 tertio
989 4819 1148 4874 supra
1170 4803 1777 4874 quadringentesimum,

191 4896 264 4965 (ὁ)
297 4905 584 4966 postquam
607 4896 860 4952 sacerdos
888 4897 1165 4952 ordinatus
1191 4897 1373 4952 limina
1410 4899 1780 4969 apostolorum

189 4989 357 5042 veteri
383 4988 491 5042 ritu
521 4989 721 5054 invisit,
753 4997 808 5042 et
829 4989 1035 5059 reliqua
1061 4987 1220 5045 Urbis
1241 4990 1359 5044 loca
1393 5005 1600 5044 summa
1649 4992 1779 5046 reli-

187 5078 347 5148 gione
378 5077 576 5153 referta
599 5079 687 5150 pie
711 5079 1049 5148 demisseque
1079 5081 1441 5151 perlustravit,
1469 5081 1540 5153 (ε)
1567 5081 1778 5137 Altissi-

187 5182 335 5222 mum
357 5149 562 5225 sanctis
590 5169 1044 5226 intercedentibus
1070 5187 1322 5239 exorans,
1347 5182 1408 5227 ut
1430 5173 1780 5242 quemadmo-

189 5258 318 5314 dum
355 5258 514 5317 Moisi
553 5261 682 5318 olim
705 5261 849 5328 fecit,
896 5263 970 5318 ita
997 5263 1096 5319 sibi
1146 5281 1287 5319 nunc
1331 5265 1474 5319 vires
1531 5265 1598 5320 ad
1645 5267 1780 5321 tanti

187 5353 434 5408 muneris
450 5368 590 5410 onus
610 5362 734 5425 apte
753 5353 1125 5410 sustinendum
1155 5356 1416 5426 impertiri
1436 5356 1778 5426 dignaretur;

189 5441 414 5499 tandem
440 5460 564 5500 cum
611 5455 799 5502 sancto
843 5443 1098 5503 Cornelio
1117 5486 1132 5513 ,
1164 5455 1221 5503 et
1245 5446 1648 5506 Ravennatibus
1676 5449 1784 5506 Ra-

263 5558 343 5631 (ᾳ)
385 5556 592 5631 Horum
619 5567 925 5631 postremus
947 5560 1046 5616 fuit
1063 5559 1119 5617 S.
1145 5559 1377 5618 Severus
1395 5560 1490 5616 Xll
1513 5563 1568 5617 in
1596 5561 1786 5619 ordine

189 5629 487 5688 archiepis.
520 5629 726 5687 Raven.
759 5631 898 5688 Rub.
930 5648 946 5686 ι
977 5631 1114 5687 Hist.

285 5700 340 5772 ὁ)
383 5700 526 5772 Rub.
563 5701 832 5772 Rodtrlph.
867 5703 1065 5759 Baron.

285 5707 316 5755 ι
383 5707 526 5756 Rub.
563 5707 832 5772 Rodtrlph.
867 5707 1065 5759 Baron.

261 5707 340 5914 ἑή
381 5769 524 5826 Rub.
557 5771 828 5856 Rodulph:
869 5774 964 5845 qui
993 5790 1173 5857 supra.

327 5843 345 5912 )
391 5839 529 5914 Rub.
588 5843 923 5899 Brevnartum
987 5845 1173 5900 antedm

327 5843 345 5912 )
391 5839 529 5898 Rub.
588 5839 923 5899 Brevi'arium
987 5839 1335 5901 antedictum.
1377 5847 1479 5900 An.
1535 5844 1790 5903 lmolens.

194 5911 472 5983 Rodulpb.
504 5921 559 5969 et
587 5914 698 5968 alii.
1505 5945 1512 5957 ι

1885 4805 1986 4861 sibi
2019 4804 2230 4860 cmiitus
2251 4802 2639 4864 concreditum,
2666 4815 2784 4870 quae
2825 4801 3012 4854 salutis
3054 4807 3252 4862 essent,
3301 4798 3480 4868 lingua

1888 4897 2244 4964 manibusque
2266 4894 2560 4966 perdocere
2590 4893 2810 4948 valeret.
2835 4890 3013 4959 Quare
3041 4889 3234 4945 Petrus
3254 4891 3481 4944 antistes

1889 4991 2164 5045 immobile
2193 4989 2382 5043 salutis
2436 4986 2863 5052 fundamentum,
2895 4984 3191 5056 intrepidus
3240 4983 3306 5037 ad
3333 4983 3477 5052 peri-

1888 5083 2029 5149 cula,
2055 5090 2109 5137 et
2131 5081 2197 5136 ad
2237 5081 2479 5135 laborem
2525 5078 2842 5144 indefessus,
2875 5079 2964 5147 qui
3002 5091 3163 5131 unam
3205 5073 3479 5130 commissi

1886 5177 2062 5247 gregis
2099 5176 2329 5230 salutem
2357 5173 2459 5232 sibi
2499 5173 2834 5244 propositam
2872 5171 3124 5234 habebat,
3164 5183 3262 5223 nec
3289 5165 3474 5228 verbo,

1889 5285 1989 5325 nec
2017 5283 2182 5339 opere
2205 5266 2463 5338 pastorali
2512 5280 2734 5321 munere
2784 5262 3027 5333 fugandis
3055 5253 3194 5314 vitiis
3217 5300 3231 5324 ,
3265 5256 3477 5312 virtuti-

1888 5361 2098 5430 busque
2119 5357 2439 5421 inserendis,
2473 5357 2557 5413 vel
2583 5357 2650 5411 ad
2673 5357 2862 5411 horam
2885 5353 3116 5409 defuisse
3136 5351 3283 5405 visus
3304 5357 3406 5404 est.

1959 5450 2046 5507 15.
2087 5451 2240 5519 Quod
2267 5451 2564 5521 przesertim
2592 5449 2737 5505 clare
2789 5445 3005 5509 enituit,
3056 5443 3185 5498 dum
3240 5441 3483 5497 kalendis

1961 5564 2218 5638 (ευ-(ιω
2239 5563 2485 5638 Cbrysol.
2517 5559 2833 5638 serm._l50.
2876 5558 3144 5638 Rodulph.
3182 5557 3330 5638 .Ruli.
3382 5559 3482 5638 sub

1889 5629 2026 5691 ann;
2040 5634 2162 5701 M9,
2184 5645 2238 5692 et
2253 5629 2483 5708 plurima
2505 5633 2728 5690 vetustis
2748 5646 2875 5686 mss.
2900 5631 3066 5685 vitam
3093 5630 3262 5701 ipsius
3281 5629 3482 5686 descri-

1889 5708 2706 5850 FéilftjmlsuitprandzEcclesia
2753 5773 2996 5850 rljieinen.
3055 5773 3280 5850 _D_iacon.
3339 5769 3476 5828 Rub.

1893 5842 2000 5904 libL'
2018 5842 2051 5904 v
2079 5842 2218 5904 aun.’
2243 5847 2364 5905 ωδ.
2397 5846 2546 5904 Idem
2571 5845 2819 5919 Chrysol.
2852 5861 3012 5903 serm.
3049 5842 3171 5898 150.
