3964 6350
518 398 591 456 55
1338 396 1406 455 IN
1440 395 1501 456 S.
1539 393 1821 454 PETRUM
1857 391 2380 451 CllRYSOLOGUM
2418 387 2955 449 PROLEGOMENA.
3723 394 3801 450 ω

514 514 801 591 Eutycheti
828 518 1149 576 auscultavit
1167 560 1183 585 ,
1212 533 1400 574 verum
1445 494 1609 573 etiam
1637 530 1856 572 auream
1882 514 2103 586 proprio
2129 515 2177 575 Α
2206 511 2336 568 viris
2357 511 2558 581 jugiter
2582 510 2823 567 intentus
2840 509 3046 577 aderat.
3068 509 3159 569 ubi
3184 509 3355 568 Deum
3373 517 3489 584 opt.
3513 526 3656 571 max.
3689 529 3799 570 no-

513 612 732 668 nomine
758 611 1059 669 rescribens
1086 612 1368 685 epistolam
1394 612 1529 667 mira
1569 610 1832 666 charitate
1873 608 1943 665 ad
1969 608 2100 665 obe-

510 702 765 759 diendum
793 718 928 758 sum.
960 712 1111 775 pont.
1144 704 1337 760 litteris
1362 704 1608 760 hortatus
1636 712 1749 769 est,
1783 704 1859 776 (α)
1889 709 1945 756 et
1978 708 2038 757 ut
2064 716 2095 758 a

2199 601 2405 657 cturnis
2433 602 2485 674 (f
2499 600 2520 673 )
2540 600 2732 671 vigiliis
2749 608 2806 656 et
2832 601 2982 657 horis
3006 603 3359 673 precabatur;
3374 602 3715 675 ‘hymnisque
3732 620 3798 663 ac

2198 692 2422 749 canticis
2440 691 2652 749 divinas
2678 692 3094 750 concelebrabat
3119 692 3341 761 laudes;
3372 694 3555 766 itaque
3582 704 3797 753 tantam

507 808 607 849 sua
635 808 776 849 caeca
806 803 862 849 et
881 793 1168 850 temeraria
1195 795 1558 866 disputatione
1586 803 1643 850 et
1668 792 2096 852 contradictione
2194 785 2251 841 in
2270 784 2787 842 Deum'charitatem
2816 785 2870 840 in
2902 785 3020 843 dics
3059 784 3237 842 fuerat
3271 795 3570 855 assecutus,
3599 796 3663 845 ut
3693 789 3797 844 ali-
3826 850 3841 866 ο

482 870 850 955 ⁵τθείρὶδοθιοθῑ
896 885 1035 941 adeo
1081 886 1321 956 angelice
1365 885 1565 954 suaSit,
1610 896 1702 952 ut,
1745 885 1800 941 ni
1827 883 2092 940 diabolica

504 977 801 1048 pertinacia
830 994 999 1033 senex
1024 979 1229 1034 delirus
1256 978 1489 1035 imbutus
1516 986 1677 1043 esset,
1709 975 1853 1034 facili
1872 975 2092 1046 negotio

508 1067 705 1138 corrigi
736 1075 791 1123 et
819 1068 886 1123 ad
913 1069 1234 1125 catholicam
1264 1068 1422 1125 ﬁdem
1449 1069 1635 1126 reduci
1660 1067 1915 1139 potuerit.

571 1156 660 1213 25.
700 1158 761 1214 In
801 1168 951 1216 tanta
997 1175 1179 1216 rerum
1224 1174 1289 1217 ac
1332 1168 1638 1233 temporum
1682 1158 2088 1231 perturbat'one

499 1249 768 1321 principes
794 1265 858 1305 ac
884 1252 1112 1323 populos
1137 1249 1470 1308 Christianos
1487 1251 1836 1308 concionibus
1856 1251 2087 1307 instrue-

495 1342 590 1395 bat
617 1342 863 1408 assiduis,
899 1341 974 1415 (b)
1004 1344 1276 1413 quomodo
1304 1344 1627 1400 catholicam
1656 1344 1815 1400 fidem
1842 1346 1981 1402 tueri
2021 1363 2085 1404 ac

493 1440 683 1489 tenere
710 1432 969 1489 deberent
996 1434 1051 1490 in
1086 1436 1308 1493 summis
1334 1438 1574 1507 gentium
1614 1445 1669 1494 et
1709 1438 2083 1496 haereticorum

492 1524 774 1595 procellis,
820 1525 875 1579 in
910 1526 1185 1583 occisione
1223 1527 1417 1597 gladii,
1449 1528 1505 1584 in
1540 1544 1828 1601 corporum
1873 1540 1930 1587 et
1965 1532 2084 1587 ani-

492 1628 703 1670 morum
749 1615 1041 1687 naufragiis
1060 1659 1075 1683 ,
1125 1617 1181 1672 in
1216 1619 1509 1690 tyrannicis
1534 1620 1891 1690 potestatibus
1917 1636 2082 1692 regna

490 1704 896 1773 invadentibus,
947 1708 1003 1762 in
1054 1708 1335 1780 multiplici
1380 1711 1731 1766 animantium
1776 1713 2080 1782 pestilentia

490 1797 689 1868 ubique
715 1799 953 1870 gentium
971 1810 1268 1870 grassante,
1292 1803 1347 1858 in
1375 1804 1658 1860 sterilitate
1676 1814 1853 1871 terrae,
1877 1822 1943 1863 ac
1961 1807 2081 1863 aliis

2192 876 2409 946 quando
2436 876 2856 934 sacratissimam
2884 876 3097 937 Domini
3126 881 3432 950 passionem
3468 880 3676 953 populo
3696 895 3796 939 ex-

2189 967 2525 1039 planaturus,
2555 967 2720 1024 verba
2747 969 2991 1039 proferre
3009 972 3277 1042 nequierit
3294 988 3407 1044 pra:
3424 973 3795 1032 teneritudine

2189 1058 2389 1114 amoris
2426 1058 2482 1114 in
2528 1059 2704 1129 ipsum
2714 1058 2919 1132 ‘Deum,
2948 1075 3056 1131 qua
3083 1061 3338 1137 lacrynm
3372 1072 3431 1122 et
3454 1065 3692 1136 gemitus
3720 1080 3794 1123 ex

2188 1151 2390 1207 intimis
2409 1151 2720 1222 primordiis
2746 1161 3090 1225 erumpentes
3107 1155 3274 1212 verba
3291 1156 3584 1213 cohibuere
3606 1175 3622 1211 :
3644 1171 3791 1227 qua-

2187 1251 2413 1314 propter
2438 1244 2667 1315 ipsemet
2684 1245 2883 1301 silentii
2908 1262 3126 1305 causam
3146 1249 3201 1304 in
3221 1249 3419 1307 laetitiis
3444 1250 3792 1322 paschalibus

2187 1336 2418 1395 aﬂ‘erens
2435 1337 2636 1395 dixisse
2664 1337 2893 1395 fatetur:
2915 1339 2993 1413 (ς)
3021 1339 3220 1398 Nostra
3247 1341 3527 1400 occubuere
3555 1353 3679 1399 tunc
3706 1347 3787 1401 ei-

2184 1446 2361 1496 scera;
2388 1446 2567 1486 sensus
2603 1440 2683 1486 est
2719 1442 3095 1501 commortuus;
3141 1450 3309 1490 sermo
3354 1446 3532 1491 uoster
3568 1453 3665 1493 suo
3710 1447 3789 1494 est

2186 1522 2511 1595 consepultus
2537 1523 2769 1591 Auctori,
2798 1534 2856 1580 ut
2879 1526 2993 1598 ejus
3022 1535 3181 1582 totam
3206 1530 3545 1584 suscitaretur
3573 1530 3648 1585 ad
3666 1529 3785 1603 glo-

2186 1615 2349 1679 riam;
2376 1615 2482 1669 ista
2506 1616 2706 1670 exstitit
2750 1616 2944 1672 silentii
2979 1619 3079 1673 mei
3117 1634 3307 1684 causa;
3343 1620 3447 1675 ista
3482 1619 3645 1676 debiti
3683 1624 3786 1677 mei

2184 1705 2365 1760 devota
2393 1704 2573 1760 dilatio
2603 1706 2720 1778 fuit,
2751 1722 2866 1762 cum
2912 1724 3081 1764 serrato
3119 1719 3294 1764 noster
3344 1719 3449 1766 toto
3487 1711 3784 1781 aﬂ‘ectionis

2185 1795 2424 1870 obsequio
2471 1797 2541 1851 ad
2582 1799 2780 1869 inferos
2827 1801 2985 1856 etiam
3028 1815 3178 1856 suum
3237 1811 3441 1857 secutus
3485 1812 3564 1858 est
3612 1803 3782 1877 largi-

490 1888 589 1946 Dei
616 1890 816 1961 plagis;
847 1900 904 1948 et
929 1908 1053 1949 cum
1073 1893 1191 1964 ipso
1219 1893 1289 1949 ad
1316 1895 1483 1951 Deum
1504 1896 1784 1965 accedere,
1808 1895 1921 1953 Deo
1949 1914 2080 1955 vero
2109 1891 2159 1954 B
2188 1896 2366 1943 ιονειηο

490 1978 779 2048 confldere,
823 1991 880 2037 et
906 1981 1072 2039 fortes
1107 1984 1162 2040 in
1191 1984 1296 2041 ﬁde
1322 2000 1658 2057 permanere,
1682 1996 1739 2044 et
1764 1988 1858 2044 diu
1887 1997 2079 2045 noctu-
2138 2020 2146 2034 ο

489 2089 595 2145 que
639 2090 762 2130 cum
807 2076 1058 2149 lacrymis
1110 2086 1165 2134 et
1218 2080 1535 2150 pmnitentia
1590 2081 1923 2138 Altissimum
1977 2100 2079 2155 pro

488 2170 875 2239 tranquillitate
902 2187 1129 2229 exorare
1155 2176 1533 2233 commonebat
1564 2196 1576 2232 :
1608 2194 1840 2249 cumque
1875 2190 2079 2237 semet-

486 2266 665 2337 ipsum
710 2281 810 2336 pro
853 2267 1093 2336 peccatis
1138 2269 1319 2340 populi
1364 2268 1607 2326 Hostiam
1634 2271 1747 2328 Deo
1774 2274 2077 2345 placentem

488 2357 726 2426 oiferret,
756 2374 864 2429 quo
890 2360 1127 2416 divinam
1156 2361 1575 2431 indignationem
1605 2375 1857 2423 avertens
1882 2383 2079 2439 pecca-

484 2450 694 2506 toribus
735 2451 942 2506 veniam
991 2452 1306 2522 impetraret
1349 2461 1403 2509 et
1429 2456 1685 2524 gratiam,
1715 2459 1838 2528 quis
1882 2459 2081 2516 dixerit

483 2556 649 2613 quam
685 2545 741 2599 in
780 2552 1073 2615 conspectu
1099 2545 1223 2601 (mli
1249 2556 1457 2615 gratam
1500 2557 1805 2606 aromatum
1834 2550 2080 2621 fragran-

484 2634 618 2690 tiam
645 2634 914 2691 redoleret
942 2634 1057 2708 (c)?
1982 2713 1992 2723 .

556 2723 644 2779 26.
669 2724 773 2781 Vix
800 2725 930 2783 dum
957 2726 1257 2783 Ravennati
1290 2727 1545 2787 Ecclesiae
1571 2732 1855 2803 praefectus
1874 2744 1992 2791 erat
2009 2737 2072 2792 Β.

483 2817 737 2884 antistes,
778 2833 904 2873 cum
945 2818 1015 2873 ad
1052 2820 1436 2876 instituendam
1476 2823 1562 2878 vel
1606 2826 1992 2883 restituendam
2020 2829 2077 2883 in

480 2905 603 2976 ejus
614 2906 762 2962 clero
775 2908 1129 2977 apostolicam
1146 2911 1358 2966 vivendi
1369 2913 1636 2970 rationem
1648 2916 1885 2973 animum
1901 2919 2078 2975 inten-

479 2996 594 3065 dit;
624 3006 682 3054 et
717 2999 1052 3068 regularibus
1088 3001 1419 3069 ministeriis,
1460 3008 1841 3078 communique
1877 3011 1987 3066 vita
2021 3011 2075 3068 in

478 3084 582 3153 Dei
616 3095 819 3143 sortem
856 3088 1060 3146 electos
1094 3091 1360 3149 instruere
1404 3109 1469 3151 ac
1511 3095 1754 3154 detinere
1797 3102 2072 3170 cogitavit.

482 3175 777 3250 Propterea
791 3180 946 3251 juxta
968 3181 1252 3245 Ursianam
1284 3187 1455 3244 aedem
1487 3190 1876 3262 amplissimum
1903 3194 2075 3250 aediﬁ-

2252 1977 2340 2033 27.
2373 1977 2595 2047 Qualem
2622 1997 2754 2038 vero
2772 1983 3051 2041 charitatis
3068 1983 3410 2042 affectionem
3437 1987 3493 2042 in
3510 2003 3785 2061 pauperes

2182 2070 2424 2138 haberet,
2454 2071 2596 2129 facili
2624 2075 2842 2144 negotio
2869 2075 3098 2146 quisque
3124 2077 3226 2133 sibi
3253 2079 3583 2149 persuadere
3610 2089 3775 2152 pote-

2181 2161 2379 2231 rit,qui
2401 2162 2627 2219 miseras
2657 2164 2874 2221 illorum
2896 2173 3201 2238 temporum
3221 2169 3478 2226 historias
3496 2171 3778 2237 evolvens,

2181 2251 2490 2319 maximam,
2514 2268 2584 2309 ne
2609 2253 2785 2311 dicam
2813 2256 3261 2315 innumerabilem
3280 2259 3446 2318 fuisse
3473 2278 3779 2336 pauperum

2182 2349 2239 2397 et
2255 2343 2595 2413 captivorum
2621 2345 3019 2403 multitudinem
3061 2364 3131 2405 ex
3165 2350 3373 2408 crebris
3415 2353 3657 2411 hostium
3676 2370 3781 2426 po—

2180 2434 2545 2506 pulationibus
2570 2435 2686 2494 fere
2730 2438 2929 2510 ubique
2963 2442 3205 2511 gentium
3250 2443 3448 2501 factam
3486 2456 3779 2518 agnoscet;

2180 2540 2319 2596 quos
2346 2536 2407 2583 ut
2431 2525 2734 2585 Christiana
2760 2530 2935 2601 pietas
2953 2532 3124 2589 aleret
3149 2535 3566 2610 redimeretque,
3590 2541 3781 2613 smpis-

2181 2620 2316 2679 sime
2342 2622 2693 2681 concionibus
2718 2633 2845 2696 apte
2866 2626 2945 2700 (It)
2973 2631 3259 2700 persuasit,
3282 2643 3338 2688 et
3350 2635 3572 2707 proprio
3592 2651 3783 2694 exem-

2181 2711 2274 2785 plo
2301 2712 2573 2770 auditores
2598 2716 2843 2774 hortatus
2869 2727 2954 2775 est
2985 2738 2999 2773 :
3040 2736 3166 2778 cum
3195 2725 3378 2781 omnia
3416 2737 3782 2801 praeterquam

2181 2803 2330 2874 inopi
2374 2820 2485 2861 sua:
2528 2810 2908 2867 sustentationi
2935 2822 2990 2868 et
3028 2814 3397 2874 ministrorum
3436 2824 3778 2893 necessaria,

2183 2894 2248 2967 (ὅ)
2269 2895 2460 2952 dandis
2486 2897 2864 2973 eleemosynis,
2896 2907 3126 2976 captivis
3164 2910 3510 2982 redimendis,
3541 2917 3782 2975 ceteris-

2181 3001 2288 3058 que
2314 2989 2698 3048 misericordia:
2715 3002 2771 3050 et
2798 2995 3014 3066 pietatis
3029 3002 3291 3073 operibus
3307 3011 3631 3077 praestandis
3658 3029 3781 3071 em-

2179 3094 2309 3150 gare
2334 3094 2666 3163 consuesset.

2250 3171 2341 3229 28.
2385 3172 2729 3249 Ulleriusque
2755 3184 3107 3251 progrediens
3134 3188 3190 3243 in
3217 3189 3304 3246 via
3342 3192 3556 3251 Domini
3582 3197 3648 3253 Β.
3679 3216 3781 3257 an-

481 3268 646 3336 cium’
687 3272 831 3342 quod
861 3272 941 3345 (ά)
963 3273 1240 3333 Tricole
1276 3261 1647 3349 “pugnabam,
1668 3285 1796 3354 quia
1824 3295 1970 3343 esse;
2007 3288 2077 3344 ad
2103 3261 2151 3324 C
2183 3262 2338 3320 tistes
2365 3279 2584 3357 carnem
2611 3267 2948 3339 despiciens,
2980 3282 3036 3328 et
3074 3283 3306 3346 terram;
3350 3281 3533 3352 itaque
3563 3286 3645 3357 (j)
3675 3287 3780 3344 fre-

481 3362 645 3418 trium
663 3364 883 3420 collium
902 3366 1305 3426 similitudinem
1333 3381 1666 3430 exstructum
1696 3378 1879 3447 (vulgo
1897 3377 2077 3437 Cano-

478 3454 662 3510 nicam
680 3454 951 3529 dicimus),
970 3473 1071 3529 pro
1092 3468 1207 3516 tuta
1226 3463 1549 3534 assiduaque
1569 3466 1803 3524 statione
1821 3471 2076 3527 sacerdo-

482 3553 618 3612 tum,
642 3553 698 3601 et
717 3546 953 3603 universi
972 3548 1123 3616 cieri,
1146 3553 1239 3622 qui
1279 3552 1335 3608 in
1373 3555 1489 3625 ipsa
1516 3560 1932 3630 metropolitana
1956 3564 2075 3620 aede

477 3634 852 3708 Omnipotenti
904 3640 1164 3698 inservire
1207 3643 1498 3712 deberent,
1547 3649 1750 3718 ingenti
1803 3660 2073 3710 structura

478 3726 753 3795 fundavit;
786 3729 947 3799 idque
965 3747 997 3787 a
1016 3736 1417 3793 successoribus
1437 3739 1572 3795 mira
1590 3740 1945 3800 :ediﬁcatione
1972 3747 2071 3802 ab-

475 3823 715 3883 solutum
755 3826 917 3882 etiam
959 3830 1321 3887 vetustissima
1348 3835 1586 3889 carmina
1625 3852 1655 3890 a
1685 3837 1874 3895 Rubeo
1902 3840 2069 3897 relata

476 3924 747 3974 testantur
766 3919 850 3976 his
872 3921 1050 3978 verbis
1070 3922 1142 3996 (e)
1171 3942 1185 3977 :

570 4049 867 4123 HigPetrus
882 4055 1048 4123 junior
1071 4056 1249 4123 Christi
1275 4068 1521 4123 precepts
1538 4072 1740 4115 secutus

631 4112 697 4166 Ut
714 4112 1077 4181 decuit'Lsacris
1099 4112 1317 4171 moribtis
1340 4112 1545 4176 exsiliit.

478 4220 483 4225 ,
565 4173 880 4241 Hicquoqne
891 4173 1119 4231 fundavit
1143 4182 1376 4232 mirandis
1398 4173 1611 4236 molibus
1631 4200 1813 4241 arcem.

631 4236 852 4304 lio'min'is
876 4243 980 4304 ipse
995 4243 1072 4292 sui
1100 4243 1203 4304 haec
1234 4254 1546 4296 manumenta
1569 4236 1721 4299 dedit.

569 4295 855 4376 ﬂuguspost
874 4295 1059 4376 obitum
1083 4295 1553 4376 Aurelianusgessit
1579 4295 1814 4376 honores,

630 4358 743 4410 Posl
768 4360 896 4412 hunc
912 4366 1119 4413 antistes
1143 4367 1332 4415 exstitit
1354 4358 1619 4421 Ecclesius.

563 4417 698 4500 H120.-
710 4421 1092 4500 mitAgl-sici_niis,
1116 4417 1471 4500 sequituropost
1493 4417 1669 4500 ordine
1692 4434 1879 4500 Victor,

626 4442 692 4469 ne
711 4442 798 4473 lllll.
825 4442 1092 4489 ursucmus,
1116 4442 1189 4474 sei
1212 4442 1342 4476 untur
1363 4442 1471 4491 post
1493 4442 1656 4483 Ordine

626 4480 953 4547 Temporibus
964 4486 1132 4548 junior
1158 4442 1486 4541 daxiniianus
1502 4494 1656 4546 adest.

533 5314 1096 5410 .(ﬁ).'§Pis.‘:9'3"Ys‘2it
1124 5325 1289 5397 ίηθίνο
1326 5346 1340 5381 ³
1374 5328 1560 5410 Τνῖξτὲε
1605 5333 1709 5407 legi
1757 5339 1957 5410 ενίειεε,
1990 5344 2057 5400 de

457 5385 632 5441 relata
663 5385 715 5444 in
746 5385 1002 5448 Annalfa
1030 5385 1405 5454 Baronfanno
1431 5385 1554 5455 449.

466 5480 473 5487 -
533 5456 609 5589 (ὑζ
640 5455 813 5514 Serm.
843 5460 934 5528 20,
965 5460 1027 5516 21
1063 5472 1118 5519 et
1144 5462 1232 5519 45.

532 5527 583 5589 (c
639 5526 934 5589 Bodulnh.,
965 5533 1057 5589 aui
1085 5548 1232 5589 supra

639 5526 934 5605 [indulth
965 5533 1057 5605 qui
1085 5548 1268 5605 supra.

531 5527 606 5668 ξε)
639 5527 934 5600 Bodulph.,
965 5533 1057 5658 (ἲιί
1085 5548 1268 5605 supra.
1978 5564 1983 5571 ‘
2091 5612 2098 5622 ι

536 5596 612 5683 γά)
652 5596 891 5683 ξιιμ-ᾕδεις,
923 5615 986 5656 su
1051 5617 1196 5660 anno
1234 5604 1372 5674 438;
1415 5606 1663 5683 Chrysol.
1707 5629 1871 5674 serm.
1904 5621 1972 5678 59
1999 5632 2056 5682 et

455 5666 621 5722 actm.
655 5666 779 5722 107.

527 5735 604 5875 ἱῖὲ
837 5740 1525 5889 ιξξορτιλδίειέηιεπειίοιπν
1554 5769 1679 5829 νεε-
1710 5756 1830 5817 «σε

2182 3355 2472 3423 quentibus
2493 3357 2732 3428 jejuniis,
2774 3366 3054 3422 nocturnis
3083 3367 3294 3438 vigiliis,
3335 3355 3638 3445 asperrimo
3666 3380 3782 3438 cili-

2179 3447 2286 3513 cio,
2311 3446 2535 3519 ﬂagellis
2562 3452 2811 3522 assiduis,
2833 3466 2890 3512 et
2917 3457 3170 3533 lacrymis
3208 3465 3482 3525 uberrime
3508 3469 3663 3540 fusis,
3705 3474 3781 3529 ita

2176 3552 2378 3610 corpus
2404 3542 2459 3596 in
2488 3544 2805 3603 servitutem
2831 3551 3025 3608 animae
3052 3553 3354 3626 redegerat,
3386 3570 3448 3615 ut
3476 3577 3574 3618 ora
3602 3563 3780 3636 palle-

2176 3636 2318 3696 rent,
2349 3639 2407 3686 et
2432 3633 2606 3689 macie
2653 3637 2892 3707 amplum
2938 3642 3285 3716 vividumque
3330 3665 3550 3723 corpus,
3576 3633 3778 3723 justam

2176 3735 2287 3777 non
2314 3723 2583 3782 excedens
2608 3736 2889 3799 staturam,
2920 3742 3257 3796 attenuatum
3285 3753 3450 3803 esset.
3489 3745 3674 3814 Quare
3699 3750 3783 3805 vi-

2176 3827 2326 3879 vens,
2343 3829 2423 3907 ac
2448 3830 2706 3887 praesens,
2737 3828 2793 3876 et
2812 3820 2925 3880 fere
2951 3824 3007 3881 in
3034 3828 3302 3902 principio
3329 3835 3413 3890 sui
3433 3837 3781 3907 pontificatus

2104 3918 2109 3923 '
2173 3918 2206 3959 a
2233 3904 2292 3960 S.
2324 3903 2589 3979 Adelpho,
2613 3912 2707 3981 qui
2726 3910 2843 3981 fuit,
2867 3924 2927 3970 ut
2953 3932 3097 3986 reor,
3120 3903 3454 3982 Metensiuni
3464 3929 3775 4003 episcopus,

2171 4007 2392 4056 sanctus
2419 4016 2484 4057 ac
2520 4002 2859 4064 beatissimus
2894 4008 2994 4065 fuit
3032 4011 3088 4069 in
3122 4018 3391 4075 concione
3418 4002 3727 4092 appellatus
3757 4044 3772 4079 :

2172 4088 2249 4160 (lx)
2279 4089 2523 4162 adeoque
2550 4094 2693 4152 fama
2736 4101 3039 4161 sanctitatis
3075 4114 3133 4160 et
3177 4088 3637 4171 doctrinas—Dem
3665 4115 3775 4174 Ita-

2167 4189 2464 4239 vennatum
2503 4186 2899 4258 archiprtesulis
2928 4200 3099 4252 totum
3126 4199 3434 4269 repleverat
3460 4205 3687 4276 orbem,
3719 4219 3778 4266 ut

2170 4272 2239 4328 ad
2267 4289 2391 4330 eum
2418 4275 2654 4347 undique
2681 4295 2751 4336 ex
2776 4281 3004 4341 diversis
3032 4288 3345 4358 regionibus
3364 4294 3574 4353 visendi
3592 4272 3777 4357 studio

2168 4363 2327 4419 turba
2346 4368 2661 4424 convolaret
2680 4370 2992 4444 hominum;
3014 4379 3214 4450 quique
3233 4382 3410 4443 invias
3429 4387 3771 4458 solitudines,

2168 4462 2262 4509 aut
2289 4471 2461 4514 caecas
2488 4461 2657 4515 eremi
2683 4460 2918 4522 latebras
2963 4468 3274 4531 incolebant
3314 4478 3623 4541 mirabilem
3674 4483 3777 4541 Pe-

2355 5347 2530 5407 Serm.
2566 5350 2633 5408 77

2546 5365 2668 5507 1375.,
2711 5443 2858 5507 pum.
2885 5429 2969 5485 l2.
2994 5430 3139 5503 Lege
3159 5436 3391 5496 indicem
3419 5458 3584 5503 sem.
3617 5458 3765 5507 auct.

2167 5505 2217 5543 v.
2245 5490 2516 5570 Elegitqu
2543 5502 2600 5570 et
2625 5511 2676 5551 v.
2701 5497 2873 5570 Paup.

2260 5558 3023 5660 ilfﬁ‘l‘EPE-ﬁiﬂézw
3050 5574 3216 5633 vitam
3254 5576 3397 5638 illius
3409 5582 3761 5660 .describum.

2160 5637 2968 5714 cqlrimhtantumsuspicieba't.
3347 5637 3350 5638 ⁷
3383 5637 3431 5671 θ’

2253 5652 2358 5714 nun
2387 5652 2597 5689 tantum
2623 5652 2968 5761 SDSRIClebat.
3406 5652 3431 5671 ’

2253 5700 2308 5841 ιζ
2706 5707 2981 5846 8“(gluma
3015 5722 3071 5770 et
3108 5732 3238 5776 mss.
3269 5722 3460 5785 multa.

2259 5814 2308 5910 ῖς
2337 5814 2521 5900 ἐξὲιῖ
2545 5814 2677 5900 iis?
