3964 6350
163 1258 181 1311 ι’

155 1326 177 1404 )

220 368 306 425 57

1121 362 1272 423 νιτΑ
1312 364 1367 422 S.
1416 359 1621 421 PETRI
1654 357 2092 419 CBRYSOLOGI
2128 359 2264 419 PER
2304 361 2368 420 D.
2408 358 2647 418 Ill‘I‘AM.
3454 359 3525 418 58

220 484 425 541 litare
479 478 785 547 credimus,
838 477 1158 545 deserebat;
1218 477 1517 548 quinimmo
1570 473 1841 531 Ravennae
1867 473 1916 535 Α
1944 474 2327 545 evangelistam
2348 482 2516 542 ratus,
2538 491 2667 532 mox
2678 474 2970 533 Placidiam
2996 491 3189 534 somno
3216 491 3532 550 oppressam

212 576 397 650 juxta
421 580 783 630 memoratam
811 569 1093 628 Ursianam
1119 569 1291 627 aedem
1316 568 1443 625 divo
1461 567 1689 624 Andreze
1713 581 1846 639 apo-

219 667 393 726 stolo
418 665 500 739 (α)
550 680 583 721 a
630 663 993 722 fundamentis
1038 660 1341 719 Ecclesiam
1386 660 1705 725 construxit,
1754 658 1844 715 ubi

220 761 417 833 ipsius
433 758 496 815 Β.
520 757 673 813 Petri
698 758 876 829 imago
902 755 1175 814 visebatur
1201 756 1256 811 in
1284 754 1488 812 fornice
1516 754 1681 826 ipsius
1707 760 1845 810 tan-

218 851 311 923 pli
328 848 698 906 vermiculato
716 849 925 904 intexto
944 862 1131 919 opere,
1154 848 1440 918 taxilisque
1464 846 1695 918 depicta,
1718 860 1842 902 cum

515 942 904 1013 epigrammate
928 940 999 995 ab
1038 955 1107 996 eo
1133 939 1334 995 editum
1374 937 1583 1005 ferunt,
1613 935 1843 1007 etquod

219 1032 465 1089 Petrum
495 1040 744 1089 nostrum
770 1031 1013 1103 ejusdem
1040 1032 1275 1089 basilicae
1315 1031 1477 1088 luisse
1504 1030 1839 1088 conditorem

220 1127 387 1182 clare
410 1125 774 1193 demonstrat,
804 1123 957 1194 cujus
982 1124 1289 1196 exemplum
1327 1124 1433 1180 hoc
1457 1130 1543 1179 est
1570 1121 1645 1195 (b)
1679 1141 1692 1176 :

327 1258 435 1321 1Ant
454 1257 539 1308 lux
565 1259 643 1309 hic
664 1264 776 1311 nata
799 1265 899 1321 est,
924 1264 1008 1309 aut
1024 1263 1163 1321 capta
1188 1259 1271 1308 hic
1291 1257 1450 1307 libera
1475 1263 1653 1318 regnat
1676 1273 1691 1306 :

327 1318 441 1385 Lux
470 1328 570 1385 est,
598 1323 856 1385 antevenit
873 1318 1157 1371 cmlidccus
1177 1322 1306 1371 unde
1330 1322 1649 1385 utoderuum;

330 1382 435 1445 μς
458 1382 648 1445 privata
671 1383 804 1445 diem
827 1393 1131 1445 pepererunt
1153 1391 1281 1432 tecta
1305 1383 1565 1445 nitentem,

328 1442 693 1508 inclusumque
710 1442 857 1507 jnbar
872 1442 1065 1494 seclusa
1087 1443 1243 1506 fulget
1265 1445 1473 1507 olympo.

330 1505 579 1568 ﬂat-tuon
596 1505 879 1556 summus
901 1510 1158 1557 vernantis
1176 1505 1334 1556 cerno
1351 1507 1565 1568 serenis,

328 1565 625 1633 (lunasque
648 1570 851 1633 sidereo
869 1582 1097 1633 percussa
1122 1570 1169 1619 in
1191 1582 1288 1617 mut
1302 1569 1379 1633 ἧος
1397 1582 1530 1618 saxa.

328 1628 564 1693 Auctoris
581 1633 739 1693 pretio
754 1628 924 1691 splend
947 1640 1095 1680 scunt
1125 1643 1325 1679 munera
1346 1629 1496 1680 Pura:

326 1691 460 1757 ﬂuie
477 1691 656 1757 honor,
683 1694 796 1757 huic
816 1694 997 1757 merito
1020 1694 1188 1743 tribuit
1215 1698 1288 1742 sic
1304 1700 1523 1744 L‘Ollthl'e
1544 1704 1706 1757 parva,
1804 1710 1813 1734 ι

331 1752 397 1817 iit
421 1754 587 1805 valeat
606 1756 783 1816 spatiis
803 1756 1013 1815 amplum
1040 1768 1276 1817 superare
1296 1757 1493 1805 coactis.

328 1813 409 1880 ξῑι
430 1813 677 1866 trtodicuin
695 1813 892 1868 Christo
906 1825 1004 1874 est,
1030 1813 1187 1866 aratas
1204 1818 1335 1866 bene
1360 1818 1574 1878 possidet
1596 1817 1750 1880 ades,

328 1874 482 1941 Cujus
500 1882 553 1929 in
576 1879 790 1941 humano
808 1879 1029 1928 considit
1052 1886 1253 1941 pectore
1270 1874 1526 1941 templum.

324 1936 623 1991 Fit—tutamen
641 1940 853 1999 Parens,
882 1936 1068 1992 Pmus
1088 1939 1331 1999 fundator,
1358 1936 1409 1993 et
1425 1942 1553 1998 aula.

331 1979 1077 2065 ῥῐξά’ἁῖ›ἷη“ιιέ,ἰέἓέὖιὶηἶῖὧῖἕ,
1089 1979 1614 2065 Tllﬁ'i't’éc'niéﬂElim-
1632 2008 1685 2054 et
1698 2001 1829 2055 idem

331 2062 574 2128 gannitus,
594 2062 748 2127 atque
768 2076 921 2128 opere
941 2062 1165 2116 Christus
1191 2062 1440 2128 [messor
1460 2066 1685 2126 habetur,

328 2124 424 2184 Qui
448 2124 852 2178 duu'consociaus
874 2129 1111 2178 mediator
1133 2124 1294 2177 reddit
1317 2135 1366 2176 ιιι
1387 2142 1551 2178 unum.

327 2187 441 2252 Bue
466 2189 679 2239 veniens
699 2189 867 2237 fundat
888 2191 1128 2250 parituros
1142 2190 1316 2252 gaudia
1343 2189 1491 2239 ﬂetus

328 2248 605 2314 Contr-itam
627 2251 839 2301 solidans
860 2248 1095 2314 percusso
1118 2248 1167 2300 in
1185 2258 1387 2312 pectore
1404 2259 1641 2301 mPtllem.

328 2313 406 2377 Ne
426 2313 610 2377 jaceat,
641 2325 696 2361 se
716 2313 907 2377 sterant
925 2313 1088 2370 Immo,
1117 2313 1409 2377 morbosque
1440 2316 1647 2377 latentes

332 2375 463 2438 Ante
484 2376 645 2437 pedes
663 2376 863 2437 medici,
880 2389 994 2423 cura
1016 2375 1339 2438 prOperaute,
1366 2375 1602 2426 recludat.

332 2437 479 2500 Saepe
496 2445 667 2487 metus
684 2437 858 2488 mortis
883 2438 991 2487 vitae
1008 2437 1061 2488 tit
1076 2437 1220 2489 causa
1246 2438 1421 2495 beat-aa.

231 2582 424 2655 Neque
448 2584 558 2641 hoc
582 2593 889 2651 contentus,
938 2585 1099 2641 aliam
1142 2586 1421 2644 basilicam
1467 2589 1523 2643 in
1567 2588 1831 2646 honorem

228 2675 295 2735 S.
339 2675 487 2734 Petri
516 2677 589 2749 (ε)
620 2678 993 2750 apostolorum
1019 2678 1297 2750 principis,
1336 2679 1488 2749 cujus
1533 2696 1731 2736 nomen
1777 2689 1833 2737 et

232 2769 356 2840 ipse
397 2769 612 2826 cmlitus
659 2769 888 2842 adeptus
941 2770 1021 2842 (tl)
1070 2769 1266 2839 fuerat,
1323 2771 1627 2839 inchoavit,
1667 2786 1831 2842 quam

232 2870 414 2917 morte
435 2870 743 2933 praeventus
767 2863 1051 2928 absolvere
1071 2864 1346 2934 nequivit;
1376 2865 1431 2919 in
1456 2863 1833 2923 aediﬁcatione-

235 2971 347 3026 que
368 2957 551 3029 templi
579 2966 781 3015 sancta:
807 2957 1024 3023 Crucis,
1069 2966 1126 3015 et
1164 2959 1347 3018 sacelli
1383 2968 1693 3020 sanctorum
1720 2959 1831 3017 Na-

236 3051 373 3106 zarii
398 3059 457 3107 et
480 3048 656 3117 Celsi,
698 3050 789 3107 ubi
835 3050 1071 3108 Placidia
1109 3052 1423 3123 imperatrix
1461 3051 1703 3122 Augusta
1745 3067 1832 3109 se-

234 3142 487 3213 pulcrum
531 3144 633 3200 sibi
678 3142 973 3214 delegerat,
1003 3143 1290 3215 plurimum
1336 3145 1536 3202 laboris
1571 3155 1627 3202 et
1670 3145 1830 3203 indu-

235 3236 385 3291 stria:
413 3235 673 3292 adhibuit.

315 3326 400 3381 50.
442 3326 511 3381 Et
537 3328 797 3398 quoniam
824 3336 1125 3384 memorata
1162 3327 1399 3387 Placidia
1438 3345 1507 3385 ex
1533 3339 1663 3386 voto
1690 3329 1837 3400 quod

240 3418 298 3473 in
324 3420 558 3475 maxima
584 3420 750 3477 maris
771 3428 1089 3492 tempestate
1108 3422 1381 3489 emiserat,
1404 3424 1836 3492 augustissimum

242 3512 306 3567 D.
334 3510 529 3568 Joanui
556 3514 900 3583 evangelista:
929 3515 1191 3585 templum
1218 3515 1491 3572 Ravennae
1517 3527 1838 3574 construxe-

242 3612 343 3671 rat,
374 3612 431 3659 et
456 3604 623 3661 anxio
649 3606 989 3676 sollicitoque
1017 3606 1174 3663 nimis
1201 3616 1321 3663 erat
1338 3609 1537 3676 animo,
1568 3608 1715 3678 quod
1741 3608 1837 3666 de-

242 3694 567 3752 dicationem
613 3695 865 3766 ejusdem
894 3696 1053 3768 juxta
1099 3699 1263 3756 ritum
1308 3707 1439 3756 tunc
1482 3700 1744 3772 temporis
1780 3701 1835 3758 in

242 3782 485 3843 Ecclesia
521 3789 789 3845 catholica
831 3790 1176 3847 observatum
1215 3807 1247 3859 θ
1276 3808 1433 3851 sacro
1461 3793 1705 3851 antistite
1731 3809 1834 3851 no-

242 3887 354 3935 stro
380 3882 644 3951 consequi
672 3882 1007 3952 nequiverat,
1039 3900 1108 3941 eo
1133 3884 1277 3953 quod
1318 3885 1448 3941 nihil
1487 3886 1835 3957 reliquiarum

245 3972 377 4027 tanti
420 3971 524 4027 viri
563 3972 661 4028 Dei
706 3982 868 4039 esset,
911 3989 1021 4045 quo
1048 3984 1235 4046 posset
1279 3975 1549 4033 dedicatio
1575 3977 1837 4034 canonice

242 4063 637 4131 concelebrari,
671 4064 743 4136 (e)
781 4065 963 4121 divum
1010 4066 1394 4123 Barbatianum
1436 4068 1831 4142 presbyterum,

243 4154 342 4211 sibi
393 4171 495 4225 pro
534 4157 817 4228 capellano
862 4158 1274 4227 inservientem,
1304 4161 1579 4217 miraculis
1623 4161 1678 4217 in
1728 4161 1835 4217 vita

244 4245 447 4301 clarum
473 4248 757 4305 consulere
783 4248 1056 4317 decrevit,
1085 4266 1321 4320 quanam
1364 4253 1575 4309 ratione
1602 4254 1729 4310 huic
1754 4255 1834 4311 rei

245 4341 481 4395 succurri
526 4356 687 4410 posse
733 4341 987 4397 suaderet
1048 4361 1060 4396 :
1121 4345 1505 4415 extemploque
1558 4346 1677 4403 viro
1736 4346 1834 4404 Dei

244 4428 403 4487 fuisse
459 4433 744 4489 consilium
800 4435 1050 4502 tradunt,
1102 4444 1163 4492 ut
1227 4452 1333 4493 una
1379 4454 1562 4497 sacras
1615 4441 1671 4495 in
1716 4440 1832 4511 ipsa

1945 568 2156 624 monuit
2182 574 2241 624 ut
2280 577 2337 624 et
2381 569 2497 642 ipsa
2540 570 2909 642 conspiceret;
2939 585 3060 641 qua:
3095 570 3238 628 illico
3281 585 3526 642 surgens,

1944 660 2037 716 ubi
2063 676 2247 719 sacros
2275 662 2616 732 evangelista:
2636 663 2831 734 pergit,
2855 671 2913 719 et
2937 663 3162 720 molitur
3188 664 3440 736 amplecti
3466 679 3532 723 ac

1942 754 2243 812 deosculari
2270 755 2453 827 pedes,
2477 756 2820 812 simulacrum
2849 772 2880 813 e
2909 764 3204 829 conspectu
3241 756 3527 826 delabitur,
3585 782 3596 799 τ

1941 854 1999 902 et
2041 847 2094 902 in
2141 847 2390 903 manibus
2432 847 2685 918 Augustae
2730 848 3026 904 sandalium
3053 847 3206 921 pedis
3243 848 3313 904 ab
3338 847 3532 905 eodem
3570 912 3586 920 ﬂ

1940 939 2270 1008 evangelista
2297 939 2602 1007 dimittitur,
2624 938 2772 1009 quod
2800 938 3100 995 lmtabunda
3127 939 3394 1011 recipiens
3418 940 3528 1012 pie,
3566 935 3585 955 “’

1939 1039 2233 1101 sancteque
2279 1029 2622 1099 deosculans,
2663 1030 3044 1087 Valentiniano
3088 1029 3290 1088 Caesari
3328 1030 3438 1087 lilio
3465 1045 3531 1088 ac

1937 1123 2193 1179 universo
2236 1124 2439 1195 populo
2484 1123 2621 1180 mira
2667 1123 3028 1180 exsultatione
3065 1122 3525 1191 commonstravit,

1937 1222 1996 1271 et
2039 1215 2113 1270 ita
2159 1215 2389 1271 solemni
2433 1215 2539 1271 ritu
2567 1230 2630 1272 ac
2678 1214 2843 1272 celeri
2887 1229 3086 1287 pompa
3137 1212 3530 1270 dedicationem

1938 1308 2120 1380 templi
2166 1324 2289 1365 cum
2334 1310 2545 1366 cmlesti
2587 1309 2817 1380 reliquia
2861 1308 3122 1378 consequi
3164 1307 3357 1364 merita
3410 1314 3526 1374 est;

1935 1399 2181 1470 hancque
2223 1400 2394 1457 aedem
2440 1417 2564 1459 cum
2609 1400 2762 1471 regio
2798 1400 2946 1457 cultu
2993 1399 3164 1457 sacris
3206 1398 3528 1469 imaginibus

1935 1491 2173 1562 Augusta
2201 1492 2316 1563 ipsa
2344 1492 2527 1548 ornari
2546 1499 2820 1559 curasset;
2844 1488 3077 1562 emgiem
3095 1491 3159 1547 D.
3184 1489 3331 1546 Petri
3359 1490 3531 1546 nostri

1934 1583 2154 1640 easdem
2180 1599 2398 1654 quoque
2444 1584 2642 1656 apponi
2668 1584 2860 1651 voluit,
2892 1584 2947 1640 in
2993 1583 3165 1641 forma
3192 1584 3367 1640 sancti
3410 1582 3529 1655 epi-

1932 1676 2086 1748 scopi
2112 1692 2325 1735 sacrum
2361 1674 2625 1743 facientis,
2657 1684 2714 1732 et
2757 1676 3025 1748 stupentis
3062 1675 3133 1732 ob
3161 1675 3357 1733 coelitis
3393 1688 3531 1746 prte-

1930 1767 2190 1835 scntiam,
2220 1767 2315 1839 qui
2354 1781 2545 1839 preces
2581 1766 2651 1824 de
2679 1781 2775 1823 ore
2816 1767 2989 1838 ipsius
3014 1766 3289 1838 suscipere
3314 1765 3531 1836 conspi-

1857 1857 1907 1921 Β
1930 1861 2192 1919 ciebatur.

2004 1952 2092 2008 3i.
2134 1950 2224 2009 Sic
2265 1952 2457 2009 eodem
2498 1953 2606 2008 ritu
2636 1951 2698 2007 Β.
2731 1952 2960 2010 antistes
2997 1952 3169 2009 aedem
3208 1950 3266 2007 S.
3306 1948 3530 2006 Joannis

1929 2043 2187 2115 Baptism
2217 2043 2285 2117 (f)
2316 2043 2548 2100 reddidit
2573 2059 2784 2100 sacram
2801 2085 2817 2111 ,
2848 2043 2940 2100 ubi
2966 2042 3219 2116 praefatus
3249 2041 3528 2099 Barbatia-

1930 2152 2033 2191 nus
2060 2151 2223 2192 verus
2268 2135 2367 2192 Dei
2404 2133 2636 2192 famulus
2662 2135 3008 2202 morabatur,
3041 2134 3195 2204 cujus
3226 2134 3432 2191 obitum
3456 2148 3527 2190 ex

1930 2229 2037 2285 levi
2064 2227 2301 2298 quidem,
2337 2226 2432 2284 sed
2461 2228 2727 2300 pertinaci
2754 2225 3064 2284 inﬁrmitate
3090 2226 3303 2293 divino,
3341 2235 3403 2282 ut
3427 2242 3528 2299 par

1930 2330 2017 2380 est
2061 2320 2304 2387 credere,
2358 2319 2541 2377 aﬂlatu
2584 2319 2782 2378 Petrus
2825 2336 3185 2393 prmnoscens,
3235 2318 3526 2377 Placidiam

1931 2423 2062 2470 tunc
2080 2414 2341 2485 temporis
2360 2411 2587 2469 Arimini
2613 2421 3041 2470 commorantem
3068 2411 3376 2480 admonuit;
3405 2424 3525 2482 quae

1930 2520 1964 2559 e
1992 2504 2219 2575 vestigio
2263 2503 2577 2560 Ravennam
2604 2504 2894 2572 advolans,
2943 2504 3327 2561 Barbatianum
3372 2510 3524 2559 ante-

1931 2611 2093 2666 quam
2122 2596 2356 2651 animam
2386 2595 2665 2652 exhalaret
2693 2595 2904 2664 invisit;
2935 2604 3098 2668 atque
3135 2595 3276 2652 illius
3293 2593 3525 2652 cadaver

1931 2688 2191 2754 ablutum,
2223 2688 2618 2759 unguentisque
2643 2688 2897 2761 pretiosis
2923 2688 3134 2744 linitum
3161 2684 3524 2760 Chrysologus

1932 2782 2049 2854 ipse
2077 2781 2132 2837 in
2159 2780 2276 2837 :ede
2304 2780 2561 2851 praedicta
2588 2782 2854 2853 sepelivit.

2005 2877 2094 2932 52.
2146 2874 2320 2932 Sicuti
2357 2874 2524 2931 etiam
2563 2877 2736 2934 sancti
2776 2874 3032 2933 Germani
3072 2872 3525 2932 Antisiodoreusis

1933 2970 2177 3043 episcopi
2221 2970 2298 3044 (g)
2327 2969 2618 3025 Britanniae
2658 2970 2895 3040 apostoli
2937 2968 3255 3040 nuncupati,
3286 2966 3381 3037 qui
3412 2965 3523 3021 Ba-

1932 3080 2123 3121 vennze
2150 3063 2221 3121 ad
2246 3062 2562 3120 Creatorem
2591 3069 2851 3119 evocatus
2870 3060 2971 3117 fuit
2998 3076 3140 3117 anno
3167 3057 3369 3116 Christi
3391 3054 3518 3112 £55.

1931 3155 2143 3227 Corpus
2182 3155 2470 3224 unguentis
2497 3154 2715 3210 arabica
2742 3153 3009 3210 suavitate
3036 3151 3271 3207 conditis
3297 3149 3524 3204 oblitum

1851 3242 1897 3305 C
1926 3246 2107 3317 ligneo
2136 3245 2317 3302 loculo
2357 3243 2645 3311 commisit,
2689 3258 2800 3313 quo
2838 3250 3027 3314 posset
3052 3242 3108 3297 in
3147 3238 3376 3296 Galliam
3415 3253 3515 3295 ex-

1935 3338 2175 3410 portari,
2240 3343 2300 3391 ut
2355 3334 2471 3406 ipse
2523 3332 2880 3390 moribundus
2941 3339 3268 3405 poposcerat
3311 3349 3325 3385 :
3368 3328 3526 3400 cujus

1935 3431 2210 3489 cucullum
2251 3444 2374 3486 cum
2414 3428 2663 3485 interiori
2705 3427 2885 3484 cilicio
2924 3424 3120 3483 Petrus
3159 3427 3274 3498 ipse
3312 3424 3416 3481 sibi
3468 3423 3525 3479 in

1935 3522 2309 3580 haereditatem
2334 3520 2648 3588 vindicavit,
2679 3527 2737 3576 et
2762 3517 3029 3575 Antonius
3057 3518 3196 3574 alter
3220 3514 3375 3572 Pauli
3400 3529 3524 3571 ere—

1935 3616 2193 3672 mitarum
2231 3611 2494 3687 principis
2532 3611 2724 3678 haeres,
2769 3625 2941 3666 annos
2981 3617 3040 3664 et
3076 3609 3194 3680 ipse
3219 3605 3527 3679 quindecim

1935 3705 2306 3777 supervivens,
2338 3703 2395 3759 in
2423 3717 2634 3759 summa
2664 3701 3020 3758 veneratione
3046 3698 3256 3756 habuit.

2008 3799 2095 3853 55.
2136 3797 2207 3852 Et
2243 3796 2499 3867 quoniam
2539 3810 2652 3850 non
2678 3801 2886 3850 tantum
2928 3793 2984 3849 in
3025 3791 3321 3864 propriam,
3364 3805 3527 3861 quam

1935 3891 1991 3946 in
2003 3890 2230 3945 aliorum
2248 3886 2506 3944 ecclesias
2527 3892 2684 3941 erant
2703 3883 2996 3941 admodum
3013 3870 3259 3955 impensa
3275 3880 3337 3937 Β.
3351 3879 3525 3954 Chry-e

1934 3981 2111 4051 sologi
2163 3979 2341 4035 studia
2358 4021 2374 4045 ,
2429 3985 2723 4049 propterea
2777 3982 3027 4033 sanctum
3079 3971 3389 4043 Projectum
3445 3969 3524 4043 (Ιι)

1935 4074 2453 4133 Forocornelianum
2480 4072 2818 4143 episcopum,
2850 4067 2906 4125 S.
2938 4066 3181 4124 Cornelii
3210 4063 3445 4120 Romani
3471 4063 3527 4120 in

1933 4167 2270 4226 Corneliensi
2298 4165 2543 4223 Ecclesia
2570 4176 2942 4225 successorem
2969 4157 3330 4217 consecravit.
3354 4154 3424 4210 Et
3453 4153 3518 4227 (ἱ)

1934 4259 2305 4318 Marcellinum
2331 4258 2461 4313 olim
2487 4256 2816 4328 piscatorem
2843 4252 3072 4323 piscium
3086 4248 3525 4306 Vicohaventinae

1935 4351 2194 4409 Ecclesiae
2245 4349 2545 4406 antistitem
2599 4346 2718 4418 pari
2770 4342 3186 4401 consecratione
3255 4340 3526 4398 ordinavit

1936 4460 2078 4503 anno
2106 4441 2322 4498 Domini
2340 4439 2561 4497 circiter
2580 4436 2705 4505 M9,
2728 4451 2891 4507 quem
2910 4432 3180 4506 appendix
3200 4432 3269 4488 ad
3294 4431 3525 4487 Usnardi

245 4523 355 4579 ade
397 4534 622 4593 agerent
669 4526 958 4592 excubias,
1016 4527 1293 4598 Deumque
1351 4530 1406 4586 in
1465 4531 1569 4588 hac
1620 4548 1681 4589 re
1731 4533 1834 4590 sibi
1872 4514 1905 4540 ⁸
1936 4532 2381 4609 Martyrologium
2428 4529 2678 4601 catalogo
2732 4535 3044 4585 sanctorum
3097 4523 3394 4596 ascriptum
3439 4520 3524 4577 ai-

246 4613 356 4672 fore
412 4615 708 4687 propitium
766 4633 836 4673 ex
899 4619 1081 4675 animo
1128 4629 1381 4688 orarent;
1433 4639 1663 4694 cumque
1716 4635 1826 4680 ter-
1852 4620 1904 4683 D
1927 4630 2123 4688 ﬁrmat.
2787 4622 2801 4638 ’

170 4704 189 4731 '
247 4707 317 4762 tia
375 4707 682 4777 vigiliarum
754 4717 915 4767 nocte
974 4712 1134 4767 ambo
1187 4720 1317 4768 ante
1369 4713 1704 4773 Altissimum
1768 4718 1822 4774 in

250 4801 441 4873 templo
479 4811 753 4869 astareut,
785 4818 915 4862 ecce
941 4803 1301 4863 Barbatianus
1331 4807 1507 4864 virum
1544 4812 1830 4883 conspexit

246 4894 602 4953 venerabilem
654 4892 948 4967 pontiﬁciis
1001 4898 1280 4967 amictum,
1329 4899 1714 4971 ambulantem,
1765 4920 1830 4962 ac

246 4985 395 5045 thure
446 4988 725 5045 basilicam
789 4988 1161 5048 sullicientem.
1222 4990 1394 5060 Quem
1447 4993 1507 5049 B.
1564 4993 1829 5058 Joannem

295 5148 384 5231 λα)
428 5147 563 5204 Rub.
606 5146 699 5204 lib.
746 5164 801 5216 ιι,
833 5163 976 5204 anno
1014 5149 1119 5204 455
1164 5159 1220 5205 et
1264 5166 1413 5222 seq;
1458 5150 1725 5225 Rodulpb.
1768 5164 1827 5213 et

411 5289 1117 5373 Il‘segnntur.haecncarlnin‘a
1158 5293 1217 5355 in,
1250 5292 1414 5373 Dub"
1447 5293 1548 5349 sub
1574 5311 1664 5373 an.
1699 5296 1822 5373 μθ,

246 5359 371 5443 etnin
408 5359 679 5443 Rodulph.
714 5362 768 5417 in
806 5361 931 5443 Vita
958 5360 1300 5443 D._Chrysol.
1333 5362 1524 5420 Exstat
1563 5359 1825 5439 templum

245 5430 428 5495 adhuc,
460 5431 561 5505 sed
584 5430 848 5505 imago_et
874 5433 1123 5505 carmina
1162 5430 1269 5505 non
1306 5444 1629 5505 cernuntur;
1669 5430 1824 5495 asse-

245 5509 497 5587 ruut‘tam
696 5509 754 5557 et
773 5502 1042 5587 Rodulph.
1068 5502 1385 5587 Flpriusque
1412 5522 1521 5587 non
1551 5500 1625 5563 ea'
1644 5510 1823 5566 omnia

243 5578 678 5649 sua_tempestate
704 5573 1254 5649 conspexis_se.__Nunc
1279 5573 1539 5649 templum
1569 5593 1601 5634 e
1627 5595 1820 5637 recen-

243 5642 460 5701 tioribus
472 5642 855 5701 'instauratum'
870 5661 936 5702 ac
962 5645 1271 5703 dealbatum
1292 5642 1409 5716 est;
1425 5647 1546 5708 ideo
1562 5650 1820 5723 prtedicta

243 5729 345 5772 non
372 5723 602 5775 exstant.

311 5788 382 5853 (ε)
418 5784 583 5853 Rub.,
613 5786 715 5842 sub
741 5802 830 5844 an.
862 5786 985 5843 438.

422 5856 596 5913 Serm.
626 5856 742 5914 107.

2002 4720 2088 4777 54.
2120 4719 2198 4775 Ne
2224 4733 2356 4774 vero
2381 4715 2513 4786 quid
2539 4713 2726 4781 ofﬁcii,
2756 4710 2904 4783 quod
2931 4725 2964 4767 a
2985 4725 3046 4767 se
3069 4707 3337 4782 proﬁcisci
3365 4720 3526 4779 posse

1932 4816 2285 4875 arbitraretur
2312 4824 2441 4880 erga
2469 4809 2730 4881 populum
2771 4806 3143 4862 Ravennatem
3178 4802 3281 4859 sibi
3308 4799 3524 4859 caelitus

1933 4907 2335 4971 concreditum,
2379 4900 2844 4973 praetermitteret,
2877 4897 2933 4953 in
2971 4896 3148 4954 classe
3183 4892 3383 4966 oppido
3410 4890 3521 4946 Ra-

1934 5016 2124 5059 vennae
2151 4996 2492 5057 contermino
2521 4994 2677 5066 aquis
2704 4991 3035 5065 potabilibus
3075 4995 3301 5062 experte
3325 4985 3520 5043 cister-

2030 5154 2080 5219 e)
2120 5153 2285 5219 Rub.,
2316 5167 2460 5208 anno
2479 5148 2603 5215 455,

2115 5211 2283 5290 Rub.,
2321 5238 2466 5279 anno
2511 5211 2816 5290 458,,Rod.
2849 5225 2906 5274 et
2951 5217 3071 5290 alii;
3098 5220 3205 5290 est
3246 5211 3518 5290 ξηιλ-8.

1933 5282 2082 5352 Petri
2128 5282 2374 5349 Damiani
2420 5295 2475 5349 in
2504 5282 2713 5347 Nat.’S.
2745 5282 3170 5345 Barbatianidie
3214 5283 3385 5339 ultim.
3418 5282 3525 5340 De-

1933 5366 2135 5423 cembr.
2177 5364 2299 5420 Vid.
2334 5373 2447 5421 not.
2478 5363 2677 5417 Baron.
2709 5361 2765 5416 in
2811 5359 3029 5431 Martyr.
3073 5354 3386 5431 Rom:_hac
3408 5355 3519 5431 die.

2007 5436 2086 5563 (ἕ)
2125 5434 2333 5492 Natalis
2374 5434 2516 5491 Rub.
2549 5441 2607 5489 et
2645 5432 2770 5487 Bar.
2814 5438 2856 5484 t.
2888 5422 2969 5495 νζ
2998 5441 3123 5483 ann.
3168 5424 3267 5481 ιιι
3312 5433 3370 5481 et
3395 5422 3521 5493 435,

2065 5506 2275 5562 ntonin.
2320 5523 2359 5562 ιι
2388 5523 2441 5563 n.
2476 5505 2613 5560 Hist.
2658 5503 2741 5557 tit.
2785 5499 2870 5554 il.
2915 5516 2964 5556 c.
3012 5498 3098 5563 Π,
3130 5496 3159 5563 §
3187 5495 3240 5552 6.
3269 5493 3518 5553 Constat.

1932 5516 1990 5564 et
2012 5496 2275 5563 Kntonin.
2320 5523 2359 5562 ιι
2388 5523 2441 5577 p.
2476 5505 2613 5560 Hist.
2658 5503 2741 5557 tit.
2785 5499 2870 5554 il.
2915 5516 2964 5556 c.
3012 5498 3098 5563 Π,
3130 5496 3159 5569 ς
3187 5496 3240 5552 6.
3269 5496 3518 5553 Constat.

1930 5579 2175 5651 presbyt.
2207 5577 2276 5655 de
2303 5577 2426 5655 Vita
2442 5575 2513 5655 ἓ.
2542 5570 2803 5655 germani
2831 5589 2843 5623 :
2878 5569 3151 5655 Rodulph.
3185 5565 3522 5655 etikliab‘a‘da-

1929 5634 2050 5706 Boi;
2082 5634 2195 5705 tam
2222 5648 2277 5703 in
2302 5648 2416 5704 vita
2442 5646 2507 5702 D.
2536 5643 2727 5716 Chrys.
2758 5656 2922 5713 quam
2950 5642 3007 5698 in
3034 5634 3153 5698 Vita
3178 5646 3352 5698 sauct.
3381 5634 3519 5693 Ger»

1929 5721 2079 5777 mani
2109 5719 2198 5776 die
2226 5718 2289 5774 51
2323 5718 2428 5774 Jul.

2028 5790 2083 5863 It)
2118 5788 2298 5863 Serm.
2325 5786 2447 5863 ιρξξ,
2477 5799 2600 5842 cum
2626 5791 2740 5841 not.

2004 5792 2083 5930 in)
2122 5792 2298 5846 Serm.
2325 5792 2447 5854 165,
2477 5799 2600 5842 cum
2626 5792 2740 5841 not.

2032 5862 2070 5931 i)
2111 5859 2285 5917 Serm.
2322 5856 2453 5922 l75,
2484 5870 2609 5914 cum
2635 5863 2755 5912 not.
