3976 6352
493 413 563 470 οδ

1314 413 1381 471 ΙΝ
1415 413 1473 470 S.
1509 412 1790 470 PETRle
1828 413 2334 471 CIIRYSOLOGUM
2373 414 2905 475 Ρηοιεοοδιεωι.

3683 422 3760 481 66

489 533 547 580 et
571 523 836 596 perpolite
864 524 1169 594 conscripta
1197 521 1338 591 digni
1369 520 1673 590 fuissemus,
1697 522 1936 580 divinum
1964 539 2075 578 ma-
2097 529 2146 590 Α
2176 524 2365 595 positae
2393 523 2461 579 ad
2487 540 2650 580 unam
2696 527 2748 581 in
2797 527 3007 582 cineres
3045 537 3169 582 sunt
3195 530 3446 586 redactae.
3476 531 3607 599 Quae
3635 549 3772 592 vero

486 617 569 686 gis
594 631 757 686 quam
785 622 1077 671 humanum
1105 614 1354 670 habuisse
1384 615 1676 684 ingenium,
1701 631 2070 686 summamque

485 708 630 764 illius
656 709 765 764 vim
795 708 849 764 in
877 707 972 764 Dei
1000 707 1167 777 gloria
1197 716 1254 762 et
1300 708 1473 763 salute
1521 709 1818 764 animarum
1862 710 2070 780 imperi-

484 805 628 862 disse
654 815 838 862 nostra
875 806 1220 875 omniumque
1264 814 1395 860 actas
1442 805 1717 861 hominum
1746 812 1929 876 aperte
1975 818 2069 858 ce-

481 908 784 970 gnesceret.
808 898 914 955 Sed
941 899 1082 954 Deus
1110 898 1370 954 mirabilis
1399 900 1452 954 in
1480 899 1679 955 sanctis
1705 897 1813 953 suis
1838 896 2068 952 fortasse

482 994 649 1050 voluit
677 995 754 1049 sic
781 1010 848 1049 ex
876 1007 1055 1062 ungue
1084 993 1338 1062 cognosci
1367 993 1600 1048 leonem.

548 1087 634 1141 4t.
675 1086 810 1142 Nam
840 1086 858 1157 (
885 1087 1022 1158 proh
1050 1086 1244 1142 dolor!
1275 1087 1292 1154 )
1332 1086 1544 1158 periere
1583 1086 1650 1140 ab
1680 1085 1795 1156 ipse
1841 1091 2063 1139 exarata

476 1179 822 1250 exemplaria,
874 1188 966 1234 aut
1012 1179 1305 1240 Ravenme,
1355 1188 1448 1234 aut
1495 1178 1636 1234 Fere
1681 1177 1957 1240 Cornelii;
2009 1183 2063 1231 et

476 1271 762 1341 utrobique
792 1271 877 1326 vel
907 1269 1231 1326 Theoderici
1273 1268 1720 1338 Ostrogothorum
1765 1269 1908 1337 regis
1956 1267 2064 1322 Ra-

475 1376 704 1419 vennam
733 1363 1050 1433 occupantis
1076 1359 1317 1432 perfidia,
1345 1362 1420 1430 (τι)
1450 1361 1540 1430 qui
1569 1377 1692 1415 cum
1724 1360 1917 1413 Ariana
1941 1359 2062 1415 labe

473 1462 651 1510 tactus
681 1455 1020 1518 intrinsecus,
1053 1464 1108 1508 et
1136 1453 1420 1509 obvolutus
1445 1453 1775 1508 extrinsecus
1800 1460 1973 1516 esset,
2007 1451 2059 1505 in

474 1545 770 1601 catholicos
791 1545 1084 1602 desmviens
1111 1560 1208 1600 eos
1230 1585 1245 1611 ,
1279 1555 1333 1599 et
1353 1545 1533 1599 omnia
1560 1544 1798 1613 ipsorum
1839 1542 2056 1612 templa,

475 1650 797 1706 omnemque
837 1637 1114 1706 regionem
1162 1636 1373 1690 illorum
1422 1634 1646 1706 perdere
1685 1643 1740 1689 et
1777 1633 1956 1703 gladio
1996 1649 2060 1689 ac

474 1728 596 1798 igne
632 1744 953 1784 consumere
992 1729 1314 1795 minabatur,
1361 1729 1684 1798 tandemque
1714 1728 1959 1783 Boetium
2004 1735 2060 1782 et

463 1820 816 1893 Symmacum
838 1865 854 1889 ,
885 1823 1178 1878 clarissima
1206 1822 1369 1877 Italiae
1397 1822 1596 1877 lumina
1622 1864 1636 1889 ,
1680 1821 1824 1891 quod
1867 1828 2056 1876 contra

2173 629 2242 670 ex
2267 615 2515 670 omnibus
2543 631 2663 686 qua:
2711 615 3079 689 Cltryselogus
3125 621 3341 692 scripsit
3387 637 3772 684 remanserunt

2170 723 2457 778 perpaucae
2477 709 2730 776 hemiliac,
2749 711 2944 766 breves
2962 712 3178 781 quidem
3209 729 3434 770 numero
3449 717 3764 785 verborum,

2169 799 2264 855 sed
2293 813 2484 868 graves
2513 802 2754 871 pondere
2794 806 3200 874 sententiarum,
3233 823 3262 861 a
3287 807 3346 862 ll.
3380 807 3560 866 Felice
3582 852 3597 877 ,
3629 826 3770 881 qua-

2167 891 2472 961 dragesime
2500 893 2703 950 Raven.
2735 897 3163 968 archiepiscopo,
3182 901 3570 959 cencionatere
3599 904 3768 960 diser-

2167 983 2394 1050 tissime,
2419 1001 2485 1040 ex
2516 987 2798 1056 praecipuis
2837 988 3171 1059 diversisque
3218 992 3352 1048 locis
3400 1009 3463 1049 ac
3513 998 3766 1064 [‘ersonis

2165 1075 2401 1130 maxime
2429 1075 2614 1132 labere
2638 1087 2693 1132 et
2721 1078 2980 1134 industria
3009 1081 3133 1136 hinc
3163 1082 3287 1138 inde
3305 1085 3642 1154 conquisitze,
3676 1095 3765 1140 at-

2163 1179 2271 1234 que
2297 1165 2474 1221 divina
2505 1168 2779 1225 voluntate
2815 1171 3079 1240 exemplis
3125 1173 3446 1241 quibusdam
3498 1176 3758 1241 inventis,

2164 1255 2218 1310 in
2247 1273 2442 1321 unum,
2487 1258 2612 1314 licet
2639 1260 2861 1316 confuse
2895 1277 2959 1316 ac
2986 1262 3293 1319 indistincte
3322 1266 3468 1320 nullo
3498 1270 3762 1338 temporis

2164 1348 2353 1403 ordine
2381 1358 2592 1405 servato
2619 1361 2824 1406 coactae
2867 1361 3009 1417 sunt,
3045 1363 3316 1423 tamquam
3362 1365 3484 1427 post
3531 1358 3759 1414 uberem

2161 1438 2484 1494 vindemiam
2516 1443 2768 1511 perpauci
2814 1443 3090 1500 recollecti
3118 1447 3338 1510 racemi,
3371 1448 3514 1502 circa
3552 1464 3756 1505 annum

2162 1531 2372 1587 Domini
2410 1532 2680 1590 decimum
2724 1536 2940 1590 tertium
2986 1551 3147 1606 supra
3191 1539 3749 1608 septingentesimum.

2162 1622 2518 1694 Quamquam,
2568 1640 2687 1694 qua:
2734 1626 2896 1681 modo
2944 1636 3159 1682 exstant
3204 1628 3268 1683 D.
3319 1627 3466 1684 Petri
3493 1631 3750 1702 homiliat,

2161 1735 2270 1774 non
2299 1735 2416 1774 esse
2445 1719 2662 1774 easdem
2682 1736 2929 1787 numero,
2961 1721 3148 1776 ordine
3177 1730 3231 1777 et
3258 1721 3609 1792 perfectione,
3629 1739 3755 1795 qua

2160 1829 2190 1868 a
2220 1813 2279 1867 Β.
2313 1813 2491 1870 Felice
2513 1814 2670 1870 edita:
2697 1813 2915 1870 fuerunt
2944 1816 3019 1888 (g)
3051 1815 3253 1886 liquide
3281 1824 3496 1872 constat
3520 1835 3534 1883 ;
3559 1833 3754 1874 verum

472 1912 699 1968 Arianes
727 1923 924 1980 essent,
942 1915 1244 1980 interemit;
1277 1915 1439 1969 immo
1466 1912 1728 1969 Joannem
1762 1914 1934 1983 ipsum
1955 1913 2056 1967 liu-

2157 1905 2500 1977 pestmodum
2548 1907 2882 1962 currentium
2933 1909 3258 1978 negligentia
3308 1916 3632 1979 temporum,
3662 1910 3754 1966 vel

469 2007 554 2076 jus
582 2006 811 2062 nominis
838 2007 1068 2078 primum
1094 2007 1402 2077 pentilicem
1434 2023 1576 2060 max.
1612 2007 1730 2060 vita:
1759 2007 2052 2060 sanctimo-

470 2099 558 2154 nia
615 2098 971 2152 clarissimum
1019 2098 1203 2168 (proh
1262 2096 1484 2166 nefas!)
1533 2097 1737 2152 carceri
1788 2095 2056 2150 Ravennae

471 2192 871 2261 mancipatum,
915 2191 1144 2261 pedore,
1177 2192 1284 2246 situ
1325 2207 1388 2246 ac
1426 2191 1602 2246 inedia
1648 2199 2052 2260 consumptum,

471 2283 635 2338 vitam
664 2285 735 2339 eb
764 2284 816 2339 id
847 2284 1134 2339 terminare
1165 2285 1374 2354 coegit;
1408 2300 1508 2340 nec
1549 2301 1655 2339 non
1685 2284 2054 2339 Balthasarem

470 2392 538 2432 ex
587 2375 782 2432 familia
832 2379 1002 2432 sancti
1040 2375 1183 2432 Petri
1213 2375 1551 2449 Chryselogi,
1587 2376 1662 2450 (ὁ)
1686 2380 1860 2433 virum
1907 2378 2055 2433 omni

468 2484 742 2526 sacrarum
773 2470 1074 2525 litterarum
1101 2471 1401 2527 eruditione
1429 2473 1746 2542 sapientem,
1772 2473 1916 2542 quod
1938 2481 2056 2527 tan-

467 2562 745 2618 tummodo
774 2563 878 2618 illis
899 2564 1232 2634 temporibus
1242 2566 1430 2621 urbem
1452 2565 1764 2621 Ravennam
1790 2567 2050 2632 inviserit,

467 2654 657 2726 pentif.
690 2671 834 2710 max.
886 2657 938 2711 in
969 2658 1157 2712 mortis
1198 2673 1398 2727 genere
1429 2659 1762 2714 consimilem
1802 2661 2048 2715 reddidit.

465 2747 645 2816 Quare
681 2764 788 2802 non
819 2748 951 2804 levis
990 2748 1300 2817 conjectura
1346 2753 1518 2819 surgit
1562 2751 1826 2821 perfidum
1871 2768 2054 2823 regem

464 2837 783 2912 Chryselogi
812 2842 1010 2912 scripta
1047 2857 1402 2912 quaecumque
1431 2844 1578 2898 omni
1616 2843 1892 2913 diligentia
1923 2861 2055 2900 cen-

463 2931 711 3001 quisisse,
737 2940 792 2988 et
820 2931 1107 2998 Ravennae,
1126 2943 1182 2989 et
1203 2933 1342 2989 Fere
1362 2933 1688 3000 Cernelii,et
1711 2937 1849 3006 apud
1881 2937 2051 3007 ipsum

464 3021 850 3088 Balthasarem,
881 3025 973 3094 qui
1003 3025 1357 3096 probabiliter
1384 3042 1446 3082 ea
1477 3028 1756 3097 possidere
1796 3029 2054 3083 credeba-

461 3122 567 3180 tur,
601 3123 656 3170 et
682 3130 747 3171 ea
789 3118 970 3171 omnia
1000 3132 1105 3170 una
1137 3132 1258 3171 cum
1288 3118 1440 3183 actis,
1473 3128 1528 3173 et
1557 3134 1812 3188 processu
1861 3120 2056 3174 sancti-

462 3205 606 3271 tatis,
637 3214 693 3262 et
720 3207 1100 3264 miraculorum
1129 3211 1299 3265 sancti
1329 3208 1472 3265 Petri
1502 3208 1818 3282 Chryselegi
1862 3212 1966 3281 igni
1997 3221 2051 3268 et

2161 1997 2500 2052 librariorum
2531 1998 2756 2064 incuria,
2787 2015 2882 2054 seu
2909 1999 3208 2068 aliquorum
3239 1999 3532 2055 invidentia
3560 2016 3758 2070 quam-

2157 2090 2416 2161 plurimas
2443 2106 2509 2146 ex
2540 2090 2670 2160 ipsis
2697 2107 2817 2147 esse
2845 2091 3188 2162 deperditas;
3220 2102 3274 2147 et
3301 2107 3369 2147 ex
3406 2093 3470 2147 iis
3513 2107 3634 2162 qua:
3660 2109 3756 2150 re-

2158 2191 2471 2238 manserunt
2509 2183 2707 2253 partim
2757 2184 3072 2239 ebscuratas
3121 2192 3175 2238 et
3216 2185 3644 2251 contaminatas,
3695 2193 3755 2241 et

2156 2274 2352 2344 partim
2381 2274 2518 2329 adeo
2545 2275 2762 2329 mutilas
2803 2283 2965 2345 atque
3006 2276 3311 2346 perplexas,
3345 2275 3424 2346 (It)
3465 2284 3524 2330 ut
3569 2291 3639 2332 ne
3658 2277 3754 2332 vix

2157 2365 2370 2434 quidem
2400 2381 2430 2418 a
2458 2364 2632 2420 doctis
2663 2365 2887 2436 intelligi
2925 2377 3146 2436 queant.
3179 2365 3272 2420 Hac
3303 2375 3480 2421 tamen
3526 2369 3752 2436 quales-

2156 2471 2385 2526 cumque
2415 2459 2664 2523 existant,
2698 2474 2867 2527 us:|ue
2893 2474 2960 2513 ee
2988 2457 3319 2528 sapientibus
3339 2457 3580 2528 probatae
3600 2468 3749 2526 sunt,

2155 2557 2215 2603 ut
2243 2550 2400 2605 unice
2422 2551 2599 2606 seculi
2630 2551 2802 2620 spatio
2835 2549 3203 2618 duodeviginti
3225 2549 3431 2605 vicibus
3453 2588 3467 2614 ,
3499 2550 3646 2619 quod
3674 2550 3752 2605 vi-

2154 2640 2345 2707 derim,
2379 2643 2518 2713 typis
2546 2642 2741 2696 fuerint
2778 2641 3132 2696 demandatrc.

2226 2734 2313 2788 45.
2357 2735 2454 2789 Vel
2484 2736 2662 2790 lersan
2701 2735 2971 2804 antiquius
3020 2734 3164 2789 Fero
3191 2733 3430 2790 Cornelii
3457 2735 3602 2791 circa
3649 2751 3753 2790 an-

2157 2841 2282 2880 num
2308 2825 2516 2879 Domini
2545 2827 3027 2894 quingentesimum
3058 2826 3562 2894 quinquagesimum
3589 2842 3755 2896 quar-

2156 2927 2290 2984 tum,
2325 2921 2386 2987 (ἱ)
2437 2934 2557 2972 cum
2596 2918 2793 2973 Narscs
2839 2919 3138 2984 eunuchus,
3188 2917 3474 2974 Justiniani
3518 2919 3751 2975 Caesaris

2155 3009 2457 3081 praefectus,
2490 3019 2544 3064 et
2572 3025 2669 3064 suo
2701 3010 2927 3065 Domino
2959 3009 3171 3064 tandem
3202 3025 3392 3064 servus
3421 3008 3668 3075 infidelis,
3682 3021 3750 3065 ut

2155 3099 2601 3170 Ostrogotherum
2645 3102 2918 3170 reliquias,
2969 3117 3088 3170 qua:
3135 3100 3198 3155 ad
3255 3100 3454 3156 Fetum
3505 3099 3748 3157 Cornelii

2155 3193 2525 3261 confugerant,
2552 3207 2717 3260 seque
2748 3191 2944 3246 ibidem
2967 3191 3282 3246 necessariis
3310 3190 3633 3255 munierant,
3658 3205 3750 3245 ra-

458 3299 856 3369 ροηειιιηριίοηί
906 3299 1221 3366 "admisse;
1274 3317 1342 3356 ne
1396 3302 1516 3370 quis
1563 3280 1730 3372 ίρέίυς
1780 3280 2046 3371 doctrina,
2077 3289 2123 3353 C
2153 3285 2346 3339 dicitus
2374 3284 2716 3353 exstirparet,
2749 3283 2919 3352 ipsum
2952 3282 3149 3336 Forum
3169 3324 3183 3347 ,
3217 3281 3402 3336 urbem
3433 3280 3749 3339 florentissi-

458 3389 828 3455 cencienibus,
860 3399 915 3445 et
936 3392 1338 3446 commentariis
1357 3401 1546 3446 centra
1575 3393 1823 3459 Arianes,
1853 3395 2048 3462 quibus

458 3478 634 3534 fuerat
661 3480 840 3550 lingua
870 3481 1188 3551 calamoque
1218 3485 1364 3537 omni
1396 3492 1641 3553 tempore
1671 3484 1908 3539 infensus
1929 3527 1943 3549 ,
1971 3487 2046 3540 uti

460 3569 694 3637 valeret;
744 3571 1174 3638 sanctimoniam,
1227 3574 1604 3629 auctoritatem
1652 3586 1708 3630 et
1747 3575 2047 3632 doctrinam

457 3658 697 3729 ejusdem
728 3659 970 3717 Heredes
999 3662 1138 3717 alter
1166 3663 1425 3719 adversus
1466 3681 1618 3720 suam
1665 3665 1942 3736 perfidiam
1993 3678 2048 3724 et

457 3753 704 3809 haeresim
726 3755 1134 3826 pertimescens.
1165 3757 1555 3814 Diocletianum
1579 3771 1814 3826 secutus,
1856 3762 1925 3834 (c)
1952 3765 2044 3833 qui

455 3859 643 3899 omnes
670 3842 988 3900 Christiana:
1036 3848 1312 3918 religionis
1349 3851 1563 3906 codices
1585 3851 1744 3920 jussit
1776 3855 2039 3920 comburi,

455 3951 552 3992 seu
596 3935 869 3992 Julianum
901 3938 1214 4009 Apestatam
1242 3984 1256 4007 ,
1309 3943 1387 4012 (ά)
1427 3945 1520 4013 qui
1561 3946 1736 4000 studia
1778 3946 2041 4003 bonarum

455 4027 649 4082 artium
704 4029 936 4085 ethnicis
981 4028 1411 4102 Christianisque
1457 4037 1730 4105 magistris
1778 4037 2043 4108 ademptis
2103 4088 2116 4109 ,

450 4115 770 4175 Christiana:
793 4121 1065 4190 juventuti
1107 4124 1350 4195 improbe
1397 4128 1608 4198 eripere
1654 4138 1880 4184 conatus
1908 4141 1991 4186 est
2023 4150 2036 4185 :

451 4227 572 4267 cum
634 4229 740 4269 non
797 4217 866 4270 sit
923 4217 1164 4288 tyrannis
1224 4218 1706 4290 depepulateribus
1758 4225 2040 4292 regionum

453 4303 525 4374 (ε)
555 4319 652 4359 seu
679 4307 999 4375 religionum
1031 4308 1305 4366 efficacius
1346 4314 1837 4370 machinamentum
1877 4331 2039 4384 quam

451 4404 510 4450 ut
555 4396 705 4453 libris
751 4407 1024 4468 tamquam
1074 4401 1388 4460 ﬁrmissimis
1434 4408 1848 4476 propugnaculis
1895 4408 2040 4478 ipsas

448 4498 663 4542 exuant.
686 4489 754 4542 At
783 4488 949 4557 brevi,
973 4491 1086 4547 Dee
1116 4494 1342 4562 vindice,
1369 4498 1564 4567 impius
1586 4498 1671 4553 hic
1698 4499 1876 4569 periit,
1893 4516 2040 4554 mox-

448 4594 553 4648 que
581 4580 633 4634 in
662 4582 744 4636 sui
775 4580 1026 4638 facinoris
1056 4599 1270 4656 ptenam
1307 4590 1576 4644 cruciatus
1605 4591 1862 4659 gehennae
1901 4591 2038 4659 ignis

2152 3389 2293 3431 mam
2329 3383 2384 3428 et
2411 3374 2812 3443 amplissimam,
2860 3381 2980 3442 post
3011 3373 3220 3440 longam
3252 3374 3585 3428 obsidionem
3614 3373 3747 3429 ade-

2150 3475 2322 3535 ptum,
2355 3481 2417 3521 ac
2445 3466 2558 3519 dira
2589 3464 2938 3534 populatione
2987 3464 3254 3533 direptum
3298 3474 3503 3518 temere
3528 3472 3583 3518 et
3611 3479 3745 3520 cru-

2149 3558 2340 3613 deliter
2368 3559 2476 3627 igni
2507 3557 2756 3626 ferreque
2785 3555 3024 3610 funditus
3049 3569 3293 3610 evertere
3322 3572 3485 3612 ausus
3509 3565 3619 3623 est;
3651 3573 3747 3614 eo-

2148 3667 2254 3720 que
2290 3652 2631 3722 postmodum
2679 3647 2877 3705 Czesari
2927 3649 3200 3719 indignato
3256 3649 3642 3718 Lengebardes
3684 3651 3745 3706 in

2146 3743 2385 3799 ltalicmn
2417 3757 2640 3811 regnum
2662 3758 2694 3797 e
2723 3741 3015 3797 Pannoniis
3057 3750 3348 3806 evocante,
3403 3741 3470 3813 (j)
3519 3740 3745 3814 Clepbis

2146 3840 2358 3894 illorqu
2400 3855 2495 3893 rex
2542 3838 2940 3894 crudelissimus
2987 3844 3109 3906 post
3156 3836 3425 3890 sexdecim
3473 3851 3744 3892 annorum

2147 3931 2486 3987 intervallum
2509 3930 2662 3999 juxta
2691 3929 2888 3984 veteris
2912 3928 3052 3982 Fero
3080 3927 3319 3982 Cornelii
3358 3928 3544 3983 relicta
3573 3929 3744 3984 vesti-

2143 4023 2248 4091 gia,
2282 4022 2402 4077 loco
2451 4030 2630 4076 tamen
2681 4020 2745 4074 ad
2784 4021 2982 4074 multos
3009 4035 3200 4088 passus
3229 4027 3458 4085 mutate,
3502 4029 3558 4075 et
3603 4021 3743 4077 satis

2143 4123 2366 4183 anguste
2395 4124 2510 4169 rete
2537 4124 2636 4180 .ιο,
2669 4113 2855 4168 urbem
2898 4127 3143 4167 eversam
3174 4111 3468 4166 Vatrenum
3519 4129 3741 4170 amnem

2143 4209 2369 4262 intra-se
2397 4208 2763 4262 continentem
2812 4206 3117 4260 ﬁrmissimo
3164 4215 3330 4274 ponte
3378 4221 3540 4276 super
3567 4221 3740 4276 aquas

2141 4308 2455 4356 constructo
2479 4300 2728 4368 utrinque
2757 4299 3012 4353 citissime
3041 4294 3405 4352 recediticavit.
3437 4295 3607 4367 Cujus
3643 4314 3739 4354 ca-

2141 4401 2310 4450 strutn
2341 4392 2407 4448 ad
2429 4393 2652 4448 alteram
2676 4390 2909 4446 fluminis
2937 4391 3110 4460 ripam
3137 4406 3167 4444 a
3199 4399 3351 4460 parte
3375 4391 3542 4445 austri
3571 4408 3738 4461 super

2141 4485 2520 4540 adhaerentem.
2553 4483 2744 4540 collem
2786 4483 2988 4538 ambitu
3035 4481 3322 4552 rotundum
3371 4483 3736 4540 munitissima

2141 4578 2451 4647 ingentique
2501 4577 2687 4631 fultum
2736 4592 2879 4640 arce,
2915 4575 2988 4647 (Ir)
3023 4584 3078 4629 ut
3119 4574 3523 4630 Ravennatibus
3571 4573 3738 4630 finiti-

447 4684 552 4724 una
582 4687 703 4727 cum
731 4671 944 4730 Herode
979 4673 1202 4733 Joannis
1247 4677 1501 4749 Baptista}
1540 4691 1796 4738 necatore
1842 4683 2036 4738 ιιιειιίιο
2062 4683 2116 4746 ι)
2141 4673 2348 4742 misque
2377 4671 2682 4726 civitatibus
2709 4671 2862 4739 quasi
2891 4677 3212 4740 perpetuum
3253 4667 3526 4725 stimulum
3557 4683 3736 4739 oppe-

447 4763 687 4833 percepit
705 4773 956 4820 aeternos.

515 4850 602 4906 49..
646 4852 752 4908 Aut
797 4855 1001 4925 pariter
1049 4858 1317 4915 Ravennm
1372 4862 1515 4917 circa
1564 4878 1764 4917 annum
1820 4844 2074 4918 Domini.

442 4944 1010 5016 septingentesimum,
1045 4950 1116 5023 (ι’)
1166 4958 1411 5022 tempore
1452 4953 1723 5021 Damiani,
1777 4955 2034 5023 trigesimi

442 5039 570 5094 noni
601 5037 974 5097 Ravennatum
1005 5043 1416 5115 archiepiscopi,
1454 5045 1580 5100 dum
1628 5047 1911 5118 absumpta
1961 5047 2036 5101 in-

438 5130 630 5190 cendio
659 5135 900 5209 episcopi
928 5135 1276 5203 bibliotheca,
1301 5137 1582 5208 scripturae
1609 5153 1799 5194 omnes
1826 5139 1933 5195 illic
1953 5155 2036 5196 re-

513 5332 588 5404 (ιι)
615 5335 881 5394 Rub.th
898 5339 966 5394 de
993 5336 1333 5393 Theoderico
1363 5338 1508 5394 circa
1538 5353 1626 5393 an.
1662 5338 1872 5394 Domini
1899 5336 2017 5392 524.

438 5400 748 5480 βρῖλίιιῐηδῑ.
785 5409 979 5465 ltaren.
1013 5409 1067 5464 in
1089 5408 1284 5464 Annal.
1322 5408 1580 5464 Delionus
1625 5409 1680 5464 in
1719 5407 2018 5480 Cempcnd.

438 5474 586 5550 hist_.,
616 5485 672 5550 et
690 5478 880 5550 pleriq.
912 5480 1021 5534 alii.

534 5545 586 5616 ὁ)
615 5545 756 5617 ᾼηή.
789 5545 884 5604 lui.
917 5550 1083 5608 Flet-ii
1105 5552 1254 5617 Saxi,
1278 5558 1335 5606 et
1362 5552 1592 5606 aliorum
1620 5567 1748 5608 mss.

613 5615 737 5693 Eius.
772 5619 807 5674 l.
837 5637 944 5693 vui,
968 5639 1087 5693 cap.
1113 5622 1150 5676 ‘2
1177 5615 1307 5678 αὖ.

511 5687 590 5758 (ά)
619 5688 872 5758 Historici
901 5687 1088 5749 omnes
1116 5694 1170 5749 in
1199 5694 1322 5750 Vita
1350 5693 1456 5750 Jul.

535 5757 584 5823 el
606 5757 764 5816 Jean.
797 5759 950 5817 Gers.
985 5763 1051 5818 de
1078 5763 1247 5821 Laud.
1282 5765 1546 5823 Scriptor.
1577 5780 1626 5821 c.
1658 5765 1709 5819 9.

603 5830 742 5886 Rub.
776 5832 811 5886 l.
846 5849 914 5899 IV,
940 5833 1040 5888 sub
1067 5834 1155 5889 dd.
1191 5837 1364 5892 annis.
1399 5830 1536 5894 Red.
1570 5843 1627 5891 et
1653 5852 1782 5892 mss.

531 5900 585 5972 9)
611 5900 748 5957 Rub.
795 5920 911 5974 sup.
961 5905 1149 5958 asserit
1178 5907 1363 5961 liemil.
1399 5924 1429 5961 a
1455 5906 1635 5962 Felice
1674 5905 2012 5965 recollectar.

518 5963 524 5971 ι

2060 4775 2320 4837 ,1neret;
2352 4780 2471 4820 cum
2501 4765 2569 4819 ab
2598 4763 2716 4832 ejus
2761 4763 2956 4817 duritie
2987 4772 3041 4816 et
3071 4760 3325 4815 ﬁrmitate
3364 4776 3616 4816 sermone
3647 4762 3733 4816 la-

2136 4862 2248 4915 tino
2271 4858 2508 4914 Castrum
2546 4857 2802 4919 Immolle.
2848 4858 2951 4912 hoc
2999 4864 3083 4910 est
3136 4868 3373 4911 castrum
3428 4853 3620 4909 durum
3673 4866 3734 4912 et

2134 4952 2288 5025 quasi
2314 4951 2567 5015 ferreum,
2600 4964 2886 5018 arcemque
2914 4948 3159 5004 hostibus
3190 4955 3377 5001 natura
3411 4953 3467 5002 et
3493 4946 3598 5000 situ
3627 4946 3736 5002 eb-

2134 5045 2432 5110 sistentem,
2466 5044 2679 5098 tametsi
2708 5058 2864 5098 secus
2886 5041 3074 5096 molles
3096 5055 3262 5109 aquas
3290 5047 3635 5102 exstructam,
3671 5047 3735 5094 et

2135 5139 2265 5209 ipsis
2293 5136 2528 5205 undique
2559 5135 2811 5189 vallatam
2840 5134 3114 5205 appellare
3137 5131 3402 5201 jussisset,
3425 5129 3577 5187 brevi
3598 5129 3734 5187 urbs

2116 5319 2270 5409 'epus
2310 5338 2485 5393 adhuc
2524 5344 2737 5392 exstare
2781 5337 2835 5392 in
2857 5352 3048 5406 magna
3080 5344 3253 5408 parte.

2228 5409 2282 5477 It)
2318 5409 2453 5463 Red.
2489 5417 2544 5462 et
2563 5411 2692 5462 mss.

2228 5413 2282 5477 It)
2318 5413 2453 5463 Red.
2489 5417 2544 5462 et
2563 5413 2692 5462 mss.

2205 5413 2267 5550 li)
2300 5480 2557 5550 Raphael.
2592 5479 2922 5550 Vollateran.
2949 5477 3047 5550 lib.
3072 5475 3348 5550 iv‘Geegr.
3370 5475 3718 5550 _T_arcag_net.

2132 5553 2169 5607 l.
2201 5545 2270 5607 vn
2299 5545 2498 5607 Hister.
2526 5549 2728 5606 mundi.
2756 5549 3013 5604 Delionus
3035 5549 3090 5603 in
3105 5545 3404 5618 Compend.
3420 5545 3720 5602 Hist.Ann.

2131 5623 2283 5766 mg).
2303 5639 2617 5766 ,lmol.
2649 5691 2850 5766 Blond.
2870 5690 3198 5747 Forolivian.
3230 5689 3391 5744 l.vm.
3417 5686 3552 5743 ilist.
3573 5685 3722 5744 Rub.

2122 5765 2158 5820 l.
2191 5763 2274 5829 tu,
2309 5781 2398 5820 an.
2434 5764 2555 5829 577,
2592 5771 2647 5819 et
2685 5764 2776 5818 alii
2799 5763 2925 5818 hist.
3437 5785 3448 5796 -

2197 5827 2272 5918 (lc)
2299 5835 2460 5900 Rub.,
2490 5827 2836 5907 Tarcagnet.,
2881 5833 3120 5901 Dolien.,
3151 5830 3343 5890 Blend.
3380 5837 3433 5886 et
3466 5827 3728 5899 plerique

2127 5907 2234 5962 alii.
