3964 6350
201 371 284 428 σε
1075 374 1231 433 νιτΑ
1273 378 1333 435 S.
1375 373 1584 432 PETRI
1622 375 2059 434 CllliYSOLOGI
2096 376 2234 434 PER
2273 375 2337 435 Ι).
2379 378 2620 438 MITAM.
3436 381 3506 432 oo

196 487 360 559 ipsa,
388 488 547 556 arcis,
577 485 863 561 Castrique
891 502 1089 546 nomen
1118 491 1278 562 vulgo
1308 491 1522 562 adepta,
1554 500 1610 547 et
1636 492 1802 548 eonti-
1838 501 1888 561 Α
1915 494 2166 560 locatum,
2199 492 2272 565 (c)
2301 494 2445 564 quod
2482 504 2640 552 antea
2667 511 2698 550 a
2733 493 2916 552 Troilo
2949 493 3191 552 Nordilio
3211 493 3330 551 cive
3364 493 3507 550 lmo—

195 599 324 641 nua
365 583 712 656 possessione
758 584 1014 641 roborata
1045 585 1337 642 novissime
1363 602 1394 642 a
1423 586 1818 643 recentioribus

193 680 373 750 quasi
401 694 502 750 per
530 694 830 752 syncopen,
861 679 908 734 si
932 695 1038 736 non
1068 689 1330 752 corrupto
1342 682 1624 748 vocabulo,
1649 681 1816 737 lmola

194 771 498 842 appellari,
519 787 623 828 nec
650 788 760 827 non
784 773 1080 844 scriptione
1103 774 1276 829 notari
1306 776 1606 831 consuevit.
1625 775 1819 843 Quam-

192 877 373 934 quam
405 864 470 920 D.
516 863 784 922 Cassiano
812 865 1051 922 dicatum
1081 868 1343 939 templum
1391 869 1444 923 in
1493 868 1816 925 occidentali

193 967 367 1026 parte
394 957 636 1027 antiqua:
665 958 814 1014 urbis
851 958 1118 1015 Cornelia:
1146 968 1538 1027 constructum,
1573 960 1660 1016 ubi
1689 977 1815 1016 cor-

193 1061 313 1118 pus
333 1047 392 1102 B.
425 1047 751 1122 Chrysologi
781 1051 1114 1120 quiescebat,
1147 1069 1214 1106 an
1246 1052 1406 1108 fuerit
1429 1053 1498 1108 ab
1533 1052 1816 1108 eversione

195 1149 262 1196 et
293 1140 552 1198 incendio
588 1151 901 1213 exemptum
923 1185 937 1209 ,
986 1128 1117 1199 non.
1148 1145 1280 1200 satis
1327 1155 1514 1202 nostro
1572 1153 1815 1216 tempore

195 1241 445 1287 constat.
476 1231 596 1289 Hoc
617 1242 798 1290 tamen
827 1251 926 1306 pro
956 1244 1109 1292 certo
1137 1237 1354 1301 scimus,
1389 1245 1509 1308 post
1540 1236 1686 1293 urbis
1715 1252 1813 1292 ex-

195 1325 408 1383 cidium
431 1327 636 1384 ibidem
664 1329 923 1400 oppidum
947 1339 1197 1386 sanctum
1243 1330 1562 1387 Cassianum
1608 1347 1815 1388 nuncu-

194 1431 392 1493 patum
423 1422 820 1480 exmdificatum
851 1425 1036 1493 fuisse,
1071 1426 1158 1482 ubi
1198 1435 1253 1481 et
1281 1427 1611 1483 cathedralis
1639 1426 1814 1483 eccle-

195 1515 284 1570 sia
307 1526 363 1570 et
391 1516 706 1587 episcopale
733 1519 1043 1589 praetorium
1072 1528 1505 1589 permanserunt,
1531 1520 1610 1592 (α)
1634 1519 1814 1590 quoad

199 1607 488 1664 aBmiliaui
528 1621 586 1666 et
641 1610 1015 1668 Bouonienses
1060 1613 1289 1668 invicem
1333 1629 1454 1669 sese
1499 1613 1642 1669 bello
1692 1628 1814 1684 pre-

198 1714 418 1762 mentes
440 1706 700 1778 oppidum
732 1707 861 1763 illud
892 1717 1168 1778 postremo
1197 1724 1227 1763 a
1269 1708 1699 1765 Bononiensibus
1727 1708 1811 1762 in-

200 1813 432 1854 censum
461 1799 702 1855 funditus
731 1801 1068 1867 everterunt,
1084 1800 1468 1873 praefatamque
1489 1817 1688 1868 arcem,
1714 1816 1812 1858 seu

109 1945 112 1950 ,
201 1890 488 1945 castellum
520 1891 766 1947 Immolle
795 1909 825 1947 a
856 1892 1217 1948 fundamentis
1247 1894 1297 1948 in
1327 1903 1645 1965 perpetuum
1687 1902 1814 1950 sunt

201 1981 469 2039 demoliti.
506 1983 660 2042 Unde
689 1987 1032 2056 postmodum
1064 1988 1293 2044 ecclesia
1324 1987 1386 2042 D.
1419 1987 1680 2044 Cassiano
1727 1987 1810 2043 di-

207 2085 355 2143 cata,
408 2075 486 2149 (b)
544 2079 702 2134 sedes
744 2080 1092 2151 episcopalis,
1139 2089 1194 2136 et
1231 2091 1540 2137 sanctormn
1587 2096 1815 2150 corpora

203 2171 502 2226 multorum
536 2173 646 2230 illic
689 2175 896 2230 tumulo
927 2175 1122 2230 tradita
1154 2176 1206 2230 in
1236 2186 1548 2231 renovatam
1579 2174 1811 2230 lmolen-

202 2263 339 2319 sium
370 2265 564 2321 urbem
603 2266 657 2321 in
707 2267 955 2323 lacunam
1005 2269 1265 2323 translata
1296 2270 1474 2332 fuere;
1507 2270 1648 2323 inter
1692 2283 1811 2337 qua:

200 2353 301 2411 fuit
323 2365 380 2411 et
402 2374 605 2430 corpus
635 2357 694 2414 Β.
712 2357 857 2414 Petri
886 2358 1207 2432 Chrysologi
1238 2361 1306 2416 ad
1329 2362 1608 2417 dexteram
1637 2361 1814 2430 sepul-

201 2448 281 2526 eri
317 2449 382 2504 Ι).
416 2448 663 2508 Cassiani
691 2453 791 2508 sub
819 2468 911 2508 ara
941 2456 1160 2526 propria
1189 2470 1334 2510 anno
1365 2455 1516 2510 Dom.
1547 2453 1811 2510 1200οοί-

1918 585 2054 642 lensi
2083 595 2212 644 tunc
2237 588 2496 658 primario
2520 588 2793 644 inventum
2823 589 2876 644 in
2919 587 3110 644 eadem
3150 587 3242 643 ubi
3274 595 3504 644 mortem

1917 680 2130 736 obierat
2155 681 2384 736 ecclesia
2408 681 2615 736 tumulo
2642 681 3108 738 honorificentiori
3137 697 3282 739 anno
3301 679 3505 737 Christi

1919 772 2024 826 946
2049 773 2265 829 circiter
2294 772 2470 829 fuerat
2491 775 2795 842 conditum;
2826 778 2953 832 dum
2983 775 3241 848 templum
3276 776 3449 849 ipsum
3472 792 3504 832 a

1917 866 2173 921 Barbaris
2199 866 2495 923 fmdissime
2523 878 2940 939 conspurcatum
2967 870 3374 926 instaurandum
3405 886 3505 926 cu-

1915 959 2076 1023 ravit,
2103 967 2159 1014 et
2184 974 2407 1015 munera
2437 977 2543 1016 non
2571 976 2743 1032 pauca
2761 962 2829 1018 ab
2844 962 3128 1033 Agapitoll
3149 962 3342 1034 pontif.
3357 978 3500 1018 max.

1915 1061 2142 1123 propter
2170 1053 2286 1109 haec
2313 1054 2573 1124 consequi
2603 1055 2828 1111 meritus
2855 1054 2972 1111 fuit.

1987 1147 2075 1200 44.
2117 1147 2176 1203 In
2207 1165 2348 1203 nova
2378 1157 2560 1204 autem
2590 1156 2646 1204 et
2675 1164 2818 1206 nunc
2846 1157 3096 1206 exstante
3123 1149 3234 1206 divi
3259 1149 3505 1206 Cassiani

1917 1245 1971 1299 in
2003 1244 2117 1314 ipsa
2146 1243 2280 1299 urbe
2322 1244 2573 1308 ecclesia,
2609 1243 2689 1315 (ά)
2722 1243 3004 1300 Μθιῑιιωυε
3040 1243 3292 1301 Phaellus
3320 1245 3509 1301 cathe-

1916 1337 2084 1392 dralis
2112 1335 2356 1406 ejusdem
2385 1338 2728 1408 praspositus,
2755 1351 2822 1392 ex
2851 1335 3107 1392 mandato
3129 1335 3504 1393 Reverendiss.

1915 1431 1977 1486 D.
2012 1431 2251 1487 Simonis
2297 1431 2538 1502 episcopi
2587 1431 2688 1486 sub
2736 1446 2880 1487 anno
2928 1428 3130 1486 Christi
3168 1426 3324 1491 M97,
3366 1427 3507 1485 idem

1915 1541 2114 1597 corpus
2160 1524 2220 1579 B.
2270 1523 2592 1597 Chrysologi
2630 1525 2731 1581 sub
2767 1540 2860 1580 ara
2897 1523 3117 1594 propria
3146 1521 3509 1592 conquisitum

1914 1617 2149 1682 invexit,
2192 1617 2530 1680 attrectavit,
2572 1616 2916 1685 recognovit,
2948 1627 3364 1684 marmoreoque
3390 1627 3509 1668 sar-

1914 1713 2162 1782 cophago
2191 1710 2422 1766 fideliter
2440 1726 2602 1781 supra
2633 1711 2806 1781 ipsum
2838 1709 3027 1772 altare,
3058 1707 3202 1779 quod
3223 1714 3306 1764 est
3325 1705 3510 1763 itidem

1914 1802 1983 1857 ad
2011 1802 2292 1858 dexteram
2322 1817 2431 1856 arzc
2459 1802 2631 1857 sancti
2659 1799 2901 1855 Cassiani
2930 1799 3104 1870 pridie
3132 1799 3239 1855 kal.
3272 1797 3513 1872 Septem-

1845 1923 1890 1986 Β
1916 1895 2028 1950 bris
2055 1895 2379 1960 collocavit;
2411 1909 2533 1950 cum
2571 1894 2640 1949 ad
2678 1893 2862 1950 lzevam
2900 1892 3114 1964 lapideo
3141 1892 3320 1950 loculo
3348 1908 3510 1965 supra

1915 1988 2088 2043 altare
2116 1986 2176 2041 Β.
2211 1986 2448 2057 Projecti
2478 1985 2612 2043 civis
2639 1983 3007 2042 Corneliensis
3035 1993 3091 2040 et
3117 1985 3358 2056 episcopi
3387 2000 3509 2040 ossa

1913 2079 2120 2150 pariter
2155 2080 2476 2148 quiescant;
2518 2078 2610 2133 ubi
2647 2078 2750 2134 hac
2784 2085 3095 2134 sanctorum
3135 2076 3306 2132 triade
3340 2091 3508 2133 vene-

1911 2181 2033 2227 rato
2062 2172 2204 2236 beo,
2245 2187 2433 2227 eorum
2470 2169 2670 2241 jugiter
2705 2169 3068 2242 patrocinium
3106 2184 3138 2224 a
3174 2169 3380 2224 civibus
3409 2169 3511 2225 im-

1912 2263 2179 2335 ploratur,
2220 2271 2276 2317 et
2312 2262 2515 2317 exteris
2552 2279 2659 2318 non
2698 2262 2902 2332 absque
2939 2261 3142 2332 ingenti
3170 2259 3508 2318 Christiano-

1911 2372 2032 2411 rum
2065 2355 2239 2411 f‘ruetu
2286 2363 2342 2409 et
2378 2354 2643 2425 spirituali
2675 2354 2858 2410 ltetitia
2888 2354 2957 2410 ad
2997 2352 3256 2410 Altissimi
3294 2351 3509 2411 laudem

1913 2461 1967 2508 et
1996 2451 2114 2522 ejus
2141 2451 2427 2507 beatorum
2455 2450 2882 2508 venerationem.

1088 2584 1248 2665 AD
1311 2579 1886 2668 OPPOSITA
1933 2578 2623 2692 RESPQNSIO.

273 2715 344 2773 Et
368 2733 699 2791 quamquam
728 2735 790 2776 ea
821 2736 942 2791 qua:
971 2737 1002 2776 a
1034 2722 1192 2778 nobis
1229 2723 1297 2777 de
1325 2722 1447 2777 Vita
1478 2732 1533 2778 et
1563 2721 1711 2778 Actis
1739 2721 1799 2775 Β.

201 2807 351 2865 Petri
380 2808 704 2883 Chrysologi
727 2813 938 2869 sincere
967 2814 1169 2884 scripta
1200 2824 1344 2880 sunt,
1366 2831 1434 2870 ex
1464 2815 1805 2870 auctoritati-

201 2901 313 2960 bus
345 2903 400 2958 in
431 2906 676 2974 margine
706 2907 892 2961 relatis
927 2908 1060 2962 satis
1101 2909 1330 2978 probata
1360 2908 1630 2973 videntur,
1664 2908 1806 2962 nihi-

197 2992 460 3060 lominus,
493 3009 620 3065 quia
651 2998 906 3052 noxiuulla
950 3015 1139 3054 eorum
1181 3001 1524 3071 Oppositione
1568 3016 1678 3056 non
1709 3016 1808 3056 ca-

203 3094 353 3150 rent,
388 3094 675 3157 propterea
708 3090 997 3145 contrariis
1027 3107 1125 3160 pro
1172 3092 1315 3146 virili
1346 3090 1663 3147 satisfacere
1709 3090 1810 3145 fuit

197 3177 518 3243 consilium,
549 3188 822 3249 quatenus
849 3183 1022 3238 relata
1061 3186 1266 3240 veritas
1315 3186 1518 3241 clarius
1567 3186 1803 3253 elucere,

200 3278 260 3324 et
286 3269 341 3325 in
374 3286 440 3326 ea
471 3271 692 3329 lectoris
721 3275 934 3330 animus
965 3277 1177 3347 placide
1205 3279 1593 3346 conquiescere
1620 3285 1801 3348 queat.

275 3362 325 3418 1.
372 3362 557 3419 Primo
588 3366 750 3436 igitur
798 3367 1020 3424 Petrqu
1048 3368 1443 3442 Chrysologum
1491 3372 1667 3441 patria
1700 3369 1807 3425 Ra-

200 3466 522 3524 vennatem,
557 3468 612 3514 et
641 3458 902 3517 Ecclesia:
949 3460 1215 3518 Corneliae
1256 3464 1569 3534 episcopum
1620 3463 1802 3529 fuisse,

1909 2718 2082 2787 sologi
2112 2719 2360 2785 habetur,
2393 2717 2641 2774 eumdem
2664 2725 3041 2774 consecratum
3064 2715 3376 2789 episcopum
3405 2731 3507 2774 an-

1911 2826 1983 2866 no
2007 2811 2217 2865 Domini
2247 2809 2369 2876 450,
2409 2819 2465 2865 et
2495 2818 2621 2882 post
2648 2807 2971 2866 decennium
3001 2810 3219 2866 abiisse.
3251 2808 3323 2864 At
3348 2811 3506 2868 venia

1911 2903 2270 2973 impertienda
2319 2910 2404 2957 est
2449 2901 2810 2973 scriptoribus
2858 2900 2996 2966 istis,
3047 2915 3173 2956 cum
3220 2899 3334 2956 haec
3363 2899 3508 2972 apud

1912 2994 2300 3070 Hieronymum
2333 2995 2578 3051 Rubeum
2601 2997 2654 3051 in
2685 2995 2856 3066 prima
2882 2994 3133 3050 Historia:
3155 2994 3361 3051 Raven.
3393 2995 3508 3051 edi-

1914 3089 2064 3145 tione
2084 3091 2325 3160 legentes
2355 3090 2658 3146 erraverint
2699 3091 2752 3144 iu
2783 3089 2949 3144 verba
3005 3088 3272 3157 magistri.
3334 3087 3506 3145 Porro

1911 3179 2132 3236 Rubeus
2162 3182 2277 3252 ipse
2307 3181 2360 3235 iu
2391 3182 2559 3236 altera
2591 3181 2832 3250 ejusdem
2864 3179 3105 3235 historia:
3147 3179 3386 3238 editione
3411 3196 3505 3236 er-

1909 3280 2028 3328 rata
2059 3273 2340 3342 corrigens
2371 3273 2697 3329 electionem
2727 3287 2872 3327 anno
2900 3270 3025 3338 455,
3058 3279 3115 3327 et
3154 3271 3361 3328 obitum
3402 3287 3504 3328 an-

1909 3382 1981 3435 no
2011 3364 2133 3432 450,
2185 3367 2397 3422 cautius
2442 3366 2671 3421 veritate
2713 3363 3010 3435 perquisita
3058 3379 3399 3422 asseverasse
3427 3365 3506 3422 le-

1907 3458 2070 3528 gitur.

202 3559 260 3602 et
287 3549 530 3606 Blondus
575 3551 967 3621 Forolivianus,
1021 3564 1076 3611 et
1127 3557 1218 3626 qui
1251 3557 1398 3610 illum
1449 3557 1803 3626 transcripsit,
1835 3545 1881 3608 C
1983 3551 2035 3604 5.
2080 3549 2384 3619 Antequam
2415 3549 2635 3604 Rubeus
2654 3564 2806 3603 suam
2836 3547 3021 3603 ederet
3047 3545 3359 3612 Historiam,
3389 3546 3507 3617 ple-

203 3641 277 3711 (e)
306 3640 550 3698 Iacobus
600 3643 879 3717 Philippus
927 3647 1178 3718 Bcrgom.
1234 3649 1580 3715 eremitnnus,
1634 3657 1689 3704 ct
1717 3649 1807 3702 alii

199 3738 465 3806 perpauci
499 3737 726 3794 istorum
755 3749 1058 3796 sectatores
1099 3742 1389 3798 affirmant.
1425 3743 1532 3799 Sed
1563 3745 1615 3798 ni
1646 3743 1808 3798 Blon-

200 3827 306 3882 dus
334 3841 602 3888 consueta
633 3834 979 3891 librariorum
1013 3837 1221 3891 incuria
1269 3839 1410 3893 male
1451 3840 1809 3908 transcriptus

201 3920 456 3987 habetur,
493 3923 643 3978 illum
674 3934 790 3982 toto
821 3928 963 3983 emlo
993 3944 1208 3984 errasse
1239 3929 1471 3984 aliorum
1503 3931 1810 3986 attestatio—

204 4030 304 4069 nes
333 4015 598 4083 indicant,
617 4019 710 4088 qui
739 4036 770 4075 c
798 4023 972 4091 patria
1002 4020 1341 4079 Corneliensi
1366 4024 1417 4078 in
1441 4024 1808 4095 archiepisco-

202 4122 336 4178 pum
380 4107 756 4166 Ravennatem
801 4111 1023 4168 Petrum
1068 4124 1316 4171 nostrum
1359 4117 1594 4172 electum
1645 4115 1809 4172 fuisse

205 4200 430 4256 tradunt
463 4219 475 4254 :
512 4203 737 4273 ipseque
780 4203 974 4261 Petrus
1017 4207 1100 4262 sui
1137 4208 1306 4278 ipsius
1355 4209 1509 4264 testis
1537 4209 1686 4265 omni
1715 4224 1811 4264 ex-

204 4293 460 4363 ceptione
490 4294 664 4364 major
692 4295 834 4351 Foro
871 4297 1109 4354 Cornelii
1153 4300 1462 4368 educatum,
1498 4303 1580 4374 (ι’)
1623 4310 1811 4358 sancte

207 4381 538 4451 institutum,
592 4394 648 4441 et
691 4389 861 4444 sacris
904 4390 1176 4446 initiatum
1231 4409 1260 4447 a
1316 4401 1506 4449 sancto
1557 4392 1810 4450 Cornelio

209 4474 352 4530 illius
379 4477 526 4532 sedis
554 4480 797 4535 antistite
825 4491 1144 4540 constanter
1172 4483 1424 4551 affirmat,
1456 4494 1811 4556 sanctumque

211 4564 517 4638 Projectum
548 4571 620 4626 ob
649 4573 980 4644 pnecipuum
1010 4576 1093 4632 sui
1123 4578 1421 4647 evangelici
1453 4579 1624 4648 patris
1655 4581 1808 4634 amo—

211 4675 324 4715 rem
355 4661 412 4716 in
441 4663 761 4735 episcopum
791 4666 1034 4736 ejusdem
1080 4666 1207 4724 Fori
1237 4669 1481 4724 Cornelii
1525 4670 1812 4725 amabilius

211 4761 496 4809 consecrat
529 4773 541 4808 :
574 4757 720 4825 quod
748 4759 936 4830 utique
965 4759 1144 4816 facere
1174 4762 1527 4832 nequivisset,
1560 4763 1607 4818 si
1635 4761 1810 4836 Chry-

211 4844 431 4914 sologus
451 4847 566 4918 ipse
591 4845 932 4908 Corneliana:
959 4852 1217 4910 Ecclesia:
1245 4855 1444 4926 przesul
1485 4857 1804 4923 exstitisset,

1909 3642 2065 3711 rique
2093 3641 2343 3698 homines
2372 3642 2538 3696 vitam
2567 3640 2628 3695 Β.
2664 3638 2813 3695 Petri
2841 3638 3092 3711 Chrysol.
3152 3638 3220 3694 ad
3274 3636 3507 3694 Simma-

1910 3736 1999 3791 chi
2030 3752 2185 3806 papa:
2215 3744 2459 3806 tempora
2491 3735 2793 3805 producere
2841 3749 2950 3788 non
2990 3732 3338 3797 dubitarunt;
3381 3746 3505 3787 cum

1910 3831 2260 3901 scriptionem
2284 3829 2428 3885 Petri
2448 3830 2689 3901 episcopi
2711 3827 3046 3884 Ravennatis
3064 3825 3275 3882 duobus
3297 3825 3350 3880 in
3373 3839 3505 3881 con-

1911 3925 2048 3980 ciliis
2076 3925 2177 3980 sub
2207 3925 2397 3981 eodem
2427 3921 2684 3996 pontifice
2712 3923 2849 3978 actis
2876 3921 3259 3993 inspexissent,
3286 3918 3364 3993 (g)
3383 3933 3506 3989 quae

1913 4019 2076 4074 etiam
2119 4017 2284 4074 Petro
2313 4027 2501 4073 nostro
2543 4018 2596 4073 in
2625 4033 2777 4073 more
2816 4015 2994 4086 posita
3023 4022 3143 4070 erat
3174 4032 3187 4068 :
3231 4011 3506 4069 nihilomi-

1913 4127 2014 4166 nus
2043 4111 2266 4167 Rubeus
2306 4110 2535 4165 multum
2575 4109 2854 4178 multaque
2901 4107 3103 4176 legens,
3147 4113 3209 4160 ut
3248 4101 3500 4168 asseruit,

1913 4203 2198 4260 veritatem
2229 4211 2438 4267 nactus,
2473 4217 2580 4256 non
2612 4200 2760 4254 illum
2789 4197 2882 4269 qui
2911 4195 3158 4253 conciliis
3184 4192 3506 4265 subscripsit

1911 4291 2323 4366 Chrysologum,
2356 4293 2452 4349 sed
2482 4292 2648 4347 alium
2683 4291 2751 4345 ab
2781 4290 2900 4360 ipso
2935 4287 3158 4342 Petrum
3199 4286 3365 4342 fuisse
3403 4283 3505 4341 de-

1912 4396 2211 4453 monstrat;
2245 4396 2299 4442 et
2327 4387 2524 4442 seriem
2555 4383 2858 4439 antistitum
2888 4381 3098 4436 Raven.
3131 4378 3390 4436 Ecclesia:
3417 4385 3502 4434 te-

1913 4495 2064 4545 xens,
2095 4477 2430 4550 Chrysologo
2458 4475 2742 4534 decedenti
2788 4489 2932 4529 anno
2959 4471 3160 4528 Christi
3207 4467 3332 4536 450,
3363 4468 3504 4526 Neo-

1912 4588 2036 4628 nem
2083 4571 2369 4628 suffectum
2416 4585 2590 4641 usque
2618 4568 2688 4624 ad
2735 4585 2826 4624 an.
2852 4565 2958 4621 455
3003 4564 3273 4630 afﬁrmat;
3330 4561 3503 4620 Neoni

1863 4699 1868 4702 -
1911 4664 2175 4722 Joannem
2218 4679 2390 4735 usque
2420 4663 2488 4720 ad
2518 4677 2718 4718 annum
2748 4657 2871 4726 495,
2904 4667 2960 4714 et
2985 4657 3180 4714 Joanni
3209 4655 3432 4711 Petrum
3457 4651 3504 4710 ll

1912 4762 2208 4817 antistitem
2238 4759 2460 4816 natione
2489 4757 2721 4823 Raven.,
2752 4755 2847 4826 qui
2877 4753 2978 4808 fuit
3016 4750 3312 4822 vigesimus
3338 4762 3504 4818 quar-

1913 4862 2002 4910 tus
2031 4851 2377 4924 archiprzesul
2407 4849 2551 4906 illius
2597 4847 2873 4914 Ecclesiae,
2905 4854 3070 4914 atque
3125 4841 3234 4899 illis
3260 4839 3504 4898 conciliis

211 4945 270 4992 ut
297 4939 620 5010 cuicumque
648 4941 853 5013 liquido
881 4947 1170 5014 constabit,
1202 4949 1296 5018 qui
1326 4963 1633 5004 sermonem
1664 4949 1806 5004 illius
1833 4941 1887 5002 D
1912 4946 2154 5002 interfuit
2194 4954 2251 5000 ct
2301 4942 2637 5014 subscripsit.
2690 4940 2793 5016 (It)
2840 4939 2898 4996 ld
2944 4936 3288 4996 convincitur
3338 4934 3503 4991 etiam

210 5031 266 5089 in
293 5032 487 5090 ordine
519 5033 639 5102 f65,
674 5053 781 5092 una
810 5054 933 5093 cum
963 5041 1164 5096 nostris
1213 5041 1269 5095 in
1299 5057 1424 5097 eum
1453 5041 1804 5098 observatio-

209 5126 391 5192 nibus,
422 5126 604 5196 legere
628 5145 736 5184 non
764 5129 1161 5201 dedignabitur.

277 5219 332 5274 2.
378 5218 536 5292 Apud
564 5220 804 5292 Surium,
840 5224 1118 5295 Rabadan,
1143 5238 1199 5284 et
1227 5229 1367 5286 alios
1396 5230 1452 5285 in
1481 5228 1604 5286 Vita
1632 5229 1809 5304 Chry-

250 5478 263 5490 .
282 5407 363 5492 (α)
396 5407 678 5492 Habentur
702 5413 818 5492 haec
842 5413 1087 5492 pluribus
1116 5413 1168 5492 in
1192 5420 1307 5492 act._
1324 5412 1478 5492 Adm.
1506 5411 1620 5466 RR.
1645 5427 1816 5470 cano-

211 5483 317 5535 nie.
344 5483 400 5534 in
431 5483 653 5539 archivo
679 5483 1000 5539 eathedralis
1021 5484 1262 5540 ecclesiae
1292 5485 1514 5540 lmolen.

281 5549 558 5633 (ﬂi'l‘unc
603 5555 976 5633 appellabatur
1023 5554 1695 5633 Ecclesia__Cornelien_s_is,
1745 5561 1806 5611 ut

210 5620 593 5704 lcgi_pl_urihus
628 5620 692 5680 in
712 5627 868 5704 actis,
892 5636 950 5682 ut
976 5643 1138 5704 supra
1170 5626 1351 5682 traditi
1380 5628 1545 5682 etiam
1571 5620 1720 5682 Glos.
1748 5633 1805 5682 et

209 5693 435 5749 Archid.
471 5695 526 5750 in
555 5712 676 5751 can.
705 5696 792 5762 12,
817 5698 941 5754 dist.
975 5693 1062 5753 65.

282 5763 360 5904 se)
391 5763 536 5820 Flor.
564 5767 987 5854 Rodulphusque
1009 5769 1063 5825 in
1083 5769 1202 5855 Vita
1224 5769 1561 5853 Chrysologi,
1591 5769 1644 5824 in
1676 5768 1802 5852 fine.

307 5837 368 5904 ι)
408 5833 617 5894 Phaelli
646 5849 942 5904 attestatto.
973 5856 1136 5904 quam
1166 5841 1302 5898 infra
1341 5842 1522 5900 retuli.
1568 5839 1716 5896 Flor.
1749 5856 1802 5894 in

408 5833 617 5912 Phaelli
646 5833 942 5911 attéstatio,
973 5856 1136 5912 quam
1166 5841 1302 5898 infra
1337 5833 1522 5900 retuli.
1552 5833 1716 5896 Flor.
1749 5841 1804 5894 in

211 5907 357 5962 Ann.
390 5904 488 5963 ιω.
520 5925 623 5966 ms.

1911 5057 2076 5097 sensu
2115 5039 2334 5095 Baronii
2375 5054 2443 5094 ex
2477 5035 2707 5109 epistola
2764 5034 2817 5090 in
2858 5033 3054 5090 ordine
3099 5031 3168 5087 57
3196 5029 3253 5086 S.
3304 5024 3504 5086 Leonis

1911 5147 2065 5206 papae
2084 5133 2186 5189 sub
2214 5148 2360 5188 anno
2391 5129 2605 5187 Domini
2638 5125 2762 5194 451,
2795 5126 2863 5182 ad
2902 5125 3141 5181 Neonem
3189 5120 3502 5192 episcopum

1911 5227 2122 5284 Raven.
2149 5227 2296 5293 data,
2321 5225 2467 5296 quod
2489 5224 2536 5280 si
2563 5231 2692 5278 tunc
2719 5219 2946 5277 vixisset
2972 5214 3358 5288 Chrysologus,
3389 5225 3507 5270 non

1997 5409 2071 5538 si)
2109 5408 2303 5493 Bloud.
2331 5409 2364 5463 Ι.
2391 5407 2458 5463 de
2487 5405 2638 5462 Italia
2668 5403 2961 5487 Illustrata,
3005 5410 3118 5479 reg:
3162 5392 3215 5460 6,
3260 5392 3354 5449 ubi
3392 5393 3505 5463 agit

2045 5496 2249 5538 eruum.
2283 5497 2336 5536 in
2367 5479 2542 5538 suppl.
2561 5477 2765 5534 Chron.
2793 5475 2885 5530 lib.
2918 5488 2990 5538 vi,
3023 5470 3114 5524 ubi
3128 5466 3197 5521 de
3218 5464 3498 5520 Ravenna.

1909 5482 1981 5540 de
1999 5464 2249 5550 liergom.
2283 5481 2336 5536 in
2367 5479 2542 5550 suppl.
2561 5477 2765 5534 Chron.
2793 5475 2885 5530 lib.
2918 5464 2990 5538 vi,
3023 5464 3114 5524 ubi
3128 5466 3197 5521 de
3218 5464 3498 5520 Ravenna.

2007 5555 2051 5627 Γ)
2091 5549 2548 5627 Serm-165W-
2946 5615 2956 5627 .
3002 5623 3010 5627 _
3151 5608 3215 5627 ...

2007 5555 2051 5627 ι’)
2091 5554 2263 5609 Serm.
2299 5554 2419 5605 165.
3306 5606 3318 5620 ⁸

1984 5554 2314 5698 fg)_l§otat.,
2341 5623 2393 5676 in
2424 5637 2487 5698 ο.⁸
2507 5620 2742 5676 Concilia
2771 5615 3118 5698 sacerdotum,
3145 5608 3232 5676 l7,
3265 5607 3415 5672 dist.,
3447 5609 3504 5661 et

1910 5689 2154 5758 d's't'.'96,
2186 5710 2235 5750 e.
2274 5693 2426 5757 Bene,
2464 5693 2495 5764 §7
2523 5689 2917 5764 cumqueleeta
2941 5692 3136 5764 esset.“
3305 5758 3316 5764 Δ
3377 5748 3410 5764 ῃ

1982 5748 2060 5840 (ἦ)
2101 5748 2217 5822 Non
2249 5748 2438 5840 Petrus
2464 5748 2699 5840 ‘Altiuas',
2745 5767 2804 5814 ut
2845 5757 3009 5826 aliqui
3051 5752 3340 5817 aﬂirmant,
3377 5748 3501 5806 licet

1909 5849 1968 5894 et
1990 5831 2110 5910 ipse
2133 5837 2365 5894 concilio
2396 5831 2721 5888 interfuerit.
