3964 6350
522 377 598 436 το
1371 371 1436 428 111
1474 370 1533 428 s.
1577 363 1856 428 parum
1899 364 2410 429 cnnvsococuu
2449 369 2956 431 PROLEGOMENA
3738 349 3822 432 so'

523 493 659 551 liora
703 493 825 548 loca
871 504 1035 561 quam
1079 488 1331 561 facillime
1359 488 1733 561 explicantur.
1787 485 1904 561 Hoc
1931 494 2115 561 autem
2142 493 2196 555 Α

523 557 1013 636 quidquidlaljoris
1041 570 1143 627 est,
1174 558 1320 629 quod
1358 557 1712 636 libentissime
1740 557 1894 613 vobis
1923 557 2116 614 claris-

523 630 689 692 ἔξωἱέ
702 634 834 690 viris
859 633 1183 697 dedicatum,
1215 638 1272 686 et
1297 631 1438 699 grati
1467 630 1635 686 animi
1662 642 1795 698 ergo
1822 643 2115 684 consecra-

2219 495 2353 560 tum,
2403 487 2547 554 volo,
2598 489 2766 544 alacri
2812 488 2966 544 vultu
3011 485 3270 560 accipite,
3321 498 3387 544 ae
3431 484 3481 543 si
3523 481 3814 560 probatur,

2219 559 2384 630 edite,
2415 560 2632 630 meique
2660 575 2928 617 memores
2955 559 3149 616 valete.

2290 627 2614 699 Senogallia:
2642 632 2818 702 pridie
2847 633 2964 687 idus
2992 631 3169 686 Martii
3201 627 3353 684 1594.

1448 847 2370 943 SCHOENEMANNI
2421 852 2904 939 NOTITIA

2080 1005 2133 1046 IN
2170 1006 2272 1056 ous

519 1114 796 1188 LOCUS,
813 1112 1129 1178 TEMPUS
1147 1112 1252 1175 ET
1262 1108 1552 1176 FORMA
1571 1104 1900 1172 OMNIUM
1923 1100 2377 1168 EDITIONUM
2403 1106 2464 1168 S.
2491 1109 2725 1173 PETRI
2757 1113 3269 1178 CHRYSOLOGI
3291 1113 3810 1180 INDICANTUB.

598 1329 782 1386 Multis
803 1328 920 1402 jam
955 1327 1217 1384 edissertis
1247 1327 1311 1382 de
1338 1327 1442 1383 uita
1469 1334 1521 1382 et
1567 1324 1808 1398 aperibus
1851 1321 1914 1377 B.
1969 1320 2122 1374 Petri

527 1421 862 1494 Cltrysologi,
905 1437 1010 1476 non
1037 1421 1136 1475 erit
1174 1421 1308 1492 forte
1345 1421 1556 1492 ingrata
1585 1418 1767 1472 lectori
1811 1416 1874 1469 de
1901 1416 2123 1486 scripto-

529 1532 643 1569 rum
672 1513 732 1570 S.
767 1512 948 1568 Patris
976 1511 1286 1566 editionibus
1314 1511 1501 1565 notitia
1549 1524 1763 1582 sequens
1787 1523 1804 1561 :
1843 1523 1999 1578 quam
2027 1523 2122 1560 no-

527 1623 646 1660 men
674 1615 722 1660 et
751 1613 878 1660 tetas
905 1603 1146 1658 Auctoris
1175 1603 1422 1657 eximiam
1449 1611 1501 1656 et
1525 1602 1818 1657 universam
1848 1608 1934 1653 sat
1967 1598 2121 1670 polli-

530 1705 724 1752 centur.
756 1694 910 1750 EDIT.

599 1793 812 1847 Dictum
839 1799 942 1856 est,
973 1805 1270 1845 sermonum
1306 1786 1454 1844 Petri
1499 1785 1824 1860 Chrysologi
1863 1785 2124 1841 collectio-

527 1900 663 1950 nem,
694 1882 909 1952 qualem
937 1881 1100 1937 modo
1128 1880 1505 1946 indicavimus,
1529 1895 1650 1936 esse
1670 1877 2120 1948 antiquissimam,

528 1984 690 2048 upote
717 1991 838 2046 quae
878 1990 909 2030 a
938 1973 1120 2031 Felice
1160 1973 1567 2030 Ravennatensi
1614 1981 1671 2030 et
1717 1974 1836 2044 ipso
1866 1973 2124 2043 episcopo

527 2085 751 2126 numero
779 2067 926 2136 XLI,
977 2067 1199 2124 ineunte
1244 2067 1444 2124 saeculo
1490 2076 1686 2124 octavo
1737 2066 1934 2138 (tenuit
1979 2065 2124 2121 enim

524 2162 708 2219 sedem
735 2160 1098 2233 episcopalem
1126 2160 1195 2216 ab
1223 2176 1366 2216 anno
1394 2160 1614 2217 circiter
1642 2159 1743 2213 707
1773 2174 1943 2229 usque
1972 2158 2039 2214 ad
2068 2175 2118 2214 a.

528 2254 652 2325 717)
685 2255 929 2309 instituta
957 2260 1014 2308 et
1041 2252 1274 2324 prologo
1303 2261 1496 2308 ornata
1527 2259 1642 2317 est,
1683 2251 1776 2322 qui
1807 2267 1918 2307 non
1946 2251 2122 2306 solum

525 2346 580 2400 in
609 2344 886 2401 codicibus
914 2359 1043 2400 mss.
1089 2343 1430 2399 sermonibus
1470 2341 1726 2413 prtulixus
1766 2343 2118 2412 conspicitur,

523 2437 620 2494 sed
647 2437 842 2494 exinde
869 2438 1035 2494 etiam
1063 2437 1368 2507 exscriptus
1395 2443 1452 2491 et
1479 2434 1615 2491 Vita:
1644 2433 1794 2490 Petri
1820 2450 1852 2488 a
1881 2434 2124 2489 Domini-

523 2549 590 2589 co
617 2531 746 2587 Mita
775 2531 1096 2603 conscriptae
1123 2529 1368 2600 adjectus
1395 2537 1479 2587 est
1501 2529 1602 2603 (α).
1639 2528 1775 2584 Eam
1796 2529 2122 2600 octingentis

523 2633 578 2682 et
604 2625 752 2696 quod
778 2625 1018 2682 excurrit
1045 2623 1256 2680 saeculis
1283 2631 1408 2694 post
1447 2639 1480 2677 a
1508 2623 1615 2678 situ
1643 2623 1850 2693 primus
1879 2623 2122 2679 vindica-

519 2718 599 2772 vit
623 2718 877 2790 Agapitus
924 2715 1226 2771 Vicentinus
1262 2723 1318 2770 et
1355 2713 1610 2769 Bononia
1658 2715 1790 2786 typis
1827 2713 1915 2770 Io.
1962 2714 2116 2787 Bapt.

520 2811 730 2867 Phaelli
750 2827 819 2866 ex
858 2810 1021 2866 unico
1062 2809 1252 2865 codice
1302 2807 1719 2878 imprimendam
1769 2805 1938 2864 dedit.
1991 2808 2122 2863 lnde

521 2920 710 2961 recusa
738 2911 824 2958 est
850 2901 1391 2973 ColoniteAgrippinm
1418 2917 1470 2955 a.
1505 2899 1637 2954 1541
1673 2908 1729 2956 et
1757 2899 1929 2968 1618;
1961 2900 2122 2957 Pari-

518 2996 630 3060 siis,
664 2991 821 3058 1574,
856 2988 1012 3056 1585,
1047 2988 1203 3057 1612,
1237 2988 1393 3057 1614,
1428 2988 1583 3056 1618,
1619 2989 1774 3055 163i,
1809 2989 1980 3056 1633;
2011 2990 2122 3046 An-

2227 1323 2318 1390 qui
2349 1324 2575 1379 meliora
2604 1333 2878 1396 optarent.
2910 1324 3080 1380 Erant
3107 1326 3284 1394 enim,
3315 1341 3454 1398 quos
3493 1324 3822 1400 Chrysologi

2227 1415 2393 1470 dictio
2421 1415 2736 1481 delectaret,
2769 1426 2825 1471 et
2851 1417 2944 1487 qui
2974 1433 3198 1474 acumen
3219 1418 3491 1487 quoddam
3519 1419 3822 1474 sententia-

2227 1523 2346 1561 rum
2376 1508 2430 1561 in
2459 1523 2526 1563 eo
2555 1508 2972 1565 admirarentur.
3005 1511 3199 1565 Fertur
3224 1525 3442 1581 quoque
3483 1511 3680 1568 doctus
3721 1510 3823 1565 ali-

2225 1600 2348 1668 quis
2375 1597 2580 1656 Suecus
2607 1599 2898 1656 Zacharias
2929 1601 3160 1656 Lundius
3188 1604 3610 1660 commentarios
3639 1603 3826 1659 varia-

2226 1708 2346 1747 rum
2373 1692 2667 1749 lectionum
2696 1703 2751 1749 et
2778 1696 3309 1752 animadversionum
3337 1699 3392 1752 in
3420 1697 3824 1770 Chrysologum

2226 1785 2552 1852 condidisse,
2584 1787 2677 1856 qui
2706 1787 2880 1844 lucem
2907 1788 3125 1857 quidem
3153 1805 3260 1844 non
3289 1788 3572 1856 viderunt,
3603 1790 3703 1846 sed
3731 1788 3821 1845 J0.

2226 1875 2346 1932 Alb.
2378 1875 2611 1934 Fabricii
2638 1887 2884 1949 tempore
2912 1895 3040 1935 mss.
3074 1882 3428 1937 servabantur
3447 1881 3657 1938 Hafnize
3677 1881 3828 1954 apud

2227 1971 2623 2040 Rostgaardum
2656 1973 2748 2044 (c).
2781 1972 3074 2029 Enimvero
3103 1975 3158 2028 in
3185 1975 3340 2029 Italia
3371 1976 3487 2045 ipsa
3528 1973 3677 2029 Mitte
3707 1973 3826 2030 edi-

2225 2065 2303 2119 tio
2351 2065 2568 2119 nonnisi
2615 2073 2740 2136 post
2796 2066 3066 2136 integrum
3113 2066 3228 2122 fere
3274 2068 3530 2124 saeculum
3554 2109 3569 2134 ,
3621 2068 3826 2122 iterum

2225 2155 2369 2226 typis
2396 2154 2619 2211 Venetis
2647 2171 2792 2212 anno
2822 2155 2960 2210 1740
2987 2158 3261 2229 exscripta
3291 2166 3391 2214 est.
3426 2156 3590 2213 Nova:
3627 2165 3828 2227 postea

2225 2248 2477 2304 editionis
2517 2249 2844 2306 adornanda;
2884 2252 3169 2306 consilium
3208 2252 3406 2306 invasit
3453 2250 3828 2307 Sebastianum

2225 2340 2385 2395 Pauli
2413 2342 2755 2398 sacerdotem
2783 2345 3221 2414 congregationis
3249 2344 3438 2399 Matris
3477 2343 3574 2400 Dei
3604 2343 3828 2398 Lucen-

2225 2434 2328 2499 sis,
2359 2435 2453 2504 qui
2500 2435 2719 2505 quidem
2768 2451 2876 2491 non
2904 2437 3155 2506 vulgares
3201 2453 3290 2493 res
3318 2454 3348 2492 a
3375 2435 3674 2492 multifaria
3728 2451 3828 2493 sua

2225 2528 2472 2584 doctrina
2502 2530 2808 2598 exspectari
2831 2528 3010 2598 jussit.
3037 2528 3248 2585 Prodiit
3292 2545 3428 2600 opus
3473 2529 3724 2584 Venetiis
3771 2544 3827 2583 a.

2225 2619 2364 2674 1750
2391 2620 2758 2675 collaudatum
2787 2637 2819 2675 a
2847 2619 3075 2686 Mansio,
3106 2637 3268 2691 quem
3296 2636 3457 2677 nemo
3480 2619 3692 2690 justum
3719 2622 3829 2678 hac

2223 2714 2279 2768 in
2307 2730 2368 2769 re
2396 2715 2657 2769 arbitrum
2685 2715 2926 2785 reputari
2955 2722 3207 2785 oportere
3228 2713 3579 2782 inliciabitur;
3602 2717 3828 2772 tametsi

2220 2805 2422 2875 justam
2443 2809 2668 2864 editoris
2696 2809 3031 2879 diligentiam
3061 2809 3118 2863 in
3144 2809 3496 2878 quibusdam,
3526 2824 3650 2879 qua
3679 2809 3829 2866 idem

2224 2902 2292 2957 de
2330 2919 2397 2959 eo
2425 2906 2629 2972 retulit,
2660 2906 2953 2963 desideres.

2297 2998 2551 3070 Epistolat
2579 2999 2648 3052 ad
2695 2998 3034 3072 Eutychetem
3079 2999 3352 3071 duplicem
3390 2999 3554 3070 vulgo
3597 2997 3829 3054 tradunt

521 3086 751 3157 tuerpiae,
785 3081 957 3149 1577;
1009 3081 1267 3148 Venetiis,
1313 3079 1453 3135 1588
1493 3088 1550 3137 et
1593 3079 1760 3148 1636;
1806 3080 2111 3153 Moguntina,

2225 3098 2439 3147 exstare
2469 3092 2782 3159 editionem,
2813 3109 2973 3146 unam
3002 3092 3056 3147 in
3083 3091 3141 3146 S.
3174 3091 3374 3149 Leonis
3393 3091 3464 3146 Μ.
3491 3089 3830 3148 editionibus

519 3177 656 3232 1607
670 3185 728 3233 et
748 3175 917 3240 1613;
946 3173 1204 3246 Lugduni,
1225 3173 1382 3242 1622,
1408 3172 1743 3240 1625,1627,
1769 3173 2114 3241 1654,1656;

517 3269 614 3326 sed
654 3269 836 3340 plures
872 3266 1111 3337 undique
1151 3266 1220 3321 ab
1261 3264 1604 3322 ollicinarum
1645 3266 1974 3337 negligentia
2011 3283 2122 3320 ma-

517 3362 668 3418 culas
698 3360 938 3429 vitiaque
964 3358 1258 3416 contraxit.
1284 3357 1494 3414 Novam
1513 3360 1892 3415 recensionem
1913 3360 1983 3414 ad
2004 3376 2120 3414 ma—

518 3453 826 3523 nuscriptos
853 3450 1123 3521 quosdam
1154 3451 1374 3508 codices
1388 3451 1576 3507 Roma:
1596 3453 1849 3509 inventos
1869 3462 2116 3510 exactam

515 3551 808 3614 paraverat
836 3542 1032 3598 Petrus
1062 3541 1436 3613 Rodulphius,
1470 3542 1954 3613 Tussignanensis,
1989 3546 2118 3601 olim

514 3634 838 3705 Senogalliaz
865 3633 1082 3705 prtesul,
1115 3648 1345 3704 eamque
1387 3634 1609 3689 scholiis
1649 3635 1762 3689 suis
1790 3636 2117 3692 illustratam

514 3743 566 3783 a.
601 3724 740 3780 1594
780 3726 1036 3782 editionis
1063 3741 1230 3782 causa
1273 3726 1548 3782 obtulerat
1587 3728 1799 3782 senatui
1840 3727 2112 3784 lmolensi.

515 3819 594 3874 Ac
622 3819 815 3874 littera:
844 3817 963 3886 ejus
989 3817 1206 3888 quidem
1236 3818 1292 3872 in
1331 3817 1736 3874 Commentaria
1780 3827 2002 3875 senatus
2030 3837 2118 3877 re-

513 3913 639 3970 lata:
665 3919 809 3977 sunt,
861 3912 959 3967 sed
985 3911 1139 3981 'quid
1183 3911 1359 3967 codici
1410 3912 1497 3966 isti
1543 3912 1839 3981 acciderit,
1893 3915 2113 3984 ignora-

513 4013 603 4061 tur
617 4005 715 4078 (b).
735 4003 969 4060 Perfecit
983 4012 1166 4059 tamen
1183 4019 1338 4058 novae
1353 4004 1609 4061 editionis
1624 4007 1914 4062 consilium
1929 4007 2115 4063 Domi-

513 4099 659 4153 nicus
688 4096 843 4163 Mita,
875 4104 1192 4166 textumque
1221 4095 1290 4151 ad
1317 4104 1563 4152 vetustos
1603 4099 1822 4156 codices
1863 4103 2115 4170 recogni-

511 4199 628 4248 tum
655 4199 712 4246 et
737 4191 959 4246 scholiis
1004 4190 1116 4245 suis
1157 4206 1267 4245 non
1309 4190 1599 4246 admodum
1639 4193 1814 4250 doctis
1853 4197 2110 4253 enuclea—

511 4290 626 4339 tum
673 4283 958 4353 proposuit
1004 4281 1260 4337 Bononia:
1299 4299 1350 4338 a.
1386 4282 1526 4338 1645
1570 4285 1742 4340 ἐπι-4ο.
1795 4287 1905 4344 Sed
1952 4290 2112 4361 hujus

510 4376 764 4432 editionis
791 4375 998 4433 fructus
1027 4376 1097 4431 ad
1124 4374 1310 4433 Gallos
1337 4378 1556 4448 quidem
1585 4389 1641 4436 et
1667 4381 1970 4442 Germanos
1999 4404 2107 4445 non

2224 3183 2604 3251 Quesnelliana
2636 3186 3026 3250 anterioribus,
3068 3186 3123 3240 in
3153 3200 3260 3256 qua
3299 3193 3476 3241 totum
3523 3192 3696 3255 caput
3741 3196 3829 3240 ser

2223 3275 2459 3331 cundum
2489 3285 2614 3346 post
2643 3277 2836 3342 verba,
2872 3276 3001 3331 Ηωο
3043 3277 3263 3331 breviter
3304 3274 3578 3348 respondi,
3633 3276 3826 3347 frater,

2221 3368 2408 3424 litteris
2441 3371 2560 3435 tuis,
2594 3370 2764 3436 desit;
2816 3371 3035 3425 alteram
3083 3371 3368 3440 integram,
3419 3383 3584 3440 quam
3613 3366 3829 3438 primus

2222 3462 2455 3518 ediderit
2485 3461 2748 3518 Gerardus
2788 3462 3003 3518 Vossius
3033 3479 3084 3518 a.
3129 3461 3284 3516 1604.
3324 3462 3443 3530 Qua
3482 3461 3538 3515 in
3574 3475 3638 3515 re
3667 3468 3830 3514 tanto

2221 3555 2392 3624 magis
2443 3553 2578 3610 ﬁdes
2625 3555 2876 3610 habenda
2924 3571 3046 3611 esse
3093 3555 3308 3611 videtur
3353 3552 3665 3621 Quesnello,
3701 3565 3829 3607 cum

2220 3649 2369 3704 addit
2396 3650 2636 3721 priorem
2663 3649 2992 3720 descriptam
3021 3664 3140 3705 esse
3169 3665 3238 3704 ex
3266 3648 3456 3705 codice
3483 3662 3584 3701 ms.
3617 3643 3831 3699 Biblio-

2219 3741 2390 3797 theca:
2420 3742 2720 3809 Thuaueae;
2752 3758 2914 3812 quem
2952 3743 3119 3798 etiam
3156 3741 3301 3797 bona
3341 3739 3446 3795 ﬁde
3473 3736 3650 3794 secuti
3697 3740 3832 3792 sunt

2217 3835 2526 3896 Balleriniift

2286 3928 2647 3984 Nihilominus
2675 3929 2790 3983 lucc
2817 3927 2949 3983 falsa
2980 3934 3122 3982 sunt.
3154 3926 3365 3997 Quippe
3393 3923 3540 3980 nulla
3568 3929 3654 3978 est
3683 3920 3833 3976 Leo-

2217 4022 2302 4077 nis
2330 4021 2401 4076 M.
2435 4031 2562 4078 ante
2590 4020 2940 4088 Quesnellum
2969 4019 3164 4084 editio,
3197 4019 3253 4072 in
3281 4033 3388 4086 qua
3428 4016 3543 4071 haec
3584 4013 3829 4085 cpistola

2216 4125 2486 4175 occurrat.
2540 4115 2890 4187 Experientia
2938 4115 3043 4170 hoc
3087 4112 3266 4168 edocti
3296 4125 3501 4174 sumus,
3534 4114 3592 4162 et
3619 4120 3692 4159 ne
3719 4118 3829 4158 nos

2216 4212 2318 4282 ipsi
2347 4209 2602 4266 fefellisse
2630 4208 2916 4266 credamus
2944 4206 3148 4262 faciunt
3176 4204 3382 4259 indices
3411 4200 3660 4257 ordinem
3689 4194 3828 4268 Epi-

2214 4307 2476 4362 stolarum
2504 4305 2559 4360 in
2588 4303 2915 4360 editionibus
2943 4298 3316 4371 superioribus
3336 4298 3825 4366 repraesentantes,

2215 4398 2271 4452 in
2299 4397 2685 4466 Quesnelliana
2717 4393 2873 4464 juxta
2911 4407 3075 4462 quam
3112 4388 3531 4445 Balleriniorum
3570 4381 3828 4440 editione

510 4476 898 4572 pervenerunt,
945 4468 1161 4572 quippe.
1187 4470 1283 4539 qui
1324 4487 1434 4525 non
1475 4485 1758 4532 cessarunt
1800 4481 2107 4552 antiquiora
2137 4511 2193 4572 Β
2216 4493 2362 4549 obvii
2393 4490 2493 4565 (ά),
2539 4489 2647 4546 Sed
2678 4503 2778 4544 nec
2822 4487 2996 4556 magis
3041 4499 3230 4540 verum
3259 4490 3344 4538 est
3371 4480 3628 4543 alterum,
3668 4471 3829 4545 (Ιιιοά

511 4563 841 4634 exemplaria
884 4562 1082 4619 iterato
1129 4562 1457 4632 describere,
1502 4568 1631 4626 licet
1669 4589 1782 4629 non
1831 4576 2105 4649 deessent,

583 4746 660 4852 (α)
690 4743 953 4852 Eudeeip
974 4743 1409 4852 (EIOSLCIClISim.
1434 4746 1675 4808 Oudinus
1695 4753 1924 4814 inseruit
1940 4758 2106 4819 Com-

508 4813 788 4876 mentariis
818 4814 879 4870 T.
914 4813 953 4880 l,
986 4830 1040 4885 p.
1075 4813 1231 4870 1251.

584 4889 658 4961 (b)
705 4886 943 4961 Exhibet
989 4885 1276 4955 epistolam
1307 4889 1465 4961 istam
1511 4891 1823 4953 Dominicus
1868 4900 1997 4957 Mita
2047 4905 2102 4959 in

509 4957 807 5044 appsngice
826 4957 1276 5044 doct-$921931?
1305 4960 1378 5044 ad
1394 4961 1570 5044 Yitam
1591 4963 1738 5022 Petri
1757 4957 2097 5044 Cbrysologi.

508 5026 792 5088 A'u'divisse
809 5044 881 5101 se
908 5026 1176 5101 significat
1204 5028 1558 5101 Rodulphius,
1592 5048 1838 5094 senatum
1869 5026 2102 5099 imbui;

508 5119 622 5184 seni
651 5100 936 5184 consilium
965 5099 1173 5184 cepisse
1220 5101 1353 5156 civis
1381 5099 1462 5158 sui
1501 5099 1912 5184 praeclarissima
1945 5115 2099 5184 inge-

511 5175 581 5252 pii
612 5178 961 5252 monumenta
993 5171 1044 5252 i_n
1074 5170 1276 5252 1110611]-
1297 5170 1605 5252 revocandi.
1647 5179 1718 5252 Se
1765 5197 1864 5252 pro
1895 5170 2099 5241 vii-ilius

512 5243 695 5325 labore
723 5258 821 5297 suo
850 5249 908 5323 et
935 5239 1200 5325 industria
1211 5242 1280 5325 .id
1317 5244 1575 5325 adjuvare
1603 5239 1784 5316 velle:
1810 5239 2099 5325 Adjumen;

510 5323 615 5368 tum
661 5325 852 5394 autem,
887 5311 1077 5381 inquit,
1110 5313 1309 5394 nullum
1337 5311 1518 5394 afferri
1546 5337 1695 5390 posse
1727 5311 1909 5394 majus'
1945 5342 1977 5378 a
2017 5344 2099 5381 me

506 5385 750 5465 comperi,
801 5400 954 5465 quam
983 5385 1226 5465 __auct_oris
1272 5385 1729 5465 liujus__liomiliis,
1781 5385 1953 5462 q'uoad
1980 5396 2096 5465 ﬁeri

505 5453 689 5536 pals-sit,
710 5453 1039 5536 corrigendis
1069 5463 1119 5509 et
1145 5453 1504 5536 emendandis,
1538 5472 1594 5514 ut
1615 5463 1680 5516 ab
1718 5453 1900 5536 omni,
1940 5453 2096 5536 quam

506 5525 677 5604 adhuc
704 5527 841 5604 inter
861 5525 1047 5604 sordes
1077 5536 1127 5582 et
1158 5527 1339 5604 tineas_
1363 5546 1532 5604 passa:
1567 5544 1706 5599 sunt,
1738 5525 2095 5604 injuria'vin-

505 5596 767 5676 dcentur;
796 5598 968 5676 sicque
994 5596 1058 5651 ab
1099 5616 1282 5676 earum
1321 5596 1538 5676 lectione
1665 5596 1837 5676 nullus
1878 5606 2093 5676 posthac

505 5669 747 5750 refugiat.
802 5668 982 5750 ⁸νὶἑαηι
1021 5688 1216 5750 quogue
1262 5672 1416 5750 hujus
1462 5675 1778 5750 sanctissimi
1821 5668 1970 5750 piri,
1995 5694 2096 5750 qua

505 5738 649 5815 potui
677 5738 920 5815 brevitate
947 5758 1009 5795 ac
1033 5738 1342 5815 diligentia,
1355 5743 1623 5814 descripsi.
1643 5738 1971 5800 Pervolutaui
1999 5738 2097 5802 hac

599 5823 754 5864 causa
781 5813 994 5886 antiqua
1014 5804 1283 5886 veteraque
1312 5804 1591 5886 tabularia,
1619 5832 1737 5886 quin
1773 5817 1850 5870 vel
1877 5833 1943 5871 ea:
1991 5817 2096 5886 Va-

503 5882 683 5947 ticana
719 5882 795 5933 vel
840 5882 917 5934 η’
947 5882 1208 5954 αηιριὲωῼ
1235 5885 1507 5938 Serletana
1557 5882 1862 5941 bibliotheca
1911 5885 2096 5944 habere

2219 4587 2361 4643 idem
2388 4583 2710 4654 Quesnellus
2737 4581 2973 4652 scripsit,
3007 4580 3275 4647 integram
3305 4573 3596 4648 epistolam
3639 4584 3672 4624 a
3712 4565 3828 4623 Ge-

2211 4767 2390 4839 pot‘ui;
2421 4767 2593 4839 sicque
2615 4764 3251 4839 ﬁdelissimanuetustorunt
3264 4759 3510 4839 godicum
3531 4756 3824 4839 collatione

2211 4825 2476 4900 adhibita,
2509 4825 2663 4888 'hunc
2711 4833 2856 4887 Petri
2906 4831 3210 4900 Chrysalogi
3257 4825 3572 4900 Sermonunt
3623 4826 3824 4900 librum

2209 4899 2783 4978 quamdiligentissime
2829 4899 3103 4978 emendare
3139 4914 3428 4978 sanareque
3474 4899 3742 4978 laborari,
3767 4907 3826 4978 et

2208 4969 2419 5047 proprio
2449 4969 2607 5028 nitori
2655 4987 2813 5042 prope
2842 4971 3143 5047 .restituere.
3195 4969 3430 5042 Denique
3457 4971 3605 5047 nullo
3655 4971 3824 5040 ofﬁcii

2207 5041 2514 5117 pietatisque
2541 5041 2723 5117 genere
2751 5041 2960 5117 omisso,
2993 5057 3095 5094 non
3127 5050 3279 5117 antea
3320 5041 3616 5117 canquieri,
3635 5058 3820 5117 _quam

2205 5111 2404 5170 scholia
2432 5111 2670 5186 quadam
2707 5112 3016 5186 adjecerim,
3059 5113 3242 5186 quibus
3283 5119 3334 5164 et
3380 5111 3819 5186 emendatiOnum

2204 5182 2502 5239 nostrarum
2532 5186 2666 5239 ratio
2704 5183 2922 5253 affertur
2947 5191 2997 5236 et
3035 5182 3329 5252 difﬁciliora
3371 5183 3487 5237 loca
3526 5199 3686 5253 quam
3727 5183 3819 5253 fa-

2203 5257 2392 5309 cillime
2419 5256 2765 5325 explicantur.
2798 5253 2941 5326 illoc
2965 5262 3136 5306 autem
3165 5255 3413 5326 quidquid
3450 5254 3650 5309 laboris
3689 5261 3772 5308 est
3797 5294 3814 5316 ,

2199 5327 2337 5398 quod
2364 5324 2698 5398 libentissime
2726 5325 2864 5398 vobis
2897 5324 3199 5398 dedicatum
3227 5336 3276 5379 et
3301 5324 3440 5398 grati
3475 5327 3640 5380 animi
3683 5341 3815 5394 ergo

2199 5396 2555 5469 consecratum
2583 5396 2715 5460 volo,
2741 5397 2905 5450 alacri
2935 5397 3074 5469 intllu
3103 5396 3342 5467 accipite,
3368 5414 3429 5451 ac
3457 5399 3504 5452 si
3526 5398 3811 5469 probatur,

2197 5466 2351 5540 edite,
2374 5470 2580 5540 meique
2608 5467 3066 5540 mentores_ua_l_ete.

2271 5538 2342 5679 te)
2374 5535 2652 5620 Fabricius
2680 5540 2734 5620 in
2763 5537 2896 5592 Bibl.
2931 5536 3002 5590 Μ.
3034 5546 3090 5593 et
3116 5535 3214 5592 lnf.
3244 5535 3366 5594 Lat.

2340 5611 2356 5677 )
2387 5607 2532 5665 Neve
2562 5609 2757 5678 aliquns
2785 5617 2938 5678 putet
2965 5607 3315 5674 Quesnellum
3346 5625 3366 5665 ε

2340 5611 2356 5677 )
2387 5607 2532 5665 Neve
2562 5609 2757 5678 aliquis
2785 5617 2938 5678 putet
2965 5607 3315 5674 Quesnellum
3346 5609 3618 5668 editiones
3667 5609 3821 5668 Leo-

2205 5679 2290 5733 nis
2337 5695 2560 5754 operum
2586 5696 2732 5754 _cum
2779 5680 3128 5754 editionibus
3153 5679 3301 5754 Petri
3331 5680 3660 5754 Clirysologi
3701 5697 3819 5754 una

2203 5764 2326 5804 cum
2372 5751 2557 5808 Leone
2584 5751 2653 5804 M.
2687 5751 2950 5821 evulgatis
2996 5751 3334 5819 confudisso;
3385 5751 3556 5809 etiam
3601 5755 3657 5806 in
3699 5753 3813 5816 his.

2203 5829 2474 5894 quotquot
2527 5837 2648 5878 eam
2694 5829 3179 5894 reprresentarent,
3233 5825 3502 5893 integrum
3561 5823 3818 5894 epistola

2205 5892 2510 5950 exemulum
2541 5908 2648 5948 non
2679 5893 2867 5949 deesse
2895 5909 3194 5951 monemus.
