3964 6350
153 399 218 460 Ii
591 397 1121 458 εσιιωΝΕΜΑΝΝι
1157 399 1433 457 ΝΟΤΙΤῙΔ
1472 399 1539 456 IN
1577 399 1762 456 OMNE

1886 400 2212 462 LDlTlONES
2248 405 2304 463 S.
2348 407 2551 465 PETRI
2591 409 3048 472 CHRYSOLOGI.
3375 416 3454 480 83

158 519 304 577 rardi
331 517 517 575 Vossii
538 517 780 575 editione
806 517 1026 574 demum
1053 533 1172 574 esse
1193 516 1512 589 profectam.
1537 513 1757 571 Etenim

1935 515 2090 572 1579.
2133 518 2365 577 Colonia:
2393 497 2882 599 Agrippinw,'apud
2908 528 2996 584 Jo.
3030 527 3273 587 Carolum
3301 535 3455 592 Mun-

158 611 362 668 dudnm
390 619 520 668 ante
549 611 760 682 integra
785 607 981 666 Latine
1009 610 1289 681 legebatur
1315 611 1373 666 in
1400 610 1550 668 Actis
1575 609 1759 666 conci-

160 706 212 762 lii
254 702 747 772 Chalcedonensis,
777 719 900 774 qure
929 705 1045 776 ipse
1072 703 1298 760 Vossius
1326 704 1529 760 laudat.
1562 704 1760 760 Dicen-

159 799 281 854 dum
309 798 517 868 potius,
569 798 625 853 in
664 797 988 868 quibusdam
1027 813 1157 855 mss.
1189 797 1485 864 codicibus,
1529 813 1761 868 quorum

161 891 335 946 fontes
363 899 745 947 monstrarunt
764 891 1068 958 Ballerinii,
1113 891 1344 947 inveniri
1381 892 1522 947 hanc
1559 891 1762 960 episto-

162 982 265 1036 lam
293 981 527 1037 dimidio
554 981 861 1038 breviorem
890 989 946 1040 et
973 983 1153 1054 capite
1181 981 1419 1038 secundo
1460 996 1492 1035 a
1529 981 1763 1036 laudatis

161 1074 339 1130 verbis
369 1083 683 1142 carentem;
707 1075 805 1131 sed
831 1076 1102 1132 editorum
1124 1085 1304 1133 textus
1326 1077 1510 1132 sanior
1532 1091 1600 1132 ex
1627 1076 1764 1134 actis

166 1169 380 1224 concilii
407 1166 874 1227 Chalcedonensis
900 1169 1176 1241 proﬂuxit.

771 1323 990 1365 δεουιο
1045 1323 1150 1365 XVI.

231 1443 391 1500 1554.
428 1443 701 1513 Bononia),
731 1465 798 1502 ex
826 1448 1171 1521 typographia
1196 1446 1285 1503 Jo.
1322 1445 1475 1519 Bapt.
1509 1445 1758 1513 Phaelli;

167 1537 323 1593 iri-1°.
357 1537 418 1594 S.
452 1539 602 1595 Petri
631 1538 951 1613 Chrysologi
979 1540 1382 1596 Sermones.....

231 1630 424 1688 Editor
470 1630 534 1687 P.
585 1634 840 1706 Agapitus
888 1633 1203 1688 Vicentinus
1248 1630 1457 1688 Canon.
1502 1631 1756 1688 Lateran.

173 1724 332 1781 ordin.
386 1733 578 1781 rector
617 1727 892 1796 inscripsit
936 1727 1104 1782 hosce
1158 1740 1440 1781 sermones
1495 1725 1761 1782 cardinali

172 1815 376 1873 Herculi
403 1817 699 1887 Gonzagm,
732 1817 908 1888 deque
934 1833 1031 1874 sua
1069 1817 1125 1873 in
1171 1817 1384 1873 edendo
1431 1833 1596 1889 opera
1644 1819 1761 1873 haec

175 1911 420 1984 pmfatus
448 1920 573 1968 est:
629 1911 756 1966 Cum
802 1913 929 1966 mihi
974 1913 1293 1967 sanctissimi
1322 1915 1521 1985 pariter
1558 1930 1620 1966 ac
1649 1913 1759 1968 elo-

174 2006 484 2080 quentissimi
525 2007 623 2060 viri
651 2005 799 2061 Petri
827 2004 1133 2080 Cltrysologi
1171 2003 1490 2062 Ravennatis
1527 2008 1758 2078 episcopi

176 2098 437 2154 Sermona
466 2115 628 2170 quam
655 2098 887 2170 plurimi,
919 2099 1061 2154 omni
1091 2107 1227 2154 certe
1263 2116 1413 2166 auro,
1446 2100 1758 2172 gemmisque

175 2193 492 2264 pretiosiores
515 2193 570 2246 in
600 2209 786 2247 manus
805 2193 1056 2259 venerint,
1089 2209 1193 2246 non
1220 2193 1420 2262 injuria
1447 2193 1501 2246 in
1523 2194 1758 2247 avaritia:

175 2287 353 2340 crimen
391 2286 661 2340 rocandus
694 2285 982 2357 judicarer,
1015 2287 1062 2339 si
1111 2296 1201 2338 aut
1229 2284 1422 2338 diutius
1453 2285 1758 2340 clarissimis

173 2379 309 2434 rebus
327 2378 571 2434 tenebras
594 2378 783 2434 obduci
797 2381 1176 2450 permitterem:
1200 2389 1290 2432 aut
1306 2387 1512 2433 nostros
1528 2379 1758 2432 homines

177 2480 272 2524 tam
305 2470 610 2525 excellentis
657 2471 853 2541 ingenii
899 2471 1228 2524 monimentis
1266 2486 1371 2524 non
1408 2470 1523 2523 sine
1567 2486 1759 2540 magno

174 2581 338 2617 eorum
364 2561 695 2618 incommodo
716 2561 1122 2634 detrimentoque
1142 2562 1393 2633 spoliatos
1425 2569 1578 2633 atque
1605 2559 1760 2615 orba—

175 2665 246 2709 tos
268 2672 412 2728 equo
443 2655 624 2709 animo
645 2655 1079 2709 sustinerem
1104 2654 1251 2724 cujus
1276 2662 1447 2706 tamen
1467 2653 1522 2705 in
1538 2669 1759 2723 perpur-

174 2750 350 2820 gandis
387 2767 449 2802 ac
481 2751 654 2821 potius
682 2748 1041 2802 instaurandis
1070 2747 1211 2801 hisce
1229 2747 1571 2811 sermonibus,
1591 2748 1762 2799 incre-

175 2844 322 2898 dibile
332 2845 500 2898 dictus
519 2853 614 2910 est,
630 2853 876 2915 quantum
888 2840 1081 2896 laboris
1100 2841 1444 2911 susceperim:
1466 2848 1757 2911 propterea,

174 2937 303 3009 quod
330 2939 375 2992 is
405 2939 588 3000 codex,
612 2953 763 3008 quem
791 2935 1048 3006 principio
1070 2934 1212 2987 nacti
1245 2935 1436 3005 fuimus
1455 2971 1469 2995 ,
1501 2933 1764 3003 proximo-

175 3046 284 3083 rum
306 3029 610 3084 surculorum
625 3029 836 3082 inscitia
862 3026 1090 3100 quadam
1115 3026 1264 3098 quasi
1290 3023 1524 3096 rubigine
1546 3025 1620 3078 ita
1647 3040 1762 3077 cum

176 3123 400 3194 {cedatus
429 3133 557 3188 erat,
590 3133 694 3177 tum
714 3139 959 3188 mancus,
991 3130 1051 3174 ut
1082 3121 1228 3176 nulla
1269 3122 1428 3192 ferme
1456 3119 1512 3172 in
1550 3135 1610 3172 eo
1637 3133 1760 3188 pars

176 3217 369 3287 integra
397 3225 547 3287 atque
573 3217 872 3286 incorrupta
900 3215 1226 3286 reperiretur.
1267 3210 1457 3266 Verum
1477 3226 1570 3264 nos
1591 3226 1760 3282 quan-

1864 610 2020 676 nich;
2052 609 2211 665 in—40.
2253 611 2432 670 Editio
2473 614 2797 673 Sermonum
2843 617 2990 676 Petri
3030 618 3353 694 Chrysologi
3397 634 3454 681 et

1860 703 2081 759 Maximi
2096 703 2444 764 Taurinensis
2467 724 2587 779 quae
2613 710 2758 768 hunc
2785 727 2987 769 annum
3011 729 3300 786 operarum
3319 717 3453 773 vitio

1861 799 1918 854 in
1947 797 2103 854 titulo
2125 800 2283 868 gerit,
2308 800 2377 857 ad
2399 817 2631 872 sequens
2659 804 2914 860 saeculmn
2939 805 3130 862 referri
3151 807 3331 864 debet.

1935 890 2093 946 1585.
2127 892 2372 961 Parisiis,
2415 895 2555 967 apud
2582 895 2800 952 Hieron.
2835 897 2898 952 de
2927 898 3168 971 Marnef;
3190 899 3360 955 in-8°.
3384 900 3450 956 Ι).

1863 981 2011 1040 Petri
2038 984 2358 1058 Chrysologi
2395 987 2790 1061 archiepiscopi
2816 989 3150 1046 Ravennatis
3177 1007 3313 1063 opus
3343 990 3455 1048 llo-

1862 1077 2136 1134 miliarum
2159 1095 2292 1134 nunc
2314 1080 2538 1152 primum
2571 1081 2766 1136 editum
2804 1080 2947 1154 (sic).

1863 1260 1914 1316 Μ
1937 1168 2098 1227 1588.
2145 1171 2390 1228 Veneliis.
2423 1172 2572 1230 Petri
2601 1171 2922 1246 Chrysologi
2950 1174 3262 1232 Sermones.
3293 1175 3457 1235 Teste

1919 1261 1994 1316 ita
2014 1263 2052 1316 1.
2077 1263 2114 1316 l.

1919 1261 1994 1318 ita
2014 1263 2052 1318 l.
2077 1263 2114 1319 l.

2455 1352 2671 1393 θεουιο
2719 1353 2844 1393 XVII.

1935 1446 2090 1503 1604.
2119 1447 2427 1521 Moguntiw,
2444 1450 2584 1523 apud
2607 1450 2843 1506 Balthas.
2871 1449 3111 1524 Lippium
3127 1453 3453 1524 sumpt.Ant.

1864 1539 2085 1609 Hierat;
2109 1541 2266 1597 indi“.
2307 1541 2454 1599 Petri
2495 1543 2830 1600 Ravennatis
2869 1559 2968 1600 seu
2993 1541 3316 1616 Chrysologi
3341 1543 3459 1616 epi-

1862 1637 2004 1692 stola
2027 1645 2216 1692 contra
2244 1635 2544 1711 Eutychen,
2589 1635 2776 1694 Graece
2815 1645 2872 1693 et
2911 1637 3101 1692 Latine
3145 1653 3268 1693 cum
3315 1637 3461 1693 notis

1865 1728 2088 1785 Gerardi
2127 1729 2300 1786 Vossii
2342 1731 2405 1786 D.
2457 1740 2514 1786 et
2557 1731 2835 1802 prmpositi
2874 1729 3231 1800 Tungrensis;
3263 1729 3318 1784 in
3358 1727 3462 1785 Mi-

1862 1824 2137 1880 scellaneis
2157 1823 2264 1880 SS.
2289 1825 2487 1898 aliquot
2513 1824 2736 1881 Patrum
2757 1823 3055 1880 Graecorum
3079 1834 3133 1880 et
3153 1823 3459 1880 Latinon

1788 1890 1838 1952 Β
1864 1919 2086 1973 antehac
2115 1935 2221 1974 non
2249 1890 2434 1985 editis;
2466 1918 2692 1988 adjectis
2722 1917 2974 1991 Operibus
3003 1917 3241 1990 Gregorii
3285 1916 3462 1972 Thau-

1861 2012 2113 2083 maturgi,
2139 2025 2296 2082 pagg.
2322 2010 2508 2066 205-8.
2553 2009 2741 2068 Graeca
2772 2011 2841 2066 ad
2863 2012 2984 2067 cod.
3027 2027 3129 2066 ms.
3163 2009 3313 2066 card.
3344 2009 3460 2065 Sir-

1862 2101 1976 2168 leti,
2010 2100 2205 2157 Latina
2243 2118 2314 2159 ex
2339 2102 2497 2160 codd.
2524 2103 2800 2159 Vaticanis
2845 2118 2993 2157 num.
3024 2099 3183 2167 2574,
3227 2098 3368 2154 2576
3404 2108 3461 2155 et

1863 2191 2023 2260 2580,
2069 2193 2216 2248 edita
2257 2203 2405 2250 sunt.
2455 2195 2617 2250 Acin
2653 2193 2928 2265 prioribus
2947 2192 3158 2249 duobus
3198 2207 3308 2248 non
3357 2193 3461 2247 nisi

1862 2286 2014 2356 prior
2037 2302 2164 2357 pars
2186 2284 2442 2358 Epistolas
2475 2287 2740 2342 exstabat.

1939 2377 2096 2434 1606.
2127 2379 2358 2435 Colonia:
2382 2419 2396 2444 ,
2427 2379 2555 2452 Agr.
2577 2380 2820 2452 sumptib.
2850 2379 2938 2434 Io.
2981 2377 3219 2450 Gymnici
3255 2384 3305 2431 et
3329 2377 3456 2430 Ant.

1865 2474 2086 2539 Hierat;
2115 2471 2291 2544 in-fol.
2316 2468 3061 2541 PetriRavennatisEpistola
3091 2469 3159 2524 ad
3178 2467 3460 2540 Eutychen

1864 2565 1985 2620 Lat.
2019 2567 2073 2620 in
2105 2564 2223 2619 Sev.
2259 2562 2400 2618 Binii
2429 2560 2694 2626 Conciliis,
2723 2569 2762 2615 t.
2788 2560 2852 2628 ll,
2878 2561 2946 2616 ab
2972 2560 3147 2628 initio,
3170 2560 3314 2616 inter
3331 2557 3461 2630 Epi-

1865 2659 2035 2714 stolas
2055 2654 2474 2726 prmambulares
2496 2654 2549 2709 in
2579 2651 2747 2709 Conc.
2779 2651 3032 2708 Chalced.
3067 2666 3170 2707 mc.

1940 2747 2096 2803 1607.
2141 2747 2460 2819 Moguntiaz;
2489 2745 2660 2800 in-8°.
2683 2744 2740 2803 S.
2793 2745 2941 2801 Petri
2979 2743 3299 2817 Chrysologi
3326 2741 3457 2798 Ser-

1864 2860 2075 2900 mones.
2117 2841 2327 2898 Laudat
2368 2842 2511 2898 hanc
2557 2841 2855 2896 editionem
2894 2857 2997 2896 usu
3041 2838 3145 2894 sibi
3187 2837 3460 2906 cognitam

1864 2935 2202 2992 Christianus
2231 2933 2507 2989 Daumius.

1941 3026 2097 3081 1609.
2126 3026 2327 3091 Romar,
2361 3043 2428 3081 ex
2471 3035 2671 3099 typogr.
2711 3025 2915 3089 Vatic.;
2957 3023 3140 3093 in-fol.
3175 3020 3320 3075 Petri
3354 3017 3461 3072 Ra-

1865 3121 2117 3178 vennatis
2145 3119 2391 3191 Epistola
2420 3118 2489 3174 ad
2514 3118 2818 3190 Eutychen,
2855 3115 2948 3171 Gr.
2984 3115 3138 3181 Lat.;
3165 3115 3220 3169 in
3261 3112 3456 3167 Concil.

1866 3232 1986 3287 gen.
2011 3213 2159 3268 Eccl.
2186 3211 2398 3266 Cathol.
2427 3219 2468 3264 t.
2497 3209 2560 3276 ll,
2585 3227 2638 3280 p.
2673 3207 2760 3262 2'2.
2791 3207 2976 3262 Graeca
2998 3206 3066 3261 ad
3087 3204 3303 3261 codices
3326 3217 3457 3258 mss.

179 3277 363 3363 ιιιωά
390 3277 722 3381 antiquorum
743 3277 1114 3380 eremplarium
1143 3304 1417 3361 collatione
1436 3277 1637 3376 assequi
1665 3319 1762 3374 ρο-
1788 3277 1834 3342 C
1866 3277 2006 3362 Ribl.
2038 3305 2333 3370 Vaticantc,
2361 3277 2649 3358 Sfortiana‘.
2671 3343 2686 3369 ,
2719 3298 3118 3365 Columnensis,
3150 3296 3280 3352 olim
3309 3293 3458 3350 card.

182 3401 373 3464 tuimus,
405 3418 556 3472 opem
586 3402 936 3474 auxiliumque
963 3401 1154 3469 afferre
1175 3399 1345 3454 conati
1365 3414 1560 3452 sumus.
1588 3393 1764 3461 Quare

181 3493 407 3561 eiectum
436 3503 535 3558 est,
569 3495 674 3548 nisi
702 3511 816 3547 mea
844 3510 926 3548 me
954 3493 1094 3565 fallit
1131 3493 1336 3564 opinio,
1376 3499 1434 3544 ut
1481 3489 1765 3544 disertissi-

179 3586 244 3637 mi
271 3585 420 3655 hujus
451 3586 550 3639 viri
579 3587 778 3656 scripta
805 3587 861 3638 in
889 3586 1168 3656 pristinum
1199 3584 1317 3656 jam
1356 3582 1480 3637 bene
1509 3583 1760 3649 nitorem,

180 3677 428 3731 nonnullis
461 3686 634 3732 tamen
663 3679 914 3748 exceptis,
965 3678 1201 3731 restituta
1237 3678 1360 3730 sint.
1392 3675 1623 3730 Notatur
1649 3675 1765 3730 hmo

180 3769 334 3826 editio
361 3771 566 3841 oppido
613 3772 909 3838 rarissima,
943 3772 1000 3826 in
1044 3769 1304 3841 Catalogo
1334 3771 1469 3826 Bibl.
1511 3769 1764 3826 Barberi-

181 3862 338 3916 manu:
359 3872 416 3917 et
442 3860 775 3917 Pincllianm.

243 3951 394 4008 1558.
431 3953 684 4018 Coloniae,
717 3955 854 4026 apud
885 3955 1098 4008 Petrum
1128 3953 1372 4021 Quentel;
1413 3955 1582 4027 in-fol.
1635 3953 1763 4026 Epi-

183 4044 304 4098 stola
331 4047 540 4118 integra
561 4045 708 4101 Petri
731 4045 1059 4102 Ravennatis
1089 4047 1332 4118 episcopi
1357 4047 1426 4101 ad
1463 4045 1764 4119 Eutychem

183 4136 454 4204 abbatem;
483 4139 539 4192 in
565 4137 902 4194 Prazambulis
915 4137 1070 4194 Cone.
1099 4139 1564 4206 Chalcedonensis;
1593 4140 1648 4195 in
1675 4139 1760 4197 ed.

185 4226 523 4286 Conciliorum
553 4229 699 4284 Petri
724 4230 919 4285 Crabbe
943 4241 1074 4286 tom.
1105 4231 1149 4296 Ι,
1182 4231 1275 4286 fol.
1307 4249 1546 4290 cccxcrv.

242 4321 383 4406 1541~
383 4365 396 4378 .
432 4324 668 4379 Colonia:
704 4325 1031 4397 Agrippinaa;
1061 4327 1234 4398 ενι-[οι.
1271 4325 1328 4380 S.
1357 4324 1504 4380 Petri
1531 4323 1768 4399 Chryso-

184 4413 342 4484 logi...
375 4415 691 4472 Sermones.
737 4415 946 4473 Laudat
983 4417 1124 4472 hanc
1153 4426 1211 4472 ut
1251 4418 1587 4488 superiorem
1624 4433 1765 4489 quo-

182 4523 271 4576 que
291 4510 613 4566 Dominicus
635 4511 782 4578 Illita,
808 4520 865 4566 et
909 4527 978 4566 ex
1013 4526 1080 4566 eo
1107 4509 1191 4566 Jo.
1239 4510 1359 4566 Alb.
1402 4509 1682 4566 Fabricius
1711 4512 1765 4566 in

184 4598 300 4655 Bibl.
331 4603 403 4656 Μ.
435 4611 492 4658 et
512 4603 612 4658 lnl‘.
643 4603 764 4658 Lat.
790 4605 884 4674 qui
910 4605 1198 4660 voluminis
1222 4601 1453 4659 formam
1495 4606 1764 4676 ascripsit.

185 4691 400 4748 Notatur
423 4695 478 4748 in
496 4693 619 4749 Cat.
651 4696 788 4750 Bibl.
815 4696 968 4752 Bodl.
997 4697 1094 4752 abs
1115 4697 1403 4752 voluminis
1425 4697 1618 4753 forma.

247 4781 399 4838 15H.
431 4783 694 4850 Parisiis;
721 4786 880 4840 in-8'.
913 4788 969 4842 S.
1019 4787 1166 4844 Petri
1198 4787 1610 4862 Chrysologi....
1641 4790 1769 4846 Ser-

186 4891 379 4930 mones.
411 4874 818 4932 Commemorat
865 4879 1009 4935 hanc
1034 4879 1453 4950 descriptionem
1489 4881 1770 4938 Fabricius

187 4967 218 5022 l.
229 4967 264 5034 l,
278 4968 538 5038 additque
556 4968 608 5022 in
620 4967 982 5040 Autographis
994 4969 1370 5042 Rudolphinis,
1386 4973 1564 5040 tom.l,
1579 4973 1765 5044 p.467,

188 5073 291 5112 eam
315 5066 514 5129 preter
534 5049 650 5112 rein
681 5075 780 5130 pro
799 5060 974 5130 prima
995 5061 1279 5116 venditari.
1307 5063 1376 5116 At
1402 5064 1458 5117 in
1479 5062 1608 5118 Cod.
1628 5063 1763 5120 Bibl.

190 5145 477 5206 Bodleianc
502 5158 682 5205 exstat
702 5150 869 5207 editio
897 5151 1116 5208 Parisiis
1149 5151 1299 5220 1545,
1329 5154 1490 5222 ill-8°,
1521 5172 1644 5227 qua:
1667 5173 1764 5212 ea-

190 5240 369 5298 demne
391 5243 483 5311 sit,
516 5259 586 5298 an
615 5243 848 5312 diversa,
881 5247 1082 5301 nescio.

248 5335 405 5390 157.1.
436 5334 680 5400 Parisiis,
713 5337 854 5410 apud
881 5337 1187 5411 Hieronym.
1223 5341 1286 5396 de
1313 5341 1558 5413 Mamef;
1599 5342 1760 5400 in—8°.

188 5425 236 5482 S.
267 5427 414 5484 Petri
441 5426 759 5502 Chrysologi
784 5428 1092 5487 Sermones.

249 5519 308 5576 ln
335 5522 478 5577 hanc
499 5521 796 5577 editionem
823 5523 1230 5579 emendationes
1264 5541 1389 5580 suas
1415 5527 1630 5597 scripsit
1658 5526 1766 5584 La-

192 5614 323 5670 tinus
344 5613 608 5670 Latinius.
632 5614 910 5671 Fabricius
935 5619 1128 5671 octonis
1151 5615 1342 5671 factam
1369 5633 1490 5675 esse
1509 5621 1765 5690 prodidit.

193 5702 336 5776 Apud
349 5707 506 5764 Dom.
523 5707 709 5763 Mitem
726 5707 978 5763 laudatur
997 5707 1162 5763 editio
1183 5706 1503 5766 Parisiensis
1531 5727 1583 5765 a.
1609 5709 1765 5767 1575.

256 5796 410 5852 1577.
455 5800 864 5872 Antuerpise.....
900 5798 1049 5856 Petri
1087 5797 1408 5872 Chrysologi
1454 5799 1766 5861 Sermones.

195 5882 393 5949 Laudat
419 5888 550 5948 Mita
572 5891 627 5947 in
647 5891 978 5964 praefatione.

1867 3398 2050 3454 Sirleti
2079 3405 2134 3452 et
2163 3394 2288 3451 Ant.
2316 3393 2601 3464 Augustini
2633 3391 2876 3462 archiep.
2901 3386 3323 3444 Tarraconensis
3369 3383 3462 3439 de-

1866 3492 2066 3562 scripta
2096 3496 2242 3546 sunt.

1941 3583 2098 3638 1612.
2139 3581 2388 3646 Parisiis,
2423 3577 2563 3650 apud
2592 3576 2813 3631 Hieron.
2848 3576 2911 3630 de
2933 3574 3174 3647 Mamef;
3203 3570 3372 3627 in-8".
3397 3569 3460 3624 Ι).

1869 3677 2016 3733 Petri
2049 3673 2370 3746 Chrysologi
2412 3688 2548 3743 opus
2603 3669 2960 3724 Homiliarmn
3007 3668 3120 3724 sive
3174 3665 3466 3721 Sermones

1867 3767 2146 3825 CLXXVI.
2196 3766 2442 3822 Accessit
2481 3765 2722 3835 ejusdem
2769 3761 3010 3834 Epistola
3058 3761 3127 3817 ad
3186 3758 3468 3832 Eutychen

1867 3862 2251 3935 presbyterum
2277 3857 2464 3913 Gmce
2486 3866 2542 3912 et
2569 3856 2782 3923 Latine,
2809 3871 2932 3910 cum
2956 3854 3100 3908 notis
3121 3859 3177 3909 et
3199 3852 3363 3907 variis
3383 3850 3465 3906 le-

1869 3955 2142 4012 ctionibus
2169 3969 2238 4009 ex
2265 3968 2394 4007 mss.
2427 3951 2602 4006 Vatic.
2637 3958 2692 4005 et
2718 3949 2924 4005 cardin.
2948 3947 3131 4002 Sirleti
3151 3945 3314 4002 edita.
3343 3942 3463 3998 Cat.

1867 4047 2006 4105 Bibl.
2042 4048 2176 4118 Reg.
2193 4047 2390 4113 Paris.,
2415 4044 2568 4116 cujus
2590 4043 2886 4115 exemplari
2907 4042 3105 4112 passim
3127 4039 3322 4094 addita:
3343 4044 3468 4093 sunt

1871 4141 2283 4197 emendationes
2311 4154 2380 4194 ex
2409 4154 2510 4193 ms.
2538 4137 2726 4193 codice
2759 4134 2938 4190 studio
2965 4133 3027 4187 T.
3060 4129 3320 4187 Mantelli.

1946 4233 2104 4287 1613.
2131 4232 2558 4304 Moguntiw......
2593 4228 2741 4284 Petri
2786 4224 3106 4299 Chrysologi
3152 4222 3463 4280 Sermones.

1871 4324 2028 4381 Dom.
2055 4325 2183 4379 Mita
2219 4325 2274 4378 in
2303 4322 2461 4378 Praef.

1945 4415 2102 4470 1614.
2145 4415 2388 4478 Parisiis,
2431 4413 2574 4486 apud
2621 4411 2893 4465 Claudium
2941 4407 3249 4472 Morellum;
3289 4405 3464 4477 in-fol.

1872 4507 1930 4562 S.
1956 4506 2105 4562 Petti
2132 4504 2456 4578 Chrysologi
2484 4501 2880 4573 archiepiscopi
2928 4498 3258 4555 Ravennatis
3286 4497 3468 4552 erudi-

1872 4601 2068 4656 tissimi
2096 4609 2151 4655 et
2179 4598 2506 4655 sanctissimi
2532 4595 2857 4662 Sermones;
2897 4610 3020 4650 cum
3060 4592 3233 4648 Leone
3271 4592 3468 4665 Magno

1874 4701 1930 4748 et
1959 4691 2195 4748 Maximo
2237 4690 2568 4746 Taurinensi.

1948 4784 2106 4840 1618.
2149 4783 2394 4847 Parisiis,
2449 4790 2639 4853 sumpt.
2692 4780 2902 4836 Sebast.
2944 4777 3244 4850 Cramoisg;
3283 4778 3465 4850 in-{oL

1873 4881 1931 4937 S.
1968 4879 2116 4936 Petri
2149 4876 2539 4950 Chrysologi...
2579 4873 2896 4941 Sermones;
2927 4889 3052 4929 cum
3081 4872 3272 4928 iisdem
3313 4885 3468 4940 repe-

1872 4975 1984 5030 titae
2013 4973 2284 5029 editionis.

1948 5067 2106 5123 1618.
2151 5065 2412 5130 Coloniae,
2464 5063 2604 5137 apud
2653 5064 2778 5116 Ant.
2837 5062 3056 5128 Hierat;
3104 5059 3275 5132 ξιτ-[οι.
3319 5055 3468 5112 Petri

1873 5159 2198 5234 Chrysologi
2237 5156 2480 5230 episcopi
2506 5154 2836 5210 Ravennatis
2875 5153 3108 5209 homilite
3133 5151 3199 5206 de
3228 5148 3469 5204 Domini-

1875 5255 1954 5312 cis
1983 5261 2039 5308 et
2068 5252 2243 5308 Festis
2265 5251 2473 5320 aliquot
2487 5248 2904 5304 solemnioribus
2927 5246 3091 5300 totius
3110 5243 3258 5308 anni,
3272 5257 3341 5298 ex
3361 5241 3468 5296 im-

1874 5344 2160 5420 pressione
2188 5340 2513 5407 Parisiensi;
2547 5338 2787 5408 ejusdem
2811 5336 3052 5408 Epistola
3081 5334 3149 5389 ad
3185 5331 3466 5406 Eutychen

1875 5455 2000 5495 cum
2028 5437 2181 5494 Notis
2209 5433 2430 5491 Gerardi
2467 5433 2670 5500 Vossii;
2707 5434 2762 5488 in
2792 5430 2927 5486 Bibl.
2960 5427 3076 5482 PP.
3109 5436 3149 5482 t.
3194 5427 3260 5494 V,
3296 5425 3462 5498 p.11.

1948 5532 2104 5586 1625.
2132 5529 2394 5603 Lugduni,
2419 5538 2610 5602 sumpt.
2633 5525 2835 5581 Claudii
2853 5521 3064 5594 Landry
3079 5540 3096 5587 ,'
3124 5520 3302 5594 in-fol.
3321 5518 3466 5580 Petri

1875 5624 2288 5697 Chrysologi....
2313 5621 2635 5686 Sermones;
2658 5633 2781 5672 cum
2807 5614 2981 5670 Leone
3013 5613 3094 5670 Μ.
3120 5622 3176 5669 et
3203 5613 3322 5668 aliis
3361 5611 3466 5666 bo~

1875 5718 2148 5773 miliarum
2198 5713 2526 5770 auctoribus.
2573 5709 2884 5766 Dominicus
2911 5706 3042 5762 Mita
3081 5705 3466 5776 Lugdunenses

1876 5811 2150 5866 editiones
2170 5814 2370 5876 prmter
2383 5805 2525 5860 hanc
2545 5809 2831 5858 emnnerat
2843 5814 3113 5858 annorum
3133 5794 3289 5862 1622,
3306 5789 3465 5859 1627,

1881 5898 2016 5953 1651
2043 5906 2099 5952 et
2138 5894 2293 5950 1656.
