3976 6352
2199 270 2251 317 ν.

470 390 536 449 εδ
999 334 1007 343 ’
1290 372 1357 432 nt
1394 371 1455 433 s.
1494 368 1781 429 PETRUII
1817 363 2339 428 cnnrsowcuu
2378 368 2915 432 PROLEGOMENA.
3354 420 3355 427 ,
3691 376 3807 446 εδ,

540 478 1081 558 ιῦῗίίξξΡανὶιὶἱεέ..η
1106 488 1251 547 Petri
1277 485 1600 583 Ehrysologi
1628 479 2061 583 Sermonps.ble-

2191 482 2317 540 liose
2343 485 2611 583 celleme
2650 498 2702 583 et
2741 489 3023 583 ordinatim
3064 490 3318 565 digestum
3342 493 3569 567 addidit,
3590 498 3791 583 eique

469 595 585 655 scio
616 609 687 649 an
713 604 839 648 cum
867 575 1059 644 iisdem
1084 572 1416 648 auctoribus,
1460 586 1528 636 an
1556 578 1809 636 seorsim.
1854 567 2063 631 Laudat

469 688 628 743 Dom.
656 668 807 738 Mita.

543 766 701 833 16⁸53.
748 762 1096 845 Lugduni.....
1120 756 1301 841 in-fol.
1326 762 1384 821 S.
1418 752 1569 820 Petri
1587 752 1907 835 Cbrysologi
1933 754 2063 814 Ser-

472 883 692 937 mones;
735 864 792 921 in
828 858 1068 934 Heptade
1094 852 1377 932 prwsulum
1407 848 1707 911 Christiana
1734 846 1987 927 sapientia
2012 847 2067 907 et

454 960 723 1037 facundia
759 946 1166 1037 clarissimorum
1192 938 1438 1037 Tuscan.
1464 938 1753 1037 Hirsutum.

545 1040 782 1111 Accessit
809 1034 1049 1120 Epistola
1078 1042 1148 1099 ad
1174 1032 1488 1115 Eutycbem;
1517 1034 1647 1098 itetii
1684 1026 1805 1093 Vita
1834 1030 2061 1112 Chryso-

474 1147 599 1219 logi,
630 1139 1000 1200 testimonium
1024 1125 1309 1219 Tritbemii
1329 1130 1395 1217 et,
1412 1120 1818 1219 index-duplex.

546 1208 703 1288 {636.
766 1220 1109 1286 Venetiis.....
1154 1208 1305 1281 Petri
1361 1212 1680 1297 Chrysologi
1751 1220 2060 1280 Sermones.

475 1328 637 1385 Teste
663 1325 811 1383 Mita.

550 1422 706 1481 1656.
742 1419 1102 1478 Bononia"...
1126 1413 1312 1472 Iidem.
1345 1410 1553 1469 Eodem
1573 1426 1857 1484 sponsore.

551 1500 709 1571 1643.
754 1500 1022 1577 Bononiar,
1069 1524 1161 1582 per
1233 1492 1518 1560 Nicolaum
1565 1500 1637 1559 du
1676 1492 1851 1570 Solié;
1899 1488 2059 1557 ἰπὶ-4⁸.

481 1610 545 1666 ι).
591 1607 740 1664 Petri
778 1594 1100 1678 Chrysologi
1128 1586 1645 1666 Forocorneliensis,
1695 1596 2070 1653 Ravennatum

484 1698 894 1772 archiepiscopi,
927 1686 1173 1754 Homilim
1203 1706 1389 1758 sacrae,
1427 1688 1543 1748 sive
1576 1682 1873 1749 Sermones
1896 1686 2072 1756 aurei,

484 1794 765 1866 recogniti,
802 1778 1101 1859 emendati,
1131 1803 1196 1847 ac
1233 1786 1465 1844 maxima
1492 1795 1640 1861 parte
1668 1776 1854 1859 [variis
1881 1772 2072 1842 lectio-

2169 592 2273 648 pro
2301 564 2512 649 maiori,
2545 587 2605 635 ut
2635 576 2730 647 ait,
2763 572 3066 653 aliquorum
3087 564 3207 657 qua:
3235 585 3289 644 in
3318 600 3381 644 ea
3409 564 3788 653 memoras-set

2170 663 2551 727 testiﬁcatione
2578 664 2858 742 sequentia
2878 666 3154 746 subiunxit
3177 666 3535 739 documenta:
3558 680 3621 736 1ο
3644 683 3788 758 Epi-

2170 760 2360 850 stulam
2388 765 2450 824 S.
2484 758 2632 823 Petri
2677 758 2982 842 Chrysologi
3023 764 3092 829 ad
3120 762 3405 845 Eutychen:
3433 776 3781 850 luerent-usu;

2169 846 2237 909 Ξο
2265 852 2561 929 Epistolam
2587 852 2777 917 Leonis
2799 877 2952 933 papa
2980 853 3011 916 Ῑ
3036 856 3108 920 ad
3132 855 3446 927 Flavianum
3476 846 3789 930 Constanti-

2170 948 2530 1021 nopolitanum
2558 952 2853 1025 episcopum
2881 964 3064 1012 contra
3091 946 3397 1031 Eutychetis
3422 964 3708 1036 perﬁdiam
3730 976 3789 1023 et

2172 1041 2446 1108 haeresim;
2479 1036 2541 1099 3°
2585 1041 2877 1116 Epistulam
2906 1036 3145 1105 Hattltcei
3187 1051 3498 1112 catltedralis
3539 1057 3786 1115 ecclesia

2176 1128 2455 1190 Imolensis
2491 1130 2755 1209 praepositi
2774 1180 2790 1207 ,
2827 1147 3232 1215 transsumptam
3272 1161 3338 1200 es:
3378 1144 3572 1203 tabella
3607 1149 3787 1222 ipsius

2172 1230 2551 1300 manuscripta,
2580 1246 2683 1303 qua
2704 1238 2919 1287 testatur
2947 1248 3002 1287 se
3029 1240 3214 1306 corpus
3250 1228 3312 1290 B.
3356 1234 3502 1292 Petri
3542 1236 3784 1311 Chryso-

2179 1318 2285 1391 logi
2313 1328 2643 1389 attrectasse;
2671 1320 2735 1375 4ο
2757 1320 3003 1394 Elogtans
3029 1332 3099 1380 ω
3122 1323 3439 1393 Tritltemio;
3470 1326 3532 1381 5°
3561 1329 3782 1402 Agapiti

2186 1408 2447 1468 Vicentini
2500 1413 2867 1487 praefationem
2907 1414 2978 1469 ad
3022 1415 3297 1473 editionem
3357 1417 3785 1487 Bononiam;

2177 1497 2242 1557 6°
2271 1506 2633 1577 praefationem
2663 1498 2723 1561 Β.
2761 1500 2976 1575 Felicis,
2999 1502 3099 1567 XL
3128 1508 3493 1571 Ravennatunt
3516 1514 3790 1589 archiepi-

2178 1598 2324 1668 scopi
2350 1597 2404 1679 in
2432 1595 2711 1657 Sermones
2733 1596 2928 1673 aliquot
2957 1599 3018 1657 S.
3045 1594 3191 1659 Petri
3220 1598 3525 1679 (ἰὴν-νεοίηςί
3554 1623 3620 1663 ex
3648 1622 3782 1662 mss.

2181 1680 2331 1769 codd.
2370 1674 2654 1757 Valicellw,
2683 1686 2989 1766 Cesenatqtte
3015 1700 3065 1747 et
3093 1688 3250 1760 alibi;
3290 1674 3345 1747 ⁸1ἆ
3374 1674 3671 1769 Epistolam
3704 1694 3782 1752 F.

2180 1768 2328 1834 Petri
2359 1770 2643 1852 Rodulphii
2675 1774 3125 1857 Tussignanensis,
3149 1784 3375 1858 episcopi
3404 1768 3788 1861 Senogalliers-

486 1864 662 1955 nibus,
707 1874 926 1943 scholiis
963 1890 1019 1939 et
1054 1872 1543 1952 observationibus]
1590 1870 1866 1944 illustrati;
1910 1890 2079 1949 opera
2109 1864 2162 1931 Β
2187 1867 2258 1926 sis
2294 1864 2365 1924 ad
2389 1878 2652 1927 senatores
2695 1866 2898 1942 lmolw,
2942 1892 3043 1949 qua
3076 1871 3350 1935 Sermones
3378 1872 3525 1933 Petri
3556 1872 3788 1955 Chryso-

487 1987 542 2035 et
570 1978 745 2035 studio
767 1968 1032 2033 Dominici
1060 1966 1229 2030 Mitte.
1261 1966 1382 2028 Cat.
1405 1964 1545 2028 Bibl.
1572 1959 1710 2039 Reg.
1738 1956 1909 2025 Paris.

554 2054 721 2126 Nobis
748 2068 817 2125 ad
843 2082 1065 2123 manum
1092 2063 1176 2121 est
1202 2062 1477 2135 exemplar
1503 2050 1769 2117 Venetam
1796 2056 1865 2115 ad
1891 2048 2077 2115 Bono-

490 2161 696 2228 niense,
727 2162 788 2216 ut
824 2148 1057 2227 videtur,
1102 2155 1233 2213 satis
1273 2149 1527 2211 accurate
1566 2167 1900 2225 expressum.
1948 2148 2081 2209 Inde

491 2256 746 2312 discimus
786 2242 1119 2308 Dominicum
1169 2242 1358 2305 Mitem
1404 2238 1745 2303 sacerdotem
1783 2241 2081 2317 parocbum

491 2342 837 2419 Ugutionelli,
874 2353 1032 2401 antea
1068 2345 1248 2413 legum
1281 2334 1460 2396 studio
1493 2334 1551 2395 et
1584 2334 1887 2394 forensibus
1914 2350 2082 2409 nego-

495 2424 584 2496 tiis
621 2444 917 2504 vacantem,
955 2435 1230 2493 hominem
1270 2427 1619 2488 mediocriter
1655 2420 1874 2487 doctum
1918 2420 2082 2498 longo

494 2531 836 2589 correctioris
874 2516 1193 2602 Chrysologi
1241 2522 1420 2581 textus
1455 2516 1723 2581 desiderio
1762 2521 2080 2587 exercitum,

494 2623 711 2679 tandem
731 2637 854 2679 cum
880 2637 1007 2678 mss.
1042 2610 1248 2689 aliquot
1274 2610 1521 2674 codicum
1547 2612 1760 2688 copiam
1788 2614 1979 2668 nactus
1998 2625 2085 2667 es-

496 2724 599 2784 set,
624 2714 917 2771 adductum
942 2727 1082 2780 esse,
1111 2718 1171 2767 ut
1195 2699 1310 2783 ipse
1339 2722 1564 2781 operam
1604 2720 1759 2762 suam
1787 2704 1838 2761 ei
1865 2719 2088 2777 perpur-

496 2804 671 2877 gando
699 2802 1124 2876 illustrandoque
1162 2794 1537 2858 commodaret
1568 2816 1582 2853 :
1618 2792 1861 2854 Ulterius
1879 2797 2087 2869 perqui-

499 2897 675 2964 rendo,
708 2884 898 2966 inquit,
931 2886 1090 2950 didici
1126 2884 1279 2966 hujus
1320 2888 1488 2965 aperis
1531 2890 1697 2946 adhuc
1736 2894 1957 2963 quatuor
1995 2906 2086 2944 su-

499 3004 699 3060 peresse
745 2988 1100 3060 manuscripta
1149 2985 1501 3058 exemmaria,
1545 3000 1726 3056 nempe
1766 2976 1866 3038 duo
1908 2974 2090 3038 Romte

2184 1961 2291 2036 logi
2319 1978 2352 2017 a
2378 1978 2435 2017 se
2461 1963 2750 2037 recognitos
2784 1960 2911 2036 ipsis
2940 1962 3164 2022 edendos
3206 1963 3474 2039 offerebat,
3516 1987 3585 2026 ea:
3624 1964 3787 2028 Coru-

2184 2050 2451 2111 menlan‘is
2473 2052 2637 2129 ipsius
2660 2052 2886 2113 Senatus
2915 2077 2965 2113 a.
3000 2054 3138 2115 1595
3165 2058 3506 2135 desumptam.

2260 2140 2351 2204 Sic
2386 2140 2706 2204 elaboratum
2742 2142 2886 2222 Opus
2916 2146 3147 2223 pellexit,
3180 2150 3369 2224 inquit,
3399 2148 3475 2208 ad
3494 2152 3789 2210 inscriben-

2186 2236 2311 2296 dum
2333 2256 2352 2294 :
2375 2236 2666 2297 Sermones
2693 2240 2926 2297 maxima
2949 2256 3016 2298 ex
3044 2252 3199 2316 parte
3227 2238 3499 2314 illustrati,
3531 2242 3673 2321 quod
3691 2265 3787 2303 eo-

2185 2352 2302 2390 rum
2332 2330 2514 2404 codex,
2551 2326 2785 2410 Vitaaque
2811 2330 2971 2391 index
2997 2354 3026 2391 e
3045 2332 3266 2394 tenebris
3294 2348 3491 2407 erutus,
3524 2348 3578 2395 et
3611 2358 3642 2395 a
3669 2359 3791 2397 sor-

2188 2422 2338 2483 dibus
2366 2422 2655 2483 vindicatus
2679 2422 2846 2503 magis
2882 2445 3036 2503 quam
3070 2439 3224 2485 antea
3256 2432 3325 2487 sit
3354 2428 3635 2505 legentibus
3663 2451 3790 2488 enu-

2188 2518 2384 2576 cleatas
2418 2538 2481 2575 ac
2509 2518 2833 2587 declaratus;
2872 2520 3040 2579 nitore
3078 2523 3290 2596 insuper
3330 2533 3483 2598 atque
3507 2518 3791 2598 splendore

2188 2616 2343 2691 longe
2368 2612 2601 2671 omnibus
2631 2612 3008 2688 exemplaribus
3036 2612 3133 2672 hac
3161 2634 3319 2690 opera
3338 2626 3568 2691 pra’stet.
3596 2612 3661 2672 In
3683 2637 3788 2694 quo

2190 2706 2456 2787 faciundo,
2488 2710 2681 2782 pergit,
2714 2727 2837 2784 quos
2863 2720 3113 2785 sumptus,
3146 2711 3348 2768 labores
3367 2722 3416 2769 et
3438 2708 3667 2786 pericula
3697 2730 3789 2768 su-

2192 2801 2391 2870 bierim,
2424 2818 2576 2875 quam
2604 2818 2746 2876 (egra
2767 2803 2955 2874 saepius
2981 2800 3277 2859 valetudine
3300 2812 3593 2883 prostratus
3605 2804 3792 2887 jacue-

2191 2892 2323 2960 rim;
2352 2909 2575 2967 quosque
2615 2888 2938 2949 adversarios
2978 2910 3040 2949 ac
3072 2890 3355 2950 desertores
3384 2892 3525 2951 domi
3554 2896 3790 2970 {orisque

2193 2987 2380 3063 fuerim
2406 3003 2695 3061 perpessus,
2730 2984 2828 3043 scit
2858 2978 2968 3062 ipse
2993 2987 3078 3063 qui
3110 2986 3317 3044 tandem
3344 3002 3373 3043 e
3393 2988 3517 3046 calo
3538 2990 3786 3062 protexit,

498 3099 683 3156 parum
711 3068 775 3135 ab
801 3069 1069 3155 impressis
1096 3072 1449 3151 discrepantia
1471 3094 1490 3132 :
1521 3076 1613 3132 sed
1645 3066 1829 3132 Urbini
1855 3074 2013 3130 unum
2033 3076 2092 3130 in
2195 3070 2541 3154 Chrysologus
2569 3090 2811 3146 sanctus;
2832 3080 3000 3135 sciunt
3019 3079 3167 3136 multi
3191 3080 3329 3137 docti
3349 3078 3654 3159 probatique
3671 3074 3787 3137 Pa—

506 3160 824 3241 Roveriana,
869 3166 1076 3229 Cesenw
1140 3164 1363 3227 alterum
1401 3166 1458 3224 in
1499 3160 1863 3227 Franciscana
1904 3160 2089 3223 biblio-
2196 3182 2317 3242 tres,
2348 3174 2435 3247 qui
2475 3190 2556 3229 me
2598 3174 2755 3228 etiam
2794 3172 2931 3229 inter
2970 3168 3127 3232 silvas
3169 3175 3240 3229 ad
3281 3177 3579 3231 animarum
3607 3192 3788 3232 curam

501 3265 664 3333 theca,
714 3280 828 3340 qua:
866 3266 999 3322 inter
1036 3280 1093 3320 se
1133 3258 1331 3319 cunctis
1371 3258 1501 3335 pene
1541 3258 1877 3326 conveniunt,
1921 3260 1976 3317 al
2031 3256 2088 3315 in
2115 3251 2161 3319 (ἶ
2194 3264 2347 3338 longe
2379 3284 2411 3319 a
2447 3262 2741 3337 sapientum
2774 3280 3049 3339 congressu
3089 3266 3415 3336 residentem,
3461 3260 3707 3325 librorum
3738 3279 3791 3325 et

499 3348 889 3430 quamplurimis
931 3374 965 3410 a
1003 3346 1222 3429 vulgatis
1264 3350 1586 3408 discordant.
1634 3340 1810 3416 Quare
1847 3352 1989 3408 aditu
2018 3350 2089 3406 ad

499 3450 851 3519 manuscripta
877 3449 962 3502 vix
988 3434 1268 3519 patefacto,
1302 3462 1365 3499 ea
1391 3444 1507 3516 ipsa
1533 3440 1724 3516 partim
1752 3460 1844 3517 per
1868 3436 2084 3515 amicos,

501 3541 691 3611 partim
717 3557 808 3612 per
836 3556 916 3596 me
940 3540 1108 3611 ipsum
1135 3536 1451 3609 pervolutavi
1480 3545 1529 3591 et
1556 3534 1788 3594 adhibito
1816 3530 1984 3592 sodali
2003 3553 2088 3591 se-

502 3632 601 3686 mel
628 3650 690 3686 ac
719 3650 752 3686 a
780 3616 946 3705 capite
972 3622 1238 3705 usquead
1278 3627 1471 3683 calcem
1500 3640 1617 3683 cum
1654 3627 1937 3701 exemplari
1977 3630 2089 3700 pri-

502 3743 639 3781 mum
665 3725 911 3782 Bononia:
936 3726 1188 3797 impresso
1217 3718 1431 3790 contuli,
1462 3728 1615 3794 atque
1641 3728 1813 3776 errata
1841 3727 2092 3794 qua’cum-

501 3833 614 3888 que,
646 3824 702 3869 ut
742 3804 905 3883 licuit,
937 3808 1138 3869 calamo
1181 3812 1414 3877 correxi;
1457 3812 1725 3883 variasque
1752 3827 1844 3865 nec
1882 3806 2087 3866 inutiles

501 3909 744 3964 lectiones
779 3910 834 3962 in
872 3906 1108 3981 margine
1147 3900 1397 3979 ascripsi,
1429 3898 1720 3972 mendosis,
1752 3898 1931 3980 quibus
1960 3922 2084 3960 mss.

499 4003 800 4068 exuberant,
845 3994 1073 4072 rejectis,
1112 3996 1163 4055 et
1200 4001 1246 4055 si
1274 3986 1399 4073 quid
1437 4015 1503 4054 ea;
1541 3992 1645 4053 illis
1675 3996 1816 4055 omni
1850 4017 1915 4056 ea:
1941 4006 2091 4071 parte

500 4082 763 4149 emendari
791 4086 1043 4166 nequivit,
1087 4090 1262 4146 studui
1289 4086 1348 4146 id
1372 4083 1558 4146 menlis
1587 4091 1936 4163 speculatione
1961 4108 2087 4165 sup-

499 4186 665 4257 plere;
712 4185 913 4239 tametsi
954 4182 1049 4238 hoc
1089 4200 1212 4238 raro
1255 4180 1452 4255 factum
1493 4189 1588 4247 est,
1633 4178 1768 4255 quod
1806 4180 1914 4238 lucc
1952 4184 2088 4237 ratio

488 4262 738 4331 maximis
769 4268 1153 4347 di/fiéultalibus
1183 4276 1449 4331 obstructa
1487 4268 1685 4330 lubrica
1725 4276 1793 4329 sit
1820 4282 1869 4332 el
1897 4266 2082 4348 fallax.

500 4366 717 4422 Addidit
743 4367 941 4422 scholia
967 4367 1239 4421 ineruditis
1259 4367 1444 4421 saltem
1464 4367 1757 4439 profutura,
1777 4372 1866 4421 aut
1887 4367 2086 4422 littera-

500 4448 666 4512 torum
684 4463 879 4512 mentes
899 4447 1249 4525 stimulatum,
1266 4474 1364 4532 quo
1385 4450 1753 4530 pra'stantiora
1774 4460 2082 4515 scrutentur.

498 4542 637 4606 Sunt
662 4551 860 4622 partim
886 4549 1129 4614 moralia,
1147 4551 1342 4622 partim
1362 4562 1581 4608 sensum
1601 4544 1770 4609 fusius
1796 4552 2088 4626 quample-

2194 3356 2342 3413 bona
2369 3348 2680 3412 valetudinis
2702 3366 2960 3429 expertem
2988 3354 3204 3413 adversa
3238 3376 3398 3432 prope
3425 3360 3605 3415 omnia
3633 3376 3790 3433 supe-

2194 3456 2355 3515 rasse,
2390 3456 2439 3501 et
2473 3464 2600 3518 opus
2634 3447 2951 3521 propositum
2983 3442 3159 3525 aliqua
3192 3447 3397 3506 demum
3422 3468 3489 3506 ea:
3516 3460 3668 3523 parte
3693 3449 3790 3507 ab-

2192 3526 2403 3593 solvisse
2431 3538 2722 3605 mirantur;
2764 3537 2902 3610 quod
2940 3539 3109 3596 adhuc
3148 3538 3204 3593 in
3251 3540 3472 3598 tenebris
3519 3536 3790 3599 delitest

2194 3630 2293 3697 ret,
2328 3626 2431 3684 nisi
2469 3622 2679 3686 illorum
2718 3630 2921 3687 sincero
2952 3626 3152 3707 judicio
3198 3649 3336 3687 nunc
3375 3628 3526 3688 edere
3573 3632 3791 3707 fuissem

2194 3720 2503 3794 compulsus.
2544 3720 2826 3781 Postremo
2853 3721 2921 3783 de
2948 3723 3089 3797 style
3118 3736 3218 3783 suo
3252 3727 3663 3784 excusationem
3690 3727 3791 3784 ad-

2191 3804 2269 3869 dit
2291 3815 2646 3871 uecessariam
2668 3814 2853 3887 utique
2874 3826 2929 3873 et
2949 3833 3076 3874 vere
3093 3812 3340 3875 facetam.
3358 3816 3449 3875 Ait
3469 3816 3613 3877 enim
3628 3819 3791 3893 juxta

2191 3903 2413 3962 Seneca
2439 3907 2647 3963 monita
2692 3907 2748 3961 in
2794 3908 2900 3965 hoc
2927 3923 3093 3982 opere
3121 3908 3497 3980 componendo
3523 3911 3698 3981 magis
3723 3926 3790 3967 se

2190 3996 2503 4070 quaesitisse
2547 3992 2676 4070 quid
2731 4000 3019 4070 scriberet;
3062 3996 3220 4070 inde,
3269 4007 3327 4056 et
3371 4000 3500 4072 quia
3552 3996 3791 4060 aliorum

2190 4087 2486 4146 sententias
2506 4086 2746 4145 referens
2765 4090 2997 4161 propriis
3014 4084 3193 4148 verbis
3208 4088 3641 4151 transcribendas
3661 4105 3791 4149 cen-

2190 4174 2405 4250 suisset,
2437 4197 2660 4239 necesse
2679 4180 2843 4243 fuisse
2870 4188 2928 4238 ut
2948 4182 3118 4257 stylus
3144 4183 3435 4241 multorum
3462 4189 3519 4240 et
3545 4194 3615 4239 ex
3639 4183 3789 4241 mul-

2190 4276 2260 4332 tis
2286 4274 2541 4335 constans
2569 4292 2679 4335 non
2710 4272 2850 4337 idem
2878 4293 3093 4351 semper
3118 4272 3425 4337 haberetur.
3458 4270 3614 4347 Quod
3631 4278 3682 4334 si
3702 4282 3791 4334 ta-

2190 4378 2316 4423 men
2343 4373 2454 4422 tam
2480 4367 2535 4425 in
2564 4369 2937 4442 Componendo
2962 4384 3124 4440 quam
3146 4364 3200 4427 in
3221 4367 3630 4427 transcribendo
3647 4371 3792 4426 mul-

2190 4454 2245 4514 ta
2275 4454 2626 4527 excidissent,
2675 4475 2794 4532 quae
2820 4458 2907 4518 Vel
2948 4461 3257 4530 oscitanter,
3299 4462 3387 4519 vel
3431 4462 3609 4519 minus
3655 4470 3790 4536 apte

2190 4544 2366 4620 posita
2396 4556 2605 4617 essent,
2648 4550 2753 4607 hoc
2789 4544 2884 4607 Del
2913 4552 3176 4622 permissu
3207 4550 3406 4609 factum
3434 4546 3671 4608 lectores
3699 4564 3793 4607 ar-

498 4656 727 4714 rumque
768 4658 905 4714 opus
934 4640 1069 4704 erat.
1114 4642 1402 4711 illustrant,
1444 4660 1567 4700 raro
1610 4640 1679 4700 ad
1716 4640 1967 4716 dogmata
1997 4654 2087 4701 aut,
2109 4639 2167 4704 Β
2191 4632 2380 4695 bitrari
2404 4639 2578 4710 jubet,
2603 4648 2662 4696 ut
2689 4639 2905 4697 tandem
2939 4636 3122 4698 Sciant
3146 4651 3317 4715 gentes
3346 4640 3589 4717 quoniam
3609 4642 3788 4697 homi-

497 4735 751 4794 historias
778 4736 1075 4801 descendit,
1108 4744 1164 4791 et
1191 4744 1305 4791 tum
1334 4736 1448 4793 fere
1490 4726 1704 4793 Scholia
1745 4740 1801 4795 et
1842 4737 2088 4796 Notatio-

498 4834 607 4896 nes,
639 4822 726 4884 vel
757 4818 1151 4883 Observationes
1180 4824 1477 4905 inscripsit;
1517 4830 1791 4887 rarissime
1818 4828 1886 4886 de
1914 4833 2090 4890 varie-

498 4920 611 4978 tate
632 4928 724 4975 aut
744 4909 1118 4975 emendatione
1138 4912 1386 4975 lectionis
1406 4918 1660 4991 disputat.
1693 4912 1937 4977 Confecil
1951 4926 2087 4990 pne-

498 5022 647 5071 terea
674 5013 870 5068 indices
898 5012 1061 5079 duos,
1092 5012 1318 5068 alterum
1348 5013 1725 5087 alphabeticum'
1754 5006 2083 5083 Seianianum,

499 5106 553 5164 in
583 5123 690 5178 quo
719 5108 901 5162 tamen
928 5121 1036 5161 non
1063 5100 1173 5161 tam
1200 5104 1394 5175 singuli
1423 5110 1719 5172 sermones,
1742 5112 1903 5177 quam
1932 5114 2091 5165 mate-

498 5205 594 5258 riw
619 5196 674 5256 in
702 5196 925 5275 quolibet
957 5214 1206 5255 sermone
1233 5200 1491 5270 primario
1529 5195 1761 5255 exarata
1800 5202 2089 5255 recensen-

499 5302 607 5360 tur,
639 5292 864 5349 alterum
892 5308 1065 5348 rerum
1091 5290 1141 5346 el
1166 5290 1435 5346 verborum
1463 5278 1785 5347 notabilium.
1804 5280 1941 5347 Hinc
1956 5296 2087 5348 vero

502 5372 786 5440 elenchum
823 5378 983 5454 juxta
1018 5374 1184 5438 ritum
1222 5370 1655 5451 Evangelio'rum,
1688 5388 1807 5452 quae
1847 5382 1901 5437 in
1930 5386 2086 5438 sacro

501 5488 602 5546 pro
631 5470 875 5544 tempore
901 5474 1173 5544 leguntur,
1206 5466 1261 5528 i'n
1289 5466 1661 5545 superioribus
1694 5473 1763 5527 ad
1796 5472 2089 5528 concinna-

503 5564 682 5622 torum
710 5574 866 5621 usum
891 5560 1213 5641 plerumque
1252 5556 1375 5622 addi
1402 5560 1618 5621 solitum
1651 5558 1799 5621 velut
1826 5572 2084 5635 superva-

504 5674 732 5713 caneum
760 5646 958 5713 omisit.
989 5646 1229 5715 Tandem
1250 5666 1305 5714 et
1340 5648 1511 5715 Vitam
1534 5644 1677 5712 Petri
1700 5650 2001 5730 Chrysotogl
2022 5672 2086 5714 ex

504 5744 664 5846 ipsius
692 5742 935 5846 ltpt'niliis,
985 5750 1033 5805 el
1073 5754 1226 5807 uariis
1254 5752 1561 5825 scriptarum
1588 5752 1949 5820 monumentis,
1981 5760 2085 5807 tum

507 5833 782 5907 immessis,
817 5849 921 5896 tum
948 5836 1313 5913 manuscriptis
1342 5848 1581 5899 acciti-ate
1600 5840 1960 5916 conquistlam,
1978 5848 2086 5896 tta-

2192 4749 2283 4787 nes
2305 4738 2426 4787 sunt
2453 4730 2767 4805 (secundum
2796 4728 2988 4804 psalm.
3010 4733 3108 4805 rx).
3132 4728 3469 4803 Noncupavit
3488 4730 3788 4789 editionem

2193 4834 2348 4879 suam
2377 4823 2717 4881 Ferdinando
2747 4822 2954 4881 Mlllin‘o
2978 4814 3033 4881 S.
3066 4820 3345 4883 lmolensis
3375 4816 3630 4884 Ecclesia?
3670 4829 3791 4899 epi-

2194 4926 2362 4989 seopo
2402 4924 2459 4976 et
2498 4912 2793 4975 Balnearia
2842 4914 3045 4989 comiti,
3107 4928 3192 4993 ep.
3247 4916 3300 4974 ά.
3349 4937 3415 4978 ex
3470 4919 3580 4979 ade
3623 4937 3790 4979 sacra

2190 5002 2449 5157 {arma
2504 5008 2565 5066 S.
2617 5006 2830 5082 Agnetis
2878 5004 3194 5087 Ugutionel‘li
3231 5028 3248 5068 .'
3296 5030 3352 5067 v.
3407 5002 3529 5066 Kal.
3585 5010 3790 5084 Aprilis

2231 5143 2243 5157 .
2278 5110 2329 5157 α.

2231 5110 2329 5157 .d.

2264 5182 2421 5248 1644.
2454 5191 2698 5262 Parisiis,
2722 5210 2788 5250 ea:
2817 5188 3038 5268 Typogr.
3068 5184 3261 5269 Regia;
3290 5188 3461 5271 in-fol.
3489 5182 3635 5252 Petri
3662 5184 3781 5253 Ra-

2189 5286 2439 5341 vennatis
2466 5284 2706 5357 Epistola
2735 5287 2801 5342 ad
2829 5285 3146 5360 Eutychem,
3177 5280 3269 5343 Gr.
3302 5284 3455 5355 Lat.;
3486 5282 3541 5349 in
3573 5280 3781 5346 Concil.

2192 5372 2323 5435 Coll.
2359 5378 2544 5452 Regia.
2576 5372 2747 5436 'l‘omo
2775 5370 2906 5448 Vill,
2931 5398 2984 5452 p.
3018 5377 3103 5434 41.

2264 5473 2421 5528 1661.
2454 5473 2712 5542 Parisiis,
2760 5474 2899 5549 apud
2940 5472 3237 5533 Simeonem
3277 5466 3457 5551 Piget;
3498 5473 3674 5550 in-fol.
3715 5471 3781 5530 S.

2190 5556 2339 5647 Petri
2378 5556 2789 5640 Chrysologi....
2852 5584 3049 5641 opera;
3107 5564 3162 5627 in
3221 5560 3449 5645 Theoph.
3497 5562 3787 5647 Regnandi

2193 5644 2433 5730 Heptade
2461 5650 2516 5712 Ι).
2550 5664 2599 5712 a.
2626 5664 2681 5714 et
2699 5656 2736 5714 1.
2769 5674 2979 5717 recusa.

2265 5740 2419 5802 l66‘2.
2452 5744 2694 5817 Parisiis,
2715 5754 2905 5824 sumpt.
2930 5753 3053 5810 Ant.
3080 5744 3311 5822 Bertier;
3340 5748 3522 5831 in-fol.
3547 5742 3604 5811 S.
3629 5744 3783 5810 Petri

2188 5832 2509 5915 Cbrysolog‘i
2537 5832 2825 5900 Sermones
2845 5844 2978 5899 varii
3003 5841 3155 5916 juxta
3178 5847 3303 5911 anni
3333 5844 3497 5903 totius
3527 5836 3782 5919 Evange-
