3964 6350
545 408 582 436 ι

455 353 562 409 37,
871 328 906 376 3'
1009 328 1018 338 ’
1282 349 1346 404 IN
1386 347 1444 404 s.
1489 343 1774 401 rsrnuu
1814 335 2330 396 cnnrsowcun
2372 337 2906 397 rnonsconem.
3665 338 3740 404 ss

456 463 755 522 catholicus
779 482 792 516 :
824 465 984 520 tertia
1004 462 1236 532 denique
1249 477 1313 517 ea
1343 469 1444 528 est,
1461 474 1582 530 qua:
1609 459 1664 513 in
1693 457 1863 528 prima
1885 462 2038 525 parte
2065 461 2119 514 Α
2142 451 2322 506 latiori
2345 467 2596 508 sermone
2624 455 2738 527 (nec
2773 456 2909 508 enim
2939 456 3283 526 periculosum
3309 466 3420 525 eu,
3451 473 3520 513 ηε
3548 459 3622 514 sic
3649 459 3739 516 ηδ..

457 554 719 611 Actorum
744 553 1201 611 Chalcedonensis
1233 552 1450 608 concilii
1479 551 1678 620 legitur
1705 564 1828 604 cum
1856 546 2042 606 Graeca

455 649 726 706 versione.
773 647 952 703 Prima
993 648 1158 703 editio
1199 647 1432 717 primum
1473 642 1846 700 tantummodo
1885 649 2045 713 caput

452 743 718 808 continet,
745 741 976 796 alterum
1004 741 1272 809 integrum
1309 737 1581 793 desiderat
1616 755 1629 790 :
1671 735 1891 804 reliquae
1928 733 2046 789 duae

455 843 747 903 utrumque
775 841 938 904 caput
965 832 1399 903 complectuntur
1423 827 1521 902 (a).
1552 827 1706 884 Unde
1735 828 1838 882 ista
1865 826 2044 882 diver-

455 927 590 981 sitas
611 924 846 991 ﬂuxerit,
892 932 1042 980 certo
1085 939 1328 978 asserere
1358 938 1466 977 non
1507 920 1678 976 ausim
1711 939 1723 973 :
1755 918 2047 974 verisimile

454 1024 642 1071 tamen
681 1023 782 1080 est,
807 1015 894 1070 vel
936 1015 1200 1069 editorem
1229 1013 1378 1068 illum
1419 1011 1670 1068 incidisse
1711 1011 1765 1066 in
1801 1009 2047 1064 mutilum

459 1107 722 1172 codicem,
754 1109 842 1162 vel
870 1107 1045 1177 ipsum
1066 1106 1308 1162 codicem
1338 1106 1406 1160 ab
1447 1096 1655 1160 editore
1685 1101 1848 1158 fuisse
1888 1102 2049 1156 muti-

459 1200 648 1256 latum.
682 1221 700 1252 ›
735 1200 961 1270 lnquirit
981 1216 1144 1271 porro
1171 1215 1294 1268 quae
1312 1197 1666 1253 mutilationis
1695 1196 1846 1251 istius
1873 1209 2050 1250 causae

459 1308 582 1348 esse
609 1293 902 1364 potuerint,
935 1300 992 1348 et
1018 1308 1085 1347 an
1116 1293 1326 1362 integra
1354 1292 1518 1347 etiam
1546 1305 1646 1360 pro
1675 1288 1908 1358 genuino
1937 1288 2052 1358 epi-

459 1389 612 1458 scopi
647 1387 1018 1442 Ravcnnensis
1058 1387 1170 1442 fetu
1198 1386 1383 1440 haberi
1412 1384 1598 1455 possit.
1633 1381 1788 1450 Quod
1835 1381 2051 1450 quidem

460 1480 677 1543 asserit,
711 1486 765 1533 et
793 1479 988 1534 deinde
1035 1479 1114 1534 sic
1143 1478 1318 1548 pergit
1351 1495 1363 1530 :
1403 1497 1422 1528 ι
1460 1474 1613 1532 Unde
1641 1489 1750 1544 quo
1789 1472 1932 1529 facto
1959 1472 2054 1528 de—

462 1577 677 1626 curtata
719 1569 984 1625 habeatur
1012 1570 1067 1624 in
1095 1569 1328 1638 vulgatis
1357 1567 1530 1623 sancti
1573 1566 1769 1621 Leonis
1797 1563 2050 1620 editioni-

462 1659 584 1728 bus,
617 1678 727 1717 non
756 1677 1033 1731 assequor.
1052 1661 1310 1717 Codicem
1331 1660 1550 1730 quidem
1579 1657 1898 1713 Thuaneum
1911 1671 2055 1712 com-

464 1762 790 1819 memorant,
817 1769 884 1808 ex
913 1769 1022 1823 quo
1063 1753 1382 1823 deprompta
1420 1750 1583 1806 fuerit
1614 1750 1681 1805 ab
1712 1749 1939 1804 editore.
1970 1746 2052 1804 An

2146 546 2304 598 mium
2322 587 2336 612 ,
2361 545 2498 619 quod
2524 563 2635 602 esse
2664 549 2950 602 maximum
2977 547 3154 614 debet,
3195 550 3378 620 junior
3411 550 3587 605 aiebat
3617 547 3739 606 Pli—

2145 640 2295 711 nius)
2326 640 2576 696 inchoavi
2597 651 2648 695 et
2675 643 2858 714 viginti
2879 641 3006 697 duos
3035 659 3295 698 sermones
3313 684 3327 710 ,
3351 661 3461 698 una
3481 660 3600 699 cum
3622 645 3738 716 ejus

2145 734 2364 805 epistola
2392 734 2463 789 ad
2489 733 2826 807 Eutychetem
2848 737 3162 804 htereticum,
3187 757 3312 810 quos
3341 739 3612 812 complevi,
3643 757 3740 795 ex-

2147 824 2313 881 hibeo.
2350 826 2458 882 Sed
2485 827 2614 899 proh
2643 826 2827 883 dolor!
2853 829 3176 901 ophthalmia
3205 831 3417 902 prolixe
3446 831 3740 887 admodum

2147 915 2346 972 lumina
2379 921 2560 984 torsit;
2590 929 2640 974 et
2666 919 2803 994 quod
2831 922 3001 990 magis
3027 933 3133 988 est,
3177 939 3372 979 novem
3401 933 3456 978 et
3487 923 3610 994 plus
3637 939 3741 978 an-

2149 1013 2250 1080 nis,
2285 1013 2582 1085 lippientem
2620 1033 2701 1070 me
2729 1017 2866 1072 limis
2903 1018 3064 1074 oculis
3094 1021 3304 1091 fortuna
3331 1023 3624 1092 prospexit,
3657 1039 3745 1076 rb

2151 1101 2360 1156 trahens
2399 1103 2606 1170 invida,
2651 1121 2757 1175 qua
2784 1106 3054 1163 laboriosa
3082 1123 3112 1162 a
3139 1125 3339 1180 penso,
3384 1110 3624 1166 laborare
3650 1128 3746 1164 cu—

2148 1197 2390 1267 pientem.
2431 1197 2639 1253 Pluries
2668 1202 2849 1272 repetii
2885 1218 3000 1256 cum
3033 1201 3266 1274 Diogene
3302 1203 3528 1277 Cynico:
3559 1204 3742 1279 Euge,

2152 1306 2182 1342 ο
2203 1291 2434 1360 fortuna,
2465 1291 2603 1363 quod
2630 1293 2846 1348 viriliter
2880 1309 2961 1348 me
2985 1297 3256 1350 tractasti!
3280 1295 3369 1350 Me
3395 1308 3743 1369 peccatorem,

2151 1397 2232 1434 me
2251 1381 2536 1448 scelestum,
2567 1383 2790 1454 ﬂagellis
2821 1384 3022 1457 felicem
3048 1383 3191 1440 Deus
3223 1385 3322 1459 0p.
3346 1387 3458 1442 Ma.
3495 1391 3636 1462 fecit,
3670 1399 3750 1445 te-

2154 1475 2266 1526 nuit
2304 1491 2386 1528 me
2417 1490 2617 1545 semper
2662 1475 3057 1548 idiographum,
3103 1494 3218 1533 cum
3261 1496 3577 1537 amanuense
3619 1498 3752 1537 nus-

2153 1582 2326 1637 quam,
2353 1565 2656 1623 bibliotheca
2686 1570 2924 1626 orbatum
2951 1580 3004 1624 et
3023 1571 3154 1626 cella
3185 1574 3292 1644 fere
3317 1574 3561 1629 exsulem.
3595 1574 3750 1630 Idem

2153 1672 2372 1728 quoque
2413 1666 2660 1728 testatur,
2707 1676 2765 1717 se
2813 1665 3058 1735 quasisse
3107 1667 3276 1736 magis
3315 1667 3439 1739 quid
3477 1666 3750 1734 scriberet,

2155 1769 2310 1825 quam
2337 1755 2788 1826 quemadmodum,
2813 1773 2918 1812 non
2941 1774 3150 1813 curasse
3175 1777 3230 1813 se
3249 1759 3544 1825 sollicitam,
3569 1778 3754 1833 comp-

464 1849 571 1904 hoc
611 1850 685 1903 ita
727 1849 814 1915 sit,
861 1849 1062 1904 nescio.
1107 1847 1224 1903 Hoc
1255 1848 1388 1913 scio,
1427 1846 1644 1901 unicum
1690 1844 1742 1898 in
1789 1841 2050 1912 Catalogo
2079 1846 2127 1908 Β
2157 1852 2262 1898 tam
2293 1846 2698 1920 perpolitamque
2726 1849 3046 1916 orationem,
3076 1850 3170 1904 sed
3203 1851 3465 1905 remissius
3493 1851 3634 1924 loqui
3661 1869 3757 1907 ro-

465 1941 810 1998 Tuaneorum
838 1958 965 1996 mss.
999 1942 1240 1998 codicem
1269 1956 1300 1994 a
1329 1955 1417 1996 me
1456 1947 1751 2010 repertum,
1795 1937 1887 2006 qui
1927 1935 2054 2007 Epi-

465 2037 663 2091 stolam
702 2037 877 2091 sancti
912 2034 1059 2090 Petri
1104 2034 1424 2107 Cbrysologi
1465 2034 1760 2097 contineat,
1786 2048 1907 2087 cum
1937 2031 2056 2086 aliis

464 2129 741 2184 nonnullis
775 2129 840 2184 ad
881 2128 1145 2199 synodum
1186 2126 1684 2182 Chalcedonensem
1733 2124 2053 2195 pertinenti-

467 2221 569 2276 bus
601 2240 614 2273 :
638 2222 692 2274 in
715 2221 822 2276 hoc
849 2235 979 2274 vero
1017 2219 1203 2275 codice
1233 2220 1496 2288 integram
1522 2217 1708 2272 haberi
1739 2215 2052 2286 Epistolam.

468 2311 569 2368 Cui
599 2315 644 2368 si
671 2329 800 2369 mss.
835 2312 1130 2367 Vaticanos
1157 2321 1213 2366 et
1240 2311 1386 2366 card.
1421 2308 1605 2365 Sirleti
1633 2307 1880 2373 codices,
1915 2307 2056 2361 anti-

469 2422 712 2477 quasque
741 2422 806 2461 ac
831 2404 1162 2460 recentiores
1190 2403 1408 2457 Baronii
1437 2411 1492 2456 et
1537 2399 1904 2456 Conciliorum
1946 2397 2058 2452 edi-

470 2500 647 2555 tiones
669 2498 993 2568 adjunxeris,
1016 2498 1105 2550 vix
1132 2503 1302 2551 restat
1328 2493 1608 2550 dubitandi
1627 2493 1797 2556 locus,
1823 2491 1952 2560 quin
1973 2491 2062 2546 vel

469 2593 526 2646 in
557 2590 780 2646 editoris
821 2589 981 2654 illius,
1014 2589 1060 2643 si
1104 2604 1209 2642 non
1240 2587 1436 2640 malam
1465 2583 1644 2650 ﬁdem,
1681 2583 1874 2637 saltem
1915 2581 2058 2636 osci-

467 2683 716 2749 tantiam,
748 2683 835 2737 vel
859 2683 912 2736 in
939 2680 1156 2736 Codicis
1169 2681 1357 2734 vitium
1386 2675 1718 2732 refundenda
1755 2675 1824 2729 sit
1845 2673 2061 2743 Episto-

471 2773 538 2828 lae
565 2773 867 2828 diminutio.
903 2792 921 2824 ›
959 2771 1176 2826 Utinam
1195 2785 1326 2824 vero
1356 2767 1647 2834 Quesnello
1677 2765 1916 2820 indicare
1941 2765 2061 2835 pla-

469 2866 671 2919 cuisset
699 2864 992 2919 editionum
1029 2861 1225 2916 Leonis
1266 2859 1335 2913 Μ.
1385 2859 1572 2914 folium
1612 2857 1963 2928 paginamve,
2009 2858 2063 2911 in

471 2970 578 3025 qua
619 2953 765 3010 Petri
806 2956 921 3009 hrec
962 2954 1192 3023 epistola
1237 2958 1431 3016 exstet,
1467 2965 1630 3019 quam
1679 2965 1710 3002 a
1757 2965 1816 3004 se
1869 2949 2064 3004 lectam

471 3046 635 3101 fuisse
658 3054 770 3100 tam
793 3046 991 3101 diserte
1019 3042 1301 3113 signiﬁcat.

529 3139 684 3192 1676.
705 3138 968 3210 Lugduni,
981 3136 1224 3207 sumptib.
1244 3134 1393 3188 FFr.
1412 3135 1804 3188 Anissoniorum
1827 3143 1876 3187 et
1900 3132 2059 3187 Joan.

2159 1935 2331 2003 luisse,
2381 1947 2438 1990 ut
2482 1939 2774 2011 loqueretur
2817 1942 3066 1996 securius.
3112 1940 3292 1996 Unum
3338 1942 3484 2012 quod
3529 1943 3583 1999 in
3632 1951 3758 1999 toto

2157 2045 2323 2099 opere
2365 2047 2474 2086 non
2513 2046 2737 2102 prorsus
2779 2032 3021 2103 ineptum
3059 2031 3300 2102 iudices,
3331 2042 3418 2088 est
3453 2033 3573 2088 Vita
3601 2032 3758 2088 Petri

2159 2119 2484 2194 Chrysologi,
2515 2123 2570 2176 in
2597 2137 2704 2192 qua
2737 2121 2950 2194 Scripta
2977 2124 3139 2179 etiam
3169 2125 3541 2196 editionesque
3557 2141 3760 2182 eorum

2159 2214 2389 2283 attingit.
2433 2214 2812 2286 Nuncupatum
2841 2225 2926 2272 est
2951 2217 3112 2272 Petro
3142 2216 3382 2290 Principi
3405 2217 3759 2275 Portocarero

2161 2305 2327 2361 Folch
2368 2307 2430 2361 de
2475 2309 2714 2380 Arragon
2762 2320 2810 2364 et
2849 2309 3087 2365 Corduba
3109 2352 3124 2376 ,
3158 2318 3262 2366 etc.
3284 2351 3300 2376 ,
3350 2311 3581 2382 epistola
3631 2325 3760 2380 qua}

2161 2399 2410 2453 omnibus
2449 2400 2650 2468 ingenii
2679 2403 2918 2457 auctoris
2946 2403 3030 2457 sui
3059 2403 3354 2458 luminibus
3382 2402 3576 2458 radiat.

2235 2489 2391 2544 1677.
2439 2490 2650 2557 Romae,
2681 2492 2925 2565 sumptib.
2963 2495 3142 2550 Pontii
3177 2493 3518 2560 Bemurdon;
3543 2496 3760 2566 iit-fat.

2164 2581 2340 2636 Latini
2369 2581 2566 2638 Latinii
2597 2584 2950 2640 Viterbiensis
2978 2585 3152 2640 Varia:
3173 2585 3458 2642 Lectiones
3483 2595 3540 2642 et
3558 2584 3764 2641 Obser-

2163 2674 2409 2728 vationes
2439 2675 2494 2727 in
2524 2672 2744 2730 Petrum
2763 2674 3192 2749 Clirysologmn;
3225 2678 3278 2732 in
3301 2677 3622 2732 Bibliotheca
3639 2676 3765 2746 ejus

2165 2765 2334 2821 Sacra
2362 2777 2412 2821 et
2433 2766 2691 2840 Profana,
2725 2780 2764 2823 t.
2797 2767 2838 2835 I,
2869 2783 3024 2839 pagg.
3051 2768 3304 2823 98-103.

2237 2856 2518 2914 Pertinent
2545 2861 2629 2914 hae
2658 2861 3094 2928 observationes,
3139 2877 3260 2932 qua:
3286 2862 3765 2918 commendatione

2165 2949 2269 3004 alia
2299 2959 2496 3020 praeter
2528 2953 2767 3007 auctoris
2796 2969 2992 3034 nomen
3024 2968 3135 3008 non
3163 2962 3356 3023 egent,
3403 2955 3469 3009 ad
3497 2953 3766 3010 smculum

2165 3046 2432 3114 superius.
2476 3043 2620 3100 Obiit
2649 3047 2791 3101 enim
2821 3047 3068 3103 Latinius
3089 3063 3139 3101 a.
3176 3045 3328 3102 1595.
3366 3047 3503 3104 Usus
3529 3057 3616 3104 est
3645 3048 3765 3103 edi-

2167 3136 2316 3190 tione
2338 3135 2626 3192 Parisiensi
2649 3153 2698 3191 a.
2727 3135 2882 3191 1574.

471 3230 735 3303 Poysnel;
771 3230 949 3302 in-fol.
1005 3229 1124 3283 Divi
1151 3227 1298 3283 Petri
1329 3225 1647 3298 Cbrysolggi
1674 3227 2063 3297 archiepiscopi
2091 3222 2138 3286 C
2242 3227 2398 3282 1677.
2443 3227 2718 3300 Lugduni,
2764 3229 2904 3300 apud
2936 3231 3273 3295 Anissonios;
3302 3230 3485 3302 in-fol.
3517 3228 3576 3283 S.
3609 3226 3767 3284 Petri

473 3321 804 3377 Ravennatis
837 3320 1124 3375 Sermones
1158 3320 1322 3374 Aurei
1353 3318 1422 3372 ad
1442 3316 1732 3387 Exemplar
1758 3317 2065 3387 Seraphicze

472 3413 696 3471 Cesenaa
709 3414 1046 3469 bibliothecae
1059 3413 1308 3478 correcti,
1325 3411 1544 3467 scholiis
1557 3427 1619 3467 ac
1633 3411 2068 3480 locupletissimis

472 3508 760 3563 moralium
801 3514 1159 3576 conceptuum
1193 3505 1454 3560 varietate
1493 3502 1907 3560 Commentariis
1946 3504 2067 3558 illu-

473 3599 650 3654 strati.
693 3597 845 3653 Nunc
885 3613 1075 3653 recens
1116 3597 1170 3650 in
1208 3597 1434 3665 gratiam
1470 3595 1636 3650 divini
1672 3597 1822 3651 verbi
1850 3597 2068 3652 concio-

473 3698 726 3746 natorum
745 3731 760 3756 ,
792 3688 974 3744 addita
1003 3687 1341 3743 Sanctissimi
1374 3687 1621 3742 Doctoris
1648 3687 1790 3754 Vita,
1828 3703 1930 3744 nec
1959 3705 2067 3744 non

474 3791 533 3836 et
554 3780 796 3850 ejusdem
817 3781 886 3835 ad
911 3779 1266 3852 Eutychetem
1290 3778 1529 3849 Epistola
1553 3777 1704 3833 Notis
1727 3781 1932 3849 pariter
1953 3781 2070 3836 elu-

477 3872 678 3938 cidata,
707 3872 979 3942 prodeunt
1008 3872 1062 3926 in
1084 3873 1259 3926 lucem
1281 3887 1446 3941 opera
1474 3878 1530 3926 et
1560 3870 1746 3926 labore
1777 3870 1842 3924 Β.
1875 3871 1941 3924 Ρ.
1966 3871 2062 3926 Fr.

479 3964 716 4020 MARTINI
754 3981 855 4018 om.
894 3962 1161 4019 CASTILLO
1185 3963 1462 4035 Burgensis
1494 3961 1760 4018 Minorin
1788 3963 1851 4018 de
1881 3961 2070 4018 Obser-

477 4059 689 4111 uantia:
720 4060 774 4111 in
806 4057 865 4112 S.
899 4055 1172 4128 Evangelii
1213 4054 1493 4110 Mexicuna
1534 4054 1810 4109 Prouincia
1839 4054 2069 4112 Lectoris

477 4147 730 4216 Jubilati,
770 4149 1064 4221 Theologia:
1105 4150 1290 4202 honor.
1323 4149 1472 4202 Alex.
1514 4146 1646 4201 VII.
1689 4146 1957 4218 Rescripta
1981 4148 2070 4202 de-

479 4243 647 4295 corati
681 4239 947 4312 Magistri.
995 4238 1135 4294 Olim
1173 4241 1228 4294 in
1268 4240 1449 4295 eadem
1502 4239 1783 4295 Prouincia
1837 4239 2072 4295 Ministri

482 4332 862 4387 Provincialis:
906 4343 954 4386 et
980 4335 1035 4386 in
1063 4350 1250 4405 magno
1287 4333 1346 4389 S.
1387 4333 1670 4388 Bonavent.
1702 4333 1932 4406 Collegia
1967 4333 2071 4389 Re—

477 4427 669 4490 ctoris,
701 4435 852 4496 atque
891 4424 1177 4479 studiorum
1223 4424 1483 4496 Regentis.
1526 4424 1769 4480 Accessit
1799 4425 1882 4479 his
1904 4425 2070 4480 Index

477 4515 818 4585 quadruplex
858 4533 870 4567 :
934 4515 973 4568 l.
1017 4516 1223 4571 scilicet
1272 4515 1628 4582 Sermonum;
1678 4515 1741 4569 II.
1801 4515 2070 4570 Locorum

481 4605 775 4675 Scriptura:
818 4623 1016 4672 sacrae;
1060 4607 1145 4661 Ill.
1191 4607 1604 4677 Evangeliorum
1653 4607 1718 4660 ad
1766 4603 2068 4660 Conciones

478 4711 579 4766 per
604 4696 848 4764 Annum;
879 4698 966 4753 IV.
999 4698 1198 4754 Rerum
1227 4699 1457 4769 denique
1486 4697 1819 4753 notabilium.

556 4789 737 4843 Bellus
770 4790 859 4844 hic
885 4788 1078 4844 artifex
1114 4806 1308 4845 novem
1336 4799 1390 4845 et
1417 4790 1564 4858 quod
1603 4787 1840 4843 excurrit
1877 4788 2067 4858 alpha-

479 4881 603 4936 beta
634 4885 1034 4939 commentariis
1054 4885 1164 4940 suis
1189 4886 1244 4939 in
1269 4883 1444 4937 XXII
1467 4882 1768 4954 Chrysologi
1793 4881 2068 4939 Sermones

477 4985 531 5028 et
557 4973 850 5047 Epistolam
877 4976 946 5030 ad
979 4961 1316 5048 Eutychetem
1344 4975 1604 5044 implevit.
1645 4973 1779 5028 Illud
1813 4990 1936 5029 cum
1973 4991 2066 5030 su-

477 5068 682 5139 periori
707 5069 916 5125 editore
940 5069 1222 5124 Dominico
1250 5067 1380 5122 Mita
1400 5081 1687 5122 commune
1714 5066 1896 5132 habet,
1921 5068 2067 5136 quod

479 5158 608 5215 licet
635 5161 824 5230 ingens
853 5161 1130 5216 titulorum
1163 5174 1341 5231 syrma
1370 5166 1494 5228 post
1530 5173 1727 5213 nomen
1755 5160 1954 5226 trahat,
1987 5168 2067 5214 ta-

479 5265 603 5305 men
632 5252 700 5307 de
721 5253 1004 5322 iniquitate
1026 5251 1255 5305 fortuna:
1283 5250 1650 5317 conqueritur,
1681 5266 1780 5306 nec
1804 5253 2067 5323 propitio-

478 5358 595 5399 rem
634 5344 826 5400 habuit
866 5343 1196 5399 Facundiam
1233 5342 1411 5397 deam.
1477 5361 1494 5392 ι
1536 5340 1778 5413 Apposui
1815 5346 1872 5398 in
1914 5344 2068 5400 corde

476 5452 622 5504 meo,
655 5435 861 5506 inquit,
891 5436 1152 5488 universos
1195 5431 1478 5488 CLXXVI
1512 5432 1790 5490 Sermones
1818 5434 1886 5490 Β.
1919 5435 2067 5490 Petri

477 5527 782 5600 Chrysologi
821 5527 950 5581 meis
989 5524 1253 5580 illustrare
1291 5528 1639 5582 commentis:
1680 5527 1876 5584 idcirco
1915 5529 2070 5585 brevi

475 5619 718 5674 omnium
730 5615 1003 5688 completo
1023 5615 1306 5686 marginali
1330 5617 1538 5674 scholio
1567 5618 1638 5673 ad
1665 5618 2070 5692 depromendum

475 5709 869 5780 rimandumque
908 5725 1116 5764 sensum
1153 5710 1266 5782 ejus
1309 5709 1700 5767 subtilissimum
1735 5731 1818 5768 me
1851 5716 2065 5782 contuli,

2169 3318 2488 3390 Chrysologi
2518 3319 2809 3375 Sermones
2840 3318 3166 3391 (CLXXVI)
3198 3329 3253 3375 et
3281 3320 3522 3391 Epistola
3555 3319 3620 3374 ad
3649 3319 3768 3375 Eu-

2171 3411 2364 3481 tychen
2406 3428 2528 3466 cum
2571 3413 2714 3466 nolis
2749 3409 2869 3466 Ger.
2926 3411 3126 3475 Vossii;
3171 3411 3225 3465 in
3259 3410 3408 3465 Max.
3457 3410 3591 3465 Bibl.
3635 3409 3760 3466 PP.

2171 3512 2319 3559 tomo
2351 3504 2459 3571 VII,
2492 3520 2648 3576 pagg.
2675 3504 2780 3559 803
2799 3535 2824 3545 -
2845 3504 2964 3559 979.

2242 3593 2398 3649 1679.
2443 3595 2674 3652 Colonia
2701 3596 3033 3668 Agrippina,
3077 3597 3218 3667 apud
3243 3596 3330 3651 Jo.
3365 3595 3610 3652 Carolnm
3641 3595 3774 3650 Mu-

2171 3688 2290 3742 nich
2319 3698 2369 3742 et
2392 3687 2606 3742 Petrum
2637 3686 2894 3754 Ketteler;
2924 3686 3134 3753 in—40;
3165 3688 3225 3742 D.
3262 3687 3406 3743 Petri
3439 3686 3772 3760 Chrysologi

2172 3779 2565 3849 archiepiscopi
2595 3778 2920 3834 Ravennatis
2948 3779 3048 3832 viri
3072 3779 3418 3833 eruditissimi
3447 3787 3610 3848 atque
3632 3795 3770 3834 san-

2172 3871 2396 3925 ctissimi
2437 3869 2728 3925 Sermones
2756 3871 2810 3924 in
2838 3868 3130 3939 Evangelia
3160 3870 3228 3924 de
3269 3870 3563 3925 Dominicis
3602 3878 3662 3925 et
3687 3869 3773 3925 fe-

2172 3961 2270 4016 stis
2300 3961 2508 4030 aliquot
2547 3960 2964 4015 solemnioribus
3006 3961 3173 4016 totius
3213 3962 3341 4015 anni
3370 3961 3609 4030 insignes
3638 3976 3773 4016 cum

2172 4056 2369 4126 triplici
2397 4054 2604 4120 indice,
2635 4053 3050 4122 Evangeliorum
3079 4063 3134 4108 et
3161 4053 3554 4123 Epistolarum,
3589 4051 3774 4108 Loco—

2172 4163 2293 4203 rum
2320 4145 2376 4202 S.
2421 4144 2715 4216 Scriptura:
2743 4161 3032 4214 rerumque
3071 4154 3126 4199 et
3171 4145 3460 4200 verborum
3500 4144 3555 4199 in
3583 4144 3773 4199 lucem

2175 4241 2322 4296 editi.
2369 4238 2748 4312 (Accesserunt
2775 4237 3065 4293 Sermones
3105 4237 3324 4292 Maximi
3365 4236 3773 4306 Taurinensis.)

2176 4331 2352 4388 Editio
2375 4334 2543 4404 prima
2570 4334 2626 4386 in
2649 4329 2929 4386 Cennania
2960 4330 3101 4404 (sic).

2246 4424 2561 4496 Typotheta:
2599 4424 2805 4479 incuria
2846 4439 3018 4478 annus
3057 4424 3108 4476 in
3151 4422 3310 4477 titulo
3351 4423 3660 4494 exscriptus
3687 4431 3776 4478 est

2173 4515 2506 4572 MDLXXIX.
2547 4515 2774 4572 Etiamsi
2799 4533 2931 4571 vero
2959 4517 3090 4571 satis
3117 4517 3260 4588 typis
3291 4524 3348 4570 et
3375 4524 3490 4570 tota
3517 4515 3775 4585 descrip-

2093 4605 2148 4667 D
2175 4609 2322 4665 tione
2368 4607 2622 4664 saeculum
2667 4624 2727 4664 se
2756 4608 3046 4678 proderet,
3082 4624 3191 4663 non
3233 4617 3413 4662 tamen
3452 4623 3579 4663 meo
3609 4609 3777 4662 unius

2173 4700 2398 4757 arbitrio
2425 4708 2664 4756 statuere
2684 4716 2847 4756 ausus
2877 4716 3025 4766 sum,
3057 4709 3348 4769 antequam
3377 4699 3598 4754 aliunde
3635 4702 3776 4756 mihi

2174 4795 2277 4850 hac
2305 4794 2373 4851 de
2399 4811 2461 4850 re
2489 4802 2785 4850 constaret.
2820 4791 2924 4846 Sed
2957 4792 3066 4850 iam
3095 4803 3276 4847 certus
3304 4808 3423 4847 sunt
3451 4799 3508 4846 et
3537 4792 3776 4850 lectores

2173 4887 2410 4942 monitos
2435 4886 2594 4953 volo,
2643 4892 2703 4940 ut
2742 4883 2958 4939 Maximi
3000 4883 3349 4938 Taurinensis
3390 4883 3690 4940 editionem
3720 4902 3771 4939 a.

2175 4975 2332 5044 1579,
2365 4977 2434 5032 ad
2459 4991 2691 5046 sequens
2712 4975 2965 5030 szccultnn
2996 4976 3378 5030 transcribant.
3398 4975 3457 5029 In
3477 4972 3600 5030 Cat.
3629 4976 3772 5030 Bibl.

2175 5070 2308 5138 Reg.
2334 5069 2506 5124 Paris.
2539 5068 2791 5124 laudatur
2818 5068 2934 5124 haec
2961 5069 3127 5123 editio
3157 5069 3284 5123 anni
3314 5067 3473 5122 1678.

2246 5159 2402 5214 168.1.
2444 5159 2690 5225 Parisiis,
2728 5157 2867 5231 apud
2893 5157 3090 5212 Franc.
3127 5158 3374 5230 Muguet;
3404 5160 3585 5232 in-fol.
3623 5159 3777 5218 Petri

2171 5239 2490 5324 Chrysologi
2535 5250 2826 5306 Sermones
2871 5250 3016 5305 duo:
3065 5267 3198 5305 unus
3245 5250 3313 5306 de
3359 5265 3493 5320 pace
3541 5250 3598 5305 in
3639 5251 3777 5306 illud

2173 5344 2411 5400 Matthxi
2430 5361 2483 5411 v,
2502 5342 2704 5398 Felices
2733 5343 2962 5415 pacifici,
2987 5350 3092 5397 etc.
3127 5341 3317 5414 (LIII);
3349 5341 3483 5396 alter
3503 5342 3572 5397 de
3592 5342 3775 5396 Natali

2172 5434 2398 5491 Joannis
2439 5434 2724 5504 Baptistae;
2780 5434 2922 5488 inter
2974 5431 3429 5502 Augustinianos,
3475 5448 3619 5503 quos
3661 5433 3769 5489 Be-

2177 5527 2436 5584 nedictini
2461 5533 2811 5584 accreverunt
2841 5540 2940 5597 per
2965 5525 3311 5596 Appendicem
3341 5525 3477 5580 tomi
3504 5523 3570 5590 ν,
3597 5525 3775 5583 classe

2177 5621 2230 5690 1,
2263 5637 2408 5676 num.
2443 5619 2530 5688 61,
2555 5629 2612 5676 et
2637 5620 2809 5676 classe
2837 5619 2889 5684 5,
2915 5633 3062 5673 num.
3093 5615 3320 5673 CXCIX.

2249 5710 2406 5770 Prior
2425 5712 2553 5768 olim
2586 5712 2729 5768 inter
2769 5709 3060 5766 Sermones
3089 5709 3152 5763 de
3186 5707 3439 5780 Tempore
3466 5719 3587 5766 erat
3615 5727 3768 5766 num.

545 5821 626 5891 (α)
655 5819 909 5893 Adeoque
936 5837 1045 5879 non
1069 5832 1167 5878 tres
1205 5822 1299 5882 sed
1329 5824 1446 5881 duae
1474 5833 1682 5881 tantum
1710 5828 2057 5883 numerandae
2085 5825 2330 5894 fuissent,
2379 5834 2435 5881 ut
2463 5825 2665 5881 rectius
2686 5841 2718 5881 a
2745 5824 2991 5880 Fabricio
3023 5832 3078 5880 et
3108 5823 3414 5880 Balleriniis
3436 5822 3641 5884 factum
3663 5837 3767 5886 est.
