  <div class='ocr_page' id='page_1' title='image "/cluster/home/n/w/nwhite01/storage/ocr_20150623/52/hvd.32044015706419/048.png"; bbox 0 0 3964 6350; ppageno 0'>
   <div class='ocr_carea' id='block_1_1' title="bbox 195 366 3451 432">
    <p class='ocr_par' dir='ltr' id='par_1_1' title="bbox 195 366 3451 432">
     <span class='ocr_line' id='line_1_1' title="bbox 195 366 3451 432; baseline -0.002 0"><span class='ocrx_word' id='word_1_1' title='bbox 195 372 260 432; x_wconf 70' lang='grc' dir='ltr'><strong>ιο</strong></span> <span class='ocrx_word' id='word_1_2' title='bbox 572 371 1104 431; x_wconf 71' lang='grc' dir='ltr'><strong>εαιιωΝΕωΑΝΝι</strong></span> <span class='ocrx_word' id='word_1_3' title='bbox 1142 371 1419 430; x_wconf 79' lang='lat' dir='ltr'><strong>NOTITlA</strong></span> <span class='ocrx_word' id='word_1_4' title='bbox 1459 371 1524 427; x_wconf 83' lang='lat' dir='ltr'><strong>IN</strong></span> <span class='ocrx_word' id='word_1_5' title='bbox 1565 369 1795 427; x_wconf 82' lang='lat' dir='ltr'><strong>OMNES</strong></span> <span class='ocrx_word' id='word_1_6' title='bbox 1833 368 2196 427; x_wconf 80' lang='lat' dir='ltr'><strong>EDITIONES</strong></span> <span class='ocrx_word' id='word_1_7' title='bbox 2236 371 2296 427; x_wconf 89' lang='lat' dir='ltr'><strong>S.</strong></span> <span class='ocrx_word' id='word_1_8' title='bbox 2336 369 2540 428; x_wconf 77' lang='lat' dir='ltr'><strong>PETRI</strong></span> <span class='ocrx_word' id='word_1_9' title='bbox 2575 366 3029 428; x_wconf 71' lang='lat' dir='ltr'><strong>CHRYSOLOGI.</strong></span> <span class='ocrx_word' id='word_1_10' title='bbox 3377 367 3451 427; x_wconf 74' lang='lat'><strong>90</strong></span> 
     </span>
    </p>
   </div>
   <div class='ocr_carea' id='block_1_2' title="bbox 192 482 3451 559">
    <p class='ocr_par' dir='ltr' id='par_1_2' title="bbox 192 482 3451 559">
     <span class='ocr_line' id='line_1_2' title="bbox 192 482 3451 559; baseline -0.001 -15"><span class='ocrx_word' id='word_1_11' title='bbox 192 485 408 552; x_wconf 79' lang='lat' dir='ltr'><strong>CLXIX,</strong></span> <span class='ocrx_word' id='word_1_12' title='bbox 440 493 634 558; x_wconf 87' lang='lat' dir='ltr'><strong>postea</strong></span> <span class='ocrx_word' id='word_1_13' title='bbox 660 488 717 542; x_wconf 90' lang='lat' dir='ltr'><strong>in</strong></span> <span class='ocrx_word' id='word_1_14' title='bbox 735 486 874 558; x_wconf 80' lang='lat' dir='ltr'><strong>App.</strong></span> <span class='ocrx_word' id='word_1_15' title='bbox 907 485 1073 554; x_wconf 84' lang='lat' dir='ltr'><strong>LVII;</strong></span> <span class='ocrx_word' id='word_1_16' title='bbox 1102 487 1372 557; x_wconf 73' lang='lat' dir='ltr'><strong>posterior</strong></span> <span class='ocrx_word' id='word_1_17' title='bbox 1399 487 1540 541; x_wconf 86' lang='lat' dir='ltr'><strong>inter</strong></span> <span class='ocrx_word' id='word_1_18' title='bbox 1558 484 1772 540; x_wconf 89' lang='lat' dir='ltr'><strong>Sermo-</strong></span> <span class='ocrx_word' id='word_1_19' title='bbox 1793 490 1848 552; x_wconf 75' lang='grc' dir='ltr'>Α</span> <span class='ocrx_word' id='word_1_20' title='bbox 1869 485 2126 543; x_wconf 80' lang='lat' dir='ltr'><strong>Oratione</strong></span> <span class='ocrx_word' id='word_1_21' title='bbox 2173 488 2384 542; x_wconf 86' lang='lat' dir='ltr'><strong>Domini</strong></span> <span class='ocrx_word' id='word_1_22' title='bbox 2430 487 2742 559; x_wconf 87' lang='lat' dir='ltr'><strong>desumptos</strong></span> <span class='ocrx_word' id='word_1_23' title='bbox 2783 504 2850 542; x_wconf 88' lang='lat' dir='ltr'><strong>ex</strong></span> <span class='ocrx_word' id='word_1_24' title='bbox 2891 483 3138 541; x_wconf 90' lang='lat' dir='ltr'><strong>Dacherii</strong></span> <span class='ocrx_word' id='word_1_25' title='bbox 3158 482 3451 556; x_wconf 80' lang='lat' dir='ltr'><strong>Spicilegio</strong></span> 
     </span>
    </p>
   </div>
   <div class='ocr_carea' id='block_1_3' title="bbox 193 577 1768 653">
    <p class='ocr_par' dir='ltr' id='par_1_3' title="bbox 193 577 1768 653">
     <span class='ocr_line' id='line_1_3' title="bbox 193 577 1768 653; baseline -0.003 -14"><span class='ocrx_word' id='word_1_26' title='bbox 193 598 279 639; x_wconf 88' lang='lat' dir='ltr'><strong>nes</strong></span> <span class='ocrx_word' id='word_1_27' title='bbox 305 581 369 635; x_wconf 83' lang='lat' dir='ltr'><strong>de</strong></span> <span class='ocrx_word' id='word_1_28' title='bbox 404 578 619 636; x_wconf 79' lang='lat' dir='ltr'><strong>Sanctis</strong></span> <span class='ocrx_word' id='word_1_29' title='bbox 651 579 817 648; x_wconf 84' lang='lat' dir='ltr'><strong>XXII,</strong></span> <span class='ocrx_word' id='word_1_30' title='bbox 849 589 974 653; x_wconf 92' lang='lat' dir='ltr'><strong>post</strong></span> <span class='ocrx_word' id='word_1_31' title='bbox 1001 581 1055 636; x_wconf 88' lang='lat' dir='ltr'><strong>in</strong></span> <span class='ocrx_word' id='word_1_32' title='bbox 1086 579 1223 652; x_wconf 85' lang='lat' dir='ltr'><strong>App.</strong></span> <span class='ocrx_word' id='word_1_33' title='bbox 1248 577 1502 634; x_wconf 83' lang='lat' dir='ltr'><strong>LXXVII.</strong></span> <span class='ocrx_word' id='word_1_34' title='bbox 1542 578 1651 635; x_wconf 89' lang='lat' dir='ltr'><strong>Sed</strong></span> <span class='ocrx_word' id='word_1_35' title='bbox 1677 579 1768 635; x_wconf 87' lang='lat' dir='ltr'><strong>ille</strong></span> 
     </span>
    </p>
   </div>
   <div class='ocr_carea' id='block_1_4' title="bbox 193 671 1765 747">
    <p class='ocr_par' dir='ltr' id='par_1_4' title="bbox 193 671 1765 747">
     <span class='ocr_line' id='line_1_4' title="bbox 193 671 1765 747; baseline -0.001 -19"><span class='ocrx_word' id='word_1_36' title='bbox 193 673 376 747; x_wconf 77' lang='lat' dir='ltr'><strong>passim</strong></span> <span class='ocrx_word' id='word_1_37' title='bbox 418 673 777 746; x_wconf 88' lang='lat' dir='ltr'><strong>interpolatus</strong></span> <span class='ocrx_word' id='word_1_38' title='bbox 803 682 887 730; x_wconf 90' lang='lat' dir='ltr'><strong>est</strong></span> <span class='ocrx_word' id='word_1_39' title='bbox 917 681 973 730; x_wconf 92' lang='lat' dir='ltr'><strong>et</strong></span> <span class='ocrx_word' id='word_1_40' title='bbox 1007 673 1190 729; x_wconf 86' lang='lat' dir='ltr'><strong>multis</strong></span> <span class='ocrx_word' id='word_1_41' title='bbox 1217 671 1498 729; x_wconf 77' lang='lat' dir='ltr'><strong>sententiis</strong></span> <span class='ocrx_word' id='word_1_42' title='bbox 1537 671 1765 738; x_wconf 92' lang='lat' dir='ltr'><strong>auctior,</strong></span> 
     </span>
    </p>
   </div>
   <div class='ocr_carea' id='block_1_5' title="bbox 193 764 1769 837">
    <p class='ocr_par' dir='ltr' id='par_1_5' title="bbox 193 764 1769 837">
     <span class='ocr_line' id='line_1_5' title="bbox 193 764 1769 837; baseline -0.001 -16"><span class='ocrx_word' id='word_1_43' title='bbox 193 782 316 837; x_wconf 82' lang='lat' dir='ltr'><strong>quas</strong></span> <span class='ocrx_word' id='word_1_44' title='bbox 343 766 574 835; x_wconf 86' lang='lat' dir='ltr'><strong>proinde</strong></span> <span class='ocrx_word' id='word_1_45' title='bbox 604 765 832 821; x_wconf 81' lang='lat' dir='ltr'><strong>Maurini</strong></span> <span class='ocrx_word' id='word_1_46' title='bbox 873 766 1077 821; x_wconf 87' lang='lat' dir='ltr'><strong>ansulis</strong></span> <span class='ocrx_word' id='word_1_47' title='bbox 1119 774 1643 832; x_wconf 89' lang='lat' dir='ltr'><strong>commonstrarunt;</strong></span> <span class='ocrx_word' id='word_1_48' title='bbox 1681 764 1769 820; x_wconf 89' lang='lat' dir='ltr'><strong>hic</strong></span> 
     </span>
    </p>
   </div>
   <div class='ocr_carea' id='block_1_6' title="bbox 193 857 1767 929">
    <p class='ocr_par' dir='ltr' id='par_1_6' title="bbox 193 857 1767 929">
     <span class='ocr_line' id='line_1_6' title="bbox 193 857 1767 929; baseline 0 -17"><span class='ocrx_word' id='word_1_49' title='bbox 193 859 253 912; x_wconf 84' lang='lat' dir='ltr'><strong>ab</strong></span> <span class='ocrx_word' id='word_1_50' title='bbox 297 857 451 911; x_wconf 87' lang='lat' dir='ltr'><strong>initio</strong></span> <span class='ocrx_word' id='word_1_51' title='bbox 500 858 833 914; x_wconf 88' lang='lat' dir='ltr'><strong>decurtatus.</strong></span> <span class='ocrx_word' id='word_1_52' title='bbox 873 857 1004 913; x_wconf 89' lang='lat' dir='ltr'><strong>Erat</strong></span> <span class='ocrx_word' id='word_1_53' title='bbox 1049 873 1179 929; x_wconf 83' lang='lat' dir='ltr'><strong>ergo</strong></span> <span class='ocrx_word' id='word_1_54' title='bbox 1220 859 1378 925; x_wconf 85' lang='lat' dir='ltr'><strong>ratio,</strong></span> <span class='ocrx_word' id='word_1_55' title='bbox 1410 874 1508 913; x_wconf 93' lang='lat' dir='ltr'><strong>cur</strong></span> <span class='ocrx_word' id='word_1_56' title='bbox 1537 857 1767 913; x_wconf 86' lang='lat' dir='ltr'><strong>novissi-</strong></span> 
     </span>
    </p>
   </div>
   <div class='ocr_carea' id='block_1_7' title="bbox 193 949 1766 1024">
    <p class='ocr_par' dir='ltr' id='par_1_7' title="bbox 193 949 1766 1024">
     <span class='ocr_line' id='line_1_7' title="bbox 193 949 1766 1024; baseline -0.001 -18"><span class='ocrx_word' id='word_1_57' title='bbox 193 966 303 1006; x_wconf 85' lang='lat' dir='ltr'><strong>mus</strong></span> <span class='ocrx_word' id='word_1_58' title='bbox 342 949 526 1005; x_wconf 82' lang='lat' dir='ltr'><strong>editor</strong></span> <span class='ocrx_word' id='word_1_59' title='bbox 564 950 786 1008; x_wconf 88' lang='lat' dir='ltr'><strong>eosdem</strong></span> <span class='ocrx_word' id='word_1_60' title='bbox 825 951 1049 1008; x_wconf 85' lang='lat' dir='ltr'><strong>editioni</strong></span> <span class='ocrx_word' id='word_1_61' title='bbox 1089 967 1200 1008; x_wconf 72' lang='lat' dir='ltr'><strong>sua:</strong></span> <span class='ocrx_word' id='word_1_62' title='bbox 1240 953 1461 1024; x_wconf 87' lang='lat' dir='ltr'><strong>insuper</strong></span> <span class='ocrx_word' id='word_1_63' title='bbox 1489 951 1766 1022; x_wconf 88' lang='lat' dir='ltr'><strong>adjiceret,</strong></span> 
     </span>
    </p>
   </div>
   <div class='ocr_carea' id='block_1_8' title="bbox 195 1041 1772 1117">
    <p class='ocr_par' dir='ltr' id='par_1_8' title="bbox 195 1041 1772 1117">
     <span class='ocr_line' id='line_1_8' title="bbox 195 1041 1772 1117; baseline 0 -18"><span class='ocrx_word' id='word_1_64' title='bbox 195 1051 250 1099; x_wconf 88' lang='lat' dir='ltr'><strong>ut</strong></span> <span class='ocrx_word' id='word_1_65' title='bbox 271 1058 302 1097; x_wconf 90' lang='lat' dir='ltr'><strong>a</strong></span> <span class='ocrx_word' id='word_1_66' title='bbox 333 1041 547 1100; x_wconf 75' lang='lat' dir='ltr'><strong>Mansio</strong></span> <span class='ocrx_word' id='word_1_67' title='bbox 588 1043 860 1101; x_wconf 88' lang='lat' dir='ltr'><strong>discimus.</strong></span> <span class='ocrx_word' id='word_1_68' title='bbox 903 1043 1006 1100; x_wconf 78' lang='lat' dir='ltr'><strong>Alii</strong></span> <span class='ocrx_word' id='word_1_69' title='bbox 1035 1045 1144 1101; x_wconf 92' lang='lat' dir='ltr'><strong>duo</strong></span> <span class='ocrx_word' id='word_1_70' title='bbox 1172 1046 1394 1117; x_wconf 88' lang='lat' dir='ltr'><strong>insuper</strong></span> <span class='ocrx_word' id='word_1_71' title='bbox 1421 1046 1563 1100; x_wconf 87' lang='lat' dir='ltr'><strong>inter</strong></span> <span class='ocrx_word' id='word_1_72' title='bbox 1591 1044 1772 1115; x_wconf 82' lang='lat' dir='ltr'><strong>Augu-</strong></span> 
     </span>
    </p>
   </div>
   <div class='ocr_carea' id='block_1_9' title="bbox 195 1136 1772 1212">
    <p class='ocr_par' dir='ltr' id='par_1_9' title="bbox 195 1136 1772 1212">
     <span class='ocr_line' id='line_1_9' title="bbox 195 1136 1772 1212; baseline -0.002 -17"><span class='ocrx_word' id='word_1_73' title='bbox 195 1139 451 1195; x_wconf 85' lang='lat' dir='ltr'><strong>stinianos</strong></span> <span class='ocrx_word' id='word_1_74' title='bbox 480 1138 774 1196; x_wconf 88' lang='lat' dir='ltr'><strong>Sermones</strong></span> <span class='ocrx_word' id='word_1_75' title='bbox 788 1149 1102 1208; x_wconf 91' lang='lat' dir='ltr'><strong>occurrunt,</strong></span> <span class='ocrx_word' id='word_1_76' title='bbox 1122 1155 1316 1212; x_wconf 89' lang='lat' dir='ltr'><strong>nempe</strong></span> <span class='ocrx_word' id='word_1_77' title='bbox 1337 1155 1484 1195; x_wconf 91' lang='lat' dir='ltr'><strong>num.</strong></span> <span class='ocrx_word' id='word_1_78' title='bbox 1505 1136 1692 1205; x_wconf 80' lang='lat' dir='ltr'><strong>CXXI,</strong></span> <span class='ocrx_word' id='word_1_79' title='bbox 1710 1139 1772 1193; x_wconf 80' lang='lat' dir='ltr'><strong>de</strong></span> 
     </span>
    </p>
   </div>
   <div class='ocr_carea' id='block_1_10' title="bbox 197 1227 1774 1303">
    <p class='ocr_par' dir='ltr' id='par_1_10' title="bbox 197 1227 1774 1303">
     <span class='ocr_line' id='line_1_10' title="bbox 197 1227 1774 1303; baseline -0.003 -14"><span class='ocrx_word' id='word_1_80' title='bbox 197 1231 372 1289; x_wconf 76' lang='lat' dir='ltr'><strong>Natali</strong></span> <span class='ocrx_word' id='word_1_81' title='bbox 401 1231 621 1289; x_wconf 79' lang='lat' dir='ltr'><strong>Domini</strong></span> <span class='ocrx_word' id='word_1_82' title='bbox 641 1232 706 1299; x_wconf 88' lang='lat' dir='ltr'><strong>V,</strong></span> <span class='ocrx_word' id='word_1_83' title='bbox 737 1248 900 1303; x_wconf 85' lang='lat' dir='ltr'><strong>quem</strong></span> <span class='ocrx_word' id='word_1_84' title='bbox 922 1234 976 1288; x_wconf 91' lang='lat' dir='ltr'><strong>in</strong></span> <span class='ocrx_word' id='word_1_85' title='bbox 1005 1233 1326 1303; x_wconf 85' lang='lat' dir='ltr'><strong>quibusdam</strong></span> <span class='ocrx_word' id='word_1_86' title='bbox 1345 1247 1474 1287; x_wconf 90' lang='lat' dir='ltr'><strong>mss.</strong></span> <span class='ocrx_word' id='word_1_87' title='bbox 1500 1230 1645 1287; x_wconf 91' lang='lat' dir='ltr'><strong>Petri</strong></span> <span class='ocrx_word' id='word_1_88' title='bbox 1675 1227 1774 1285; x_wconf 80' lang='lat' dir='ltr'><strong>Ra-</strong></span> 
     </span>
    </p>
   </div>
   <div class='ocr_carea' id='block_1_11' title="bbox 196 1320 1774 1396">
    <p class='ocr_par' dir='ltr' id='par_1_11' title="bbox 196 1320 1774 1396">
     <span class='ocr_line' id='line_1_11' title="bbox 196 1320 1774 1396; baseline -0.001 -16"><span class='ocrx_word' id='word_1_89' title='bbox 196 1325 430 1381; x_wconf 82' lang='lat' dir='ltr'><strong>vennatis</strong></span> <span class='ocrx_word' id='word_1_90' title='bbox 478 1340 677 1380; x_wconf 91' lang='lat' dir='ltr'><strong>nomen</strong></span> <span class='ocrx_word' id='word_1_91' title='bbox 717 1323 973 1396; x_wconf 67' lang='lat' dir='ltr'><strong>praeferre</strong></span> <span class='ocrx_word' id='word_1_92' title='bbox 1020 1332 1240 1392; x_wconf 91' lang='lat' dir='ltr'><strong>notant,</strong></span> <span class='ocrx_word' id='word_1_93' title='bbox 1272 1332 1329 1380; x_wconf 90' lang='lat' dir='ltr'><strong>et</strong></span> <span class='ocrx_word' id='word_1_94' title='bbox 1354 1323 1544 1380; x_wconf 89' lang='lat' dir='ltr'><strong>Sermo</strong></span> <span class='ocrx_word' id='word_1_95' title='bbox 1589 1320 1774 1378; x_wconf 87' lang='lat' dir='ltr'><strong>XCVII</strong></span> 
     </span>
    </p>
   </div>
   <div class='ocr_carea' id='block_1_12' title="bbox 197 1413 1770 1485">
    <p class='ocr_par' dir='ltr' id='par_1_12' title="bbox 197 1413 1770 1485">
     <span class='ocr_line' id='line_1_12' title="bbox 197 1413 1770 1485; baseline -0.002 -13"><span class='ocrx_word' id='word_1_96' title='bbox 197 1415 257 1472; x_wconf 88' lang='lat' dir='ltr'><strong>de</strong></span> <span class='ocrx_word' id='word_1_97' title='bbox 280 1415 460 1472; x_wconf 83' lang='lat' dir='ltr'><strong>verbis</strong></span> <span class='ocrx_word' id='word_1_98' title='bbox 501 1414 705 1485; x_wconf 85' lang='lat' dir='ltr'><strong>Evang.</strong></span> <span class='ocrx_word' id='word_1_99' title='bbox 735 1414 891 1471; x_wconf 78' lang='lat' dir='ltr'><strong>Joan.</strong></span> <span class='ocrx_word' id='word_1_100' title='bbox 935 1433 1043 1481; x_wconf 80' lang='lat' dir='ltr'><strong>xiv,</strong></span> <span class='ocrx_word' id='word_1_101' title='bbox 1074 1414 1270 1471; x_wconf 86' lang='lat' dir='ltr'><strong>Pacem</strong></span> <span class='ocrx_word' id='word_1_102' title='bbox 1301 1433 1468 1471; x_wconf 90' lang='lat' dir='ltr'><strong>meam</strong></span> <span class='ocrx_word' id='word_1_103' title='bbox 1507 1415 1572 1470; x_wconf 86' lang='lat' dir='ltr'><strong>do</strong></span> <span class='ocrx_word' id='word_1_104' title='bbox 1611 1413 1770 1481; x_wconf 77' lang='lat' dir='ltr'><strong>vobis,</strong></span> 
     </span>
    </p>
   </div>
   <div class='ocr_carea' id='block_1_13' title="bbox 201 1504 1776 1581">
    <p class='ocr_par' dir='ltr' id='par_1_13' title="bbox 201 1504 1776 1581">
     <span class='ocr_line' id='line_1_13' title="bbox 201 1504 1776 1581; baseline -0.001 -16"><span class='ocrx_word' id='word_1_105' title='bbox 201 1518 290 1565; x_wconf 83' lang='lat' dir='ltr'><strong>etc.</strong></span> <span class='ocrx_word' id='word_1_106' title='bbox 331 1523 502 1578; x_wconf 87' lang='lat' dir='ltr'><strong>quem</strong></span> <span class='ocrx_word' id='word_1_107' title='bbox 529 1524 654 1564; x_wconf 89' lang='lat' dir='ltr'><strong>cum</strong></span> <span class='ocrx_word' id='word_1_108' title='bbox 680 1506 796 1562; x_wconf 88' lang='lat' dir='ltr'><strong>LXI</strong></span> <span class='ocrx_word' id='word_1_109' title='bbox 823 1504 1143 1581; x_wconf 81' lang='lat' dir='ltr'><strong>Chrysologi</strong></span> <span class='ocrx_word' id='word_1_110' title='bbox 1171 1507 1312 1581; x_wconf 82' lang='lat' dir='ltr'><strong>stylo</strong></span> <span class='ocrx_word' id='word_1_111' title='bbox 1341 1507 1630 1564; x_wconf 84' lang='lat' dir='ltr'><strong>convenire</strong></span> <span class='ocrx_word' id='word_1_112' title='bbox 1658 1522 1776 1563; x_wconf 93' lang='lat' dir='ltr'><strong>mo-</strong></span> 
     </span>
    </p>
   </div>
   <div class='ocr_carea' id='block_1_14' title="bbox 201 1603 526 1660">
    <p class='ocr_par' dir='ltr' id='par_1_14' title="bbox 201 1603 526 1660">
     <span class='ocr_line' id='line_1_14' title="bbox 201 1603 526 1660; baseline -0.006 -1"><span class='ocrx_word' id='word_1_113' title='bbox 201 1612 314 1659; x_wconf 84' lang='lat' dir='ltr'><strong>nent</strong></span> <span class='ocrx_word' id='word_1_114' title='bbox 341 1603 526 1660; x_wconf 87' lang='lat' dir='ltr'><strong>iidem.</strong></span> 
     </span>
    </p>
   </div>
   <div class='ocr_carea' id='block_1_15' title="bbox 781 1733 1164 1776">
    <p class='ocr_par' dir='ltr' id='par_1_15' title="bbox 781 1733 1164 1776">
     <span class='ocr_line' id='line_1_15' title="bbox 781 1733 1164 1776; baseline -0.013 0"><span class='ocrx_word' id='word_1_115' title='bbox 781 1733 997 1776; x_wconf 68' lang='lat' dir='ltr'><strong>SECULO</strong></span> <span class='ocrx_word' id='word_1_116' title='bbox 1035 1733 1164 1772; x_wconf 77' lang='lat' dir='ltr'><strong>XVIII</strong></span> 
     </span>
    </p>
   </div>
   <div class='ocr_carea' id='block_1_16' title="bbox 1868 579 3451 654">
    <p class='ocr_par' dir='ltr' id='par_1_16' title="bbox 1868 579 3451 654">
     <span class='ocr_line' id='line_1_16' title="bbox 1868 579 3451 654; baseline -0.002 -16"><span class='ocrx_word' id='word_1_117' title='bbox 1868 590 1980 638; x_wconf 90' lang='lat' dir='ltr'><strong>tom</strong></span> <span class='ocrx_word' id='word_1_118' title='bbox 2008 581 2116 650; x_wconf 89' lang='lat' dir='ltr'><strong>VII,</strong></span> <span class='ocrx_word' id='word_1_119' title='bbox 2149 596 2271 654; x_wconf 87' lang='lat' dir='ltr'><strong>pag.</strong></span> <span class='ocrx_word' id='word_1_120' title='bbox 2305 580 2437 649; x_wconf 70' lang='lat' dir='ltr'><strong>l20,</strong></span> <span class='ocrx_word' id='word_1_121' title='bbox 2479 583 2679 639; x_wconf 82' lang='lat' dir='ltr'><strong>veteris</strong></span> <span class='ocrx_word' id='word_1_122' title='bbox 2707 580 2989 647; x_wconf 88' lang='lat' dir='ltr'><strong>editionis;</strong></span> <span class='ocrx_word' id='word_1_123' title='bbox 3019 580 3261 649; x_wconf 89' lang='lat' dir='ltr'><strong>geminos</strong></span> <span class='ocrx_word' id='word_1_124' title='bbox 3287 579 3451 636; x_wconf 90' lang='lat' dir='ltr'><strong>etiam</strong></span> 
     </span>
    </p>
   </div>
   <div class='ocr_carea' id='block_1_17' title="bbox 1869 670 3454 746">
    <p class='ocr_par' dir='ltr' id='par_1_17' title="bbox 1869 670 3454 746">
     <span class='ocr_line' id='line_1_17' title="bbox 1869 670 3454 746; baseline -0.001 -16"><span class='ocrx_word' id='word_1_125' title='bbox 1869 674 2004 730; x_wconf 89' lang='lat' dir='ltr'><strong>alios</strong></span> <span class='ocrx_word' id='word_1_126' title='bbox 2024 690 2092 730; x_wconf 92' lang='lat' dir='ltr'><strong>ex</strong></span> <span class='ocrx_word' id='word_1_127' title='bbox 2120 674 2419 746; x_wconf 88' lang='lat' dir='ltr'><strong>appendice</strong></span> <span class='ocrx_word' id='word_1_128' title='bbox 2455 673 2779 730; x_wconf 87' lang='lat' dir='ltr'><strong>Sermonum</strong></span> <span class='ocrx_word' id='word_1_129' title='bbox 2807 670 2865 728; x_wconf 92' lang='lat' dir='ltr'><strong>S.</strong></span> <span class='ocrx_word' id='word_1_130' title='bbox 2890 671 3172 742; x_wconf 78' lang='lat' dir='ltr'><strong>Augustini</strong></span> <span class='ocrx_word' id='word_1_131' title='bbox 3201 671 3454 729; x_wconf 80' lang='lat' dir='ltr'><strong>editionis</strong></span> 
     </span>
    </p>
   </div>
   <div class='ocr_carea' id='block_1_18' title="bbox 1869 761 3454 832">
    <p class='ocr_par' dir='ltr' id='par_1_18' title="bbox 1869 761 3454 832">
     <span class='ocr_line' id='line_1_18' title="bbox 1869 761 3454 832; baseline -0.001 -11"><span class='ocrx_word' id='word_1_132' title='bbox 1869 766 2347 822; x_wconf 87' lang='lat' dir='ltr'><strong>Maurinianorum.</strong></span> <span class='ocrx_word' id='word_1_133' title='bbox 2409 764 2700 820; x_wconf 80' lang='lat' dir='ltr'><strong>Recensuit</strong></span> <span class='ocrx_word' id='word_1_134' title='bbox 2744 772 2918 819; x_wconf 91' lang='lat' dir='ltr'><strong>totum</strong></span> <span class='ocrx_word' id='word_1_135' title='bbox 2957 777 3094 832; x_wconf 92' lang='lat' dir='ltr'><strong>opus</strong></span> <span class='ocrx_word' id='word_1_136' title='bbox 3134 761 3202 818; x_wconf 89' lang='lat' dir='ltr'><strong>ad</strong></span> <span class='ocrx_word' id='word_1_137' title='bbox 3240 770 3454 821; x_wconf 80' lang='lat' dir='ltr'><strong>veteres</strong></span> 
     </span>
    </p>
   </div>
   <div class='ocr_carea' id='block_1_19' title="bbox 1870 857 3454 929">
    <p class='ocr_par' dir='ltr' id='par_1_19' title="bbox 1870 857 3454 929">
     <span class='ocr_line' id='line_1_19' title="bbox 1870 857 3454 929; baseline -0.003 -12"><span class='ocrx_word' id='word_1_138' title='bbox 1870 877 2000 918; x_wconf 87' lang='lat' dir='ltr'><strong>mss.</strong></span> <span class='ocrx_word' id='word_1_139' title='bbox 2041 860 2287 929; x_wconf 87' lang='lat' dir='ltr'><strong>codices;</strong></span> <span class='ocrx_word' id='word_1_140' title='bbox 2328 869 2486 917; x_wconf 90' lang='lat' dir='ltr'><strong>notas</strong></span> <span class='ocrx_word' id='word_1_141' title='bbox 2523 876 2554 916; x_wconf 88' lang='lat' dir='ltr'><strong>a</strong></span> <span class='ocrx_word' id='word_1_142' title='bbox 2592 860 2868 916; x_wconf 90' lang='lat' dir='ltr'><strong>Dominico</strong></span> <span class='ocrx_word' id='word_1_143' title='bbox 2907 857 3035 912; x_wconf 87' lang='lat' dir='ltr'><strong>Mita</strong></span> <span class='ocrx_word' id='word_1_144' title='bbox 3063 857 3192 914; x_wconf 93' lang='lat' dir='ltr'><strong>olim</strong></span> <span class='ocrx_word' id='word_1_145' title='bbox 3219 857 3454 914; x_wconf 88' lang='lat' dir='ltr'><strong>adorna-</strong></span> 
     </span>
    </p>
   </div>
   <div class='ocr_carea' id='block_1_20' title="bbox 1869 952 3453 1025">
    <p class='ocr_par' dir='ltr' id='par_1_20' title="bbox 1869 952 3453 1025">
     <span class='ocr_line' id='line_1_20' title="bbox 1869 952 3453 1025; baseline -0.001 -16"><span class='ocrx_word' id='word_1_146' title='bbox 1869 962 1954 1010; x_wconf 89' lang='lat' dir='ltr'><strong>tas</strong></span> <span class='ocrx_word' id='word_1_147' title='bbox 1973 955 2214 1022; x_wconf 89' lang='lat' dir='ltr'><strong>retinuit,</strong></span> <span class='ocrx_word' id='word_1_148' title='bbox 2245 953 2440 1025; x_wconf 82' lang='lat' dir='ltr'><strong>quibus</strong></span> <span class='ocrx_word' id='word_1_149' title='bbox 2469 961 2525 1009; x_wconf 90' lang='lat' dir='ltr'><strong>et</strong></span> <span class='ocrx_word' id='word_1_150' title='bbox 2552 968 2677 1009; x_wconf 89' lang='lat' dir='ltr'><strong>suas</strong></span> <span class='ocrx_word' id='word_1_151' title='bbox 2710 952 2923 1022; x_wconf 85' lang='lat' dir='ltr'><strong>adjecit,</strong></span> <span class='ocrx_word' id='word_1_152' title='bbox 2956 967 3056 1008; x_wconf 80' lang='lat' dir='ltr'><strong>nec</strong></span> <span class='ocrx_word' id='word_1_153' title='bbox 3083 967 3300 1023; x_wconf 86' lang='lat' dir='ltr'><strong>paucas,</strong></span> <span class='ocrx_word' id='word_1_154' title='bbox 3333 966 3453 1018; x_wconf 91' lang='lat' dir='ltr'><strong>nec,</strong></span> 
     </span>
    </p>
   </div>
   <div class='ocr_carea' id='block_1_21' title="bbox 1871 1043 3458 1115">
    <p class='ocr_par' dir='ltr' id='par_1_21' title="bbox 1871 1043 3458 1115">
     <span class='ocr_line' id='line_1_21' title="bbox 1871 1043 3458 1115; baseline -0.003 -12"><span class='ocrx_word' id='word_1_155' title='bbox 1871 1055 1933 1103; x_wconf 92' lang='lat' dir='ltr'><strong>ut</strong></span> <span class='ocrx_word' id='word_1_156' title='bbox 1966 1062 2092 1103; x_wconf 88' lang='lat' dir='ltr'><strong>vera</strong></span> <span class='ocrx_word' id='word_1_157' title='bbox 2121 1046 2309 1114; x_wconf 81' lang='lat' dir='ltr'><strong>fatear,</strong></span> <span class='ocrx_word' id='word_1_158' title='bbox 2363 1046 2624 1102; x_wconf 90' lang='lat' dir='ltr'><strong>indoctas.</strong></span> <span class='ocrx_word' id='word_1_159' title='bbox 2686 1045 3020 1115; x_wconf 88' lang='lat' dir='ltr'><strong>Quamquam</strong></span> <span class='ocrx_word' id='word_1_160' title='bbox 3058 1059 3189 1100; x_wconf 89' lang='lat' dir='ltr'><strong>vero</strong></span> <span class='ocrx_word' id='word_1_161' title='bbox 3216 1043 3458 1099; x_wconf 86' lang='lat' dir='ltr'><strong>laborem</strong></span> 
     </span>
    </p>
   </div>
   <div class='ocr_carea' id='block_1_22' title="bbox 1873 1138 3455 1212">
    <p class='ocr_par' dir='ltr' id='par_1_22' title="bbox 1873 1138 3455 1212">
     <span class='ocr_line' id='line_1_22' title="bbox 1873 1138 3455 1212; baseline -0.002 -15"><span class='ocrx_word' id='word_1_162' title='bbox 1873 1141 2019 1198; x_wconf 90' lang='lat' dir='ltr'><strong>hunc</strong></span> <span class='ocrx_word' id='word_1_163' title='bbox 2058 1141 2158 1196; x_wconf 93' lang='lat' dir='ltr'><strong>viri</strong></span> <span class='ocrx_word' id='word_1_164' title='bbox 2198 1141 2382 1197; x_wconf 80' lang='lat' dir='ltr'><strong>eximii</strong></span> <span class='ocrx_word' id='word_1_165' title='bbox 2421 1142 2614 1212; x_wconf 83' lang='lat' dir='ltr'><strong>probo,</strong></span> <span class='ocrx_word' id='word_1_166' title='bbox 2662 1141 2890 1195; x_wconf 86' lang='lat' dir='ltr'><strong>multum</strong></span> <span class='ocrx_word' id='word_1_167' title='bbox 2919 1148 3100 1194; x_wconf 89' lang='lat' dir='ltr'><strong>tamen</strong></span> <span class='ocrx_word' id='word_1_168' title='bbox 3121 1138 3311 1194; x_wconf 89' lang='lat' dir='ltr'><strong>abesse</strong></span> <span class='ocrx_word' id='word_1_169' title='bbox 3332 1153 3455 1194; x_wconf 91' lang='lat' dir='ltr'><strong>cre-</strong></span> 
     </span>
    </p>
   </div>
   <div class='ocr_carea' id='block_1_23' title="bbox 1873 1231 3460 1306">
    <p class='ocr_par' dir='ltr' id='par_1_23' title="bbox 1873 1231 3460 1306">
     <span class='ocr_line' id='line_1_23' title="bbox 1873 1231 3460 1306; baseline -0.001 -18"><span class='ocrx_word' id='word_1_170' title='bbox 1873 1234 1944 1289; x_wconf 90' lang='lat' dir='ltr'><strong>do</strong></span> <span class='ocrx_word' id='word_1_171' title='bbox 1966 1276 1981 1302; x_wconf 97' lang='lat'><strong>,</strong></span> <span class='ocrx_word' id='word_1_172' title='bbox 2029 1241 2091 1289; x_wconf 92' lang='lat' dir='ltr'><strong>ut</strong></span> <span class='ocrx_word' id='word_1_173' title='bbox 2118 1233 2285 1291; x_wconf 89' lang='lat' dir='ltr'><strong>editio</strong></span> <span class='ocrx_word' id='word_1_174' title='bbox 2321 1233 2556 1306; x_wconf 90' lang='lat' dir='ltr'><strong>Operum</strong></span> <span class='ocrx_word' id='word_1_175' title='bbox 2582 1231 2902 1306; x_wconf 85' lang='lat' dir='ltr'><strong>Chrysologi</strong></span> <span class='ocrx_word' id='word_1_176' title='bbox 2930 1233 3009 1289; x_wconf 92' lang='lat' dir='ltr'><strong>sic</strong></span> <span class='ocrx_word' id='word_1_177' title='bbox 3035 1231 3253 1288; x_wconf 85' lang='lat' dir='ltr'><strong>tandem</strong></span> <span class='ocrx_word' id='word_1_178' title='bbox 3281 1231 3460 1287; x_wconf 85' lang='lat' dir='ltr'><strong>omni-</strong></span> 
     </span>
    </p>
   </div>
   <div class='ocr_carea' id='block_1_24' title="bbox 1873 1322 3460 1398">
    <p class='ocr_par' dir='ltr' id='par_1_24' title="bbox 1873 1322 3460 1398">
     <span class='ocr_line' id='line_1_24' title="bbox 1873 1322 3460 1398; baseline -0.003 -15"><span class='ocrx_word' id='word_1_179' title='bbox 1873 1326 1976 1383; x_wconf 89' lang='lat' dir='ltr'><strong>bus</strong></span> <span class='ocrx_word' id='word_1_180' title='bbox 2015 1327 2254 1382; x_wconf 89' lang='lat' dir='ltr'><strong>numeris</strong></span> <span class='ocrx_word' id='word_1_181' title='bbox 2297 1326 2543 1382; x_wconf 88' lang='lat' dir='ltr'><strong>absoluta</strong></span> <span class='ocrx_word' id='word_1_182' title='bbox 2584 1332 2883 1398; x_wconf 73' lang='lat' dir='ltr'><strong>reputatur.</strong></span> <span class='ocrx_word' id='word_1_183' title='bbox 2927 1323 3196 1380; x_wconf 83' lang='lat' dir='ltr'><strong>Admonet</strong></span> <span class='ocrx_word' id='word_1_184' title='bbox 3224 1323 3308 1379; x_wconf 90' lang='lat' dir='ltr'><strong>vir</strong></span> <span class='ocrx_word' id='word_1_185' title='bbox 3347 1322 3460 1379; x_wconf 82' lang='lat' dir='ltr'><strong>exi-</strong></span> 
     </span>
    </p>
   </div>
   <div class='ocr_carea' id='block_1_25' title="bbox 1874 1417 3461 1477">
    <p class='ocr_par' dir='ltr' id='par_1_25' title="bbox 1874 1417 3461 1477">
     <span class='ocr_line' id='line_1_25' title="bbox 1874 1417 3461 1477; baseline -0.001 -2"><span class='ocrx_word' id='word_1_186' title='bbox 1874 1420 2016 1475; x_wconf 89' lang='lat' dir='ltr'><strong>mins</strong></span> <span class='ocrx_word' id='word_1_187' title='bbox 2043 1436 2111 1476; x_wconf 88' lang='lat' dir='ltr'><strong>ex</strong></span> <span class='ocrx_word' id='word_1_188' title='bbox 2141 1422 2476 1477; x_wconf 86' lang='lat' dir='ltr'><strong>orationibus</strong></span> <span class='ocrx_word' id='word_1_189' title='bbox 2512 1421 2661 1476; x_wconf 90' lang='lat' dir='ltr'><strong>hisce</strong></span> <span class='ocrx_word' id='word_1_190' title='bbox 2700 1419 2983 1476; x_wconf 86' lang='lat' dir='ltr'><strong>nonnullas</strong></span> <span class='ocrx_word' id='word_1_191' title='bbox 3020 1417 3315 1474; x_wconf 89' lang='lat' dir='ltr'><strong>Severiano</strong></span> <span class='ocrx_word' id='word_1_192' title='bbox 3344 1417 3461 1473; x_wconf 86' lang='lat' dir='ltr'><strong>cui-</strong></span> 
     </span>
    </p>
   </div>
   <div class='ocr_carea' id='block_1_26' title="bbox 1875 1510 3462 1584">
    <p class='ocr_par' dir='ltr' id='par_1_26' title="bbox 1875 1510 3462 1584">
     <span class='ocr_line' id='line_1_26' title="bbox 1875 1510 3462 1584; baseline -0.001 -16"><span class='ocrx_word' id='word_1_193' title='bbox 1875 1512 1997 1568; x_wconf 85' lang='lat' dir='ltr'><strong>dam</strong></span> <span class='ocrx_word' id='word_1_194' title='bbox 2027 1514 2082 1568; x_wconf 88' lang='lat' dir='ltr'><strong>in</strong></span> <span class='ocrx_word' id='word_1_195' title='bbox 2114 1515 2338 1570; x_wconf 85' lang='lat' dir='ltr'><strong>vetustis</strong></span> <span class='ocrx_word' id='word_1_196' title='bbox 2364 1513 2639 1570; x_wconf 90' lang='lat' dir='ltr'><strong>codicibus</strong></span> <span class='ocrx_word' id='word_1_197' title='bbox 2667 1513 2879 1581; x_wconf 89' lang='lat' dir='ltr'><strong>ascribi,</strong></span> <span class='ocrx_word' id='word_1_198' title='bbox 2910 1527 3014 1582; x_wconf 89' lang='lat' dir='ltr'><strong>qua</strong></span> <span class='ocrx_word' id='word_1_199' title='bbox 3045 1525 3146 1582; x_wconf 90' lang='lat' dir='ltr'><strong>ego</strong></span> <span class='ocrx_word' id='word_1_200' title='bbox 3171 1510 3462 1584; x_wconf 70' lang='lat' dir='ltr'><strong>prtemoni-</strong></span> 
     </span>
    </p>
   </div>
   <div class='ocr_carea' id='block_1_27' title="bbox 1875 1603 3466 1678">
    <p class='ocr_par' dir='ltr' id='par_1_27' title="bbox 1875 1603 3466 1678">
     <span class='ocr_line' id='line_1_27' title="bbox 1875 1603 3466 1678; baseline -0.001 -18"><span class='ocrx_word' id='word_1_201' title='bbox 1875 1605 2023 1661; x_wconf 78' lang='lat' dir='ltr'><strong>tione</strong></span> <span class='ocrx_word' id='word_1_202' title='bbox 2038 1606 2260 1662; x_wconf 88' lang='lat' dir='ltr'><strong>edoctus</strong></span> <span class='ocrx_word' id='word_1_203' title='bbox 2278 1615 2573 1678; x_wconf 89' lang='lat' dir='ltr'><strong>nactusque</strong></span> <span class='ocrx_word' id='word_1_204' title='bbox 2589 1607 2643 1660; x_wconf 93' lang='lat' dir='ltr'><strong>in</strong></span> <span class='ocrx_word' id='word_1_205' title='bbox 2652 1607 2822 1661; x_wconf 82' lang='lat' dir='ltr'><strong>veteri</strong></span> <span class='ocrx_word' id='word_1_206' title='bbox 2838 1605 3140 1660; x_wconf 90' lang='lat' dir='ltr'><strong>homiliario</strong></span> <span class='ocrx_word' id='word_1_207' title='bbox 3152 1603 3355 1670; x_wconf 91' lang='lat' dir='ltr'><strong>codice,</strong></span> <span class='ocrx_word' id='word_1_208' title='bbox 3385 1618 3466 1658; x_wconf 91' lang='lat' dir='ltr'><strong>re-</strong></span> 
     </span>
    </p>
   </div>
   <div class='ocr_carea' id='block_1_28' title="bbox 1875 1694 3466 1772">
    <p class='ocr_par' dir='ltr' id='par_1_28' title="bbox 1875 1694 3466 1772">
     <span class='ocr_line' id='line_1_28' title="bbox 1875 1694 3466 1772; baseline -0.003 -17"><span class='ocrx_word' id='word_1_209' title='bbox 1875 1709 2032 1772; x_wconf 91' lang='lat' dir='ltr'><strong>perto</strong></span> <span class='ocrx_word' id='word_1_210' title='bbox 2049 1701 2102 1757; x_wconf 92' lang='lat' dir='ltr'><strong>in</strong></span> <span class='ocrx_word' id='word_1_211' title='bbox 2117 1701 2440 1757; x_wconf 86' lang='lat' dir='ltr'><strong>bibliotheca</strong></span> <span class='ocrx_word' id='word_1_212' title='bbox 2467 1701 2852 1756; x_wconf 90' lang='lat' dir='ltr'><strong>canonicorum</strong></span> <span class='ocrx_word' id='word_1_213' title='bbox 2868 1697 3086 1768; x_wconf 86' lang='lat' dir='ltr'><strong>Majoris</strong></span> <span class='ocrx_word' id='word_1_214' title='bbox 3100 1695 3354 1752; x_wconf 72' lang='lat' dir='ltr'><strong>Ecclesia:</strong></span> <span class='ocrx_word' id='word_1_215' title='bbox 3367 1694 3466 1751; x_wconf 88' lang='lat' dir='ltr'><strong>Lu-</strong></span> 
     </span>
    </p>
   </div>
   <div class='ocr_carea' id='block_1_29' title="bbox 1878 1789 3466 1865">
    <p class='ocr_par' dir='ltr' id='par_1_29' title="bbox 1878 1789 3466 1865">
     <span class='ocr_line' id='line_1_29' title="bbox 1878 1789 3466 1865; baseline -0.004 -15"><span class='ocrx_word' id='word_1_216' title='bbox 1878 1795 2078 1863; x_wconf 91' lang='lat' dir='ltr'><strong>censis,</strong></span> <span class='ocrx_word' id='word_1_217' title='bbox 2104 1811 2204 1851; x_wconf 90' lang='lat' dir='ltr'><strong>nec</strong></span> <span class='ocrx_word' id='word_1_218' title='bbox 2215 1811 2338 1850; x_wconf 90' lang='lat' dir='ltr'><strong>meo</strong></span> <span class='ocrx_word' id='word_1_219' title='bbox 2355 1794 2558 1865; x_wconf 88' lang='lat' dir='ltr'><strong>judicio</strong></span> <span class='ocrx_word' id='word_1_220' title='bbox 2574 1793 2773 1850; x_wconf 61' lang='lat' dir='ltr'><strong>saeculo</strong></span> <span class='ocrx_word' id='word_1_221' title='bbox 2785 1810 2859 1848; x_wconf 86' lang='lat' dir='ltr'><strong>xu</strong></span> <span class='ocrx_word' id='word_1_222' title='bbox 2874 1791 3197 1858; x_wconf 89' lang='lat' dir='ltr'><strong>recentiore,</strong></span> <span class='ocrx_word' id='word_1_223' title='bbox 3218 1789 3466 1846; x_wconf 90' lang='lat' dir='ltr'><strong>homilias</strong></span> 
     </span>
    </p>
   </div>
   <div class='ocr_carea' id='block_1_30' title="bbox 261 1873 1781 1959">
    <p class='ocr_par' dir='ltr' id='par_1_30' title="bbox 261 1873 1776 1950">
     <span class='ocr_line' id='line_1_30' title="bbox 261 1873 1776 1950; baseline -0.003 -16"><span class='ocrx_word' id='word_1_224' title='bbox 261 1879 414 1934; x_wconf 67' lang='lat' dir='ltr'><strong>l7”.</strong></span> <span class='ocrx_word' id='word_1_225' title='bbox 461 1879 709 1947; x_wconf 77' lang='lat' dir='ltr'><strong>Parisiis,</strong></span> <span class='ocrx_word' id='word_1_226' title='bbox 741 1895 807 1934; x_wconf 74' lang='lat' dir='ltr'><strong>ex</strong></span> <span class='ocrx_word' id='word_1_227' title='bbox 836 1877 1062 1950; x_wconf 82' lang='lat' dir='ltr'><strong>Typogr.</strong></span> <span class='ocrx_word' id='word_1_228' title='bbox 1091 1875 1218 1950; x_wconf 85' lang='lat' dir='ltr'><strong>Reg.</strong></span> <span class='ocrx_word' id='word_1_229' title='bbox 1242 1893 1256 1943; x_wconf 89' lang='lat'><strong>;</strong></span> <span class='ocrx_word' id='word_1_230' title='bbox 1278 1875 1458 1947; x_wconf 68' lang='lat' dir='ltr'><strong>iit-fol.</strong></span> <span class='ocrx_word' id='word_1_231' title='bbox 1498 1873 1643 1930; x_wconf 88' lang='lat' dir='ltr'><strong>Petri</strong></span> <span class='ocrx_word' id='word_1_232' title='bbox 1666 1873 1776 1929; x_wconf 81' lang='lat' dir='ltr'><strong>Ra-</strong></span> 
     </span>
    </p>
   </div>
   <div class='ocr_carea' id='block_1_31' title="bbox 1887 1873 3468 1959">
    <p class='ocr_par' dir='ltr' id='par_1_31' title="bbox 1887 1886 3468 1959">
     <span class='ocr_line' id='line_1_31' title="bbox 1887 1886 3468 1959; baseline -0.002 -17"><span class='ocrx_word' id='word_1_233' title='bbox 1887 1889 2141 1958; x_wconf 84' lang='lat' dir='ltr'><strong>quasdam</strong></span> <span class='ocrx_word' id='word_1_234' title='bbox 2177 1888 2459 1945; x_wconf 89' lang='lat' dir='ltr'><strong>Severiani</strong></span> <span class='ocrx_word' id='word_1_235' title='bbox 2490 1889 2709 1945; x_wconf 90' lang='lat' dir='ltr'><strong>nomine</strong></span> <span class='ocrx_word' id='word_1_236' title='bbox 2737 1887 3014 1959; x_wconf 68' lang='lat' dir='ltr'><strong>pmﬁxas,</strong></span> <span class='ocrx_word' id='word_1_237' title='bbox 3045 1902 3204 1942; x_wconf 88' lang='lat' dir='ltr'><strong>unam</strong></span> <span class='ocrx_word' id='word_1_238' title='bbox 3233 1886 3468 1955; x_wconf 87' lang='lat' dir='ltr'><strong>aliquam</strong></span> 
     </span>
    </p>
   </div>
   <div class='ocr_carea' id='block_1_32' title="bbox 205 1967 1776 2046">
    <p class='ocr_par' dir='ltr' id='par_1_32' title="bbox 205 1967 1776 2046">
     <span class='ocr_line' id='line_1_32' title="bbox 205 1967 1776 2046; baseline -0.005 -16"><span class='ocrx_word' id='word_1_239' title='bbox 205 1976 436 2032; x_wconf 71' lang='lat' dir='ltr'><strong>vennatis</strong></span> <span class='ocrx_word' id='word_1_240' title='bbox 457 1973 704 2045; x_wconf 87' lang='lat' dir='ltr'><strong>Epistola</strong></span> <span class='ocrx_word' id='word_1_241' title='bbox 725 1973 792 2029; x_wconf 86' lang='lat' dir='ltr'><strong>ad</strong></span> <span class='ocrx_word' id='word_1_242' title='bbox 812 1971 1122 2046; x_wconf 85' lang='lat' dir='ltr'><strong>Eutychen;</strong></span> <span class='ocrx_word' id='word_1_243' title='bbox 1150 1970 1205 2026; x_wconf 91' lang='lat' dir='ltr'><strong>in</strong></span> <span class='ocrx_word' id='word_1_244' title='bbox 1225 1969 1470 2026; x_wconf 78' lang='lat' dir='ltr'><strong>Conciliis</strong></span> <span class='ocrx_word' id='word_1_245' title='bbox 1491 1967 1776 2035; x_wconf 80' lang='lat' dir='ltr'><strong>Harduiui,</strong></span> 
     </span>
    </p>
   </div>
   <div class='ocr_carea' id='block_1_33' title="bbox 208 2065 744 2140">
    <p class='ocr_par' dir='ltr' id='par_1_33' title="bbox 208 2065 744 2140">
     <span class='ocr_line' id='line_1_33' title="bbox 208 2065 744 2140; baseline -0.009 -15"><span class='ocrx_word' id='word_1_246' title='bbox 208 2079 334 2125; x_wconf 83' lang='lat' dir='ltr'><strong>tome</strong></span> <span class='ocrx_word' id='word_1_247' title='bbox 361 2068 429 2134; x_wconf 87' lang='lat' dir='ltr'><strong>Il,</strong></span> <span class='ocrx_word' id='word_1_248' title='bbox 462 2083 620 2140; x_wconf 91' lang='lat' dir='ltr'><strong>pagg.</strong></span> <span class='ocrx_word' id='word_1_249' title='bbox 656 2065 744 2121; x_wconf 73' lang='lat'><strong>22.</strong></span> 
     </span>
    </p>
   </div>
   <div class='ocr_carea' id='block_1_34' title="bbox 267 2151 1784 2232">
    <p class='ocr_par' dir='ltr' id='par_1_34' title="bbox 267 2151 1784 2232">
     <span class='ocr_line' id='line_1_34' title="bbox 267 2151 1784 2232; baseline -0.004 -18"><span class='ocrx_word' id='word_1_250' title='bbox 267 2160 418 2216; x_wconf 74' lang='lat' dir='ltr'><strong>l7‘25.</strong></span> <span class='ocrx_word' id='word_1_251' title='bbox 445 2160 696 2228; x_wconf 87' lang='lat' dir='ltr'><strong>Parisiis,</strong></span> <span class='ocrx_word' id='word_1_252' title='bbox 720 2158 862 2232; x_wconf 81' lang='lat' dir='ltr'><strong>apud</strong></span> <span class='ocrx_word' id='word_1_253' title='bbox 883 2156 1185 2214; x_wconf 84' lang='lat' dir='ltr'><strong>Montalant</strong></span> <span class='ocrx_word' id='word_1_254' title='bbox 1198 2175 1217 2225; x_wconf 92' lang='lat'><strong>;</strong></span> <span class='ocrx_word' id='word_1_255' title='bbox 1239 2155 1420 2228; x_wconf 82' lang='lat' dir='ltr'><strong>in—fol.</strong></span> <span class='ocrx_word' id='word_1_256' title='bbox 1445 2153 1591 2210; x_wconf 84' lang='lat' dir='ltr'><strong>Petri</strong></span> <span class='ocrx_word' id='word_1_257' title='bbox 1610 2151 1784 2226; x_wconf 86' lang='lat' dir='ltr'><strong>Chry-</strong></span> 
     </span>
    </p>
   </div>
   <div class='ocr_carea' id='block_1_35' title="bbox 205 2248 1782 2324">
    <p class='ocr_par' dir='ltr' id='par_1_35' title="bbox 205 2248 1782 2324">
     <span class='ocr_line' id='line_1_35' title="bbox 205 2248 1782 2324; baseline -0.004 -13"><span class='ocrx_word' id='word_1_258' title='bbox 205 2255 361 2324; x_wconf 85' lang='lat' dir='ltr'><strong>sologi</strong></span> <span class='ocrx_word' id='word_1_259' title='bbox 399 2254 598 2310; x_wconf 87' lang='lat' dir='ltr'><strong>Sermo</strong></span> <span class='ocrx_word' id='word_1_260' title='bbox 644 2254 713 2310; x_wconf 91' lang='lat' dir='ltr'><strong>de</strong></span> <span class='ocrx_word' id='word_1_261' title='bbox 758 2253 935 2309; x_wconf 84' lang='lat' dir='ltr'><strong>Natali</strong></span> <span class='ocrx_word' id='word_1_262' title='bbox 982 2252 1197 2308; x_wconf 91' lang='lat' dir='ltr'><strong>Domini</strong></span> <span class='ocrx_word' id='word_1_263' title='bbox 1244 2259 1300 2306; x_wconf 90' lang='lat' dir='ltr'><strong>et</strong></span> <span class='ocrx_word' id='word_1_264' title='bbox 1335 2249 1625 2307; x_wconf 79' lang='lat' dir='ltr'><strong>Semlones</strong></span> <span class='ocrx_word' id='word_1_265' title='bbox 1652 2248 1782 2304; x_wconf 89' lang='lat' dir='ltr'><strong>Vin</strong></span> 
     </span>
    </p>
   </div>
   <div class='ocr_carea' id='block_1_36' title="bbox 205 2341 1782 2414">
    <p class='ocr_par' dir='ltr' id='par_1_36' title="bbox 205 2341 1782 2414">
     <span class='ocr_line' id='line_1_36' title="bbox 205 2341 1782 2414; baseline -0.004 -12"><span class='ocrx_word' id='word_1_266' title='bbox 205 2347 510 2403; x_wconf 82' lang='lat' dir='ltr'><strong>Orationem</strong></span> <span class='ocrx_word' id='word_1_267' title='bbox 549 2347 918 2413; x_wconf 87' lang='lat' dir='ltr'><strong>Dominicam;</strong></span> <span class='ocrx_word' id='word_1_268' title='bbox 961 2345 1017 2401; x_wconf 93' lang='lat' dir='ltr'><strong>in</strong></span> <span class='ocrx_word' id='word_1_269' title='bbox 1057 2361 1200 2400; x_wconf 86' lang='lat' dir='ltr'><strong>nova</strong></span> <span class='ocrx_word' id='word_1_270' title='bbox 1241 2343 1478 2399; x_wconf 89' lang='lat' dir='ltr'><strong>editione</strong></span> <span class='ocrx_word' id='word_1_271' title='bbox 1512 2341 1782 2414; x_wconf 73' lang='lat' dir='ltr'><strong>Spicilegii</strong></span> 
     </span>
    </p>
   </div>
   <div class='ocr_carea' id='block_1_37' title="bbox 207 2432 1784 2511">
    <p class='ocr_par' dir='ltr' id='par_1_37' title="bbox 207 2432 1784 2511">
     <span class='ocr_line' id='line_1_37' title="bbox 207 2432 1784 2511; baseline -0.004 -17"><span class='ocrx_word' id='word_1_272' title='bbox 207 2439 348 2495; x_wconf 67' lang='lat' dir='ltr'><strong>Luce</strong></span> <span class='ocrx_word' id='word_1_273' title='bbox 381 2439 681 2511; x_wconf 82' lang='lat' dir='ltr'><strong>D’Achery,</strong></span> <span class='ocrx_word' id='word_1_274' title='bbox 712 2453 873 2509; x_wconf 87' lang='lat' dir='ltr'><strong>quam</strong></span> <span class='ocrx_word' id='word_1_275' title='bbox 900 2438 1108 2494; x_wconf 89' lang='lat' dir='ltr'><strong>curavit</strong></span> <span class='ocrx_word' id='word_1_276' title='bbox 1135 2435 1427 2492; x_wconf 78' lang='lat' dir='ltr'><strong>Ludovicus</strong></span> <span class='ocrx_word' id='word_1_277' title='bbox 1458 2433 1656 2489; x_wconf 86' lang='lat' dir='ltr'><strong>Franc.</strong></span> <span class='ocrx_word' id='word_1_278' title='bbox 1687 2432 1784 2488; x_wconf 80' lang='lat' dir='ltr'><strong>Jo-</strong></span> 
     </span>
    </p>
   </div>
   <div class='ocr_carea' id='block_1_38' title="bbox 206 2525 1553 2603">
    <p class='ocr_par' dir='ltr' id='par_1_38' title="bbox 206 2525 1553 2603">
     <span class='ocr_line' id='line_1_38' title="bbox 206 2525 1553 2603; baseline -0.004 -18"><span class='ocrx_word' id='word_1_279' title='bbox 206 2531 318 2603; x_wconf 77' lang='lat' dir='ltr'><strong>seph</strong></span> <span class='ocrx_word' id='word_1_280' title='bbox 336 2531 402 2585; x_wconf 81' lang='lat' dir='ltr'><strong>de</strong></span> <span class='ocrx_word' id='word_1_281' title='bbox 420 2529 504 2585; x_wconf 89' lang='lat' dir='ltr'><strong>La</strong></span> <span class='ocrx_word' id='word_1_282' title='bbox 537 2529 700 2586; x_wconf 87' lang='lat' dir='ltr'><strong>Barre</strong></span> <span class='ocrx_word' id='word_1_283' title='bbox 724 2538 875 2585; x_wconf 90' lang='lat' dir='ltr'><strong>tomo</strong></span> <span class='ocrx_word' id='word_1_284' title='bbox 901 2528 943 2594; x_wconf 88' lang='grc' dir='ltr'><strong>ι,</strong></span> <span class='ocrx_word' id='word_1_285' title='bbox 973 2542 1131 2600; x_wconf 91' lang='lat' dir='ltr'><strong>pagg.</strong></span> <span class='ocrx_word' id='word_1_286' title='bbox 1163 2527 1249 2594; x_wconf 74' lang='grc'><strong>41,</strong></span> <span class='ocrx_word' id='word_1_287' title='bbox 1273 2525 1553 2580; x_wconf 72' lang='grc'><strong>215-221.</strong></span> 
     </span>
    </p>
   </div>
   <div class='ocr_carea' id='block_1_39' title="bbox 269 2619 1778 2694">
    <p class='ocr_par' dir='ltr' id='par_1_39' title="bbox 269 2619 1778 2694">
     <span class='ocr_line' id='line_1_39' title="bbox 269 2619 1778 2694; baseline -0.003 -16"><span class='ocrx_word' id='word_1_288' title='bbox 269 2622 402 2678; x_wconf 88' lang='lat' dir='ltr'><strong>Vide</strong></span> <span class='ocrx_word' id='word_1_289' title='bbox 429 2638 552 2694; x_wconf 62' lang='lat' dir='ltr'><strong>quas</strong></span> <span class='ocrx_word' id='word_1_290' title='bbox 580 2623 728 2679; x_wconf 89' lang='lat' dir='ltr'><strong>dicta</strong></span> <span class='ocrx_word' id='word_1_291' title='bbox 755 2629 882 2679; x_wconf 91' lang='lat' dir='ltr'><strong>sunt</strong></span> <span class='ocrx_word' id='word_1_292' title='bbox 910 2621 1197 2678; x_wconf 86' lang='lat' dir='ltr'><strong>occasione</strong></span> <span class='ocrx_word' id='word_1_293' title='bbox 1226 2619 1482 2676; x_wconf 85' lang='lat' dir='ltr'><strong>editionis</strong></span> <span class='ocrx_word' id='word_1_294' title='bbox 1508 2620 1696 2690; x_wconf 65' lang='lat' dir='ltr'><strong>prima:</strong></span> <span class='ocrx_word' id='word_1_295' title='bbox 1728 2635 1778 2675; x_wconf 90' lang='lat' dir='ltr'><strong>a.</strong></span> 
     </span>
    </p>
   </div>
   <div class='ocr_carea' id='block_1_40' title="bbox 207 2715 604 2772">
    <p class='ocr_par' dir='ltr' id='par_1_40' title="bbox 207 2715 604 2772">
     <span class='ocr_line' id='line_1_40' title="bbox 207 2715 604 2772; baseline -0.003 -2"><span class='ocrx_word' id='word_1_296' title='bbox 207 2715 331 2770; x_wconf 88' lang='grc'>1666</span> <span class='ocrx_word' id='word_1_297' title='bbox 361 2725 417 2772; x_wconf 90' lang='lat' dir='ltr'><strong>et</strong></span> <span class='ocrx_word' id='word_1_298' title='bbox 445 2715 604 2770; x_wconf 70' lang='grc'><strong>1672.</strong></span> 
     </span>
    </p>
   </div>
   <div class='ocr_carea' id='block_1_41' title="bbox 272 2803 1779 2879">
    <p class='ocr_par' dir='ltr' id='par_1_41' title="bbox 272 2803 1779 2879">
     <span class='ocr_line' id='line_1_41' title="bbox 272 2803 1779 2879; baseline -0.002 -19"><span class='ocrx_word' id='word_1_299' title='bbox 272 2806 426 2861; x_wconf 68' lang='grc'><strong>1742.</strong></span> <span class='ocrx_word' id='word_1_300' title='bbox 478 2806 728 2871; x_wconf 75' lang='lat' dir='ltr'><strong>Venetiis,</strong></span> <span class='ocrx_word' id='word_1_301' title='bbox 761 2806 901 2879; x_wconf 72' lang='lat' dir='ltr'><strong>apud</strong></span> <span class='ocrx_word' id='word_1_302' title='bbox 935 2807 1280 2878; x_wconf 81' lang='lat' dir='ltr'><strong>Augustinum</strong></span> <span class='ocrx_word' id='word_1_303' title='bbox 1315 2803 1546 2869; x_wconf 86' lang='lat' dir='ltr'><strong>Savioli;</strong></span> <span class='ocrx_word' id='word_1_304' title='bbox 1576 2803 1779 2876; x_wconf 67' lang='lat' dir='ltr'><strong>iit-fol.</strong></span> 
     </span>
    </p>
   </div>
   <div class='ocr_carea' id='block_1_42' title="bbox 207 2893 1784 2971">
    <p class='ocr_par' dir='ltr' id='par_1_42' title="bbox 207 2893 1784 2971">
     <span class='ocr_line' id='line_1_42' title="bbox 207 2893 1784 2971; baseline -0.004 -16"><span class='ocrx_word' id='word_1_305' title='bbox 207 2899 384 2955; x_wconf 85' lang='lat' dir='ltr'><strong>Sancti</strong></span> <span class='ocrx_word' id='word_1_306' title='bbox 415 2897 560 2955; x_wconf 81' lang='lat' dir='ltr'><strong>Petri</strong></span> <span class='ocrx_word' id='word_1_307' title='bbox 599 2897 920 2971; x_wconf 84' lang='lat' dir='ltr'><strong>Chrysologi</strong></span> <span class='ocrx_word' id='word_1_308' title='bbox 959 2895 1458 2953; x_wconf 88' lang='lat' dir='ltr'><strong>Forocorneliensis</strong></span> <span class='ocrx_word' id='word_1_309' title='bbox 1498 2893 1784 2948; x_wconf 77' lang='lat' dir='ltr'><strong>Ravenna-</strong></span> 
     </span>
    </p>
   </div>
   <div class='ocr_carea' id='block_1_43' title="bbox 208 2986 1786 3061">
    <p class='ocr_par' dir='ltr' id='par_1_43' title="bbox 208 2986 1786 3061">
     <span class='ocr_line' id='line_1_43' title="bbox 208 2986 1786 3061; baseline -0.003 -16"><span class='ocrx_word' id='word_1_310' title='bbox 208 3000 316 3047; x_wconf 87' lang='lat' dir='ltr'><strong>tum</strong></span> <span class='ocrx_word' id='word_1_311' title='bbox 346 2990 736 3061; x_wconf 86' lang='lat' dir='ltr'><strong>archiepiscopi</strong></span> <span class='ocrx_word' id='word_1_312' title='bbox 755 2987 933 3060; x_wconf 89' lang='lat' dir='ltr'><strong>Opera</strong></span> <span class='ocrx_word' id='word_1_313' title='bbox 961 2989 1141 3044; x_wconf 87' lang='lat' dir='ltr'><strong>omnia</strong></span> <span class='ocrx_word' id='word_1_314' title='bbox 1169 3002 1292 3044; x_wconf 90' lang='lat' dir='ltr'><strong>cum</strong></span> <span class='ocrx_word' id='word_1_315' title='bbox 1321 2986 1786 3042; x_wconf 88' lang='lat' dir='ltr'><strong>observationibus</strong></span> 
     </span>
    </p>
   </div>
   <div class='ocr_carea' id='block_1_44' title="bbox 206 3075 1785 3151">
    <p class='ocr_par' dir='ltr' id='par_1_44' title="bbox 206 3075 1785 3151">
     <span class='ocr_line' id='line_1_44' title="bbox 206 3075 1785 3151; baseline -0.003 -14"><span class='ocrx_word' id='word_1_316' title='bbox 206 3090 265 3137; x_wconf 89' lang='lat' dir='ltr'><strong>et</strong></span> <span class='ocrx_word' id='word_1_317' title='bbox 304 3082 482 3137; x_wconf 82' lang='lat' dir='ltr'><strong>indice</strong></span> <span class='ocrx_word' id='word_1_318' title='bbox 517 3095 693 3135; x_wconf 86' lang='lat' dir='ltr'><strong>rerum</strong></span> <span class='ocrx_word' id='word_1_319' title='bbox 720 3079 1150 3151; x_wconf 89' lang='lat' dir='ltr'><strong>locupletissimo</strong></span> <span class='ocrx_word' id='word_1_320' title='bbox 1177 3077 1442 3134; x_wconf 83' lang='lat' dir='ltr'><strong>Dominici</strong></span> <span class='ocrx_word' id='word_1_321' title='bbox 1474 3076 1641 3132; x_wconf 74' lang='lat' dir='ltr'><strong>Mitw.</strong></span> <span class='ocrx_word' id='word_1_322' title='bbox 1683 3075 1785 3133; x_wconf 86' lang='lat' dir='ltr'><strong>Ac-</strong></span> 
     </span>
    </p>
   </div>
   <div class='ocr_carea' id='block_1_45' title="bbox 205 3167 1784 3241">
    <p class='ocr_par' dir='ltr' id='par_1_45' title="bbox 205 3167 1784 3241">
     <span class='ocr_line' id='line_1_45' title="bbox 205 3167 1784 3241; baseline -0.004 -13"><span class='ocrx_word' id='word_1_323' title='bbox 205 3185 424 3228; x_wconf 83' lang='lat' dir='ltr'><strong>cessere</strong></span> <span class='ocrx_word' id='word_1_324' title='bbox 452 3179 706 3241; x_wconf 74' lang='lat' dir='ltr'><strong>przeterea</strong></span> <span class='ocrx_word' id='word_1_325' title='bbox 735 3171 790 3224; x_wconf 93' lang='lat' dir='ltr'><strong>in</strong></span> <span class='ocrx_word' id='word_1_326' title='bbox 817 3170 922 3226; x_wconf 88' lang='lat' dir='ltr'><strong>hac</strong></span> <span class='ocrx_word' id='word_1_327' title='bbox 948 3178 1132 3225; x_wconf 90' lang='lat' dir='ltr'><strong>nostra</strong></span> <span class='ocrx_word' id='word_1_328' title='bbox 1160 3169 1396 3225; x_wconf 90' lang='lat' dir='ltr'><strong>editione</strong></span> <span class='ocrx_word' id='word_1_329' title='bbox 1423 3168 1480 3224; x_wconf 90' lang='lat' dir='ltr'><strong>S.</strong></span> <span class='ocrx_word' id='word_1_330' title='bbox 1513 3167 1784 3223; x_wconf 88' lang='lat' dir='ltr'><strong>Valeriani</strong></span> 
     </span>
    </p>
   </div>
   <div class='ocr_carea' id='block_1_46' title="bbox 205 3259 1656 3332">
    <p class='ocr_par' dir='ltr' id='par_1_46' title="bbox 205 3259 1656 3332">
     <span class='ocr_line' id='line_1_46' title="bbox 205 3259 1656 3332; baseline -0.003 -14"><span class='ocrx_word' id='word_1_331' title='bbox 205 3259 553 3318; x_wconf 85' lang='lat' dir='ltr'><strong>Cemeliensis</strong></span> <span class='ocrx_word' id='word_1_332' title='bbox 579 3262 822 3332; x_wconf 90' lang='lat' dir='ltr'><strong>episcopi</strong></span> <span class='ocrx_word' id='word_1_333' title='bbox 851 3260 1097 3316; x_wconf 73' lang='lat' dir='ltr'><strong>Homilizn</strong></span> <span class='ocrx_word' id='word_1_334' title='bbox 1125 3268 1395 3330; x_wconf 89' lang='lat' dir='ltr'><strong>quotquot</strong></span> <span class='ocrx_word' id='word_1_335' title='bbox 1422 3267 1656 3315; x_wconf 80' lang='lat' dir='ltr'><strong>exstant.</strong></span> 
     </span>
    </p>
   </div>
   <div class='ocr_carea' id='block_1_47' title="bbox 276 3353 1786 3427">
    <p class='ocr_par' dir='ltr' id='par_1_47' title="bbox 276 3353 1786 3427">
     <span class='ocr_line' id='line_1_47' title="bbox 276 3353 1786 3427; baseline 0 -17"><span class='ocrx_word' id='word_1_336' title='bbox 276 3355 588 3427; x_wconf 59' lang='lat' dir='ltr'><strong>Bibliopolas</strong></span> <span class='ocrx_word' id='word_1_337' title='bbox 633 3356 880 3411; x_wconf 86' lang='lat' dir='ltr'><strong>instituto</strong></span> <span class='ocrx_word' id='word_1_338' title='bbox 920 3354 1278 3410; x_wconf 91' lang='lat' dir='ltr'><strong>Bononiensis</strong></span> <span class='ocrx_word' id='word_1_339' title='bbox 1327 3369 1378 3408; x_wconf 91' lang='lat' dir='ltr'><strong>a.</strong></span> <span class='ocrx_word' id='word_1_340' title='bbox 1436 3353 1575 3408; x_wconf 73' lang='grc'><strong>1645</strong></span> <span class='ocrx_word' id='word_1_341' title='bbox 1620 3353 1786 3411; x_wconf 92' lang='lat' dir='ltr'><strong>editio</strong></span> 
     </span>
    </p>
   </div>
   <div class='ocr_carea' id='block_1_48' title="bbox 211 3445 1785 3514">
    <p class='ocr_par' dir='ltr' id='par_1_48' title="bbox 211 3445 1785 3514">
     <span class='ocr_line' id='line_1_48' title="bbox 211 3445 1785 3514; baseline -0.003 -9"><span class='ocrx_word' id='word_1_342' title='bbox 211 3458 446 3506; x_wconf 79' lang='lat' dir='ltr'><strong>accurate</strong></span> <span class='ocrx_word' id='word_1_343' title='bbox 459 3464 654 3505; x_wconf 90' lang='lat' dir='ltr'><strong>recusa</strong></span> <span class='ocrx_word' id='word_1_344' title='bbox 669 3456 726 3504; x_wconf 92' lang='lat' dir='ltr'><strong>et</strong></span> <span class='ocrx_word' id='word_1_345' title='bbox 743 3447 893 3504; x_wconf 87' lang='lat' dir='ltr'><strong>cultu</strong></span> <span class='ocrx_word' id='word_1_346' title='bbox 913 3463 1022 3503; x_wconf 93' lang='lat' dir='ltr'><strong>non</strong></span> <span class='ocrx_word' id='word_1_347' title='bbox 1042 3447 1272 3502; x_wconf 90' lang='lat' dir='ltr'><strong>honesto</strong></span> <span class='ocrx_word' id='word_1_348' title='bbox 1293 3445 1476 3514; x_wconf 92' lang='lat' dir='ltr'><strong>modo,</strong></span> <span class='ocrx_word' id='word_1_349' title='bbox 1503 3445 1601 3501; x_wconf 90' lang='lat' dir='ltr'><strong>sed</strong></span> <span class='ocrx_word' id='word_1_350' title='bbox 1621 3447 1785 3502; x_wconf 87' lang='lat' dir='ltr'><strong>etiam</strong></span> 
     </span>
    </p>
   </div>
   <div class='ocr_carea' id='block_1_49' title="bbox 210 3541 824 3611">
    <p class='ocr_par' dir='ltr' id='par_1_49' title="bbox 210 3541 824 3611">
     <span class='ocr_line' id='line_1_49' title="bbox 210 3541 824 3611; baseline -0.003 -14"><span class='ocrx_word' id='word_1_351' title='bbox 210 3541 480 3611; x_wconf 81' lang='lat' dir='ltr'><strong>magniﬁco</strong></span> <span class='ocrx_word' id='word_1_352' title='bbox 507 3541 696 3596; x_wconf 87' lang='lat' dir='ltr'><strong>dotata</strong></span> <span class='ocrx_word' id='word_1_353' title='bbox 723 3548 824 3596; x_wconf 85' lang='lat' dir='ltr'><strong>est.</strong></span> 
     </span>
    </p>
   </div>
   <div class='ocr_carea' id='block_1_50' title="bbox 275 3628 1788 3705">
    <p class='ocr_par' dir='ltr' id='par_1_50' title="bbox 275 3628 1788 3705">
     <span class='ocr_line' id='line_1_50' title="bbox 275 3628 1788 3705; baseline 0 -19"><span class='ocrx_word' id='word_1_354' title='bbox 275 3633 427 3688; x_wconf 72' lang='lat'><strong>1750.</strong></span> <span class='ocrx_word' id='word_1_355' title='bbox 479 3633 710 3688; x_wconf 81' lang='lat' dir='ltr'><strong>Venetiis</strong></span> <span class='ocrx_word' id='word_1_356' title='bbox 730 3674 742 3686; x_wconf 91' lang='lat'><strong>.</strong></span> <span class='ocrx_word' id='word_1_357' title='bbox 766 3673 779 3686; x_wconf 98' lang='lat'><strong>.</strong></span> <span class='ocrx_word' id='word_1_358' title='bbox 803 3673 816 3686; x_wconf 97' lang='lat'><strong>.</strong></span> <span class='ocrx_word' id='word_1_359' title='bbox 839 3673 852 3685; x_wconf 95' lang='lat'><strong>.</strong></span> <span class='ocrx_word' id='word_1_360' title='bbox 875 3673 888 3686; x_wconf 95' lang='lat'><strong>.</strong></span> <span class='ocrx_word' id='word_1_361' title='bbox 925 3633 1109 3705; x_wconf 73' lang='lat' dir='ltr'><strong>iri-fol.</strong></span> <span class='ocrx_word' id='word_1_362' title='bbox 1153 3629 1339 3687; x_wconf 86' lang='lat' dir='ltr'><strong>Sancti</strong></span> <span class='ocrx_word' id='word_1_363' title='bbox 1379 3629 1525 3686; x_wconf 90' lang='lat' dir='ltr'><strong>Petri</strong></span> <span class='ocrx_word' id='word_1_364' title='bbox 1551 3628 1788 3703; x_wconf 86' lang='lat' dir='ltr'><strong>Chryso-</strong></span> 
     </span>
    </p>
   </div>
   <div class='ocr_carea' id='block_1_51' title="bbox 207 3720 1787 3797">
    <p class='ocr_par' dir='ltr' id='par_1_51' title="bbox 207 3720 1787 3797">
     <span class='ocr_line' id='line_1_51' title="bbox 207 3720 1787 3797; baseline -0.003 -16"><span class='ocrx_word' id='word_1_365' title='bbox 207 3723 309 3794; x_wconf 83' lang='lat' dir='ltr'><strong>logi</strong></span> <span class='ocrx_word' id='word_1_366' title='bbox 335 3723 514 3797; x_wconf 85' lang='lat' dir='ltr'><strong>Opera</strong></span> <span class='ocrx_word' id='word_1_367' title='bbox 533 3724 718 3780; x_wconf 91' lang='lat' dir='ltr'><strong>omnia</strong></span> <span class='ocrx_word' id='word_1_368' title='bbox 746 3723 816 3779; x_wconf 90' lang='lat' dir='ltr'><strong>ad</strong></span> <span class='ocrx_word' id='word_1_369' title='bbox 843 3723 1059 3780; x_wconf 87' lang='lat' dir='ltr'><strong>codices</strong></span> <span class='ocrx_word' id='word_1_370' title='bbox 1077 3738 1204 3779; x_wconf 87' lang='lat' dir='ltr'><strong>mss.</strong></span> <span class='ocrx_word' id='word_1_371' title='bbox 1238 3723 1507 3779; x_wconf 86' lang='lat' dir='ltr'><strong>recensita</strong></span> <span class='ocrx_word' id='word_1_372' title='bbox 1535 3737 1567 3777; x_wconf 89' lang='lat' dir='ltr'><strong>a</strong></span> <span class='ocrx_word' id='word_1_373' title='bbox 1595 3720 1657 3776; x_wconf 93' lang='lat' dir='ltr'><strong>P.</strong></span> <span class='ocrx_word' id='word_1_374' title='bbox 1691 3721 1787 3777; x_wconf 90' lang='lat' dir='ltr'><strong>Se-</strong></span> 
     </span>
    </p>
   </div>
   <div class='ocr_carea' id='block_1_52' title="bbox 207 3813 1789 3888">
    <p class='ocr_par' dir='ltr' id='par_1_52' title="bbox 207 3813 1789 3888">
     <span class='ocr_line' id='line_1_52' title="bbox 207 3813 1789 3888; baseline -0.003 -15"><span class='ocrx_word' id='word_1_375' title='bbox 207 3820 434 3874; x_wconf 75' lang='lat' dir='ltr'><strong>bastiano</strong></span> <span class='ocrx_word' id='word_1_376' title='bbox 476 3817 638 3873; x_wconf 84' lang='lat' dir='ltr'><strong>Pauli</strong></span> <span class='ocrx_word' id='word_1_377' title='bbox 676 3815 888 3874; x_wconf 85' lang='lat' dir='ltr'><strong>Clerico</strong></span> <span class='ocrx_word' id='word_1_378' title='bbox 934 3817 1066 3888; x_wconf 83' lang='lat' dir='ltr'><strong>Reg.</strong></span> <span class='ocrx_word' id='word_1_379' title='bbox 1113 3815 1564 3885; x_wconf 87' lang='lat' dir='ltr'><strong>Congregationis</strong></span> <span class='ocrx_word' id='word_1_380' title='bbox 1603 3813 1789 3869; x_wconf 81' lang='lat' dir='ltr'><strong>Matris</strong></span> 
     </span>
    </p>
   </div>
   <div class='ocr_carea' id='block_1_53' title="bbox 207 3909 603 3968">
    <p class='ocr_par' dir='ltr' id='par_1_53' title="bbox 207 3909 603 3968">
     <span class='ocr_line' id='line_1_53' title="bbox 207 3909 603 3968; baseline -0.005 0"><span class='ocrx_word' id='word_1_381' title='bbox 207 3909 296 3968; x_wconf 86' lang='lat' dir='ltr'><strong>Dei</strong></span> <span class='ocrx_word' id='word_1_382' title='bbox 323 3912 603 3968; x_wconf 87' lang='lat' dir='ltr'><strong>Lucensis.</strong></span> 
     </span>
    </p>
   </div>
   <div class='ocr_carea' id='block_1_54' title="bbox 272 4000 1784 4070">
    <p class='ocr_par' dir='ltr' id='par_1_54' title="bbox 272 4000 1784 4070">
     <span class='ocr_line' id='line_1_54' title="bbox 272 4000 1784 4070; baseline -0.004 -10"><span class='ocrx_word' id='word_1_383' title='bbox 272 4005 346 4060; x_wconf 90' lang='lat' dir='ltr'><strong>De</strong></span> <span class='ocrx_word' id='word_1_384' title='bbox 375 4006 480 4062; x_wconf 87' lang='lat' dir='ltr'><strong>hac</strong></span> <span class='ocrx_word' id='word_1_385' title='bbox 521 4005 762 4060; x_wconf 89' lang='lat' dir='ltr'><strong>editione</strong></span> <span class='ocrx_word' id='word_1_386' title='bbox 801 4020 912 4059; x_wconf 91' lang='lat' dir='ltr'><strong>non</strong></span> <span class='ocrx_word' id='word_1_387' title='bbox 953 4003 1057 4058; x_wconf 90' lang='lat' dir='ltr'><strong>nisi</strong></span> <span class='ocrx_word' id='word_1_388' title='bbox 1097 4018 1165 4059; x_wconf 92' lang='lat' dir='ltr'><strong>ex</strong></span> <span class='ocrx_word' id='word_1_389' title='bbox 1207 4003 1274 4057; x_wconf 88' lang='lat' dir='ltr'><strong>iis</strong></span> <span class='ocrx_word' id='word_1_390' title='bbox 1302 4008 1536 4068; x_wconf 89' lang='lat' dir='ltr'><strong>constat,</strong></span> <span class='ocrx_word' id='word_1_391' title='bbox 1567 4015 1689 4070; x_wconf 71' lang='lat' dir='ltr'><strong>quae</strong></span> <span class='ocrx_word' id='word_1_392' title='bbox 1717 4000 1784 4056; x_wconf 93' lang='lat' dir='ltr'><strong>cl.</strong></span> 
     </span>
    </p>
   </div>
   <div class='ocr_carea' id='block_1_55' title="bbox 209 4091 1790 4152">
    <p class='ocr_par' dir='ltr' id='par_1_55' title="bbox 209 4091 1790 4152">
     <span class='ocr_line' id='line_1_55' title="bbox 209 4091 1790 4152; baseline -0.002 -2"><span class='ocrx_word' id='word_1_393' title='bbox 209 4091 441 4151; x_wconf 73' lang='lat' dir='ltr'><strong>Haasius</strong></span> <span class='ocrx_word' id='word_1_394' title='bbox 483 4097 538 4152; x_wconf 92' lang='lat' dir='ltr'><strong>in</strong></span> <span class='ocrx_word' id='word_1_395' title='bbox 578 4097 910 4152; x_wconf 81' lang='lat' dir='ltr'><strong>Bibliotheca</strong></span> <span class='ocrx_word' id='word_1_396' title='bbox 948 4094 1266 4150; x_wconf 90' lang='lat' dir='ltr'><strong>Fabriciana</strong></span> <span class='ocrx_word' id='word_1_397' title='bbox 1285 4092 1476 4148; x_wconf 68' lang='lat' dir='ltr'><strong>media:</strong></span> <span class='ocrx_word' id='word_1_398' title='bbox 1512 4101 1567 4148; x_wconf 93' lang='lat' dir='ltr'><strong>et</strong></span> <span class='ocrx_word' id='word_1_399' title='bbox 1595 4092 1790 4147; x_wconf 71' lang='lat' dir='ltr'><strong>intimas</strong></span> 
     </span>
    </p>
   </div>
   <div class='ocr_carea' id='block_1_56' title="bbox 208 4181 1790 4258">
    <p class='ocr_par' dir='ltr' id='par_1_56' title="bbox 208 4181 1790 4258">
     <span class='ocr_line' id='line_1_56' title="bbox 208 4181 1790 4258; baseline -0.003 -16"><span class='ocrx_word' id='word_1_400' title='bbox 208 4184 511 4242; x_wconf 86' lang='lat' dir='ltr'><strong>Latinitatis</strong></span> <span class='ocrx_word' id='word_1_401' title='bbox 542 4186 605 4241; x_wconf 92' lang='lat' dir='ltr'><strong>T.</strong></span> <span class='ocrx_word' id='word_1_402' title='bbox 643 4187 707 4253; x_wconf 89' lang='lat' dir='ltr'><strong>V,</strong></span> <span class='ocrx_word' id='word_1_403' title='bbox 743 4201 867 4258; x_wconf 86' lang='lat' dir='ltr'><strong>pag.</strong></span> <span class='ocrx_word' id='word_1_404' title='bbox 901 4185 1022 4252; x_wconf 71' lang='lat'><strong>255,</strong></span> <span class='ocrx_word' id='word_1_405' title='bbox 1056 4185 1123 4240; x_wconf 92' lang='lat' dir='ltr'><strong>ad</strong></span> <span class='ocrx_word' id='word_1_406' title='bbox 1151 4183 1504 4255; x_wconf 89' lang='lat' dir='ltr'><strong>supplendam</strong></span> <span class='ocrx_word' id='word_1_407' title='bbox 1523 4183 1590 4238; x_wconf 92' lang='lat' dir='ltr'><strong>de</strong></span> <span class='ocrx_word' id='word_1_408' title='bbox 1616 4181 1790 4256; x_wconf 84' lang='lat' dir='ltr'><strong>Chry-</strong></span> 
     </span>
    </p>
   </div>
   <div class='ocr_carea' id='block_1_57' title="bbox 206 4274 1791 4350">
    <p class='ocr_par' dir='ltr' id='par_1_57' title="bbox 206 4274 1791 4350">
     <span class='ocr_line' id='line_1_57' title="bbox 206 4274 1791 4350; baseline -0.003 -16"><span class='ocrx_word' id='word_1_409' title='bbox 206 4279 388 4350; x_wconf 87' lang='lat' dir='ltr'><strong>sologo</strong></span> <span class='ocrx_word' id='word_1_410' title='bbox 430 4279 683 4334; x_wconf 88' lang='lat' dir='ltr'><strong>notitiam</strong></span> <span class='ocrx_word' id='word_1_411' title='bbox 729 4279 994 4334; x_wconf 90' lang='lat' dir='ltr'><strong>recitavit.</strong></span> <span class='ocrx_word' id='word_1_412' title='bbox 1060 4297 1079 4328; x_wconf 75' lang='grc' dir='ltr'>ι</span> <span class='ocrx_word' id='word_1_413' title='bbox 1106 4275 1225 4331; x_wconf 83' lang='lat' dir='ltr'><strong>Non</strong></span> <span class='ocrx_word' id='word_1_414' title='bbox 1255 4283 1338 4331; x_wconf 90' lang='lat' dir='ltr'><strong>est</strong></span> <span class='ocrx_word' id='word_1_415' title='bbox 1359 4317 1374 4343; x_wconf 98' lang='lat'><strong>,</strong></span> <span class='ocrx_word' id='word_1_416' title='bbox 1406 4290 1502 4331; x_wconf 92' lang='lat' dir='ltr'><strong>cur</strong></span> <span class='ocrx_word' id='word_1_417' title='bbox 1535 4274 1624 4329; x_wconf 93' lang='lat' dir='ltr'><strong>hic</strong></span> <span class='ocrx_word' id='word_1_418' title='bbox 1650 4289 1791 4345; x_wconf 61' lang='lat' dir='ltr'><strong>pra:-</strong></span> 
     </span>
    </p>
   </div>
   <div class='ocr_carea' id='block_1_58' title="bbox 179 4363 1794 4439">
    <p class='ocr_par' dir='ltr' id='par_1_58' title="bbox 179 4363 1794 4439">
     <span class='ocr_line' id='line_1_58' title="bbox 179 4363 1794 4439; baseline -0.005 -14"><span class='ocrx_word' id='word_1_419' title='bbox 179 4379 423 4438; x_wconf 7' lang='lat' dir='ltr'><strong>gtercam,</strong></span> <span class='ocrx_word' id='word_1_420' title='bbox 461 4371 667 4439; x_wconf 88' lang='lat' dir='ltr'><strong>inquit,</strong></span> <span class='ocrx_word' id='word_1_421' title='bbox 698 4385 860 4439; x_wconf 89' lang='lat' dir='ltr'><strong>quam</strong></span> <span class='ocrx_word' id='word_1_422' title='bbox 889 4369 989 4424; x_wconf 86' lang='lat' dir='ltr'><strong>sub</strong></span> <span class='ocrx_word' id='word_1_423' title='bbox 1029 4368 1148 4438; x_wconf 89' lang='lat' dir='ltr'><strong>ipso</strong></span> <span class='ocrx_word' id='word_1_424' title='bbox 1187 4382 1329 4421; x_wconf 87' lang='lat' dir='ltr'><strong>anno</strong></span> <span class='ocrx_word' id='word_1_425' title='bbox 1367 4381 1466 4421; x_wconf 92' lang='lat' dir='ltr'><strong>suo</strong></span> <span class='ocrx_word' id='word_1_426' title='bbox 1506 4363 1794 4420; x_wconf 88' lang='lat' dir='ltr'><strong>emortuali</strong></span> 
     </span>
    </p>
   </div>
   <div class='ocr_carea' id='block_1_59' title="bbox 177 4445 1790 4537">
    <p class='ocr_par' dir='ltr' id='par_1_59' title="bbox 177 4445 1790 4537">
     <span class='ocr_line' id='line_1_59' title="bbox 177 4445 1790 4537; baseline -0.004 -21"><span class='ocrx_word' id='word_1_427' title='bbox 177 4445 476 4537; x_wconf 56' lang='lat' dir='ltr'><strong>ievulgavit</strong></span> <span class='ocrx_word' id='word_1_428' title='bbox 525 4461 609 4537; x_wconf 71' lang='lat' dir='ltr'><strong>vir</strong></span> <span class='ocrx_word' id='word_1_429' title='bbox 653 4461 721 4516; x_wconf 93' lang='lat' dir='ltr'><strong>cl.</strong></span> <span class='ocrx_word' id='word_1_430' title='bbox 787 4459 847 4514; x_wconf 88' lang='lat' dir='ltr'><strong>P.</strong></span> <span class='ocrx_word' id='word_1_431' title='bbox 897 4460 1243 4515; x_wconf 87' lang='lat' dir='ltr'><strong>Sebastianus</strong></span> <span class='ocrx_word' id='word_1_432' title='bbox 1281 4455 1432 4512; x_wconf 90' lang='lat' dir='ltr'><strong>Pauli</strong></span> <span class='ocrx_word' id='word_1_433' title='bbox 1478 4464 1790 4525; x_wconf 86' lang='lat' dir='ltr'><strong>congregat.</strong></span> 
     </span>
    </p>
   </div>
   <div class='ocr_carea' id='block_1_60' title="bbox 183 4535 1796 4619">
    <p class='ocr_par' dir='ltr' id='par_1_60' title="bbox 183 4535 1796 4619">
     <span class='ocr_line' id='line_1_60' title="bbox 183 4535 1796 4619; baseline -0.004 -12"><span class='ocrx_word' id='word_1_434' title='bbox 183 4535 387 4610; x_wconf 60' lang='grc' dir='ltr'><strong>’κου-ἦε</strong></span> <span class='ocrx_word' id='word_1_435' title='bbox 417 4553 516 4608; x_wconf 88' lang='lat' dir='ltr'><strong>Dei</strong></span> <span class='ocrx_word' id='word_1_436' title='bbox 534 4535 836 4619; x_wconf 81' lang='lat' dir='ltr'><strong>Lucensis,</strong></span> <span class='ocrx_word' id='word_1_437' title='bbox 907 4552 1108 4607; x_wconf 87' lang='lat' dir='ltr'><strong>sodalis</strong></span> <span class='ocrx_word' id='word_1_438' title='bbox 1147 4566 1298 4606; x_wconf 89' lang='lat' dir='ltr'><strong>meus</strong></span> <span class='ocrx_word' id='word_1_439' title='bbox 1331 4549 1709 4605; x_wconf 86' lang='lat' dir='ltr'><strong>dilectissimus</strong></span> <span class='ocrx_word' id='word_1_440' title='bbox 1741 4557 1796 4601; x_wconf 88' lang='lat' dir='ltr'><strong>et</strong></span> 
     </span>
    </p>
   </div>
   <div class='ocr_carea' id='block_1_61' title="bbox 1884 1980 3467 2054">
    <p class='ocr_par' dir='ltr' id='par_1_61' title="bbox 1884 1980 3467 2054">
     <span class='ocr_line' id='line_1_61' title="bbox 1884 1980 3467 2054; baseline -0.002 -17"><span class='ocrx_word' id='word_1_441' title='bbox 1884 1997 1953 2037; x_wconf 91' lang='lat' dir='ltr'><strong>ex</strong></span> <span class='ocrx_word' id='word_1_442' title='bbox 1982 1982 2089 2037; x_wconf 92' lang='lat' dir='ltr'><strong>illis</strong></span> <span class='ocrx_word' id='word_1_443' title='bbox 2118 1982 2502 2039; x_wconf 83' lang='lat' dir='ltr'><strong>conferendam</strong></span> <span class='ocrx_word' id='word_1_444' title='bbox 2532 1983 2801 2054; x_wconf 89' lang='lat' dir='ltr'><strong>assumpsi</strong></span> <span class='ocrx_word' id='word_1_445' title='bbox 2829 1999 2950 2038; x_wconf 87' lang='lat' dir='ltr'><strong>cum</strong></span> <span class='ocrx_word' id='word_1_446' title='bbox 2978 1981 3199 2037; x_wconf 89' lang='lat' dir='ltr'><strong>homilia</strong></span> <span class='ocrx_word' id='word_1_447' title='bbox 3226 1980 3467 2052; x_wconf 76' lang='lat' dir='ltr'><strong>Chryso-</strong></span> 
     </span>
    </p>
   </div>
   <div class='ocr_carea' id='block_1_62' title="bbox 1884 2073 3468 2145">
    <p class='ocr_par' dir='ltr' id='par_1_62' title="bbox 1884 2073 3468 2145">
     <span class='ocr_line' id='line_1_62' title="bbox 1884 2073 3468 2145; baseline 0 -17"><span class='ocrx_word' id='word_1_448' title='bbox 1884 2074 2032 2144; x_wconf 83' lang='lat' dir='ltr'><strong>logi,</strong></span> <span class='ocrx_word' id='word_1_449' title='bbox 2083 2090 2203 2144; x_wconf 63' lang='lat' dir='ltr'><strong>qua:</strong></span> <span class='ocrx_word' id='word_1_450' title='bbox 2249 2076 2390 2131; x_wconf 90' lang='lat' dir='ltr'><strong>inter</strong></span> <span class='ocrx_word' id='word_1_451' title='bbox 2434 2076 2608 2130; x_wconf 89' lang='lat' dir='ltr'><strong>editas</strong></span> <span class='ocrx_word' id='word_1_452' title='bbox 2645 2084 2728 2130; x_wconf 90' lang='lat' dir='ltr'><strong>est</strong></span> <span class='ocrx_word' id='word_1_453' title='bbox 2762 2073 2869 2130; x_wconf 84' lang='lat' dir='ltr'><strong>Cll.</strong></span> <span class='ocrx_word' id='word_1_454' title='bbox 2913 2073 3208 2145; x_wconf 87' lang='lat' dir='ltr'><strong>Utramque</strong></span> <span class='ocrx_word' id='word_1_455' title='bbox 3237 2089 3468 2129; x_wconf 87' lang='lat' dir='ltr'><strong>consen-</strong></span> 
     </span>
    </p>
   </div>
   <div class='ocr_carea' id='block_1_63' title="bbox 1885 2163 3472 2238">
    <p class='ocr_par' dir='ltr' id='par_1_63' title="bbox 1885 2163 3472 2238">
     <span class='ocr_line' id='line_1_63' title="bbox 1885 2163 3472 2238; baseline -0.001 -17"><span class='ocrx_word' id='word_1_456' title='bbox 1885 2167 2110 2222; x_wconf 90' lang='lat' dir='ltr'><strong>tientem</strong></span> <span class='ocrx_word' id='word_1_457' title='bbox 2139 2168 2351 2238; x_wconf 90' lang='lat' dir='ltr'><strong>reperi:</strong></span> <span class='ocrx_word' id='word_1_458' title='bbox 2385 2168 2545 2222; x_wconf 93' lang='lat' dir='ltr'><strong>simul</strong></span> <span class='ocrx_word' id='word_1_459' title='bbox 2577 2176 2754 2223; x_wconf 88' lang='lat' dir='ltr'><strong>tamen</strong></span> <span class='ocrx_word' id='word_1_460' title='bbox 2774 2167 2987 2236; x_wconf 84' lang='lat' dir='ltr'><strong>agnovi,</strong></span> <span class='ocrx_word' id='word_1_461' title='bbox 3019 2167 3197 2222; x_wconf 89' lang='lat' dir='ltr'><strong>hiulca</strong></span> <span class='ocrx_word' id='word_1_462' title='bbox 3225 2163 3472 2236; x_wconf 68' lang='lat' dir='ltr'><strong>quaedam</strong></span> 
     </span>
    </p>
   </div>
   <div class='ocr_carea' id='block_1_64' title="bbox 1887 2256 3472 2332">
    <p class='ocr_par' dir='ltr' id='par_1_64' title="bbox 1887 2256 3472 2332">
     <span class='ocr_line' id='line_1_64' title="bbox 1887 2256 3472 2332; baseline -0.001 -18"><span class='ocrx_word' id='word_1_463' title='bbox 1887 2275 2006 2315; x_wconf 90' lang='lat' dir='ltr'><strong>esse</strong></span> <span class='ocrx_word' id='word_1_464' title='bbox 2046 2261 2099 2315; x_wconf 92' lang='lat' dir='ltr'><strong>in</strong></span> <span class='ocrx_word' id='word_1_465' title='bbox 2142 2261 2288 2316; x_wconf 91' lang='lat' dir='ltr'><strong>edito</strong></span> <span class='ocrx_word' id='word_1_466' title='bbox 2312 2303 2326 2328; x_wconf 96' lang='lat'><strong>,</strong></span> <span class='ocrx_word' id='word_1_467' title='bbox 2371 2277 2493 2332; x_wconf 69' lang='lat' dir='ltr'><strong>quze</strong></span> <span class='ocrx_word' id='word_1_468' title='bbox 2534 2262 2748 2330; x_wconf 86' lang='lat' dir='ltr'><strong>egregie</strong></span> <span class='ocrx_word' id='word_1_469' title='bbox 2789 2259 3178 2330; x_wconf 84' lang='lat' dir='ltr'><strong>supplebantur</strong></span> <span class='ocrx_word' id='word_1_470' title='bbox 3217 2275 3247 2312; x_wconf 92' lang='lat' dir='ltr'><strong>a</strong></span> <span class='ocrx_word' id='word_1_471' title='bbox 3285 2256 3472 2313; x_wconf 83' lang='lat' dir='ltr'><strong>codice</strong></span> 
     </span>
    </p>
   </div>
   <div class='ocr_carea' id='block_1_65' title="bbox 1886 2350 3473 2419">
    <p class='ocr_par' dir='ltr' id='par_1_65' title="bbox 1886 2350 3473 2419">
     <span class='ocr_line' id='line_1_65' title="bbox 1886 2350 3473 2419; baseline -0.002 -12"><span class='ocrx_word' id='word_1_472' title='bbox 1886 2353 2000 2408; x_wconf 90' lang='lat' dir='ltr'><strong>illo.</strong></span> <span class='ocrx_word' id='word_1_473' title='bbox 2032 2374 2050 2404; x_wconf 75' lang='grc' dir='ltr'><strong><em>ι</em></strong></span> <span class='ocrx_word' id='word_1_474' title='bbox 2115 2351 2329 2408; x_wconf 83' lang='lat' dir='ltr'><strong>Profert</strong></span> <span class='ocrx_word' id='word_1_475' title='bbox 2388 2353 2587 2408; x_wconf 88' lang='lat' dir='ltr'><strong>ibidem</strong></span> <span class='ocrx_word' id='word_1_476' title='bbox 2647 2353 2904 2408; x_wconf 88' lang='lat' dir='ltr'><strong>variantis</strong></span> <span class='ocrx_word' id='word_1_477' title='bbox 2961 2352 3211 2407; x_wconf 90' lang='lat' dir='ltr'><strong>lectionis</strong></span> <span class='ocrx_word' id='word_1_478' title='bbox 3269 2350 3473 2419; x_wconf 84' lang='lat' dir='ltr'><strong>aliquot</strong></span> 
     </span>
    </p>
   </div>
   <div class='ocr_carea' id='block_1_66' title="bbox 1888 2441 3473 2515">
    <p class='ocr_par' dir='ltr' id='par_1_66' title="bbox 1888 2441 3473 2515">
     <span class='ocr_line' id='line_1_66' title="bbox 1888 2441 3473 2515; baseline -0.003 -15"><span class='ocrx_word' id='word_1_479' title='bbox 1888 2444 2149 2515; x_wconf 89' lang='lat' dir='ltr'><strong>exempla.</strong></span> <span class='ocrx_word' id='word_1_480' title='bbox 2184 2443 2290 2500; x_wconf 91' lang='lat' dir='ltr'><strong>Sed</strong></span> <span class='ocrx_word' id='word_1_481' title='bbox 2320 2460 2428 2500; x_wconf 93' lang='lat' dir='ltr'><strong>non</strong></span> <span class='ocrx_word' id='word_1_482' title='bbox 2456 2444 2616 2514; x_wconf 87' lang='lat' dir='ltr'><strong>hujus</strong></span> <span class='ocrx_word' id='word_1_483' title='bbox 2643 2444 2857 2500; x_wconf 91' lang='lat' dir='ltr'><strong>demum</strong></span> <span class='ocrx_word' id='word_1_484' title='bbox 2886 2443 3106 2499; x_wconf 90' lang='lat' dir='ltr'><strong>editoris</strong></span> <span class='ocrx_word' id='word_1_485' title='bbox 3134 2443 3235 2498; x_wconf 83' lang='lat' dir='ltr'><strong>fuit</strong></span> <span class='ocrx_word' id='word_1_486' title='bbox 3263 2442 3353 2497; x_wconf 89' lang='lat' dir='ltr'><strong>illa</strong></span> <span class='ocrx_word' id='word_1_487' title='bbox 3381 2441 3473 2497; x_wconf 87' lang='lat' dir='ltr'><strong>ad-</strong></span> 
     </span>
    </p>
   </div>
   <div class='ocr_carea' id='block_1_67' title="bbox 1887 2533 3474 2602">
    <p class='ocr_par' dir='ltr' id='par_1_67' title="bbox 1887 2533 3474 2602">
     <span class='ocr_line' id='line_1_67' title="bbox 1887 2533 3474 2602; baseline -0.001 -12"><span class='ocrx_word' id='word_1_488' title='bbox 1887 2537 2145 2602; x_wconf 89' lang='lat' dir='ltr'><strong>monitio,</strong></span> <span class='ocrx_word' id='word_1_489' title='bbox 2191 2536 2474 2592; x_wconf 93' lang='lat' dir='ltr'><strong>nonnullas</strong></span> <span class='ocrx_word' id='word_1_490' title='bbox 2502 2536 2752 2592; x_wconf 89' lang='lat' dir='ltr'><strong>homilias</strong></span> <span class='ocrx_word' id='word_1_491' title='bbox 2778 2535 3070 2591; x_wconf 90' lang='lat' dir='ltr'><strong>Severiano</strong></span> <span class='ocrx_word' id='word_1_492' title='bbox 3109 2535 3164 2590; x_wconf 93' lang='lat' dir='ltr'><strong>in</strong></span> <span class='ocrx_word' id='word_1_493' title='bbox 3201 2533 3474 2590; x_wconf 86' lang='lat' dir='ltr'><strong>codicibus</strong></span> 
     </span>
    </p>
   </div>
   <div class='ocr_carea' id='block_1_68' title="bbox 1887 2624 3474 2698">
    <p class='ocr_par' dir='ltr' id='par_1_68' title="bbox 1887 2624 3474 2698">
     <span class='ocr_line' id='line_1_68' title="bbox 1887 2624 3474 2698; baseline -0.003 -12"><span class='ocrx_word' id='word_1_494' title='bbox 1887 2633 2116 2687; x_wconf 82' lang='lat' dir='ltr'><strong>vetustis</strong></span> <span class='ocrx_word' id='word_1_495' title='bbox 2149 2631 2378 2698; x_wconf 88' lang='lat' dir='ltr'><strong>ascribi,</strong></span> <span class='ocrx_word' id='word_1_496' title='bbox 2410 2631 2507 2688; x_wconf 91' lang='lat' dir='ltr'><strong>sed</strong></span> <span class='ocrx_word' id='word_1_497' title='bbox 2536 2630 2738 2686; x_wconf 89' lang='lat' dir='ltr'><strong>dudum</strong></span> <span class='ocrx_word' id='word_1_498' title='bbox 2766 2630 2821 2684; x_wconf 92' lang='lat' dir='ltr'><strong>in</strong></span> <span class='ocrx_word' id='word_1_499' title='bbox 2849 2628 3176 2686; x_wconf 87' lang='lat' dir='ltr'><strong>Bononiensi</strong></span> <span class='ocrx_word' id='word_1_500' title='bbox 3201 2627 3374 2698; x_wconf 85' lang='lat' dir='ltr'><strong>prima</strong></span> <span class='ocrx_word' id='word_1_501' title='bbox 3407 2624 3474 2681; x_wconf 89' lang='lat' dir='ltr'><strong>ab</strong></span> 
     </span>
    </p>
   </div>
   <div class='ocr_carea' id='block_1_69' title="bbox 1889 2720 3474 2796">
    <p class='ocr_par' dir='ltr' id='par_1_69' title="bbox 1889 2720 3474 2796">
     <span class='ocr_line' id='line_1_69' title="bbox 1889 2720 3474 2796; baseline -0.003 -16"><span class='ocrx_word' id='word_1_502' title='bbox 1889 2725 2120 2796; x_wconf 76' lang='lat' dir='ltr'><strong>Agapito</strong></span> <span class='ocrx_word' id='word_1_503' title='bbox 2167 2725 2299 2781; x_wconf 92' lang='lat' dir='ltr'><strong>illud</strong></span> <span class='ocrx_word' id='word_1_504' title='bbox 2346 2726 2691 2781; x_wconf 88' lang='lat' dir='ltr'><strong>observatum</strong></span> <span class='ocrx_word' id='word_1_505' title='bbox 2740 2733 2842 2780; x_wconf 88' lang='lat' dir='ltr'><strong>est.</strong></span> <span class='ocrx_word' id='word_1_506' title='bbox 2893 2723 3002 2779; x_wconf 86' lang='lat' dir='ltr'><strong>Nec</strong></span> <span class='ocrx_word' id='word_1_507' title='bbox 3031 2721 3320 2779; x_wconf 86' lang='lat' dir='ltr'><strong>admodum</strong></span> <span class='ocrx_word' id='word_1_508' title='bbox 3349 2720 3474 2776; x_wconf 89' lang='lat' dir='ltr'><strong>dili-</strong></span> 
     </span>
    </p>
   </div>
   <div class='ocr_carea' id='block_1_70' title="bbox 1888 2812 3476 2887">
    <p class='ocr_par' dir='ltr' id='par_1_70' title="bbox 1888 2812 3476 2887">
     <span class='ocr_line' id='line_1_70' title="bbox 1888 2812 3476 2887; baseline -0.003 -15"><span class='ocrx_word' id='word_1_509' title='bbox 1888 2818 2126 2886; x_wconf 89' lang='lat' dir='ltr'><strong>gentiam</strong></span> <span class='ocrx_word' id='word_1_510' title='bbox 2163 2818 2280 2887; x_wconf 91' lang='lat' dir='ltr'><strong>ejus</strong></span> <span class='ocrx_word' id='word_1_511' title='bbox 2323 2817 2699 2884; x_wconf 89' lang='lat' dir='ltr'><strong>commendat,</strong></span> <span class='ocrx_word' id='word_1_512' title='bbox 2732 2817 2878 2886; x_wconf 89' lang='lat' dir='ltr'><strong>quod</strong></span> <span class='ocrx_word' id='word_1_513' title='bbox 2906 2816 2990 2871; x_wconf 90' lang='lat' dir='ltr'><strong>bis</strong></span> <span class='ocrx_word' id='word_1_514' title='bbox 3018 2815 3237 2871; x_wconf 89' lang='lat' dir='ltr'><strong>eosdem</strong></span> <span class='ocrx_word' id='word_1_515' title='bbox 3268 2812 3476 2869; x_wconf 88' lang='lat' dir='ltr'><strong>Sermo-</strong></span> 
     </span>
    </p>
   </div>
   <div class='ocr_carea' id='block_1_71' title="bbox 1889 2905 3478 2964">
    <p class='ocr_par' dir='ltr' id='par_1_71' title="bbox 1889 2905 3478 2964">
     <span class='ocr_line' id='line_1_71' title="bbox 1889 2905 3478 2964; baseline 0.001 -4"><span class='ocrx_word' id='word_1_516' title='bbox 1889 2925 1978 2962; x_wconf 82' lang='lat' dir='ltr'><strong>nes</strong></span> <span class='ocrx_word' id='word_1_517' title='bbox 2036 2908 2080 2961; x_wconf 85' lang='lat' dir='ltr'><strong>V</strong></span> <span class='ocrx_word' id='word_1_518' title='bbox 2127 2911 2180 2963; x_wconf 80' lang='lat' dir='ltr'><strong>in</strong></span> <span class='ocrx_word' id='word_1_519' title='bbox 2226 2909 2529 2964; x_wconf 80' lang='lat' dir='ltr'><strong>Orationem</strong></span> <span class='ocrx_word' id='word_1_520' title='bbox 2576 2908 2910 2964; x_wconf 84' lang='lat' dir='ltr'><strong>Dominicam</strong></span> <span class='ocrx_word' id='word_1_521' title='bbox 2950 2905 3332 2964; x_wconf 87' lang='lat' dir='ltr'><strong>exscribendos</strong></span> <span class='ocrx_word' id='word_1_522' title='bbox 3379 2905 3478 2961; x_wconf 90' lang='lat' dir='ltr'><strong>de-</strong></span> 
     </span>
    </p>
   </div>
   <div class='ocr_carea' id='block_1_72' title="bbox 1889 3000 2047 3056">
    <p class='ocr_par' dir='ltr' id='par_1_72' title="bbox 1889 3000 2047 3056">
     <span class='ocr_line' id='line_1_72' title="bbox 1889 3000 2047 3056; baseline 0.006 -3"><span class='ocrx_word' id='word_1_523' title='bbox 1889 3000 2047 3056; x_wconf 91' lang='lat' dir='ltr'><strong>derit.</strong></span> 
     </span>
    </p>
   </div>
   <div class='ocr_carea' id='block_1_73' title="bbox 1961 3091 3476 3167">
    <p class='ocr_par' dir='ltr' id='par_1_73' title="bbox 1961 3091 3476 3167">
     <span class='ocr_line' id='line_1_73' title="bbox 1961 3091 3476 3167; baseline -0.001 -20"><span class='ocrx_word' id='word_1_524' title='bbox 1961 3092 2119 3149; x_wconf 73' lang='lat' dir='ltr'><strong>I755.</strong></span> <span class='ocrx_word' id='word_1_525' title='bbox 2171 3094 2421 3162; x_wconf 83' lang='lat' dir='ltr'><strong>Venetiis,</strong></span> <span class='ocrx_word' id='word_1_526' title='bbox 2447 3096 2588 3167; x_wconf 85' lang='lat' dir='ltr'><strong>apud</strong></span> <span class='ocrx_word' id='word_1_527' title='bbox 2616 3096 2885 3150; x_wconf 83' lang='lat' dir='ltr'><strong>Simonem</strong></span> <span class='ocrx_word' id='word_1_528' title='bbox 2910 3092 3101 3160; x_wconf 83' lang='lat' dir='ltr'><strong>Occhi;</strong></span> <span class='ocrx_word' id='word_1_529' title='bbox 3125 3095 3300 3165; x_wconf 80' lang='lat' dir='ltr'><strong>in—fol.</strong></span> <span class='ocrx_word' id='word_1_530' title='bbox 3332 3091 3476 3147; x_wconf 85' lang='lat' dir='ltr'><strong>Petri</strong></span> 
     </span>
    </p>
   </div>
   <div class='ocr_carea' id='block_1_74' title="bbox 1888 3185 3478 3259">
    <p class='ocr_par' dir='ltr' id='par_1_74' title="bbox 1888 3185 3478 3259">
     <span class='ocr_line' id='line_1_74' title="bbox 1888 3185 3478 3259; baseline -0.003 -17"><span class='ocrx_word' id='word_1_531' title='bbox 1888 3185 2208 3259; x_wconf 85' lang='lat' dir='ltr'><strong>Chrysologi</strong></span> <span class='ocrx_word' id='word_1_532' title='bbox 2259 3188 2500 3258; x_wconf 84' lang='lat' dir='ltr'><strong>episcopi</strong></span> <span class='ocrx_word' id='word_1_533' title='bbox 2548 3187 2877 3242; x_wconf 86' lang='lat' dir='ltr'><strong>Ravennatis</strong></span> <span class='ocrx_word' id='word_1_534' title='bbox 2906 3186 2975 3241; x_wconf 90' lang='lat' dir='ltr'><strong>ad</strong></span> <span class='ocrx_word' id='word_1_535' title='bbox 3002 3185 3300 3258; x_wconf 82' lang='lat' dir='ltr'><strong>Eutychetn</strong></span> <span class='ocrx_word' id='word_1_536' title='bbox 3326 3199 3478 3255; x_wconf 63' lang='lat' dir='ltr'><strong>pres»</strong></span> 
     </span>
    </p>
   </div>
   <div class='ocr_carea' id='block_1_75' title="bbox 1810 3277 3476 3354">
    <p class='ocr_par' dir='ltr' id='par_1_75' title="bbox 1810 3277 3476 3354">
     <span class='ocr_line' id='line_1_75' title="bbox 1810 3277 3476 3354; baseline -0.004 -19"><span class='ocrx_word' id='word_1_537' title='bbox 1810 3277 1858 3344; x_wconf 87' lang='lat' dir='ltr'><strong>C</strong></span> <span class='ocrx_word' id='word_1_538' title='bbox 1887 3281 2136 3354; x_wconf 88' lang='lat' dir='ltr'><strong>byterum</strong></span> <span class='ocrx_word' id='word_1_539' title='bbox 2165 3280 2405 3351; x_wconf 88' lang='lat' dir='ltr'><strong>Epistola</strong></span> <span class='ocrx_word' id='word_1_540' title='bbox 2424 3320 2440 3348; x_wconf 97' lang='lat'><strong>,</strong></span> <span class='ocrx_word' id='word_1_541' title='bbox 2471 3278 2566 3334; x_wconf 85' lang='lat' dir='ltr'><strong>Gr.</strong></span> <span class='ocrx_word' id='word_1_542' title='bbox 2599 3279 2714 3334; x_wconf 88' lang='lat' dir='ltr'><strong>Lat.</strong></span> <span class='ocrx_word' id='word_1_543' title='bbox 2749 3295 2872 3334; x_wconf 89' lang='lat' dir='ltr'><strong>cum</strong></span> <span class='ocrx_word' id='word_1_544' title='bbox 2901 3278 3267 3333; x_wconf 88' lang='lat' dir='ltr'><strong>admonitione</strong></span> <span class='ocrx_word' id='word_1_545' title='bbox 3295 3284 3350 3330; x_wconf 90' lang='lat' dir='ltr'><strong>et</strong></span> <span class='ocrx_word' id='word_1_546' title='bbox 3379 3290 3476 3329; x_wconf 83' lang='lat' dir='ltr'><strong>no-</strong></span> 
     </span>
    </p>
   </div>
   <div class='ocr_carea' id='block_1_76' title="bbox 1888 3367 3477 3444">
    <p class='ocr_par' dir='ltr' id='par_1_76' title="bbox 1888 3367 3477 3444">
     <span class='ocr_line' id='line_1_76' title="bbox 1888 3367 3477 3444; baseline -0.004 -17"><span class='ocrx_word' id='word_1_547' title='bbox 1888 3373 1958 3429; x_wconf 87' lang='lat' dir='ltr'><strong>tis</strong></span> <span class='ocrx_word' id='word_1_548' title='bbox 2001 3373 2438 3438; x_wconf 84' lang='lat' dir='ltr'><strong>Balleriniorum;</strong></span> <span class='ocrx_word' id='word_1_549' title='bbox 2471 3373 2524 3426; x_wconf 91' lang='lat' dir='ltr'><strong>in</strong></span> <span class='ocrx_word' id='word_1_550' title='bbox 2568 3371 2822 3444; x_wconf 82' lang='lat' dir='ltr'><strong>Operibus</strong></span> <span class='ocrx_word' id='word_1_551' title='bbox 2864 3370 3054 3425; x_wconf 85' lang='lat' dir='ltr'><strong>Leonis</strong></span> <span class='ocrx_word' id='word_1_552' title='bbox 3083 3369 3158 3423; x_wconf 82' lang='lat' dir='ltr'><strong>M.</strong></span> <span class='ocrx_word' id='word_1_553' title='bbox 3194 3367 3257 3423; x_wconf 91' lang='grc' dir='ltr'><strong>Τ.</strong></span> <span class='ocrx_word' id='word_1_554' title='bbox 3289 3369 3330 3435; x_wconf 89' lang='grc'><strong>1,</strong></span> <span class='ocrx_word' id='word_1_555' title='bbox 3364 3368 3477 3438; x_wconf 84' lang='lat' dir='ltr'><strong>epi-</strong></span> 
     </span>
    </p>
   </div>
   <div class='ocr_carea' id='block_1_77' title="bbox 1846 3465 2691 3556">
    <p class='ocr_par' dir='ltr' id='par_1_77' title="bbox 1846 3465 2691 3556">
     <span class='ocr_line' id='line_1_77' title="bbox 1846 3465 2691 3556; baseline -0.002 -35"><span class='ocrx_word' id='word_1_556' title='bbox 1846 3543 1853 3556; x_wconf 33' lang='grc' dir='ltr'>ι</span> <span class='ocrx_word' id='word_1_557' title='bbox 1887 3466 2026 3523; x_wconf 83' lang='lat' dir='ltr'><strong>stola</strong></span> <span class='ocrx_word' id='word_1_558' title='bbox 2055 3465 2221 3532; x_wconf 81' lang='lat' dir='ltr'><strong>XXV,</strong></span> <span class='ocrx_word' id='word_1_559' title='bbox 2253 3481 2410 3536; x_wconf 86' lang='lat' dir='ltr'><strong>pagg.</strong></span> <span class='ocrx_word' id='word_1_560' title='bbox 2438 3465 2584 3519; x_wconf 81' lang='lat'><strong>775-</strong></span> <span class='ocrx_word' id='word_1_561' title='bbox 2607 3465 2691 3519; x_wconf 84' lang='lat'><strong>78.</strong></span> 
     </span>
    </p>
   </div>
   <div class='ocr_carea' id='block_1_78' title="bbox 1960 3554 3479 3628">
    <p class='ocr_par' dir='ltr' id='par_1_78' title="bbox 1960 3554 3479 3628">
     <span class='ocr_line' id='line_1_78' title="bbox 1960 3554 3479 3628; baseline -0.004 -14"><span class='ocrx_word' id='word_1_562' title='bbox 1960 3559 2236 3614; x_wconf 88' lang='lat' dir='ltr'><strong>Ballerinii</strong></span> <span class='ocrx_word' id='word_1_563' title='bbox 2284 3559 2484 3615; x_wconf 86' lang='lat' dir='ltr'><strong>docent</strong></span> <span class='ocrx_word' id='word_1_564' title='bbox 2532 3558 2868 3612; x_wconf 78' lang='lat' dir='ltr'><strong>decurtatam.</strong></span> <span class='ocrx_word' id='word_1_565' title='bbox 2899 3555 3171 3628; x_wconf 79' lang='lat' dir='ltr'><strong>epistolam</strong></span> <span class='ocrx_word' id='word_1_566' title='bbox 3196 3597 3209 3622; x_wconf 93' lang='lat'><strong>,</strong></span> <span class='ocrx_word' id='word_1_567' title='bbox 3259 3554 3328 3609; x_wconf 88' lang='lat' dir='ltr'><strong>de</strong></span> <span class='ocrx_word' id='word_1_568' title='bbox 3371 3568 3479 3623; x_wconf 86' lang='lat' dir='ltr'><strong>qua</strong></span> 
     </span>
    </p>
   </div>
   <div class='ocr_carea' id='block_1_79' title="bbox 1889 3645 3479 3720">
    <p class='ocr_par' dir='ltr' id='par_1_79' title="bbox 1889 3645 3479 3720">
     <span class='ocr_line' id='line_1_79' title="bbox 1889 3645 3479 3720; baseline -0.006 -14"><span class='ocrx_word' id='word_1_569' title='bbox 1889 3651 2212 3719; x_wconf 83' lang='lat' dir='ltr'><strong>Quesncllus</strong></span> <span class='ocrx_word' id='word_1_570' title='bbox 2240 3651 2474 3720; x_wconf 87' lang='lat' dir='ltr'><strong>primum</strong></span> <span class='ocrx_word' id='word_1_571' title='bbox 2495 3648 2733 3713; x_wconf 87' lang='lat' dir='ltr'><strong>monuit,</strong></span> <span class='ocrx_word' id='word_1_572' title='bbox 2765 3646 3036 3718; x_wconf 79' lang='lat' dir='ltr'><strong>proﬁcisci</strong></span> <span class='ocrx_word' id='word_1_573' title='bbox 3064 3662 3131 3702; x_wconf 88' lang='lat' dir='ltr'><strong>ex</strong></span> <span class='ocrx_word' id='word_1_574' title='bbox 3159 3645 3479 3700; x_wconf 91' lang='lat' dir='ltr'><strong>collectione</strong></span> 
     </span>
    </p>
   </div>
   <div class='ocr_carea' id='block_1_80' title="bbox 1889 3735 3480 3812">
    <p class='ocr_par' dir='ltr' id='par_1_80' title="bbox 1889 3735 3480 3812">
     <span class='ocr_line' id='line_1_80' title="bbox 1889 3735 3480 3812; baseline -0.006 -14"><span class='ocrx_word' id='word_1_575' title='bbox 1889 3741 2170 3798; x_wconf 89' lang='lat' dir='ltr'><strong>Canonum</strong></span> <span class='ocrx_word' id='word_1_576' title='bbox 2193 3741 2447 3812; x_wconf 82' lang='lat' dir='ltr'><strong>Hispana,</strong></span> <span class='ocrx_word' id='word_1_577' title='bbox 2472 3757 2538 3795; x_wconf 91' lang='lat' dir='ltr'><strong>ex</strong></span> <span class='ocrx_word' id='word_1_578' title='bbox 2561 3755 2730 3809; x_wconf 89' lang='lat' dir='ltr'><strong>eaque</strong></span> <span class='ocrx_word' id='word_1_579' title='bbox 2760 3739 2813 3793; x_wconf 93' lang='lat' dir='ltr'><strong>in</strong></span> <span class='ocrx_word' id='word_1_580' title='bbox 2846 3737 3218 3802; x_wconf 80' lang='lat' dir='ltr'><strong>Isidorianam,</strong></span> <span class='ocrx_word' id='word_1_581' title='bbox 3250 3735 3480 3804; x_wconf 85' lang='lat' dir='ltr'><strong>indeque</strong></span> 
     </span>
    </p>
   </div>
   <div class='ocr_carea' id='block_1_81' title="bbox 1889 3829 3481 3903">
    <p class='ocr_par' dir='ltr' id='par_1_81' title="bbox 1889 3829 3481 3903">
     <span class='ocr_line' id='line_1_81' title="bbox 1889 3829 3481 3903; baseline -0.005 -13"><span class='ocrx_word' id='word_1_582' title='bbox 1889 3837 1947 3890; x_wconf 92' lang='lat' dir='ltr'><strong>in</strong></span> <span class='ocrx_word' id='word_1_583' title='bbox 1974 3834 2211 3903; x_wconf 86' lang='lat' dir='ltr'><strong>reliquas</strong></span> <span class='ocrx_word' id='word_1_584' title='bbox 2239 3833 2599 3888; x_wconf 89' lang='lat' dir='ltr'><strong>Collectiones</strong></span> <span class='ocrx_word' id='word_1_585' title='bbox 2628 3831 2863 3886; x_wconf 73' lang='lat' dir='ltr'><strong>ﬂuxisse.</strong></span> <span class='ocrx_word' id='word_1_586' title='bbox 2895 3829 3067 3884; x_wconf 91' lang='lat' dir='ltr'><strong>Simul</strong></span> <span class='ocrx_word' id='word_1_587' title='bbox 3097 3838 3277 3883; x_wconf 87' lang='lat' dir='ltr'><strong>tamen</strong></span> <span class='ocrx_word' id='word_1_588' title='bbox 3306 3835 3481 3882; x_wconf 90' lang='lat' dir='ltr'><strong>osten-</strong></span> 
     </span>
    </p>
   </div>
   <div class='ocr_carea' id='block_1_82' title="bbox 1891 3917 3480 3995">
    <p class='ocr_par' dir='ltr' id='par_1_82' title="bbox 1891 3917 3480 3995">
     <span class='ocr_line' id='line_1_82' title="bbox 1891 3917 3480 3995; baseline -0.005 -14"><span class='ocrx_word' id='word_1_589' title='bbox 1891 3925 2027 3981; x_wconf 90' lang='lat' dir='ltr'><strong>dunt</strong></span> <span class='ocrx_word' id='word_1_590' title='bbox 2072 3927 2289 3995; x_wconf 72' lang='lat' dir='ltr'><strong>integra:</strong></span> <span class='ocrx_word' id='word_1_591' title='bbox 2327 3923 2592 3993; x_wconf 84' lang='lat' dir='ltr'><strong>originem</strong></span> <span class='ocrx_word' id='word_1_592' title='bbox 2638 3922 2866 3992; x_wconf 90' lang='lat' dir='ltr'><strong>potioris</strong></span> <span class='ocrx_word' id='word_1_593' title='bbox 2906 3935 3025 3976; x_wconf 87' lang='lat' dir='ltr'><strong>esse</strong></span> <span class='ocrx_word' id='word_1_594' title='bbox 3065 3928 3119 3975; x_wconf 90' lang='lat' dir='ltr'><strong>et</strong></span> <span class='ocrx_word' id='word_1_595' title='bbox 3147 3917 3480 3987; x_wconf 88' lang='lat' dir='ltr'><strong>antiquitatis</strong></span> 
     </span>
    </p>
   </div>
   <div class='ocr_carea' id='block_1_83' title="bbox 1891 4011 3481 4086">
    <p class='ocr_par' dir='ltr' id='par_1_83' title="bbox 1891 4011 3481 4086">
     <span class='ocr_line' id='line_1_83' title="bbox 1891 4011 3481 4086; baseline -0.006 -12"><span class='ocrx_word' id='word_1_596' title='bbox 1891 4027 1948 4075; x_wconf 90' lang='lat' dir='ltr'><strong>et</strong></span> <span class='ocrx_word' id='word_1_597' title='bbox 1968 4018 2335 4083; x_wconf 88' lang='lat' dir='ltr'><strong>auctoritatis,</strong></span> <span class='ocrx_word' id='word_1_598' title='bbox 2369 4017 2568 4086; x_wconf 91' lang='lat' dir='ltr'><strong>quippe</strong></span> <span class='ocrx_word' id='word_1_599' title='bbox 2597 4031 2718 4084; x_wconf 63' lang='lat' dir='ltr'><strong>qum</strong></span> <span class='ocrx_word' id='word_1_600' title='bbox 2749 4015 3052 4069; x_wconf 88' lang='lat' dir='ltr'><strong>inveniatur</strong></span> <span class='ocrx_word' id='word_1_601' title='bbox 3080 4013 3134 4067; x_wconf 93' lang='lat' dir='ltr'><strong>in</strong></span> <span class='ocrx_word' id='word_1_602' title='bbox 3161 4011 3481 4067; x_wconf 90' lang='lat' dir='ltr'><strong>collectione</strong></span> 
     </span>
    </p>
   </div>
   <div class='ocr_carea' id='block_1_84' title="bbox 1895 4104 3482 4183">
    <p class='ocr_par' dir='ltr' id='par_1_84' title="bbox 1895 4104 3482 4183">
     <span class='ocr_line' id='line_1_84' title="bbox 1895 4104 3482 4183; baseline -0.006 -17"><span class='ocrx_word' id='word_1_603' title='bbox 1895 4111 2245 4183; x_wconf 89' lang='lat' dir='ltr'><strong>epistolarum</strong></span> <span class='ocrx_word' id='word_1_604' title='bbox 2276 4111 2328 4164; x_wconf 93' lang='lat' dir='ltr'><strong>in</strong></span> <span class='ocrx_word' id='word_1_605' title='bbox 2359 4125 2518 4164; x_wconf 85' lang='lat' dir='ltr'><strong>causa</strong></span> <span class='ocrx_word' id='word_1_606' title='bbox 2542 4107 2872 4179; x_wconf 81' lang='lat' dir='ltr'><strong>Eutychetis,</strong></span> <span class='ocrx_word' id='word_1_607' title='bbox 2897 4121 3016 4175; x_wconf 65' lang='lat' dir='ltr'><strong>qua).</strong></span> <span class='ocrx_word' id='word_1_608' title='bbox 3039 4104 3339 4159; x_wconf 86' lang='lat' dir='ltr'><strong>actionibus</strong></span> <span class='ocrx_word' id='word_1_609' title='bbox 3359 4118 3482 4157; x_wconf 86' lang='lat' dir='ltr'><strong>con-</strong></span> 
     </span>
    </p>
   </div>
   <div class='ocr_carea' id='block_1_85' title="bbox 1893 4193 3481 4270">
    <p class='ocr_par' dir='ltr' id='par_1_85' title="bbox 1893 4193 3481 4270">
     <span class='ocr_line' id='line_1_85' title="bbox 1893 4193 3481 4270; baseline -0.008 -11"><span class='ocrx_word' id='word_1_610' title='bbox 1893 4205 2003 4259; x_wconf 89' lang='lat' dir='ltr'><strong>cilii</strong></span> <span class='ocrx_word' id='word_1_611' title='bbox 2049 4201 2510 4258; x_wconf 87' lang='lat' dir='ltr'><strong>Chalcedonensis</strong></span> <span class='ocrx_word' id='word_1_612' title='bbox 2557 4201 2807 4270; x_wconf 65' lang='lat' dir='ltr'><strong>praemitti</strong></span> <span class='ocrx_word' id='word_1_613' title='bbox 2854 4199 3030 4262; x_wconf 88' lang='lat' dir='ltr'><strong>solet,</strong></span> <span class='ocrx_word' id='word_1_614' title='bbox 3082 4205 3206 4250; x_wconf 89' lang='lat' dir='ltr'><strong>ante</strong></span> <span class='ocrx_word' id='word_1_615' title='bbox 3245 4193 3481 4253; x_wconf 88' lang='lat' dir='ltr'><strong>medium</strong></span> 
     </span>
    </p>
   </div>
   <div class='ocr_carea' id='block_1_86' title="bbox 1894 4289 3480 4362">
    <p class='ocr_par' dir='ltr' id='par_1_86' title="bbox 1894 4289 3480 4362">
     <span class='ocr_line' id='line_1_86' title="bbox 1894 4289 3480 4362; baseline -0.006 -12"><span class='ocrx_word' id='word_1_616' title='bbox 1894 4304 2108 4351; x_wconf 81' lang='lat' dir='ltr'><strong>sextum</strong></span> <span class='ocrx_word' id='word_1_617' title='bbox 2136 4294 2390 4350; x_wconf 57' lang='lat' dir='ltr'><strong>saeculum</strong></span> <span class='ocrx_word' id='word_1_618' title='bbox 2421 4293 2606 4347; x_wconf 88' lang='lat' dir='ltr'><strong>Latine</strong></span> <span class='ocrx_word' id='word_1_619' title='bbox 2647 4299 2945 4362; x_wconf 84' lang='lat' dir='ltr'><strong>compacta.</strong></span> <span class='ocrx_word' id='word_1_620' title='bbox 2999 4289 3355 4358; x_wconf 88' lang='lat' dir='ltr'><strong>Suspicantur</strong></span> <span class='ocrx_word' id='word_1_621' title='bbox 3381 4302 3480 4341; x_wconf 86' lang='lat' dir='ltr'><strong>au-</strong></span> 
     </span>
    </p>
   </div>
   <div class='ocr_carea' id='block_1_87' title="bbox 1896 4379 3482 4459">
    <p class='ocr_par' dir='ltr' id='par_1_87' title="bbox 1896 4379 3482 4459">
     <span class='ocr_line' id='line_1_87' title="bbox 1896 4379 3482 4459; baseline -0.008 -15"><span class='ocrx_word' id='word_1_622' title='bbox 1896 4398 2006 4444; x_wconf 90' lang='lat' dir='ltr'><strong>tem</strong></span> <span class='ocrx_word' id='word_1_623' title='bbox 2036 4389 2273 4459; x_wconf 85' lang='lat' dir='ltr'><strong>priorem</strong></span> <span class='ocrx_word' id='word_1_624' title='bbox 2303 4394 2511 4456; x_wconf 81' lang='lat' dir='ltr'><strong>partem</strong></span> <span class='ocrx_word' id='word_1_625' title='bbox 2540 4383 2781 4454; x_wconf 67' lang='lat' dir='ltr'><strong>epistola:</strong></span> <span class='ocrx_word' id='word_1_626' title='bbox 2809 4398 2973 4452; x_wconf 90' lang='lat' dir='ltr'><strong>quam</strong></span> <span class='ocrx_word' id='word_1_627' title='bbox 3005 4381 3167 4436; x_wconf 92' lang='lat' dir='ltr'><strong>etiam</strong></span> <span class='ocrx_word' id='word_1_628' title='bbox 3197 4379 3482 4449; x_wconf 83' lang='lat' dir='ltr'><strong>Hispanica</strong></span> 
     </span>
    </p>
   </div>
   <div class='ocr_carea' id='block_1_88' title="bbox 1897 4474 3485 4552">
    <p class='ocr_par' dir='ltr' id='par_1_88' title="bbox 1897 4474 3485 4552">
     <span class='ocr_line' id='line_1_88' title="bbox 1897 4474 3485 4552; baseline -0.009 -14"><span class='ocrx_word' id='word_1_629' title='bbox 1897 4483 2148 4538; x_wconf 86' lang='lat' dir='ltr'><strong>collectio</strong></span> <span class='ocrx_word' id='word_1_630' title='bbox 2212 4479 2419 4552; x_wconf 85' lang='lat' dir='ltr'><strong>prolert</strong></span> <span class='ocrx_word' id='word_1_631' title='bbox 2479 4478 2800 4547; x_wconf 82' lang='lat' dir='ltr'><strong>originalem</strong></span> <span class='ocrx_word' id='word_1_632' title='bbox 2848 4493 2966 4532; x_wconf 87' lang='lat' dir='ltr'><strong>csse</strong></span> <span class='ocrx_word' id='word_1_633' title='bbox 3015 4474 3370 4546; x_wconf 84' lang='lat' dir='ltr'><strong>posteriorem</strong></span> <span class='ocrx_word' id='word_1_634' title='bbox 3416 4486 3485 4525; x_wconf 90' lang='lat' dir='ltr'><strong>ex</strong></span> 
     </span>
    </p>
   </div>
   <div class='ocr_carea' id='block_1_89' title="bbox 1899 4575 2291 4629">
    <p class='ocr_par' dir='ltr' id='par_1_89' title="bbox 1899 4575 2291 4629">
     <span class='ocr_line' id='line_1_89' title="bbox 1899 4575 2291 4629; baseline -0.01 0"><span class='ocrx_word' id='word_1_635' title='bbox 1899 4575 2089 4629; x_wconf 60' lang='lat' dir='ltr'><strong>Graeco</strong></span> <span class='ocrx_word' id='word_1_636' title='bbox 2120 4588 2291 4627; x_wconf 85' lang='lat' dir='ltr'><strong>usam.</strong></span> 
     </span>
    </p>
   </div>
   <div class='ocr_carea' id='block_1_90' title="bbox 210 4639 3488 4732">
    <p class='ocr_par' dir='ltr' id='par_1_90' title="bbox 210 4639 3488 4732">
     <span class='ocr_line' id='line_1_90' title="bbox 210 4639 3488 4732; baseline -0.005 -34"><span class='ocrx_word' id='word_1_637' title='bbox 210 4646 410 4700; x_wconf 63' lang='lat' dir='ltr'><strong>unicus</strong></span> <span class='ocrx_word' id='word_1_638' title='bbox 456 4644 588 4700; x_wconf 90' lang='lat' dir='ltr'><strong>dum</strong></span> <span class='ocrx_word' id='word_1_639' title='bbox 624 4645 833 4700; x_wconf 87' lang='lat' dir='ltr'><strong>viveret</strong></span> <span class='ocrx_word' id='word_1_640' title='bbox 873 4645 926 4698; x_wconf 91' lang='lat' dir='ltr'><strong>in</strong></span> <span class='ocrx_word' id='word_1_641' title='bbox 967 4644 1154 4714; x_wconf 89' lang='lat' dir='ltr'><strong>primis</strong></span> <span class='ocrx_word' id='word_1_642' title='bbox 1181 4642 1546 4698; x_wconf 90' lang='lat' dir='ltr'><strong>cbarissimus.</strong></span> <span class='ocrx_word' id='word_1_643' title='bbox 1590 4639 1796 4695; x_wconf 86' lang='lat' dir='ltr'><strong>Prodiit</strong></span> <span class='ocrx_word' id='word_1_644' title='bbox 1824 4671 1878 4731; x_wconf 70' lang='grc' dir='ltr'>υ</span> <span class='ocrx_word' id='word_1_645' title='bbox 1974 4665 2132 4718; x_wconf 59' lang='lat' dir='ltr'><strong>“BL</strong></span> <span class='ocrx_word' id='word_1_646' title='bbox 2174 4662 2489 4728; x_wconf 48' lang='lat' dir='ltr'><strong>Florentiae,</strong></span> <span class='ocrx_word' id='word_1_647' title='bbox 2524 4663 2761 4732; x_wconf 57' lang='grc' dir='ltr'><strong>επρεηείε</strong></span> <span class='ocrx_word' id='word_1_648' title='bbox 2800 4663 2922 4713; x_wconf 43' lang='lat' dir='ltr'><strong>Am.</strong></span> <span class='ocrx_word' id='word_1_649' title='bbox 2954 4659 3124 4713; x_wconf 63' lang='grc' dir='ltr'><strong>Ζαηω</strong></span> <span class='ocrx_word' id='word_1_650' title='bbox 3160 4656 3374 4721; x_wconf 55' lang='lat' dir='ltr'><strong>Veneti;</strong></span> <span class='ocrx_word' id='word_1_651' title='bbox 3403 4656 3488 4708; x_wconf 65' lang='grc' dir='ltr'><strong>ίη,</strong></span> 
     </span>
    </p>
   </div>
   <div class='ocr_carea' id='block_1_91' title="bbox 211 4734 1798 4810">
    <p class='ocr_par' dir='ltr' id='par_1_91' title="bbox 211 4734 1798 4810">
     <span class='ocr_line' id='line_1_91' title="bbox 211 4734 1798 4810; baseline -0.004 -18"><span class='ocrx_word' id='word_1_652' title='bbox 211 4737 295 4792; x_wconf 75' lang='lat' dir='ltr'><strong>ila</strong></span> <span class='ocrx_word' id='word_1_653' title='bbox 341 4742 486 4810; x_wconf 81' lang='lat' dir='ltr'><strong>typis</strong></span> <span class='ocrx_word' id='word_1_654' title='bbox 531 4737 753 4794; x_wconf 75' lang='lat' dir='ltr'><strong>Venetis</strong></span> <span class='ocrx_word' id='word_1_655' title='bbox 799 4753 849 4792; x_wconf 88' lang='lat' dir='ltr'><strong>a.</strong></span> <span class='ocrx_word' id='word_1_656' title='bbox 902 4736 1056 4804; x_wconf 82' lang='grc'><strong>1750,</strong></span> <span class='ocrx_word' id='word_1_657' title='bbox 1104 4735 1220 4791; x_wconf 87' lang='grc' dir='ltr'><strong>Τ.Ι</strong></span> <span class='ocrx_word' id='word_1_658' title='bbox 1261 4735 1428 4806; x_wconf 87' lang='lat' dir='ltr'><strong>(quod</strong></span> <span class='ocrx_word' id='word_1_659' title='bbox 1466 4734 1798 4804; x_wconf 86' lang='lat' dir='ltr'><strong>interpretor</strong></span> 
     </span>
    </p>
   </div>
   <div class='ocr_carea' id='block_1_92' title="bbox 1900 4748 3484 4832">
    <p class='ocr_par' dir='ltr' id='par_1_92' title="bbox 1900 4748 3484 4832">
     <span class='ocr_line' id='line_1_92' title="bbox 1900 4748 3484 4832; baseline -0.008 -18"><span class='ocrx_word' id='word_1_660' title='bbox 1900 4759 1992 4832; x_wconf 78' lang='lat' dir='ltr'><strong>fol.</strong></span> <span class='ocrx_word' id='word_1_661' title='bbox 2038 4756 2184 4812; x_wconf 86' lang='lat' dir='ltr'><strong>Petri</strong></span> <span class='ocrx_word' id='word_1_662' title='bbox 2215 4755 2546 4810; x_wconf 81' lang='lat' dir='ltr'><strong>Ravennatis</strong></span> <span class='ocrx_word' id='word_1_663' title='bbox 2568 4753 2808 4824; x_wconf 87' lang='lat' dir='ltr'><strong>Epistola</strong></span> <span class='ocrx_word' id='word_1_664' title='bbox 2830 4753 2895 4806; x_wconf 89' lang='lat' dir='ltr'><strong>ad</strong></span> <span class='ocrx_word' id='word_1_665' title='bbox 2916 4751 3195 4824; x_wconf 85' lang='lat' dir='ltr'><strong>Eutychen</strong></span> <span class='ocrx_word' id='word_1_666' title='bbox 3223 4750 3314 4805; x_wconf 85' lang='lat' dir='ltr'><strong>Gr.</strong></span> <span class='ocrx_word' id='word_1_667' title='bbox 3341 4748 3484 4812; x_wconf 89' lang='lat' dir='ltr'><strong>Lat.,</strong></span> 
     </span>
    </p>
   </div>
   <div class='ocr_carea' id='block_1_93' title="bbox 212 4825 1781 4918">
    <p class='ocr_par' dir='ltr' id='par_1_93' title="bbox 212 4825 1781 4918">
     <span class='ocr_line' id='line_1_93' title="bbox 212 4825 1781 4918; baseline -0.006 -29"><span class='ocrx_word' id='word_1_668' title='bbox 212 4832 460 4888; x_wconf 74' lang='lat' dir='ltr'><strong>uolumine</strong></span> <span class='ocrx_word' id='word_1_669' title='bbox 477 4831 604 4906; x_wconf 84' lang='lat' dir='ltr'><strong>uno)</strong></span> <span class='ocrx_word' id='word_1_670' title='bbox 626 4832 806 4905; x_wconf 72' lang='lat' dir='ltr'><strong>iit-fol.</strong></span> <span class='ocrx_word' id='word_1_671' title='bbox 837 4829 1042 4888; x_wconf 63' lang='lat' dir='ltr'><strong>Praeter</strong></span> <span class='ocrx_word' id='word_1_672' title='bbox 1063 4847 1129 4886; x_wconf 87' lang='lat' dir='ltr'><strong>ea</strong></span> <span class='ocrx_word' id='word_1_673' title='bbox 1151 4845 1272 4900; x_wconf 81' lang='lat' dir='ltr'><strong>quae</strong></span> <span class='ocrx_word' id='word_1_674' title='bbox 1295 4829 1350 4882; x_wconf 91' lang='lat' dir='ltr'><strong>in</strong></span> <span class='ocrx_word' id='word_1_675' title='bbox 1373 4825 1781 4918; x_wconf 68' lang='lat' dir='ltr'><strong>praacedentibu:</strong></span> 
     </span>
    </p>
   </div>
   <div class='ocr_carea' id='block_1_94' title="bbox 1887 4825 3486 4918">
    <p class='ocr_par' dir='ltr' id='par_1_94' title="bbox 1899 4825 3486 4918">
     <span class='ocr_line' id='line_1_94' title="bbox 1899 4825 3486 4918; baseline -0.008 -13"><span class='ocrx_word' id='word_1_676' title='bbox 1899 4825 2023 4906; x_wconf 77' lang='lat' dir='ltr'><strong>cum</strong></span> <span class='ocrx_word' id='word_1_677' title='bbox 2063 4846 2470 4918; x_wconf 65' lang='lat' dir='ltr'><strong>praamonitione</strong></span> <span class='ocrx_word' id='word_1_678' title='bbox 2511 4853 2567 4899; x_wconf 90' lang='lat' dir='ltr'><strong>et</strong></span> <span class='ocrx_word' id='word_1_679' title='bbox 2609 4845 2753 4899; x_wconf 91' lang='lat' dir='ltr'><strong>notis</strong></span> <span class='ocrx_word' id='word_1_680' title='bbox 2794 4842 3228 4908; x_wconf 83' lang='lat' dir='ltr'><strong>Balleriniorum;</strong></span> <span class='ocrx_word' id='word_1_681' title='bbox 3274 4842 3328 4895; x_wconf 91' lang='lat' dir='ltr'><strong>in</strong></span> <span class='ocrx_word' id='word_1_682' title='bbox 3364 4839 3486 4895; x_wconf 52' lang='lat' dir='ltr'><strong>Cola-</strong></span> 
     </span>
    </p>
   </div>
   <div class='ocr_carea' id='block_1_95' title="bbox 211 4917 3483 5007">
    <p class='ocr_par' dir='ltr' id='par_1_95' title="bbox 211 4917 3483 5007">
     <span class='ocr_line' id='line_1_95' title="bbox 211 4917 3483 5007; baseline -0.005 -7"><span class='ocrx_word' id='word_1_683' title='bbox 211 4925 536 4983; x_wconf 58' lang='grc' dir='ltr'><strong>αὶκίοηίδυδ</strong></span> <span class='ocrx_word' id='word_1_684' title='bbox 573 4934 896 4999; x_wconf 38' lang='lat' dir='ltr'><strong>Famem“</strong></span> <span class='ocrx_word' id='word_1_685' title='bbox 939 4924 1136 4996; x_wconf 61' lang='lat' dir='ltr'><strong>adice“</strong></span> <span class='ocrx_word' id='word_1_686' title='bbox 1174 4936 1454 4980; x_wconf 59' lang='lat' dir='ltr'><strong>sermones</strong></span> <span class='ocrx_word' id='word_1_687' title='bbox 1488 4926 1698 4990; x_wconf 59' lang='lat' dir='ltr'><strong>septem</strong></span> <span class='ocrx_word' id='word_1_688' title='bbox 1734 4917 1801 4973; x_wconf 69' lang='lat' dir='ltr'><strong>de</strong></span> <span class='ocrx_word' id='word_1_689' title='bbox 1899 4917 2119 4996; x_wconf 69' lang='lat' dir='ltr'><strong>lectione</strong></span> <span class='ocrx_word' id='word_1_690' title='bbox 2148 4937 2380 5007; x_wconf 78' lang='lat' dir='ltr'><strong>ampliss.</strong></span> <span class='ocrx_word' id='word_1_691' title='bbox 2407 4935 2684 4990; x_wconf 74' lang='lat' dir='ltr'><strong>Concilior.</strong></span> <span class='ocrx_word' id='word_1_692' title='bbox 2715 4945 2844 4990; x_wconf 88' lang='lat' dir='ltr'><strong>tom.</strong></span> <span class='ocrx_word' id='word_1_693' title='bbox 2869 4933 2934 4997; x_wconf 86' lang='lat' dir='ltr'><strong>V,</strong></span> <span class='ocrx_word' id='word_1_694' title='bbox 2966 4949 3120 5004; x_wconf 86' lang='lat' dir='ltr'><strong>pagg.</strong></span> <span class='ocrx_word' id='word_1_695' title='bbox 3149 4928 3483 4987; x_wconf 70' lang='lat'><strong>1347-1350.</strong></span> 
     </span>
    </p>
   </div>
  </div>
