3964 6350
231 361 318 428 es
502 325 653 421 "tos.
701 356 1023 419 sumes"
1060 315 1518 416 DISSERTATIO
1558 353 1645 412 ns
1684 349 2078 412 usrnorou
2116 353 2646 420 ECCLESIASTICA
2683 357 3215 420 navennsrsnsr
3449 374 3517 432 9i

234 477 449 552 imperii
477 477 624 532 hanc
661 475 766 531 sibi
806 475 949 529 viam
989 470 1368 546 excogitarunt
1394 469 1464 525 ad
1491 467 1834 525 Ecclesiasti-
1859 467 1914 532 Α
1940 465 2130 524 litanus
2159 472 2427 546 episcopus
2457 472 2749 543 Sardiniae,
2782 474 3032 534 Eusebius
3069 476 3317 536 Vercellis
3345 477 3525 540 civita-

230 587 357 632 cam
383 565 752 627 hierarcbiam
778 563 1175 623 stabiliendam.
1216 559 1452 636 Singulis
1479 557 1592 621 fere
1618 561 1834 636 provin—
1936 561 2001 616 tis
2050 553 2264 632 Italica,
2315 555 2598 640 Dionysius
2641 557 2970 637 Mediolani,
3020 561 3227 642 quodet
3252 557 3421 642 ipsum
3447 575 3524 629 est

231 659 365 729 ciis,
407 658 466 719 in
508 667 647 734 quas
683 653 878 732 longe,
917 651 1136 730 lateque
1167 651 1459 730 Imperium
1495 649 1833 715 dividebatur
1932 653 2230 730 metmpolis
2260 653 2454 713 Italiae.
2508 655 2730 716 Accedit
2758 659 3128 718 testimonium
3155 653 3264 715 divi
3293 655 3524 719 Ambro-

229 772 332 832 per
357 753 572 823 Asiam,
602 743 842 811 Africam
868 759 1031 822 atque
1056 747 1330 824 Europam
1358 745 1598 821 singulos
1625 755 1830 806 metro-
1932 743 2029 816 sii,
2059 747 2154 822 qui
2182 753 2297 806 tum
2325 749 2396 807 ad
2421 747 2814 822 Vercellenses,
2845 756 2960 809 tum
2989 749 3057 809 ad
3086 753 3399 828 episcopum
3426 750 3525 814 Vl-

230 847 511 924 politanos
559 841 846 920 episcopos
905 841 1142 904 tribuere
1187 859 1296 902 non
1341 850 1576 902 renuunt
1619 841 1826 915 primis,

230 956 353 1014 qua:
381 940 653 1009 diximns,
684 934 942 1000 Ecclesia:
972 937 1334 1012 temporibus,
1365 953 1460 998 eos
1489 953 1686 1010 nempe
1711 935 1828 1012 epi-

230 1047 462 1106 scopos,
507 1031 602 1104 qui
645 1031 699 1091 in
738 1027 1007 1104 Praecipua
1046 1027 1336 1101 cujuslibet
1373 1027 1667 1104 provincia:
1694 1026 1829 1088 civi-

1933 833 2357 898 cohabentinum
2386 839 2632 899 scribens
2658 839 2946 912 Venetias,
2979 847 3035 900 et
3063 841 3338 901 Emiliam
3369 843 3438 900 ad
3465 857 3523 902 se

1930 929 2206 1006 pertinere
2264 932 2550 992 continuat
2571 978 2587 1004 ,
2648 941 2710 993 ut
2764 935 3152 1011 interpretatur
3207 933 3522 995 Sirmondus

1932 1019 2073 1098 (Lib.
2105 1021 2168 1100 ι).
2209 1019 2270 1081 ln
2312 1027 2545 1101 epistola
2585 1028 2731 1085 enim
2771 1027 2841 1086 ad
2877 1027 3253 1086 Vercellenses
3279 1029 3523 1100 queritur

229 1133 345 1180 tate
372 1121 681 1192 constituti,
713 1122 849 1178 alios
877 1138 1065 1178 omnes
1090 1121 1360 1178 minorum
1388 1120 1669 1178 civitatum
1688 1136 1832 1178 com-
1927 1111 1989 1172 S.
2020 1113 2243 1188 Doctor,
2275 1135 2465 1178 eorum
2491 1119 2793 1180 Ecclesiam
2824 1119 3074 1198 squalere
3095 1122 3270 1179 adhuc
3297 1119 3524 1180 Pastors

229 1217 603 1290 provinciales
641 1215 1060 1274 moderarentur
1086 1233 1100 1270 :
1132 1222 1373 1272 attamen
1414 1211 1658 1272 ordinem
1684 1211 1828 1270 hunc

231 1312 636 1369 bierarehicrm
657 1311 762 1366 soli
784 1309 950 1366 italia
975 1310 1250 1379 denegans
1263 1349 1280 1375 ,
1309 1307 1398 1365 cui
1423 1307 1553 1365 licet
1579 1307 1636 1366 in
1661 1305 1824 1374 XVII,

229 1411 289 1458 ut
315 1402 490 1470 aiunt,
523 1401 834 1475 provincias
860 1399 1194 1467 distributis,
1223 1397 1360 1455 duos
1388 1404 1599 1454 tantum
1623 1407 1827 1458 metro-

229 1496 506 1568 politanos
547 1496 836 1566 episcopos
874 1508 974 1566 per
1013 1509 1082 1550 ea
1121 1502 1368 1564 tempora
1397 1488 1700 1562 assignatus
1724 1507 1825 1548 vo-

230 1590 364 1658 lunt,
398 1589 708 1646 Romanum
735 1588 958 1654 scilicet,
983 1593 1038 1646 et
1065 1584 1542 1654 Mediolanensem,
1575 1583 1644 1642 ad
1671 1597 1828 1658 quar-

231 1690 342 1740 tum
374 1680 638 1738 saeculum
668 1679 1028 1755 Aquileiensis
1057 1677 1281 1734 exordia
1309 1677 1723 1750 protrahentes,
1756 1677 1825 1734 ad

230 1776 476 1850 quintmn
505 1790 679 1846 usque
708 1771 1151 1831 Ravennatensis.

1928 1207 2224 1282 viduatam,
2243 1209 2372 1272 dum
2385 1213 2608 1286 reliquas
2627 1213 2975 1273 ﬁnitimarum
2988 1215 3266 1274 civitatum
3283 1214 3522 1272 ecclesias

1930 1301 2193 1375 ejusmodi
2219 1305 2416 1366 solatio
2441 1307 2768 1366 laetarentur.
2788 1309 3054 1386 Conﬂigor
3075 1309 3270 1381 dolore,
3289 1314 3407 1386 quia
3425 1309 3521 1370 Ec-

1929 1399 2087 1456 clesia
2133 1398 2384 1472 Domini,
2434 1421 2548 1478 quae
2585 1411 2663 1460 est
2690 1406 2745 1460 in
2785 1403 2958 1474 vobis,
3001 1403 3321 1460 sacerdotem
3350 1401 3520 1459 adhuc

1927 1507 2033 1550 non
2073 1489 2257 1562 habet,
2301 1511 2362 1549 ac
2402 1493 2518 1552 sola
2555 1513 2693 1552 nunc
2721 1513 2786 1552 ex
2814 1494 3049 1552 omnibus
3077 1493 3337 1569 Liguriae,
3370 1501 3519 1568 atque

1927 1577 2198 1654 Emilite,
2239 1583 2698 1664 Venetiarumque,
2731 1587 2812 1646 vel
2850 1589 3048 1646 cteteris
3077 1589 3313 1660 ﬁnitimis
3345 1581 3518 1646 Italia:

1927 1675 2159 1754 partibus
2213 1675 2510 1756 hujusmodi
2555 1691 2666 1757 eget
2693 1679 2858 1756 ofﬁcio
2903 1679 3173 1754 (Ambros.
3205 1681 3355 1752 epist.
3389 1674 3514 1751 82).

1923 1769 1985 1832 In
2013 1772 2184 1832 altera
2215 1791 2343 1836 vero
2383 1776 2452 1834 ad
2489 1775 2981 1836 Vicohabentinum
3021 1773 3163 1831 illius
3191 1789 3332 1832 cura;
3359 1773 3516 1829 enixa

295 1865 346 1921 5.
393 1865 453 1924 Si
482 1881 621 1923 vero
650 1865 720 1923 ab
749 1865 941 1924 iisdem
970 1862 1285 1920 auctoribus
1312 1872 1466 1936 petas
1493 1881 1594 1930 qua
1622 1865 1823 1920 ταεῖοηϐ
1852 1863 1901 1930 Β
1927 1869 2272 1930 commendat
2308 1869 2630 1930 Imolensem
2671 1869 2967 1928 Ecclesiam
2987 1911 3001 1938 ,
3044 1867 3216 1924 donec
3246 1883 3415 1924 novus
3442 1865 3514 1923 ibi

232 1959 420 2031 {utam
439 1999 454 2024 ,
488 1964 548 2011 ut
576 1957 631 2012 in
661 1957 871 2032 reliquis
901 1952 1041 2012 orbis
1071 1951 1299 2012 Romani
1327 1956 1604 2027 provinciis
1633 1965 1823 2012 metro-

231 2049 445 2121 politani
463 2045 756 2122 apostolico
777 2047 1012 2103 instituto
1041 2044 1270 2102 ordinati
1291 2047 1414 2113 sint,
1429 2047 1483 2100 in
1507 2041 1668 2100 Italia
1683 2061 1818 2114 vero.

229 2140 306 2196 ubi
334 2139 543 2198 Paulus
573 2139 906 2213 praedicavit,
951 2139 1039 2195 ubi
1067 2135 1256 2194 Petrus
1286 2135 1548 2193 Ecclesias
1576 2137 1817 2206 instituit,

227 2231 306 2287 ubi
333 2231 485 2289 sedes
529 2231 819 2306 apostolica
859 2232 1042 2305 primis
1070 2230 1322 2291 Ecclesia:
1351 2229 1658 2303 temporibus
1687 2237 1818 2298 erat,

229 2327 518 2382 institutum
549 2325 687 2381 illud
712 2327 888 2382 statim
930 2342 1037 2382 non
1078 2325 1339 2380 obtinuit?
1365 2321 1820 2394 quemadmodum

230 2433 258 2472 τι
284 2417 584 2491 semetipso
614 2417 904 2488 quaesierat
931 2416 1193 2474 Emanucl
1221 2415 1606 2473 Scbelstratius
1637 2415 1814 2491 (Tom.

227 2502 248 2560 I
281 2505 487 2564 dissert.
532 2525 651 2580 cap.
689 2503 788 2577 5):
819 2508 995 2578 primo
1033 2510 1419 2582 responsiones
1461 2507 1674 2564 illorum
1717 2523 1816 2564 au-

229 2605 396 2657 ctores
437 2599 532 2658 isti
579 2615 690 2656 non
730 2600 1065 2674 approbant,
1096 2602 1188 2672 qui
1217 2603 1485 2657 rationem
1514 2609 1571 2656 et
1596 2615 1817 2658 causam

229 2693 355 2748 tanti
408 2689 745 2748 discriminis
799 2692 852 2746 in
893 2693 1264 2762 apostolorum
1305 2693 1391 2749 vel
1445 2707 1817 2750 successorum

229 2783 624 2840 Institnentium
645 2779 997 2840 voluntatem
1032 2781 1301 2854 rejiciunt.
1344 2781 1594 2841 Secundo
1634 2791 1815 2840 autem

229 2873 555 2950 respondent
582 2877 706 2948 ipsi,
737 2878 980 2950 regimen
1007 2892 1221 2947 quoque
1251 2877 1676 2934 ecclesiasticum
1702 2876 1813 2933 Ita-

227 2963 310 3024 lia:
335 2968 404 3024 ad
432 2969 715 3039 exemplar
741 2970 1017 3026 szecularis
1045 2970 1320 3041 apostolos
1347 2969 1434 3026 vel
1475 2983 1815 3026 successores

1923 1961 2286 2020 constituatur
2327 1963 2630 2036 episcopus.
2687 1959 2998 2020 Commendo
3041 1959 3161 2028 tibi,
3193 1960 3300 2030 ﬁli,
3333 1957 3513 2012 Eccle-

1921 2051 2077 2118 siam,
2109 2068 2223 2126 qua:
2251 2062 2328 2108 est
2355 2051 2426 2107 ad
2455 2055 2625 2125 forum
2655 2050 2912 2118 Cornelii,
2942 2068 3039 2124 quo
3059 2065 3173 2104 eam
3195 2049 3256 2103 de
3276 2049 3514 2120 proximo

1921 2145 2194 2200 intercisus
2228 2147 2576 2218 frequentius,
2621 2143 2782 2199 donec
2821 2145 2868 2199 ei
2909 2142 3173 2199 ordinetur
3212 2139 3512 2213 episcopus:

1921 2249 2200 2313 occupatus
2221 2239 2399 2298 diebus
2420 2238 2774 2316 ingruentibus
2793 2236 3218 2310 Quadragesima:
3241 2243 3345 2288 tam
3366 2233 3512 2303 longe

1921 2347 2028 2392 non
2057 2347 2268 2404 possum
2295 2347 2569 2388 excurrere
2599 2328 2858 2401 (Ambros.
2885 2331 3032 2402 epist.
3059 2325 3136 2402 9.).
3167 2323 3365 2381 Forum
3387 2321 3511 2380 Cor<

1920 2424 2090 2492 nelii,
2139 2439 2237 2482 seu
2281 2423 2451 2484 bnola
2495 2423 2627 2480 urbs
2673 2431 2759 2480 est
2799 2420 3033 2478 {Emiliac
3061 2417 3384 2492 provinciae,
3417 2430 3510 2472 seu

1919 2517 2218 2588 Flaminiae,
2269 2516 2422 2588 cujus
2469 2518 2634 2576 etiam
2680 2524 2843 2590 caput
2883 2515 3173 2574 Ravenna:
3205 2513 3263 2568 in
3291 2509 3510 2569 )Emilia

1915 2611 2126 2684 pariter
2165 2610 2269 2668 sita
2298 2617 2417 2668 erat
2442 2607 2871 2676 Vicobabentia,
2913 2605 3078 2662 modo
3121 2603 3388 2660 Ferraria.
3430 2599 3510 2660 Ex

1918 2701 2098 2758 allatis
2125 2715 2256 2774 ergo
2285 2699 2556 2758 Ambrosii
2584 2699 2765 2756 verbis
2805 2705 3019 2754 constat
3045 2693 3244 2751 Forum
3271 2689 3509 2751 Cornelii

1917 2791 2018 2852 sub
2048 2791 2167 2866 ejus
2195 2806 2324 2850 cura
2344 2833 2358 2859 ,
2390 2799 2446 2848 et
2471 2791 2814 2858 visitatione,
2859 2796 2915 2844 et
2943 2787 3284 2844 ordinatione
3311 2783 3506 2840 fuisse:

1916 2883 2364 2946 Vicobabentiam
2403 2883 2608 2958 pariter
2647 2879 2714 2938 ad
2753 2897 2877 2937 eum
2905 2887 3207 2952 spectasse,
3238 2883 3353 2932 tum
3380 2876 3507 2946 quia

1915 2977 2032 3048 ejus
2061 2977 2320 3050 episcopo
2340 3017 2355 3044 ,
2400 2990 2561 3047 quem
2589 2971 2941 3046 subjectionis
2971 2972 3187 3027 nomine
3215 2971 3380 3044 ﬁlium
3411 2985 3478 3039 ap

235 3075 418 3118 80mm
465 3063 862 3134 CONWSUiSSG;
912 3079 1034 3119 cum
1082 3064 1224 3119 enim
1273 3079 1304 3118 a
1350 3062 1559 3119 duobus
1597 3061 1814 3119 vicariis
1913 3067 2113 3142 pellat,
2158 3068 2382 3124 alterius
2422 3065 2678 3122 Ecclesim
2718 3065 3080 3122 visitationem
3110 3061 3363 3130 mandat;
3397 3068 3506 3114 tum

230 3153 467 3228 prefect]
512 3158 762 3229 pnetorio
809 3151 976 3212 Italize
1023 3157 1197 3211 omnis
1235 3157 1350 3212 haec
1389 3157 1538 3225 regio
1576 3155 1809 3211 admini-
1914 3161 2044 3232 quia
2073 3175 2141 3215 ex
2169 3157 2393 3214 bomilia
2423 3155 2528 3210 175
2555 3153 2610 3212 S.
2644 3155 2794 3211 Petri
2821 3154 3142 3227 Cbrysologi
3174 3149 3396 3206 interius
3425 3149 3506 3203 al-

228 3255 508 3315 straretur,
562 3245 808 3304 Romano
855 3247 1062 3304 scilicet
1083 3289 1099 3315 ,
1151 3248 1238 3304 cui
1284 3247 1473 3302 decem
1520 3245 1812 3322 provinciae

1916 3252 2139 3309 ferenda
2179 3251 2570 3324 subjectionem
2625 3251 2783 3305 istam
2828 3245 3235 3308 Vicohabentiae
3282 3259 3508 3314 arguere

230 3341 497 3408 suberant,
531 3349 591 3397 et
617 3337 1026 3408 Mediolanensi,
1057 3339 1145 3396 cui
1173 3348 1412 3410 septem;
1444 3339 1633 3394 eadem
1661 3337 1809 3408 pari-
1913 3359 2076 3416 posse
2109 3343 2334 3399 credunt
2364 3341 2540 3398 critici
2562 3343 2750 3397 nostri.
2791 3337 3049 3397 Venetias
3072 3339 3232 3408 igitur
3261 3344 3314 3393 et
3336 3333 3506 3390 Ᾱῐιῐιί-

235 3441 310 3487 ter
329 3431 596 3488 methodo
624 3431 732 3489 duo
774 3429 988 3488 fuerant
1027 3431 1381 3488 ecclesiastici
1407 3427 1812 3500 metropolitani
1914 3436 2042 3491 liam
2071 3435 2386 3490 continebat
2415 3435 2695 3507 provincia
2725 3431 3107 3492 Ecclesiastica
3137 3429 3506 3486 Mediolanen-

231 3523 278 3578 in
304 3522 453 3580 Italia
495 3521 895 3590 constituendi,
938 3531 999 3579 ut
1037 3521 1492 3594 quemadmodum
1519 3522 1572 3576 in
1600 3520 1811 3590 reliquo

229 3610 375 3681 orbe,
421 3616 499 3671 ita
543 3617 618 3672 ibi
658 3629 877 3687 quoque
915 3613 1292 3672 ecclesiasticae
1329 3613 1647 3670 hierarchiae
1675 3613 1810 3668 ordo

226 3707 492 3765 saecularis
519 3709 842 3766 trierarchis:
869 3707 1043 3766 ordini
1069 3709 1438 3780 responderet.
1471 3707 1814 3778 Quapropter

225 3799 402 3857 decem
430 3799 869 3857 subnrbanarum
899 3801 1301 3872 provinciarum
1331 3799 1599 3870 episcopis
1627 3799 1812 3852 imme-

225 3889 358 3950 diate
395 3903 667 3965 prmerat,
712 3901 770 3948 ut
798 3893 1280 3962 metropolitanus,
1312 3893 1541 3962 ipsemet
1566 3901 1808 3946 summus

224 3986 495 4056 pontifex;
529 3985 584 4042 in
615 3996 824 4056 septem
852 4002 986 4042 vero
1014 3985 1243 4052 caeteris,
1275 4000 1394 4055 qum
1419 3984 1587 4039 Italiae
1614 3995 1810 4053 cogno-

223 4077 360 4134 mine
397 4075 902 4148 distinguebantur,
945 4077 1345 4152 metropolitani
1398 4078 1541 4133 vices
1586 4077 1810 4146 gerebat

222 4163 636 4226 Mediolanensis
677 4170 982 4240 episcopus.
1035 4167 1173 4226 Hinc
1210 4168 1484 4225 distinctio
1523 4169 1807 4238 episcopo-

221 4267 333 4315 rum”
361 4257 628 4316 Romanae
659 4261 953 4333 provincia:
989 4263 1057 4317 ab
1091 4262 1360 4334 epiSCOpis
1400 4273 1540 4332 quos
1579 4261 1803 4332 provin-

221 4351 308 4407 ciae
351 4351 524 4407 Italite
564 4351 942 4424 appellabant;
991 4361 1153 4424 atque
1195 4355 1321 4409 hinc
1359 4359 1479 4409 orta
1523 4360 1607 4408 est
1636 4367 1806 4424 penes

221 4451 470 4500 auctores
514 4443 664 4515 ipsos
703 4444 770 4500 de
809 4444 1145 4514 subjectlone
1185 4444 1517 4500 Ravennatis
1561 4445 1804 4501 ecclesiae

221 4543 268 4594 et
297 4527 668 4608 Aquileiensis
699 4537 1044 4608 cenjectura;
1081 4553 1206 4593 nam
1241 4538 1472 4594 Emilim
1490 4539 1664 4610 prima
1686 4546 1805 4593 erat

1911 3529 2006 3602 sis,
2038 3534 2436 3602 consequenter
2463 3528 2782 3585 Ravennam
2811 3535 2866 3582 et
2895 3523 3216 3596 Aquileiam.

1985 3619 2036 3676 5.
2078 3619 2464 3680 Schelstratius
2491 3636 2625 3679 vero
2654 3617 2722 3675 ad
2751 3617 3080 3675 ellercndam
3109 3616 3279 3686 magis
3306 3615 3506 3685 magis-

1911 3736 2018 3796 que
2065 3719 2121 3776 in
2167 3720 2267 3776 bas
2312 3719 2622 3792 provincias
2669 3716 3050 3774 auctoritatem
3091 3711 3506 3769 Mcdiolanensis

1909 3811 2198 3879 Ecclesiae,
2246 3810 2392 3866 aliud
2433 3815 2712 3868 mutuatur
2753 3813 3126 3880 argumentum
3169 3803 3237 3860 ab
3278 3801 3504 3876 cpistola

1909 3903 2167 3978 synodica
2195 3919 2360 3976 quam
2391 3901 2656 3960 Eusebius
2686 3899 2826 3956 illius
2855 3897 3142 3976 episcopus
3181 3893 3348 3951 Leoni
3388 3893 3503 3948 Ma-

1911 4012 2019 4070 gno
2047 3997 2370 4067 conscripsit
2399 3996 2454 4052 in
2484 3993 2850 4050 celeberrima:
2879 3989 2934 4045 S.
2969 3989 3110 4044 illius
3139 3985 3409 4060 pontiﬁcis
3439 3985 3504 4043 ad

1908 4087 2227 4145 Flavianum
2269 4087 2511 4160 epistolas
2555 4083 3022 4154 approbationem.
3065 4078 3200 4134 Cum
3229 4078 3371 4133 enim
3403 4075 3502 4131 ali-

1907 4197 2141 4254 quorum
2168 4167 2420 4247 Emilize,
2453 4177 2792 4243 Rbetiarum,
2826 4173 3041 4246 Alpium
3067 4169 3367 4228 Cottiarum
3398 4169 3484 4241 epi

1907 4288 2198 4345 scoporum
2235 4270 2656 4340 subscriptiones
2693 4267 2748 4322 in
2777 4263 2928 4323 calce
2955 4261 3274 4320 Eusebianm
3302 4261 3502 4333 episto-

1905 4365 1971 4425 lae
1992 4361 2335 4420 observasset
2355 4357 2740 4416 Scb‘elstratius
2754 4400 2769 4424 ,
2794 4355 3088 4412 arbitratus
3109 4362 3191 4409 est
3213 4353 3266 4407 in
3287 4363 3501 4408 omnem

1906 4455 2019 4514 lere
2047 4456 2284 4521 Italiam,
2325 4461 2382 4509 et
2418 4453 2560 4510 ultra
2584 4447 2976 4522 iurisdictionis
3004 4461 3112 4501 suae
3139 4445 3335 4499 limites
3363 4439 3502 4498 dila-

1905 4553 2050 4603 tasse
2070 4547 2387 4620 episcopum
2409 4543 2576 4600 illum.
2609 4539 2692 4597 En
2711 4539 2877 4597 verba
2897 4535 3251 4594 Schelstratit.
3291 4553 3309 4586 ι
3327 4533 3500 4601 Quam

221 4627 402 4685 civitas
432 4623 716 4694 Ravenna,
738 4628 1089 4684 Venetiarum
1111 4629 1375 4697 Aquileia,
1411 4641 1547 4698 quas
1578 4629 1802 4699 provin-

1915 4614 2122 4699 ditl'use—
2157 4614 2340 4696 autem
2398 4635 2816 4694 Mediolanensis
2862 4631 3104 4688 Ecclesia
3149 4643 3248 4700 per
3291 4623 3500 4682 Italiam

220 4719 326 4776 clas
351 4720 651 4775 vicaristus
677 4717 845 4774 Italim
872 4720 1399 4790 comprehendebat,
1444 4719 1674 4790 ideoque
1705 4735 1802 4776 ea-

219 4825 331 4869 rum
361 4813 607 4884 episcopi
638 4813 1061 4884 metropolitano
1092 4811 1256 4869 italize'
1277 4813 1641 4870 obedientiam
1660 4829 1802 4885 prte—

217 4914 382 4964 stasse
415 4908 634 4965 dicendi
664 4915 840 4964 erant.

277 4999 332 5054 4.
373 4999 684 5056 Vicariatus
726 4999 900 5056 Italici
941 5001 1104 5057 urbes
1147 5000 1312 5058 fuisse
1354 4999 1668 5058 Ravennam
1686 5041 1701 5069 ,
1748 5011 1804 5058 ot

219 5089 514 5162 Aquileiam
548 5092 723 5148 nullus
754 5089 1054 5161 inﬂclstur;
1101 5095 1311 5150 illarum
1343 5107 1560 5164 quoque
1587 5094 1800 5165 episco-

339 5185 578 5240 abltalia
607 5183 908 5257 appellatos
937 5193 1205 5243 testantur
1237 5189 1658 5260 subscriptiones
1677 5199 1804 5245 con-

194 5243 317 5355 f'cnn
361 5243 722 5333 Bardicensis.
795 5277 1214 5334 Fortunatianus
1250 5243 1329 5334 at
1361 5243 1522 5336 1έαὶξά
1551 5243 1802 5355 sunt.

197 5349 328 5436 ἰείη,
347 5370 570 5426 Severus
599 5369 664 5424 ab
681 5369 841 5425 Italia
870 5371 934 5426 de
956 5369 1226 5438 Ravenna,
1259 5371 1532 5429 Protasius
1554 5375 1618 5429 ab
1641 5349 1799 5430 ιεᾷιία

220 5461 277 5520 de
300 5464 638 5534 Hediolano,
669 5481 735 5525 ac
779 5467 999 5524 tandem
1044 5465 1405 5524 Mediolanum
1435 5469 1602 5526 Italiae
1635 5470 1801 5530 fuisse

220 5562 554 5632 Metropolim
596 5561 789 5620 asserit
833 5561 1160 5620 Athanasius
1202 5562 1257 5618 in
1289 5561 1517 5634 epistola
1553 5568 1620 5621 ad
1651 5564 1797 5623 Soli-

179 5679 182 5682 ~
220 5651 395 5711 tarios.
437 5653 526 5711 Ea:
550 5665 766 5728 quorum
791 5667 1005 5712 nurnero
1035 5657 1343 5713 clarissima
1367 5665 1490 5714 sunt
1511 5661 1796 5733 confessio-

222 5741 296 5799 nis
319 5745 416 5801 τιή
444 5741 708 5828 religiosi,
739 5743 791 5804 et
816 5745 1042 5822 episcopi
1073 5749 1224 5823 boni,
1269 5749 1526 5810 Paulinus
1558 5753 1797 5811 Treviro-

217 5847 344 5924 ltm,
374 5855 490 5915 quas
517 5835 812 5900 Galliarum
840 5841 1140 5920 metropolis
1170 5853 1263 5910 est,
1299 5839 1510 5918 Lucifer
1541 5841 1798 5920 Metropo.

1901 4735 1988 4812 jus
2031 4735 2488 4807 metr0politicum
2516 4727 2810 4786 obtinuerit
2837 4735 2962 4782 ante
2991 4724 3262 4780 institutos
3292 4715 3500 4774 Raven-

1905 4833 2113 4900 nensis,
2155 4837 2210 4888 et
2236 4823 2576 4904 Aquileiensis
2603 4821 2859 4880 Ecclesia:
2886 4817 3288 4888 metropolitas,
3321 4812 3500 4883 colligi

1905 4931 2089 5002 potest
2135 4939 2204 4980 ex
2251 4903 2473 4980 Eusebii
2519 4913 2940 4974 Mediolanensis
2985 4909 3214 5002 epistola
3240 4950 3254 4976 ,
3285 4915 3403 4976 quae
3431 4903 3500 5002 ad

1905 4993 2147 5074 Leonem
2201 5013 2455 5084 Magnum
2509 5011 2673 5066 missa
2730 5011 2814 5062 est
2867 5019 3030 5076 super
3073 4999 3178 5056 ﬁde
3222 5011 3383 5069 quam
3432 4993 3500 5052 ad

1903 5107 2181 5165 Orientem
2210 5099 2502 5161 direxerat.
2543 5099 2624 5156 Illi
2653 5097 2798 5154 enim
2827 5113 2934 5152 non
2962 5093 3137 5152 solum
3156 5087 3499 5146 subscribunt

1903 5197 2136 5272 Liguriae
2163 5197 2409 5270 episcopi
2436 5193 2719 5265 Crispinus
2740 5185 3062 5254 Ticinensis,
3084 5181 3345 5257 Cyriacus
3365 5177 3500 5235 Laus

1903 5294 2114 5362 densis,
2156 5289 2530 5348 Abundantius
2564 5286 2846 5344 Comensis
2875 5291 2928 5340 et
2955 5280 3176 5349 reliqui,
3209 5275 3306 5332 sed
3333 5276 3497 5331 etiam

1901 5385 2194 5442 Faventius
2232 5383 2541 5454 Regiensls,
2581 5377 2891 5450 Majoranus
2932 5365 3277 5429 Placentinus
3306 5371 3360 5423 et
3387 5363 3495 5438 Cy-

1900 5480 2124 5554 prianus
2151 5477 2500 5536 Brixellensis
2526 5475 2594 5532 de
2613 5469 2892 5546 provincia
2915 5457 3183 5554 z’Emiliaef
3204 5461 3496 5554 Abundat»-

1901 5551 2009 5628 tius
2053 5569 2338 5628 Comensis
2383 5583 2484 5640 pro
2529 5565 2790 5636 Agimone
2827 5553 3108 5625 Curiensi,
3146 5551 3359 5612 Gradus
3394 5564 3493 5622 pro

1901 5665 2153 5723 Eustasio
2183 5665 2497 5734 Augustano
2525 5673 2592 5714 ex
2619 5645 2846 5722 Rhetia,
2885 5649 3150 5710 Maxirnus
3185 5643 3496 5703 Taurinatis

1901 5759 1957 5816 et
1985 5758 2212 5828 Quintus
2241 5751 2529 5811 Derncnsls
2567 5763 2634 5805 ex
2671 5745 2896 5820 Alpibus
2932 5743 3124 5802 Cottiis
3150 5761 3162 5796 :
3194 5747 3332 5810 quos
3358 5751 3497 5793 con-

1902 5857 2194 5927 sequenter
2221 5853 2496 5924 spectasse
2525 5843 2742 5903 constat
2778 5841 2848 5898 ad
2882 5837 3149 5910 synodum
3184 5829 3468 5924 Eusebii"
3489 5865 3511 5922 νη
