  <div class='ocr_page' id='page_1' title='image "/cluster/home/n/w/nwhite01/storage/ocr_20150623/52/hvd.32044015706419/051.png"; bbox 0 0 3976 6352; ppageno 0'>
   <div class='ocr_carea' id='block_1_1' title="bbox 418 355 2863 440">
    <p class='ocr_par' dir='ltr' id='par_1_1' title="bbox 418 355 2863 440">
     <span class='ocr_line' id='line_1_1' title="bbox 418 355 2863 440; baseline -0.007 -9"><span class='ocrx_word' id='word_1_1' title='bbox 418 377 491 440; x_wconf 69' lang='lat'><strong>95</strong></span> <span class='ocrx_word' id='word_1_2' title='bbox 1257 368 1327 427; x_wconf 83' lang='lat' dir='ltr'><strong>IN</strong></span> <span class='ocrx_word' id='word_1_3' title='bbox 1360 367 1419 425; x_wconf 89' lang='lat' dir='ltr'><strong>S.</strong></span> <span class='ocrx_word' id='word_1_4' title='bbox 1459 360 1745 425; x_wconf 77' lang='lat' dir='ltr'><strong>PETRUM</strong></span> <span class='ocrx_word' id='word_1_5' title='bbox 1783 355 2296 416; x_wconf 73' lang='lat' dir='ltr'><strong>CHRYSOLOGUM</strong></span> <span class='ocrx_word' id='word_1_6' title='bbox 2334 355 2863 415; x_wconf 81' lang='lat' dir='ltr'><strong>PROLEGOMENA.</strong></span> 
     </span>
    </p>
   </div>
   <div class='ocr_carea' id='block_1_2' title="bbox 3522 344 3709 439">
    <p class='ocr_par' dir='ltr' id='par_1_2' title="bbox 3522 344 3709 439">
     <span class='ocr_line' id='line_1_2' title="bbox 3522 344 3709 439; baseline -0.005 1"><span class='ocrx_word' id='word_1_7' title='bbox 3522 350 3543 377; x_wconf 62' lang='grc' dir='ltr'>ι</span> <span class='ocrx_word' id='word_1_8' title='bbox 3621 344 3709 439; x_wconf 66' lang='grc' dir='ltr'><strong>ος</strong></span> 
     </span>
    </p>
   </div>
   <div class='ocr_carea' id='block_1_3' title="bbox 412 462 3709 559">
    <p class='ocr_par' dir='ltr' id='par_1_3' title="bbox 412 462 3709 559">
     <span class='ocr_line' id='line_1_3' title="bbox 412 462 3709 559; baseline -0.006 -4"><span class='ocrx_word' id='word_1_9' title='bbox 412 494 510 557; x_wconf 79' lang='lat' dir='ltr'><strong>llis</strong></span> <span class='ocrx_word' id='word_1_10' title='bbox 536 499 720 551; x_wconf 85' lang='lat' dir='ltr'><strong>autem</strong></span> <span class='ocrx_word' id='word_1_11' title='bbox 752 491 803 548; x_wconf 88' lang='lat' dir='ltr'><strong>si</strong></span> <span class='ocrx_word' id='word_1_12' title='bbox 839 489 1007 546; x_wconf 82' lang='lat' dir='ltr'><strong>addas</strong></span> <span class='ocrx_word' id='word_1_13' title='bbox 1039 486 1324 559; x_wconf 80' lang='lat' dir='ltr'><strong>episcopos</strong></span> <span class='ocrx_word' id='word_1_14' title='bbox 1357 480 1662 547; x_wconf 62' lang='lat' dir='ltr'><strong>Flaminia,</strong></span> <span class='ocrx_word' id='word_1_15' title='bbox 1701 477 1854 548; x_wconf 88' lang='lat' dir='ltr'><strong>cujus</strong></span> <span class='ocrx_word' id='word_1_16' title='bbox 1881 475 1998 546; x_wconf 86' lang='lat' dir='ltr'><strong>epi—</strong></span> <span class='ocrx_word' id='word_1_17' title='bbox 2024 480 2080 544; x_wconf 72' lang='grc' dir='ltr'>Α</span> <span class='ocrx_word' id='word_1_18' title='bbox 2102 475 2231 528; x_wconf 87' lang='lat' dir='ltr'><strong>mini</strong></span> <span class='ocrx_word' id='word_1_19' title='bbox 2249 474 2483 546; x_wconf 84' lang='lat' dir='ltr'><strong>speciosa</strong></span> <span class='ocrx_word' id='word_1_20' title='bbox 2508 473 2648 528; x_wconf 84' lang='lat' dir='ltr'><strong>dictu</strong></span> <span class='ocrx_word' id='word_1_21' title='bbox 2670 475 2957 547; x_wconf 79' lang='lat' dir='ltr'><strong>gratiﬁcari</strong></span> <span class='ocrx_word' id='word_1_22' title='bbox 2989 482 3039 528; x_wconf 87' lang='lat' dir='ltr'><strong>et</strong></span> <span class='ocrx_word' id='word_1_23' title='bbox 3066 475 3330 531; x_wconf 75' lang='lat' dir='ltr'><strong>venditare</strong></span> <span class='ocrx_word' id='word_1_24' title='bbox 3358 476 3517 549; x_wconf 67' lang='lat' dir='ltr'><strong>fuerit</strong></span> <span class='ocrx_word' id='word_1_25' title='bbox 3542 462 3709 535; x_wconf 49' lang='lat' dir='ltr'><strong>cura;</strong></span> 
     </span>
    </p>
   </div>
   <div class='ocr_carea' id='block_1_4' title="bbox 413 569 2001 661">
    <p class='ocr_par' dir='ltr' id='par_1_4' title="bbox 413 569 2001 661">
     <span class='ocr_line' id='line_1_4' title="bbox 413 569 2001 661; baseline -0.016 -14"><span class='ocrx_word' id='word_1_26' title='bbox 413 601 639 661; x_wconf 82' lang='lat' dir='ltr'><strong>scopum</strong></span> <span class='ocrx_word' id='word_1_27' title='bbox 662 582 1198 642; x_wconf 84' lang='lat' dir='ltr'><strong>Forocorneliensem</strong></span> <span class='ocrx_word' id='word_1_28' title='bbox 1224 576 1295 633; x_wconf 90' lang='lat' dir='ltr'><strong>ad</strong></span> <span class='ocrx_word' id='word_1_29' title='bbox 1318 591 1474 632; x_wconf 91' lang='lat' dir='ltr'><strong>suam</strong></span> <span class='ocrx_word' id='word_1_30' title='bbox 1493 569 1856 630; x_wconf 78' lang='lat' dir='ltr'><strong>obedientiam</strong></span> <span class='ocrx_word' id='word_1_31' title='bbox 1874 582 2001 638; x_wconf 89' lang='lat' dir='ltr'><strong>spe-</strong></span> 
     </span>
    </p>
   </div>
   <div class='ocr_carea' id='block_1_5' title="bbox 414 664 2004 742">
    <p class='ocr_par' dir='ltr' id='par_1_5' title="bbox 414 664 2004 742">
     <span class='ocr_line' id='line_1_5' title="bbox 414 664 2004 742; baseline -0.018 0"><span class='ocrx_word' id='word_1_32' title='bbox 414 692 592 742; x_wconf 86' lang='lat' dir='ltr'><strong>ctasse</strong></span> <span class='ocrx_word' id='word_1_33' title='bbox 628 679 830 737; x_wconf 89' lang='lat' dir='ltr'><strong>indicat</strong></span> <span class='ocrx_word' id='word_1_34' title='bbox 864 677 1018 733; x_wconf 89' lang='lat' dir='ltr'><strong>divus</strong></span> <span class='ocrx_word' id='word_1_35' title='bbox 1051 671 1395 731; x_wconf 87' lang='lat' dir='ltr'><strong>Ambrosius.</strong></span> <span class='ocrx_word' id='word_1_36' title='bbox 1413 709 1428 723; x_wconf 96' lang='lat'><strong>.</strong></span> <span class='ocrx_word' id='word_1_37' title='bbox 1445 710 1460 723; x_wconf 92' lang='lat'><strong>.</strong></span> <span class='ocrx_word' id='word_1_38' title='bbox 1477 708 1492 723; x_wconf 93' lang='lat'><strong>.</strong></span> <span class='ocrx_word' id='word_1_39' title='bbox 1510 709 1526 723; x_wconf 93' lang='lat'><strong>.</strong></span> <span class='ocrx_word' id='word_1_40' title='bbox 1555 664 1782 722; x_wconf 84' lang='lat' dir='ltr'><strong>habebis</strong></span> <span class='ocrx_word' id='word_1_41' title='bbox 1816 674 2004 717; x_wconf 89' lang='lat' dir='ltr'><strong>omnes</strong></span> 
     </span>
    </p>
   </div>
   <div class='ocr_carea' id='block_1_6' title="bbox 415 754 2005 844">
    <p class='ocr_par' dir='ltr' id='par_1_6' title="bbox 415 754 2005 844">
     <span class='ocr_line' id='line_1_6' title="bbox 415 754 2005 844; baseline -0.017 -10"><span class='ocrx_word' id='word_1_42' title='bbox 415 774 529 834; x_wconf 85' lang='lat' dir='ltr'><strong>fere</strong></span> <span class='ocrx_word' id='word_1_43' title='bbox 555 772 831 844; x_wconf 77' lang='lat' dir='ltr'><strong>regiones,</strong></span> <span class='ocrx_word' id='word_1_44' title='bbox 862 784 983 841; x_wconf 80' lang='lat' dir='ltr'><strong>quae</strong></span> <span class='ocrx_word' id='word_1_45' title='bbox 1020 764 1448 824; x_wconf 77' lang='lat' dir='ltr'><strong>ecclesiasticam</strong></span> <span class='ocrx_word' id='word_1_46' title='bbox 1471 759 1641 816; x_wconf 62' lang='lat' dir='ltr'><strong>Italiae</strong></span> <span class='ocrx_word' id='word_1_47' title='bbox 1668 754 2005 829; x_wconf 85' lang='lat' dir='ltr'><strong>provinciam</strong></span> 
     </span>
    </p>
   </div>
   <div class='ocr_carea' id='block_1_7' title="bbox 417 844 2003 932">
    <p class='ocr_par' dir='ltr' id='par_1_7' title="bbox 417 844 2003 932">
     <span class='ocr_line' id='line_1_7' title="bbox 417 844 2003 932; baseline -0.018 -6"><span class='ocrx_word' id='word_1_48' title='bbox 417 865 832 932; x_wconf 88' lang='lat' dir='ltr'><strong>constituebant,</strong></span> <span class='ocrx_word' id='word_1_49' title='bbox 854 861 1128 932; x_wconf 73' lang='lat' dir='ltr'><strong>Liguriam</strong></span> <span class='ocrx_word' id='word_1_50' title='bbox 1158 857 1439 923; x_wconf 83' lang='lat' dir='ltr'><strong>nimirum,</strong></span> <span class='ocrx_word' id='word_1_51' title='bbox 1471 850 1772 915; x_wconf 64' lang='lat' dir='ltr'><strong>JEmiliam,</strong></span> <span class='ocrx_word' id='word_1_52' title='bbox 1802 844 2003 900; x_wconf 87' lang='lat' dir='ltr'><strong>Flami-</strong></span> 
     </span>
    </p>
   </div>
   <div class='ocr_carea' id='block_1_8' title="bbox 418 936 2008 1027">
    <p class='ocr_par' dir='ltr' id='par_1_8' title="bbox 418 936 2008 1027">
     <span class='ocr_line' id='line_1_8' title="bbox 418 936 2008 1027; baseline -0.016 -11"><span class='ocrx_word' id='word_1_53' title='bbox 418 959 594 1023; x_wconf 89' lang='lat' dir='ltr'><strong>niam,</strong></span> <span class='ocrx_word' id='word_1_54' title='bbox 624 957 786 1027; x_wconf 80' lang='lat' dir='ltr'><strong>Alpes</strong></span> <span class='ocrx_word' id='word_1_55' title='bbox 812 952 1051 1020; x_wconf 91' lang='lat' dir='ltr'><strong>Cottias,</strong></span> <span class='ocrx_word' id='word_1_56' title='bbox 1084 951 1397 1006; x_wconf 84' lang='lat' dir='ltr'><strong>Rhetiam..</strong></span> <span class='ocrx_word' id='word_1_57' title='bbox 1416 985 1461 1001; x_wconf 92' lang='lat'><strong>..</strong></span> <span class='ocrx_word' id='word_1_58' title='bbox 1480 985 1493 999; x_wconf 94' lang='lat'><strong>.</strong></span> <span class='ocrx_word' id='word_1_59' title='bbox 1553 943 1757 1012; x_wconf 82' lang='lat' dir='ltr'><strong>Hisque</strong></span> <span class='ocrx_word' id='word_1_60' title='bbox 1793 936 2008 993; x_wconf 70' lang='lat' dir='ltr'><strong>Histriae</strong></span> 
     </span>
    </p>
   </div>
   <div class='ocr_carea' id='block_1_9' title="bbox 418 1031 2005 1118">
    <p class='ocr_par' dir='ltr' id='par_1_9' title="bbox 418 1031 2005 1118">
     <span class='ocr_line' id='line_1_9' title="bbox 418 1031 2005 1118; baseline -0.016 -11"><span class='ocrx_word' id='word_1_61' title='bbox 418 1058 476 1108; x_wconf 90' lang='lat' dir='ltr'><strong>et</strong></span> <span class='ocrx_word' id='word_1_62' title='bbox 510 1049 748 1106; x_wconf 73' lang='lat' dir='ltr'><strong>Venetia:</strong></span> <span class='ocrx_word' id='word_1_63' title='bbox 782 1044 1068 1118; x_wconf 86' lang='lat' dir='ltr'><strong>provincia</strong></span> <span class='ocrx_word' id='word_1_64' title='bbox 1103 1043 1384 1099; x_wconf 82' lang='lat' dir='ltr'><strong>dumtaxat</strong></span> <span class='ocrx_word' id='word_1_65' title='bbox 1419 1037 1606 1093; x_wconf 87' lang='lat' dir='ltr'><strong>deesse</strong></span> <span class='ocrx_word' id='word_1_66' title='bbox 1641 1031 2005 1118; x_wconf 57' lang='lat' dir='ltr'><strong>cognoscitur,</strong></span> 
     </span>
    </p>
   </div>
   <div class='ocr_carea' id='block_1_10' title="bbox 417 1121 2008 1214">
    <p class='ocr_par' dir='ltr' id='par_1_10' title="bbox 417 1121 2008 1214">
     <span class='ocr_line' id='line_1_10' title="bbox 417 1121 2008 1214; baseline -0.015 -15"><span class='ocrx_word' id='word_1_67' title='bbox 417 1142 611 1214; x_wconf 83' lang='lat' dir='ltr'><strong>quibus</strong></span> <span class='ocrx_word' id='word_1_68' title='bbox 638 1139 899 1211; x_wconf 82' lang='lat' dir='ltr'><strong>exceptis,</strong></span> <span class='ocrx_word' id='word_1_69' title='bbox 930 1137 986 1191; x_wconf 91' lang='lat' dir='ltr'><strong>in</strong></span> <span class='ocrx_word' id='word_1_70' title='bbox 1014 1135 1251 1204; x_wconf 89' lang='lat' dir='ltr'><strong>reliquas</strong></span> <span class='ocrx_word' id='word_1_71' title='bbox 1277 1130 1441 1186; x_wconf 69' lang='lat' dir='ltr'><strong>Italite</strong></span> <span class='ocrx_word' id='word_1_72' title='bbox 1468 1127 1721 1197; x_wconf 79' lang='lat' dir='ltr'><strong>regiones</strong></span> <span class='ocrx_word' id='word_1_73' title='bbox 1749 1121 2008 1179; x_wconf 84' lang='lat' dir='ltr'><strong>Mediola-</strong></span> 
     </span>
    </p>
   </div>
   <div class='ocr_carea' id='block_1_11' title="bbox 417 1216 2009 1303">
    <p class='ocr_par' dir='ltr' id='par_1_11' title="bbox 417 1216 2009 1303">
     <span class='ocr_line' id='line_1_11' title="bbox 417 1216 2009 1303; baseline -0.014 -12"><span class='ocrx_word' id='word_1_74' title='bbox 417 1234 602 1291; x_wconf 90' lang='lat' dir='ltr'><strong>nensis</strong></span> <span class='ocrx_word' id='word_1_75' title='bbox 645 1234 963 1303; x_wconf 88' lang='lat' dir='ltr'><strong>episcopus,</strong></span> <span class='ocrx_word' id='word_1_76' title='bbox 1012 1235 1289 1297; x_wconf 85' lang='lat' dir='ltr'><strong>tamquam</strong></span> <span class='ocrx_word' id='word_1_77' title='bbox 1331 1222 1497 1279; x_wconf 66' lang='lat' dir='ltr'><strong>Italia:</strong></span> <span class='ocrx_word' id='word_1_78' title='bbox 1541 1216 2009 1290; x_wconf 83' lang='lat' dir='ltr'><strong>Metropolitanus,</strong></span> 
     </span>
    </p>
   </div>
   <div class='ocr_carea' id='block_1_12' title="bbox 418 1323 863 1402">
    <p class='ocr_par' dir='ltr' id='par_1_12' title="bbox 418 1323 863 1402">
     <span class='ocr_line' id='line_1_12' title="bbox 418 1323 863 1402; baseline -0.018 -19"><span class='ocrx_word' id='word_1_79' title='bbox 418 1328 503 1402; x_wconf 80' lang='lat' dir='ltr'><strong>jus</strong></span> <span class='ocrx_word' id='word_1_80' title='bbox 531 1323 812 1382; x_wconf 78' lang='lat' dir='ltr'><strong>obtinebat.</strong></span> <span class='ocrx_word' id='word_1_81' title='bbox 843 1342 863 1376; x_wconf 75' lang='grc' dir='ltr'><strong><em>ι</em></strong></span> 
     </span>
    </p>
   </div>
   <div class='ocr_carea' id='block_1_13' title="bbox 493 1404 2013 1486">
    <p class='ocr_par' dir='ltr' id='par_1_13' title="bbox 493 1404 2013 1486">
     <span class='ocr_line' id='line_1_13' title="bbox 493 1404 2013 1486; baseline -0.011 -10"><span class='ocrx_word' id='word_1_82' title='bbox 493 1420 546 1476; x_wconf 87' lang='grc'><strong>6.</strong></span> <span class='ocrx_word' id='word_1_83' title='bbox 586 1419 748 1475; x_wconf 79' lang='lat' dir='ltr'><strong>ilisce</strong></span> <span class='ocrx_word' id='word_1_84' title='bbox 794 1415 1126 1486; x_wconf 85' lang='lat' dir='ltr'><strong>argumentis</strong></span> <span class='ocrx_word' id='word_1_85' title='bbox 1170 1413 1229 1467; x_wconf 90' lang='lat' dir='ltr'><strong>in</strong></span> <span class='ocrx_word' id='word_1_86' title='bbox 1271 1411 1387 1467; x_wconf 89' lang='lat' dir='ltr'><strong>sola</strong></span> <span class='ocrx_word' id='word_1_87' title='bbox 1432 1423 1655 1480; x_wconf 84' lang='lat' dir='ltr'><strong>prorsus</strong></span> <span class='ocrx_word' id='word_1_88' title='bbox 1697 1404 2013 1475; x_wconf 81' lang='lat' dir='ltr'><strong>conjectura</strong></span> 
     </span>
    </p>
   </div>
   <div class='ocr_carea' id='block_1_14' title="bbox 421 1494 2009 1585">
    <p class='ocr_par' dir='ltr' id='par_1_14' title="bbox 421 1494 2009 1585">
     <span class='ocr_line' id='line_1_14' title="bbox 421 1494 2009 1585; baseline -0.012 -19"><span class='ocrx_word' id='word_1_89' title='bbox 421 1509 642 1585; x_wconf 85' lang='lat' dir='ltr'><strong>positis,</strong></span> <span class='ocrx_word' id='word_1_90' title='bbox 674 1514 799 1563; x_wconf 88' lang='lat' dir='ltr'><strong>sunt</strong></span> <span class='ocrx_word' id='word_1_91' title='bbox 833 1507 927 1576; x_wconf 87' lang='lat' dir='ltr'><strong>qui</strong></span> <span class='ocrx_word' id='word_1_92' title='bbox 954 1504 1167 1576; x_wconf 90' lang='lat' dir='ltr'><strong>pondus</strong></span> <span class='ocrx_word' id='word_1_93' title='bbox 1195 1501 1397 1557; x_wconf 89' lang='lat' dir='ltr'><strong>addunt</strong></span> <span class='ocrx_word' id='word_1_94' title='bbox 1424 1496 1728 1569; x_wconf 84' lang='lat' dir='ltr'><strong>argumenti</strong></span> <span class='ocrx_word' id='word_1_95' title='bbox 1755 1494 2009 1564; x_wconf 88' lang='lat' dir='ltr'><strong>negativi.</strong></span> 
     </span>
    </p>
   </div>
   <div class='ocr_carea' id='block_1_15' title="bbox 423 1589 2015 1664">
    <p class='ocr_par' dir='ltr' id='par_1_15' title="bbox 423 1589 2015 1664">
     <span class='ocr_line' id='line_1_15' title="bbox 423 1589 2015 1664; baseline -0.014 -4"><span class='ocrx_word' id='word_1_96' title='bbox 423 1602 562 1660; x_wconf 90' lang='lat' dir='ltr'><strong>Illud</strong></span> <span class='ocrx_word' id='word_1_97' title='bbox 588 1615 721 1657; x_wconf 90' lang='lat' dir='ltr'><strong>vero</strong></span> <span class='ocrx_word' id='word_1_98' title='bbox 750 1606 859 1664; x_wconf 88' lang='lat' dir='ltr'><strong>est,</strong></span> <span class='ocrx_word' id='word_1_99' title='bbox 899 1598 968 1653; x_wconf 92' lang='lat' dir='ltr'><strong>de</strong></span> <span class='ocrx_word' id='word_1_100' title='bbox 995 1596 1115 1653; x_wconf 91' lang='lat' dir='ltr'><strong>solo</strong></span> <span class='ocrx_word' id='word_1_101' title='bbox 1144 1594 1390 1649; x_wconf 81' lang='lat' dir='ltr'><strong>Romano</strong></span> <span class='ocrx_word' id='word_1_102' title='bbox 1418 1589 1699 1663; x_wconf 80' lang='lat' dir='ltr'><strong>pontifice,</strong></span> <span class='ocrx_word' id='word_1_103' title='bbox 1740 1595 2015 1656; x_wconf 84' lang='lat' dir='ltr'><strong>tamquam</strong></span> 
     </span>
    </p>
   </div>
   <div class='ocr_carea' id='block_1_16' title="bbox 424 1677 2011 1758">
    <p class='ocr_par' dir='ltr' id='par_1_16' title="bbox 424 1677 2011 1758">
     <span class='ocr_line' id='line_1_16' title="bbox 424 1677 2011 1758; baseline -0.014 -6"><span class='ocrx_word' id='word_1_104' title='bbox 424 1695 615 1752; x_wconf 88' lang='lat' dir='ltr'><strong>decem</strong></span> <span class='ocrx_word' id='word_1_105' title='bbox 658 1691 1086 1749; x_wconf 89' lang='lat' dir='ltr'><strong>suburbanarum</strong></span> <span class='ocrx_word' id='word_1_106' title='bbox 1130 1684 1530 1758; x_wconf 87' lang='lat' dir='ltr'><strong>provinciarum</strong></span> <span class='ocrx_word' id='word_1_107' title='bbox 1573 1677 2011 1749; x_wconf 84' lang='lat' dir='ltr'><strong>metropolitano,</strong></span> 
     </span>
    </p>
   </div>
   <div class='ocr_carea' id='block_1_17' title="bbox 425 1776 2014 1848">
    <p class='ocr_par' dir='ltr' id='par_1_17' title="bbox 425 1776 2014 1848">
     <span class='ocr_line' id='line_1_17' title="bbox 425 1776 2014 1848; baseline -0.014 -4"><span class='ocrx_word' id='word_1_108' title='bbox 425 1795 483 1844; x_wconf 91' lang='lat' dir='ltr'><strong>et</strong></span> <span class='ocrx_word' id='word_1_109' title='bbox 509 1786 577 1841; x_wconf 93' lang='lat' dir='ltr'><strong>de</strong></span> <span class='ocrx_word' id='word_1_110' title='bbox 603 1784 723 1841; x_wconf 93' lang='lat' dir='ltr'><strong>solo</strong></span> <span class='ocrx_word' id='word_1_111' title='bbox 768 1778 1157 1837; x_wconf 82' lang='lat' dir='ltr'><strong>Mediolanensi</strong></span> <span class='ocrx_word' id='word_1_112' title='bbox 1202 1776 1458 1848; x_wconf 90' lang='lat' dir='ltr'><strong>episcopo</strong></span> <span class='ocrx_word' id='word_1_113' title='bbox 1494 1780 1770 1841; x_wconf 86' lang='lat' dir='ltr'><strong>tamquam</strong></span> <span class='ocrx_word' id='word_1_114' title='bbox 1806 1776 2014 1839; x_wconf 85' lang='lat' dir='ltr'><strong>septem</strong></span> 
     </span>
    </p>
   </div>
   <div class='ocr_carea' id='block_1_18' title="bbox 2105 564 3708 638">
    <p class='ocr_par' dir='ltr' id='par_1_18' title="bbox 2105 564 3708 638">
     <span class='ocr_line' id='line_1_18' title="bbox 2105 564 3708 638; baseline 0.001 -17"><span class='ocrx_word' id='word_1_115' title='bbox 2105 565 2298 621; x_wconf 86' lang='lat' dir='ltr'><strong>Irridet</strong></span> <span class='ocrx_word' id='word_1_116' title='bbox 2324 566 2468 621; x_wconf 91' lang='lat' dir='ltr'><strong>enim</strong></span> <span class='ocrx_word' id='word_1_117' title='bbox 2496 565 2561 621; x_wconf 88' lang='lat' dir='ltr'><strong>iis</strong></span> <span class='ocrx_word' id='word_1_118' title='bbox 2589 566 2786 632; x_wconf 85' lang='lat' dir='ltr'><strong>verbis,</strong></span> <span class='ocrx_word' id='word_1_119' title='bbox 2819 581 2887 621; x_wconf 83' lang='lat' dir='ltr'><strong>ex</strong></span> <span class='ocrx_word' id='word_1_120' title='bbox 2924 565 3016 621; x_wconf 88' lang='lat' dir='ltr'><strong>lib.</strong></span> <span class='ocrx_word' id='word_1_121' title='bbox 3049 582 3101 621; x_wconf 80' lang='lat' dir='ltr'><strong>tv</strong></span> <span class='ocrx_word' id='word_1_122' title='bbox 3128 565 3347 622; x_wconf 87' lang='lat' dir='ltr'><strong>decadis</strong></span> <span class='ocrx_word' id='word_1_123' title='bbox 3373 567 3561 638; x_wconf 61' lang='lat' dir='ltr'><strong>prima!</strong></span> <span class='ocrx_word' id='word_1_124' title='bbox 3587 564 3708 624; x_wconf 81' lang='lat' dir='ltr'><strong>Titi</strong></span> 
     </span>
    </p>
   </div>
   <div class='ocr_carea' id='block_1_19' title="bbox 2103 655 3704 730">
    <p class='ocr_par' dir='ltr' id='par_1_19' title="bbox 2103 655 3704 730">
     <span class='ocr_line' id='line_1_19' title="bbox 2103 655 3704 730; baseline 0.001 -17"><span class='ocrx_word' id='word_1_125' title='bbox 2103 656 2240 713; x_wconf 86' lang='lat' dir='ltr'><strong>Livii</strong></span> <span class='ocrx_word' id='word_1_126' title='bbox 2263 658 2579 729; x_wconf 90' lang='lat' dir='ltr'><strong>desumptis,</strong></span> <span class='ocrx_word' id='word_1_127' title='bbox 2605 656 2982 730; x_wconf 86' lang='lat' dir='ltr'><strong>Ripamontius</strong></span> <span class='ocrx_word' id='word_1_128' title='bbox 3002 655 3263 713; x_wconf 88' lang='lat' dir='ltr'><strong>Galvanei</strong></span> <span class='ocrx_word' id='word_1_129' title='bbox 3282 655 3539 713; x_wconf 69' lang='lat' dir='ltr'><strong>Flammae</strong></span> <span class='ocrx_word' id='word_1_130' title='bbox 3558 672 3704 715; x_wconf 87' lang='lat' dir='ltr'><strong>con-</strong></span> 
     </span>
    </p>
   </div>
   <div class='ocr_carea' id='block_1_20' title="bbox 2104 748 3710 824">
    <p class='ocr_par' dir='ltr' id='par_1_20' title="bbox 2104 748 3710 824">
     <span class='ocr_line' id='line_1_20' title="bbox 2104 748 3710 824; baseline -0.002 -15"><span class='ocrx_word' id='word_1_131' title='bbox 2104 753 2238 809; x_wconf 89' lang='lat' dir='ltr'><strong>civis</strong></span> <span class='ocrx_word' id='word_1_132' title='bbox 2264 752 2347 809; x_wconf 92' lang='lat' dir='ltr'><strong>sui</strong></span> <span class='ocrx_word' id='word_1_133' title='bbox 2375 751 2795 824; x_wconf 88' lang='lat' dir='ltr'><strong>simplicitatem,</strong></span> <span class='ocrx_word' id='word_1_134' title='bbox 2825 750 2919 821; x_wconf 85' lang='lat' dir='ltr'><strong>qui</strong></span> <span class='ocrx_word' id='word_1_135' title='bbox 2946 748 3171 806; x_wconf 86' lang='lat' dir='ltr'><strong>fabellas</strong></span> <span class='ocrx_word' id='word_1_136' title='bbox 3200 764 3389 806; x_wconf 89' lang='lat' dir='ltr'><strong>omnes</strong></span> <span class='ocrx_word' id='word_1_137' title='bbox 3415 749 3546 806; x_wconf 88' lang='lat' dir='ltr'><strong>hinc</strong></span> <span class='ocrx_word' id='word_1_138' title='bbox 3572 749 3710 806; x_wconf 87' lang='lat' dir='ltr'><strong>inde</strong></span> 
     </span>
    </p>
   </div>
   <div class='ocr_carea' id='block_1_21' title="bbox 2105 840 3711 917">
    <p class='ocr_par' dir='ltr' id='par_1_21' title="bbox 2105 840 3711 917">
     <span class='ocr_line' id='line_1_21' title="bbox 2105 840 3711 917; baseline -0.002 -18"><span class='ocrx_word' id='word_1_139' title='bbox 2105 852 2350 917; x_wconf 76' lang='lat' dir='ltr'><strong>captatus</strong></span> <span class='ocrx_word' id='word_1_140' title='bbox 2376 859 2531 899; x_wconf 89' lang='lat' dir='ltr'><strong>suum</strong></span> <span class='ocrx_word' id='word_1_141' title='bbox 2556 843 2612 898; x_wconf 92' lang='lat' dir='ltr'><strong>in</strong></span> <span class='ocrx_word' id='word_1_142' title='bbox 2631 840 2937 898; x_wconf 88' lang='lat' dir='ltr'><strong>Chronicon</strong></span> <span class='ocrx_word' id='word_1_143' title='bbox 2958 850 3323 913; x_wconf 87' lang='lat' dir='ltr'><strong>congesserat,</strong></span> <span class='ocrx_word' id='word_1_144' title='bbox 3347 850 3403 897; x_wconf 92' lang='lat' dir='ltr'><strong>et</strong></span> <span class='ocrx_word' id='word_1_145' title='bbox 3426 842 3711 913; x_wconf 69' lang='lat' dir='ltr'><strong>prmcipue</strong></span> 
     </span>
    </p>
   </div>
   <div class='ocr_carea' id='block_1_22' title="bbox 2107 934 3708 1008">
    <p class='ocr_par' dir='ltr' id='par_1_22' title="bbox 2107 934 3708 1008">
     <span class='ocr_line' id='line_1_22' title="bbox 2107 934 3708 1008; baseline -0.002 -16"><span class='ocrx_word' id='word_1_146' title='bbox 2107 937 2197 992; x_wconf 92' lang='lat' dir='ltr'><strong>ubi</strong></span> <span class='ocrx_word' id='word_1_147' title='bbox 2226 937 2501 1007; x_wconf 87' lang='lat' dir='ltr'><strong>ingentem</strong></span> <span class='ocrx_word' id='word_1_148' title='bbox 2538 935 2941 1008; x_wconf 87' lang='lat' dir='ltr'><strong>provinciarum</strong></span> <span class='ocrx_word' id='word_1_149' title='bbox 2969 950 3251 991; x_wconf 88' lang='lat' dir='ltr'><strong>numerum</strong></span> <span class='ocrx_word' id='word_1_150' title='bbox 3277 934 3527 1007; x_wconf 87' lang='lat' dir='ltr'><strong>imperite</strong></span> <span class='ocrx_word' id='word_1_151' title='bbox 3555 934 3708 989; x_wconf 88' lang='lat' dir='ltr'><strong>asci-</strong></span> 
     </span>
    </p>
   </div>
   <div class='ocr_carea' id='block_1_23' title="bbox 2108 1025 3711 1100">
    <p class='ocr_par' dir='ltr' id='par_1_23' title="bbox 2108 1025 3711 1100">
     <span class='ocr_line' id='line_1_23' title="bbox 2108 1025 3711 1100; baseline -0.003 -15"><span class='ocrx_word' id='word_1_152' title='bbox 2108 1038 2262 1085; x_wconf 89' lang='lat' dir='ltr'><strong>verat</strong></span> <span class='ocrx_word' id='word_1_153' title='bbox 2306 1028 2725 1085; x_wconf 83' lang='lat' dir='ltr'><strong>Mediolanensis</strong></span> <span class='ocrx_word' id='word_1_154' title='bbox 2771 1029 3005 1085; x_wconf 88' lang='lat' dir='ltr'><strong>civitatis</strong></span> <span class='ocrx_word' id='word_1_155' title='bbox 3049 1028 3311 1100; x_wconf 90' lang='lat' dir='ltr'><strong>imperio,</strong></span> <span class='ocrx_word' id='word_1_156' title='bbox 3342 1034 3505 1099; x_wconf 86' lang='lat' dir='ltr'><strong>prout</strong></span> <span class='ocrx_word' id='word_1_157' title='bbox 3551 1027 3608 1082; x_wconf 91' lang='lat' dir='ltr'><strong>in</strong></span> <span class='ocrx_word' id='word_1_158' title='bbox 3638 1025 3711 1081; x_wconf 86' lang='lat' dir='ltr'><strong>iis</strong></span> 
     </span>
    </p>
   </div>
   <div class='ocr_carea' id='block_1_24' title="bbox 2109 1124 2402 1180">
    <p class='ocr_par' dir='ltr' id='par_1_24' title="bbox 2109 1124 2402 1180">
     <span class='ocr_line' id='line_1_24' title="bbox 2109 1124 2402 1180; baseline -0.007 -1"><span class='ocrx_word' id='word_1_159' title='bbox 2109 1124 2357 1180; x_wconf 85' lang='lat' dir='ltr'><strong>versibus</strong></span> <span class='ocrx_word' id='word_1_160' title='bbox 2390 1143 2402 1176; x_wconf 92' lang='lat'>:</span> 
     </span>
    </p>
   </div>
   <div class='ocr_carea' id='block_1_25' title="bbox 2208 1214 3493 1277">
    <p class='ocr_par' dir='ltr' id='par_1_25' title="bbox 2208 1214 3493 1277">
     <span class='ocr_line' id='line_1_25' title="bbox 2208 1214 3493 1277; baseline -0.003 -12"><span class='ocrx_word' id='word_1_161' title='bbox 2208 1214 2338 1265; x_wconf 92' lang='lat' dir='ltr'><strong>Urbs</strong></span> <span class='ocrx_word' id='word_1_162' title='bbox 2355 1216 2568 1265; x_wconf 86' lang='lat' dir='ltr'><strong>secunda</strong></span> <span class='ocrx_word' id='word_1_163' title='bbox 2589 1215 2778 1277; x_wconf 72' lang='lat' dir='ltr'><strong>Romae,</strong></span> <span class='ocrx_word' id='word_1_164' title='bbox 2806 1214 2967 1265; x_wconf 76' lang='lat' dir='ltr'><strong>infulis</strong></span> <span class='ocrx_word' id='word_1_165' title='bbox 2991 1217 3209 1265; x_wconf 89' lang='lat' dir='ltr'><strong>laureata</strong></span> <span class='ocrx_word' id='word_1_166' title='bbox 3231 1214 3493 1277; x_wconf 81' lang='lat' dir='ltr'><strong>supremis,</strong></span> 
     </span>
    </p>
   </div>
   <div class='ocr_carea' id='block_1_26' title="bbox 2207 1275 3571 1340">
    <p class='ocr_par' dir='ltr' id='par_1_26' title="bbox 2207 1275 3571 1340">
     <span class='ocr_line' id='line_1_26' title="bbox 2207 1275 3571 1340; baseline -0.002 -13"><span class='ocrx_word' id='word_1_167' title='bbox 2207 1277 2427 1340; x_wconf 83' lang='lat' dir='ltr'><strong>Imperii,</strong></span> <span class='ocrx_word' id='word_1_168' title='bbox 2453 1279 2700 1340; x_wconf 84' lang='lat' dir='ltr'><strong>sedesque</strong></span> <span class='ocrx_word' id='word_1_169' title='bbox 2723 1276 2887 1340; x_wconf 63' lang='lat' dir='ltr'><strong>Iovis,</strong></span> <span class='ocrx_word' id='word_1_170' title='bbox 2904 1279 3039 1327; x_wconf 87' lang='lat' dir='ltr'><strong>iniris</strong></span> <span class='ocrx_word' id='word_1_171' title='bbox 3062 1286 3266 1327; x_wconf 77' lang='lat' dir='ltr'><strong>exarata</strong></span> <span class='ocrx_word' id='word_1_172' title='bbox 3290 1275 3571 1338; x_wconf 76' lang='lat' dir='ltr'><strong>structuris,</strong></span> 
     </span>
    </p>
   </div>
   <div class='ocr_carea' id='block_1_27' title="bbox 2207 1339 3269 1414">
    <p class='ocr_par' dir='ltr' id='par_1_27' title="bbox 2207 1339 3269 1414">
     <span class='ocr_line' id='line_1_27' title="bbox 2207 1339 3269 1414; baseline 0 -26"><span class='ocrx_word' id='word_1_173' title='bbox 2207 1340 2369 1414; x_wconf 58' lang='lat' dir='ltr'><strong>Erima</strong></span> <span class='ocrx_word' id='word_1_174' title='bbox 2394 1339 2678 1414; x_wconf 72' lang='lat' dir='ltr'><strong>metrowlis</strong></span> <span class='ocrx_word' id='word_1_175' title='bbox 2702 1340 2854 1414; x_wconf 50' lang='lat' dir='ltr'><strong>urbes</strong></span> <span class='ocrx_word' id='word_1_176' title='bbox 2875 1339 3087 1414; x_wconf 44' lang='lat' dir='ltr'><strong>Liguria;</strong></span> <span class='ocrx_word' id='word_1_177' title='bbox 3114 1341 3269 1414; x_wconf 67' lang='lat' dir='ltr'><strong>regis,</strong></span> 
     </span>
    </p>
   </div>
   <div class='ocr_carea' id='block_1_28' title="bbox 2205 1401 3332 1461">
    <p class='ocr_par' dir='ltr' id='par_1_28' title="bbox 2205 1401 3332 1461">
     <span class='ocr_line' id='line_1_28' title="bbox 2205 1401 3332 1461; baseline -0.002 -10"><span class='ocrx_word' id='word_1_178' title='bbox 2205 1401 2412 1451; x_wconf 76' lang='lat' dir='ltr'><strong>Rhelias</strong></span> <span class='ocrx_word' id='word_1_179' title='bbox 2433 1410 2663 1461; x_wconf 85' lang='lat' dir='ltr'><strong>ulrasque</strong></span> <span class='ocrx_word' id='word_1_180' title='bbox 2688 1414 2700 1449; x_wconf 92' lang='lat'>:</span> <span class='ocrx_word' id='word_1_181' title='bbox 2725 1401 2949 1457; x_wconf 64' lang='lat' dir='ltr'><strong>Bavaria,</strong></span> <span class='ocrx_word' id='word_1_182' title='bbox 2972 1401 3131 1459; x_wconf 85' lang='lat' dir='ltr'><strong>Coria,</strong></span> <span class='ocrx_word' id='word_1_183' title='bbox 3150 1401 3332 1461; x_wconf 74' lang='lat' dir='ltr'><strong>Canite,</strong></span> 
     </span>
    </p>
   </div>
   <div class='ocr_carea' id='block_1_29' title="bbox 2208 1461 3312 1525">
    <p class='ocr_par' dir='ltr' id='par_1_29' title="bbox 2208 1461 3312 1525">
     <span class='ocr_line' id='line_1_29' title="bbox 2208 1461 3312 1525; baseline -0.004 -11"><span class='ocrx_word' id='word_1_184' title='bbox 2208 1463 2423 1523; x_wconf 83' lang='lat' dir='ltr'><strong>Corsica,</strong></span> <span class='ocrx_word' id='word_1_185' title='bbox 2442 1464 2688 1525; x_wconf 77' lang='lat' dir='ltr'><strong>Sardinia,</strong></span> <span class='ocrx_word' id='word_1_186' title='bbox 2715 1461 2965 1519; x_wconf 77' lang='lat' dir='ltr'><strong>Ravenna,</strong></span> <span class='ocrx_word' id='word_1_187' title='bbox 2983 1462 3157 1521; x_wconf 74' lang='lat' dir='ltr'><strong>lanna,</strong></span> <span class='ocrx_word' id='word_1_188' title='bbox 3185 1464 3312 1525; x_wconf 73' lang='lat' dir='ltr'><strong>Pisa,</strong></span> 
     </span>
    </p>
   </div>
   <div class='ocr_carea' id='block_1_30' title="bbox 2211 1524 3412 1586">
    <p class='ocr_par' dir='ltr' id='par_1_30' title="bbox 2211 1524 3412 1586">
     <span class='ocr_line' id='line_1_30' title="bbox 2211 1524 3412 1586; baseline -0.002 -11"><span class='ocrx_word' id='word_1_189' title='bbox 2211 1524 2420 1583; x_wconf 86' lang='lat' dir='ltr'><strong>Gradus,</strong></span> <span class='ocrx_word' id='word_1_190' title='bbox 2444 1524 2690 1586; x_wconf 78' lang='lat' dir='ltr'><strong>Aquileia,</strong></span> <span class='ocrx_word' id='word_1_191' title='bbox 2714 1525 2956 1585; x_wconf 82' lang='lat' dir='ltr'><strong>Ticinum,</strong></span> <span class='ocrx_word' id='word_1_192' title='bbox 2985 1525 3253 1583; x_wconf 78' lang='lat' dir='ltr'><strong>Placentia,</strong></span> <span class='ocrx_word' id='word_1_193' title='bbox 3279 1524 3412 1586; x_wconf 61' lang='lat' dir='ltr'><strong>Sena</strong></span> 
     </span>
    </p>
   </div>
   <div class='ocr_carea' id='block_1_31' title="bbox 2209 1583 3590 1648">
    <p class='ocr_par' dir='ltr' id='par_1_31' title="bbox 2209 1583 3590 1648">
     <span class='ocr_line' id='line_1_31' title="bbox 2209 1583 3590 1648; baseline 0 -12"><span class='ocrx_word' id='word_1_194' title='bbox 2209 1587 2433 1647; x_wconf 76' lang='lat' dir='ltr'><strong>Angusta</strong></span> <span class='ocrx_word' id='word_1_195' title='bbox 2453 1583 2563 1635; x_wconf 83' lang='lat' dir='ltr'><strong>cum</strong></span> <span class='ocrx_word' id='word_1_196' title='bbox 2587 1587 2833 1637; x_wconf 89' lang='lat' dir='ltr'><strong>Secundia</strong></span> <span class='ocrx_word' id='word_1_197' title='bbox 2858 1583 3093 1648; x_wconf 76' lang='lat' dir='ltr'><strong>subsunt;</strong></span> <span class='ocrx_word' id='word_1_198' title='bbox 3120 1594 3171 1635; x_wconf 93' lang='lat' dir='ltr'><strong>tu</strong></span> <span class='ocrx_word' id='word_1_199' title='bbox 3195 1586 3369 1635; x_wconf 86' lang='lat' dir='ltr'><strong>Suhria</strong></span> <span class='ocrx_word' id='word_1_200' title='bbox 3393 1583 3590 1647; x_wconf 65' lang='lat' dir='ltr'><strong>Rome;</strong></span> 
     </span>
    </p>
   </div>
   <div class='ocr_carea' id='block_1_32' title="bbox 2117 1687 3718 1760">
    <p class='ocr_par' dir='ltr' id='par_1_32' title="bbox 2117 1687 3718 1760">
     <span class='ocr_line' id='line_1_32' title="bbox 2117 1687 3718 1760; baseline 0.001 -15"><span class='ocrx_word' id='word_1_201' title='bbox 2117 1688 2245 1757; x_wconf 66' lang='lat' dir='ltr'><strong>Quae</strong></span> <span class='ocrx_word' id='word_1_202' title='bbox 2273 1688 2502 1746; x_wconf 89' lang='lat' dir='ltr'><strong>forsitan</strong></span> <span class='ocrx_word' id='word_1_203' title='bbox 2530 1690 2600 1745; x_wconf 91' lang='lat' dir='ltr'><strong>de</strong></span> <span class='ocrx_word' id='word_1_204' title='bbox 2628 1691 2796 1757; x_wconf 90' lang='lat' dir='ltr'><strong>civili,</strong></span> <span class='ocrx_word' id='word_1_205' title='bbox 2831 1707 2941 1746; x_wconf 89' lang='lat' dir='ltr'><strong>non</strong></span> <span class='ocrx_word' id='word_1_206' title='bbox 2986 1691 3054 1746; x_wconf 91' lang='lat' dir='ltr'><strong>de</strong></span> <span class='ocrx_word' id='word_1_207' title='bbox 3100 1690 3467 1746; x_wconf 86' lang='lat' dir='ltr'><strong>ecclesiastica</strong></span> <span class='ocrx_word' id='word_1_208' title='bbox 3490 1687 3718 1760; x_wconf 84' lang='lat' dir='ltr'><strong>jurisdi-</strong></span> 
     </span>
    </p>
   </div>
   <div class='ocr_carea' id='block_1_33' title="bbox 2117 1777 3720 1854">
    <p class='ocr_par' dir='ltr' id='par_1_33' title="bbox 2117 1777 3720 1854">
     <span class='ocr_line' id='line_1_33' title="bbox 2117 1777 3720 1854; baseline -0.001 -16"><span class='ocrx_word' id='word_1_209' title='bbox 2117 1784 2298 1839; x_wconf 91' lang='lat' dir='ltr'><strong>ctione</strong></span> <span class='ocrx_word' id='word_1_210' title='bbox 2327 1783 2501 1854; x_wconf 90' lang='lat' dir='ltr'><strong>accipi</strong></span> <span class='ocrx_word' id='word_1_211' title='bbox 2528 1790 2770 1854; x_wconf 91' lang='lat' dir='ltr'><strong>possent,</strong></span> <span class='ocrx_word' id='word_1_212' title='bbox 2804 1783 2909 1838; x_wconf 90' lang='lat' dir='ltr'><strong>nisi</strong></span> <span class='ocrx_word' id='word_1_213' title='bbox 2937 1783 3083 1849; x_wconf 89' lang='lat' dir='ltr'><strong>alibi,</strong></span> <span class='ocrx_word' id='word_1_214' title='bbox 3116 1782 3322 1838; x_wconf 89' lang='lat' dir='ltr'><strong>scilicet</strong></span> <span class='ocrx_word' id='word_1_215' title='bbox 3348 1782 3403 1836; x_wconf 92' lang='lat' dir='ltr'><strong>in</strong></span> <span class='ocrx_word' id='word_1_216' title='bbox 3430 1777 3720 1837; x_wconf 82' lang='lat' dir='ltr'><strong>Chronicis</strong></span> 
     </span>
    </p>
   </div>
   <div class='ocr_carea' id='block_1_34' title="bbox 423 1863 3722 1948">
    <p class='ocr_par' dir='ltr' id='par_1_34' title="bbox 423 1863 3722 1948">
     <span class='ocr_line' id='line_1_34' title="bbox 423 1863 3722 1948; baseline -0.006 1"><span class='ocrx_word' id='word_1_217' title='bbox 423 1877 591 1937; x_wconf 61' lang='lat' dir='ltr'><strong>&quot;au-&#39;3</strong></span> <span class='ocrx_word' id='word_1_218' title='bbox 617 1874 1038 1948; x_wconf 66' lang='grc' dir='ltr'><strong>Ρνονίηοίπιιων</strong></span> <span class='ocrx_word' id='word_1_219' title='bbox 1069 1871 1282 1926; x_wconf 60' lang='lat' dir='ltr'><strong>loculos</strong></span> <span class='ocrx_word' id='word_1_220' title='bbox 1309 1882 1430 1924; x_wconf 70' lang='lat' dir='ltr'><strong>esse</strong></span> <span class='ocrx_word' id='word_1_221' title='bbox 1454 1873 1668 1923; x_wconf 69' lang='lat' dir='ltr'><strong>Velel‘es</strong></span> <span class='ocrx_word' id='word_1_222' title='bbox 1687 1864 2009 1935; x_wconf 58' lang='lat' dir='ltr'><strong>Scriptores,</strong></span> <span class='ocrx_word' id='word_1_223' title='bbox 2040 1863 2092 1926; x_wconf 81' lang='grc' dir='ltr'><strong>Β</strong></span> <span class='ocrx_word' id='word_1_224' title='bbox 2118 1876 2230 1932; x_wconf 88' lang='lat' dir='ltr'><strong>suis</strong></span> <span class='ocrx_word' id='word_1_225' title='bbox 2248 1875 2424 1933; x_wconf 91' lang='lat' dir='ltr'><strong>bonus</strong></span> <span class='ocrx_word' id='word_1_226' title='bbox 2453 1876 2557 1932; x_wconf 90' lang='lat' dir='ltr'><strong>iste</strong></span> <span class='ocrx_word' id='word_1_227' title='bbox 2584 1884 2776 1930; x_wconf 87' lang='lat' dir='ltr'><strong>auctor</strong></span> <span class='ocrx_word' id='word_1_228' title='bbox 2803 1875 3089 1946; x_wconf 89' lang='lat' dir='ltr'><strong>temporali</strong></span> <span class='ocrx_word' id='word_1_229' title='bbox 3117 1873 3598 1929; x_wconf 83' lang='lat' dir='ltr'><strong>Mediolanensium</strong></span> <span class='ocrx_word' id='word_1_230' title='bbox 3627 1872 3722 1928; x_wconf 89' lang='lat' dir='ltr'><strong>do-</strong></span> 
     </span>
    </p>
   </div>
   <div class='ocr_carea' id='block_1_35' title="bbox 423 1959 2002 2038">
    <p class='ocr_par' dir='ltr' id='par_1_35' title="bbox 423 1959 2002 2038">
     <span class='ocr_line' id='line_1_35' title="bbox 423 1959 2002 2038; baseline -0.013 -11"><span class='ocrx_word' id='word_1_231' title='bbox 423 1979 479 2027; x_wconf 90' lang='lat' dir='ltr'><strong>et</strong></span> <span class='ocrx_word' id='word_1_232' title='bbox 504 1979 718 2036; x_wconf 82' lang='lat' dir='ltr'><strong>vetera,</strong></span> <span class='ocrx_word' id='word_1_233' title='bbox 758 1982 878 2038; x_wconf 81' lang='lat' dir='ltr'><strong>quae</strong></span> <span class='ocrx_word' id='word_1_234' title='bbox 912 1972 1206 2036; x_wconf 89' lang='lat' dir='ltr'><strong>supersunt</strong></span> <span class='ocrx_word' id='word_1_235' title='bbox 1240 1959 1578 2031; x_wconf 87' lang='lat' dir='ltr'><strong>antiquitatis</strong></span> <span class='ocrx_word' id='word_1_236' title='bbox 1613 1963 2002 2012; x_wconf 85' lang='lat' dir='ltr'><strong>monumenta:</strong></span> 
     </span>
    </p>
   </div>
   <div class='ocr_carea' id='block_1_36' title="bbox 423 2042 2010 2133">
    <p class='ocr_par' dir='ltr' id='par_1_36' title="bbox 423 2042 2010 2133">
     <span class='ocr_line' id='line_1_36' title="bbox 423 2042 2010 2133; baseline -0.013 -14"><span class='ocrx_word' id='word_1_237' title='bbox 423 2062 490 2119; x_wconf 92' lang='lat' dir='ltr'><strong>de</strong></span> <span class='ocrx_word' id='word_1_238' title='bbox 508 2062 933 2133; x_wconf 87' lang='lat' dir='ltr'><strong>quibuscumque</strong></span> <span class='ocrx_word' id='word_1_239' title='bbox 954 2056 1072 2113; x_wconf 90' lang='lat' dir='ltr'><strong>aliis</strong></span> <span class='ocrx_word' id='word_1_240' title='bbox 1081 2050 1510 2123; x_wconf 85' lang='lat' dir='ltr'><strong>Metropolitanis</strong></span> <span class='ocrx_word' id='word_1_241' title='bbox 1529 2048 1847 2103; x_wconf 85' lang='lat' dir='ltr'><strong>altissimum</strong></span> <span class='ocrx_word' id='word_1_242' title='bbox 1869 2042 2010 2116; x_wconf 89' lang='lat' dir='ltr'><strong>apud</strong></span> 
     </span>
    </p>
   </div>
   <div class='ocr_carea' id='block_1_37' title="bbox 424 2152 936 2210">
    <p class='ocr_par' dir='ltr' id='par_1_37' title="bbox 424 2152 936 2210">
     <span class='ocr_line' id='line_1_37' title="bbox 424 2152 936 2210; baseline -0.014 0"><span class='ocrx_word' id='word_1_243' title='bbox 424 2169 614 2210; x_wconf 90' lang='lat' dir='ltr'><strong>omnes</strong></span> <span class='ocrx_word' id='word_1_244' title='bbox 640 2152 936 2209; x_wconf 90' lang='lat' dir='ltr'><strong>silentium.</strong></span> 
     </span>
    </p>
   </div>
   <div class='ocr_carea' id='block_1_38' title="bbox 499 2227 2012 2306">
    <p class='ocr_par' dir='ltr' id='par_1_38' title="bbox 499 2227 2012 2306">
     <span class='ocr_line' id='line_1_38' title="bbox 499 2227 2012 2306; baseline -0.013 -4"><span class='ocrx_word' id='word_1_245' title='bbox 499 2247 551 2300; x_wconf 89' lang='lat'><strong>7.</strong></span> <span class='ocrx_word' id='word_1_246' title='bbox 590 2245 719 2301; x_wconf 61' lang='lat' dir='ltr'><strong>Haec</strong></span> <span class='ocrx_word' id='word_1_247' title='bbox 744 2252 927 2299; x_wconf 90' lang='lat' dir='ltr'><strong>tamen</strong></span> <span class='ocrx_word' id='word_1_248' title='bbox 973 2239 1175 2304; x_wconf 88' lang='lat' dir='ltr'><strong>omnia,</strong></span> <span class='ocrx_word' id='word_1_249' title='bbox 1206 2250 1327 2306; x_wconf 71' lang='lat' dir='ltr'><strong>qua:</strong></span> <span class='ocrx_word' id='word_1_250' title='bbox 1372 2232 1546 2289; x_wconf 90' lang='lat' dir='ltr'><strong>critici</strong></span> <span class='ocrx_word' id='word_1_251' title='bbox 1588 2246 1731 2302; x_wconf 90' lang='lat' dir='ltr'><strong>pene</strong></span> <span class='ocrx_word' id='word_1_252' title='bbox 1774 2227 2012 2284; x_wconf 89' lang='lat' dir='ltr'><strong>universi</strong></span> 
     </span>
    </p>
   </div>
   <div class='ocr_carea' id='block_1_39' title="bbox 425 2321 2015 2396">
    <p class='ocr_par' dir='ltr' id='par_1_39' title="bbox 425 2321 2015 2396">
     <span class='ocr_line' id='line_1_39' title="bbox 425 2321 2015 2396; baseline -0.011 -1"><span class='ocrx_word' id='word_1_253' title='bbox 425 2339 493 2396; x_wconf 91' lang='lat' dir='ltr'><strong>de</strong></span> <span class='ocrx_word' id='word_1_254' title='bbox 530 2337 836 2394; x_wconf 86' lang='lat' dir='ltr'><strong>hierarchia</strong></span> <span class='ocrx_word' id='word_1_255' title='bbox 872 2331 1239 2392; x_wconf 89' lang='lat' dir='ltr'><strong>ecclesiastica</strong></span> <span class='ocrx_word' id='word_1_256' title='bbox 1285 2334 1584 2385; x_wconf 89' lang='lat' dir='ltr'><strong>tractantes</strong></span> <span class='ocrx_word' id='word_1_257' title='bbox 1631 2324 1856 2394; x_wconf 87' lang='lat' dir='ltr'><strong>singulis</strong></span> <span class='ocrx_word' id='word_1_258' title='bbox 1901 2321 2015 2378; x_wconf 87' lang='lat' dir='ltr'><strong>fere</strong></span> 
     </span>
    </p>
   </div>
   <div class='ocr_carea' id='block_1_40' title="bbox 426 2414 2015 2503">
    <p class='ocr_par' dir='ltr' id='par_1_40' title="bbox 426 2414 2015 2503">
     <span class='ocr_line' id='line_1_40' title="bbox 426 2414 2015 2503; baseline -0.013 -16"><span class='ocrx_word' id='word_1_259' title='bbox 426 2431 652 2503; x_wconf 80' lang='lat' dir='ltr'><strong>pagéllis</strong></span> <span class='ocrx_word' id='word_1_260' title='bbox 679 2435 953 2499; x_wconf 89' lang='lat' dir='ltr'><strong>regerunt,</strong></span> <span class='ocrx_word' id='word_1_261' title='bbox 986 2433 1150 2495; x_wconf 90' lang='lat' dir='ltr'><strong>atque</strong></span> <span class='ocrx_word' id='word_1_262' title='bbox 1176 2420 1387 2478; x_wconf 85' lang='lat' dir='ltr'><strong>inﬁnita</strong></span> <span class='ocrx_word' id='word_1_263' title='bbox 1414 2416 1805 2490; x_wconf 88' lang='lat' dir='ltr'><strong>propemodum</strong></span> <span class='ocrx_word' id='word_1_264' title='bbox 1833 2414 2015 2470; x_wconf 87' lang='lat' dir='ltr'><strong>erudi-</strong></span> 
     </span>
    </p>
   </div>
   <div class='ocr_carea' id='block_1_41' title="bbox 428 2507 2015 2587">
    <p class='ocr_par' dir='ltr' id='par_1_41' title="bbox 428 2507 2015 2587">
     <span class='ocr_line' id='line_1_41' title="bbox 428 2507 2015 2587; baseline -0.011 -6"><span class='ocrx_word' id='word_1_265' title='bbox 428 2524 578 2580; x_wconf 89' lang='lat' dir='ltr'><strong>tione</strong></span> <span class='ocrx_word' id='word_1_266' title='bbox 605 2524 673 2580; x_wconf 90' lang='lat' dir='ltr'><strong>ad</strong></span> <span class='ocrx_word' id='word_1_267' title='bbox 698 2524 1006 2580; x_wconf 87' lang='lat' dir='ltr'><strong>satietatem</strong></span> <span class='ocrx_word' id='word_1_268' title='bbox 1032 2532 1203 2587; x_wconf 87' lang='lat' dir='ltr'><strong>usque</strong></span> <span class='ocrx_word' id='word_1_269' title='bbox 1230 2509 1575 2586; x_wconf 79' lang='lat' dir='ltr'><strong>ampliﬁcant,</strong></span> <span class='ocrx_word' id='word_1_270' title='bbox 1605 2510 1749 2567; x_wconf 84' lang='lat' dir='ltr'><strong>facili</strong></span> <span class='ocrx_word' id='word_1_271' title='bbox 1778 2507 2015 2577; x_wconf 90' lang='lat' dir='ltr'><strong>negotio,</strong></span> 
     </span>
    </p>
   </div>
   <div class='ocr_carea' id='block_1_42' title="bbox 429 2598 2020 2684">
    <p class='ocr_par' dir='ltr' id='par_1_42' title="bbox 429 2598 2020 2684">
     <span class='ocr_line' id='line_1_42' title="bbox 429 2598 2020 2684; baseline -0.014 -9"><span class='ocrx_word' id='word_1_272' title='bbox 429 2626 488 2674; x_wconf 88' lang='lat' dir='ltr'><strong>ut</strong></span> <span class='ocrx_word' id='word_1_273' title='bbox 515 2618 767 2684; x_wconf 86' lang='lat' dir='ltr'><strong>arbitror,</strong></span> <span class='ocrx_word' id='word_1_274' title='bbox 799 2615 1006 2671; x_wconf 90' lang='lat' dir='ltr'><strong>diluere</strong></span> <span class='ocrx_word' id='word_1_275' title='bbox 1019 2655 1034 2680; x_wconf 93' lang='lat'><strong>,</strong></span> <span class='ocrx_word' id='word_1_276' title='bbox 1067 2620 1124 2667; x_wconf 90' lang='lat' dir='ltr'><strong>et</strong></span> <span class='ocrx_word' id='word_1_277' title='bbox 1150 2607 1387 2665; x_wconf 85' lang='lat' dir='ltr'><strong>levitatis</strong></span> <span class='ocrx_word' id='word_1_278' title='bbox 1414 2619 1641 2675; x_wconf 85' lang='lat' dir='ltr'><strong>arguere</strong></span> <span class='ocrx_word' id='word_1_279' title='bbox 1666 2602 1895 2674; x_wconf 89' lang='lat' dir='ltr'><strong>poterit,</strong></span> <span class='ocrx_word' id='word_1_280' title='bbox 1927 2598 2020 2670; x_wconf 89' lang='lat' dir='ltr'><strong>qui</strong></span> 
     </span>
    </p>
   </div>
   <div class='ocr_carea' id='block_1_43' title="bbox 429 2696 2020 2779">
    <p class='ocr_par' dir='ltr' id='par_1_43' title="bbox 429 2696 2020 2779">
     <span class='ocr_line' id='line_1_43' title="bbox 429 2696 2020 2779; baseline -0.011 -13"><span class='ocrx_word' id='word_1_281' title='bbox 429 2709 797 2766; x_wconf 88' lang='lat' dir='ltr'><strong>doctissimam</strong></span> <span class='ocrx_word' id='word_1_282' title='bbox 832 2707 1025 2779; x_wconf 89' lang='lat' dir='ltr'><strong>legerit</strong></span> <span class='ocrx_word' id='word_1_283' title='bbox 1050 2702 1249 2758; x_wconf 78' lang='lat' dir='ltr'><strong>abbatis</strong></span> <span class='ocrx_word' id='word_1_284' title='bbox 1289 2699 1560 2755; x_wconf 86' lang='lat' dir='ltr'><strong>Bacchinii</strong></span> <span class='ocrx_word' id='word_1_285' title='bbox 1587 2697 1656 2753; x_wconf 92' lang='lat' dir='ltr'><strong>de</strong></span> <span class='ocrx_word' id='word_1_286' title='bbox 1693 2696 1901 2765; x_wconf 84' lang='lat' dir='ltr'><strong>origine</strong></span> <span class='ocrx_word' id='word_1_287' title='bbox 1930 2708 2020 2749; x_wconf 90' lang='lat' dir='ltr'><strong>ec-</strong></span> 
     </span>
    </p>
   </div>
   <div class='ocr_carea' id='block_1_44' title="bbox 431 2787 2023 2860">
    <p class='ocr_par' dir='ltr' id='par_1_44' title="bbox 431 2787 2023 2860">
     <span class='ocr_line' id='line_1_44' title="bbox 431 2787 2023 2860; baseline -0.013 0"><span class='ocrx_word' id='word_1_288' title='bbox 431 2803 747 2860; x_wconf 67' lang='lat' dir='ltr'><strong>clesiastica:</strong></span> <span class='ocrx_word' id='word_1_289' title='bbox 770 2800 1087 2857; x_wconf 73' lang='lat' dir='ltr'><strong>hicrarchize</strong></span> <span class='ocrx_word' id='word_1_290' title='bbox 1113 2795 1568 2853; x_wconf 88' lang='lat' dir='ltr'><strong>dissertationem.</strong></span> <span class='ocrx_word' id='word_1_291' title='bbox 1607 2788 1850 2846; x_wconf 89' lang='lat' dir='ltr'><strong>Celebris</strong></span> <span class='ocrx_word' id='word_1_292' title='bbox 1878 2787 2023 2842; x_wconf 91' lang='lat' dir='ltr'><strong>enim</strong></span> 
     </span>
    </p>
   </div>
   <div class='ocr_carea' id='block_1_45' title="bbox 431 2881 2025 2951">
    <p class='ocr_par' dir='ltr' id='par_1_45' title="bbox 431 2881 2025 2951">
     <span class='ocr_line' id='line_1_45' title="bbox 431 2881 2025 2951; baseline -0.011 -1"><span class='ocrx_word' id='word_1_293' title='bbox 431 2892 770 2951; x_wconf 87' lang='lat' dir='ltr'><strong>Cassinensis</strong></span> <span class='ocrx_word' id='word_1_294' title='bbox 816 2901 960 2949; x_wconf 88' lang='lat' dir='ltr'><strong>totus</strong></span> <span class='ocrx_word' id='word_1_295' title='bbox 1005 2891 1079 2947; x_wconf 88' lang='lat' dir='ltr'><strong>ibi</strong></span> <span class='ocrx_word' id='word_1_296' title='bbox 1125 2896 1209 2946; x_wconf 90' lang='lat' dir='ltr'><strong>est</strong></span> <span class='ocrx_word' id='word_1_297' title='bbox 1255 2888 1310 2943; x_wconf 91' lang='lat' dir='ltr'><strong>in</strong></span> <span class='ocrx_word' id='word_1_298' title='bbox 1355 2882 1692 2942; x_wconf 82' lang='lat' dir='ltr'><strong>suffodiendo</strong></span> <span class='ocrx_word' id='word_1_299' title='bbox 1740 2881 2025 2935; x_wconf 74' lang='lat' dir='ltr'><strong>allaturum</strong></span> 
     </span>
    </p>
   </div>
   <div class='ocr_carea' id='block_1_46' title="bbox 434 2974 2029 3058">
    <p class='ocr_par' dir='ltr' id='par_1_46' title="bbox 434 2974 2029 3058">
     <span class='ocr_line' id='line_1_46' title="bbox 434 2974 2029 3058; baseline -0.013 -13"><span class='ocrx_word' id='word_1_300' title='bbox 434 2986 899 3058; x_wconf 89' lang='lat' dir='ltr'><strong>conjecturarnm,</strong></span> <span class='ocrx_word' id='word_1_301' title='bbox 950 2993 1113 3055; x_wconf 88' lang='lat' dir='ltr'><strong>atque</strong></span> <span class='ocrx_word' id='word_1_302' title='bbox 1159 2987 1601 3051; x_wconf 89' lang='lat' dir='ltr'><strong>argumentorum</strong></span> <span class='ocrx_word' id='word_1_303' title='bbox 1645 2974 2029 3037; x_wconf 64' lang='lat' dir='ltr'><strong>fundamento,-</strong></span> 
     </span>
    </p>
   </div>
   <div class='ocr_carea' id='block_1_47' title="bbox 435 3066 2027 3151">
    <p class='ocr_par' dir='ltr' id='par_1_47' title="bbox 435 3066 2027 3151">
     <span class='ocr_line' id='line_1_47' title="bbox 435 3066 2027 3151; baseline -0.013 -13"><span class='ocrx_word' id='word_1_304' title='bbox 435 3079 580 3151; x_wconf 88' lang='lat' dir='ltr'><strong>quod</strong></span> <span class='ocrx_word' id='word_1_305' title='bbox 626 3080 872 3149; x_wconf 86' lang='lat' dir='ltr'><strong>egregia,</strong></span> <span class='ocrx_word' id='word_1_306' title='bbox 922 3092 1096 3148; x_wconf 89' lang='lat' dir='ltr'><strong>eaque</strong></span> <span class='ocrx_word' id='word_1_307' title='bbox 1141 3076 1465 3130; x_wconf 89' lang='lat' dir='ltr'><strong>inconcussa</strong></span> <span class='ocrx_word' id='word_1_308' title='bbox 1509 3069 1758 3125; x_wconf 89' lang='lat' dir='ltr'><strong>doctrina</strong></span> <span class='ocrx_word' id='word_1_309' title='bbox 1804 3066 2027 3121; x_wconf 88' lang='lat' dir='ltr'><strong>omnino</strong></span> 
     </span>
    </p>
   </div>
   <div class='ocr_carea' id='block_1_48' title="bbox 2111 1963 3723 2038">
    <p class='ocr_par' dir='ltr' id='par_1_48' title="bbox 2111 1963 3723 2038">
     <span class='ocr_line' id='line_1_48' title="bbox 2111 1963 3723 2038; baseline -0.004 -13"><span class='ocrx_word' id='word_1_310' title='bbox 2111 1971 2340 2026; x_wconf 88' lang='lat' dir='ltr'><strong>minatui</strong></span> <span class='ocrx_word' id='word_1_311' title='bbox 2368 1970 2794 2026; x_wconf 88' lang='lat' dir='ltr'><strong>ecclesiasticum</strong></span> <span class='ocrx_word' id='word_1_312' title='bbox 2823 1977 3065 2038; x_wconf 74' lang='lat' dir='ltr'><strong>aequaret</strong></span> <span class='ocrx_word' id='word_1_313' title='bbox 3085 1968 3191 2023; x_wconf 91' lang='lat' dir='ltr'><strong>illis</strong></span> <span class='ocrx_word' id='word_1_314' title='bbox 3213 1966 3391 2022; x_wconf 89' lang='lat' dir='ltr'><strong>verbis</strong></span> <span class='ocrx_word' id='word_1_315' title='bbox 3422 1985 3434 2019; x_wconf 93' lang='lat'><strong>:</strong></span> <span class='ocrx_word' id='word_1_316' title='bbox 3467 1963 3723 2019; x_wconf 72' lang='lat' dir='ltr'><strong>Eeclesic</strong></span> 
     </span>
    </p>
   </div>
   <div class='ocr_carea' id='block_1_49' title="bbox 2112 2055 3723 2129">
    <p class='ocr_par' dir='ltr' id='par_1_49' title="bbox 2112 2055 3723 2129">
     <span class='ocr_line' id='line_1_49' title="bbox 2112 2055 3723 2129; baseline -0.002 -15"><span class='ocrx_word' id='word_1_317' title='bbox 2112 2061 2480 2129; x_wconf 79' lang='lat' dir='ltr'><strong>Aquileiensis,</strong></span> <span class='ocrx_word' id='word_1_318' title='bbox 2512 2071 2563 2115; x_wconf 89' lang='lat' dir='ltr'><strong>et</strong></span> <span class='ocrx_word' id='word_1_319' title='bbox 2594 2060 2890 2127; x_wconf 72' lang='lat' dir='ltr'><strong>Ravennae,</strong></span> <span class='ocrx_word' id='word_1_320' title='bbox 2921 2059 3233 2126; x_wconf 74' lang='lat' dir='ltr'><strong>Januensis,</strong></span> <span class='ocrx_word' id='word_1_321' title='bbox 3278 2056 3582 2123; x_wconf 79' lang='lat' dir='ltr'><strong>Cradensis,</strong></span> <span class='ocrx_word' id='word_1_322' title='bbox 3615 2055 3723 2111; x_wconf 88' lang='lat' dir='ltr'><strong>Cu-</strong></span> 
     </span>
    </p>
   </div>
   <div class='ocr_carea' id='block_1_50' title="bbox 2114 2149 3721 2233">
    <p class='ocr_par' dir='ltr' id='par_1_50' title="bbox 2114 2149 3721 2233">
     <span class='ocr_line' id='line_1_50' title="bbox 2114 2149 3721 2233; baseline -0.003 -25"><span class='ocrx_word' id='word_1_323' title='bbox 2114 2172 2293 2222; x_wconf 87' lang='lat' dir='ltr'><strong>mana,</strong></span> <span class='ocrx_word' id='word_1_324' title='bbox 2325 2156 2647 2226; x_wconf 74' lang='lat' dir='ltr'><strong>Augustam,</strong></span> <span class='ocrx_word' id='word_1_325' title='bbox 2673 2151 3026 2220; x_wconf 85' lang='lat' dir='ltr'><strong>Coloniensis,</strong></span> <span class='ocrx_word' id='word_1_326' title='bbox 3062 2152 3395 2218; x_wconf 80' lang='lat' dir='ltr'><strong>Basiliensis,</strong></span> <span class='ocrx_word' id='word_1_327' title='bbox 3429 2149 3721 2233; x_wconf 47' lang='lat' dir='ltr'><strong>Coriensis‘</strong></span> 
     </span>
    </p>
   </div>
   <div class='ocr_carea' id='block_1_51' title="bbox 2116 2238 3725 2317">
    <p class='ocr_par' dir='ltr' id='par_1_51' title="bbox 2116 2238 3725 2317">
     <span class='ocr_line' id='line_1_51' title="bbox 2116 2238 3725 2317; baseline -0.002 -18"><span class='ocrx_word' id='word_1_328' title='bbox 2116 2245 2395 2317; x_wconf 84' lang='lat' dir='ltr'><strong>Papiensis</strong></span> <span class='ocrx_word' id='word_1_329' title='bbox 2415 2285 2429 2311; x_wconf 93' lang='lat'><strong>,</strong></span> <span class='ocrx_word' id='word_1_330' title='bbox 2464 2242 2813 2311; x_wconf 82' lang='lat' dir='ltr'><strong>Placentina,</strong></span> <span class='ocrx_word' id='word_1_331' title='bbox 2846 2253 2896 2297; x_wconf 88' lang='lat' dir='ltr'><strong>et</strong></span> <span class='ocrx_word' id='word_1_332' title='bbox 2942 2259 3119 2296; x_wconf 88' lang='lat' dir='ltr'><strong>omnes</strong></span> <span class='ocrx_word' id='word_1_333' title='bbox 3159 2243 3251 2296; x_wconf 87' lang='lat' dir='ltr'><strong>alii</strong></span> <span class='ocrx_word' id='word_1_334' title='bbox 3289 2241 3516 2313; x_wconf 81' lang='lat' dir='ltr'><strong>episcopi</strong></span> <span class='ocrx_word' id='word_1_335' title='bbox 3546 2238 3725 2295; x_wconf 69' lang='lat' dir='ltr'><strong>Italia</strong></span> 
     </span>
    </p>
   </div>
   <div class='ocr_carea' id='block_1_52' title="bbox 2118 2330 3725 2411">
    <p class='ocr_par' dir='ltr' id='par_1_52' title="bbox 2118 2330 3725 2411">
     <span class='ocr_line' id='line_1_52' title="bbox 2118 2330 3725 2411; baseline -0.003 -21"><span class='ocrx_word' id='word_1_336' title='bbox 2118 2340 2327 2411; x_wconf 75' lang='lat' dir='ltr'><strong>{uerunt</strong></span> <span class='ocrx_word' id='word_1_337' title='bbox 2354 2336 2674 2409; x_wconf 72' lang='lat' dir='ltr'><strong>suﬁ&#39;raganei</strong></span> <span class='ocrx_word' id='word_1_338' title='bbox 2700 2336 2929 2407; x_wconf 81' lang='lat' dir='ltr'><strong>episcopi</strong></span> <span class='ocrx_word' id='word_1_339' title='bbox 2976 2333 3409 2389; x_wconf 76' lang='lat' dir='ltr'><strong>Mediolanensis.</strong></span> <span class='ocrx_word' id='word_1_340' title='bbox 3442 2330 3618 2388; x_wconf 89' lang='lat' dir='ltr'><strong>Porro</strong></span> <span class='ocrx_word' id='word_1_341' title='bbox 3637 2331 3725 2386; x_wconf 88' lang='lat' dir='ltr'><strong>his</strong></span> 
     </span>
    </p>
   </div>
   <div class='ocr_carea' id='block_1_53' title="bbox 2118 2423 3721 2497">
    <p class='ocr_par' dir='ltr' id='par_1_53' title="bbox 2118 2423 3721 2497">
     <span class='ocr_line' id='line_1_53' title="bbox 2118 2423 3721 2497; baseline -0.006 -12"><span class='ocrx_word' id='word_1_342' title='bbox 2118 2427 2425 2495; x_wconf 86' lang='lat' dir='ltr'><strong>omissis,ad</strong></span> <span class='ocrx_word' id='word_1_343' title='bbox 2442 2436 2756 2496; x_wconf 87' lang='lat' dir='ltr'><strong>argumenta</strong></span> <span class='ocrx_word' id='word_1_344' title='bbox 2771 2427 3084 2482; x_wconf 91' lang='lat' dir='ltr'><strong>criticorum</strong></span> <span class='ocrx_word' id='word_1_345' title='bbox 3093 2440 3232 2497; x_wconf 90' lang='lat' dir='ltr'><strong>quos</strong></span> <span class='ocrx_word' id='word_1_346' title='bbox 3236 2424 3349 2494; x_wconf 89' lang='lat' dir='ltr'><strong>jam</strong></span> <span class='ocrx_word' id='word_1_347' title='bbox 3363 2423 3721 2488; x_wconf 86' lang='lat' dir='ltr'><strong>laudavimus,</strong></span> 
     </span>
    </p>
   </div>
   <div class='ocr_carea' id='block_1_54' title="bbox 2121 2515 3719 2591">
    <p class='ocr_par' dir='ltr' id='par_1_54' title="bbox 2121 2515 3719 2591">
     <span class='ocr_line' id='line_1_54' title="bbox 2121 2515 3719 2591; baseline -0.006 -14"><span class='ocrx_word' id='word_1_348' title='bbox 2121 2521 2590 2578; x_wconf 83' lang='lat' dir='ltr'><strong>animadversione</strong></span> <span class='ocrx_word' id='word_1_349' title='bbox 2630 2528 2686 2575; x_wconf 88' lang='lat' dir='ltr'><strong>et</strong></span> <span class='ocrx_word' id='word_1_350' title='bbox 2725 2520 3080 2591; x_wconf 88' lang='lat' dir='ltr'><strong>responsione</strong></span> <span class='ocrx_word' id='word_1_351' title='bbox 3124 2518 3348 2590; x_wconf 89' lang='lat' dir='ltr'><strong>propius</strong></span> <span class='ocrx_word' id='word_1_352' title='bbox 3373 2515 3719 2572; x_wconf 86' lang='lat' dir='ltr'><strong>accedamus.</strong></span> 
     </span>
    </p>
   </div>
   <div class='ocr_carea' id='block_1_55' title="bbox 2255 2608 3589 2677">
    <p class='ocr_par' dir='ltr' id='par_1_55' title="bbox 2255 2608 3589 2677">
     <span class='ocr_line' id='line_1_55' title="bbox 2255 2608 3589 2677; baseline -0.006 -14"><span class='ocrx_word' id='word_1_353' title='bbox 2255 2612 2368 2677; x_wconf 64' lang='grc' dir='ltr'><strong>θη.</strong></span> <span class='ocrx_word' id='word_1_354' title='bbox 2405 2611 2724 2674; x_wconf 81' lang='lat' dir='ltr'><strong>Exponuntur</strong></span> <span class='ocrx_word' id='word_1_355' title='bbox 2751 2612 2974 2661; x_wconf 87' lang='lat' dir='ltr'><strong>rationes</strong></span> <span class='ocrx_word' id='word_1_356' title='bbox 2999 2618 3139 2659; x_wconf 88' lang='lat' dir='ltr'><strong>aucto</strong></span> <span class='ocrx_word' id='word_1_357' title='bbox 3151 2622 3258 2659; x_wconf 86' lang='lat' dir='ltr'><strong>rum</strong></span> <span class='ocrx_word' id='word_1_358' title='bbox 3286 2608 3589 2669; x_wconf 81' lang='lat' dir='ltr'><strong>negantium.</strong></span> 
     </span>
    </p>
   </div>
   <div class='ocr_carea' id='block_1_56' title="bbox 2196 2712 3728 2786">
    <p class='ocr_par' dir='ltr' id='par_1_56' title="bbox 2196 2712 3728 2786">
     <span class='ocr_line' id='line_1_56' title="bbox 2196 2712 3728 2786; baseline -0.003 -14"><span class='ocrx_word' id='word_1_359' title='bbox 2196 2719 2248 2773; x_wconf 86' lang='lat'><strong>8.</strong></span> <span class='ocrx_word' id='word_1_360' title='bbox 2291 2718 2350 2772; x_wconf 92' lang='lat' dir='ltr'><strong>ln</strong></span> <span class='ocrx_word' id='word_1_361' title='bbox 2378 2718 2685 2786; x_wconf 89' lang='lat' dir='ltr'><strong>negativam</strong></span> <span class='ocrx_word' id='word_1_362' title='bbox 2713 2718 3038 2773; x_wconf 89' lang='lat' dir='ltr'><strong>sententiam</strong></span> <span class='ocrx_word' id='word_1_363' title='bbox 3081 2715 3287 2786; x_wconf 91' lang='lat' dir='ltr'><strong>aliquot</strong></span> <span class='ocrx_word' id='word_1_364' title='bbox 3323 2712 3728 2786; x_wconf 75' lang='lat' dir='ltr'><strong>prmclarissimi</strong></span> 
     </span>
    </p>
   </div>
   <div class='ocr_carea' id='block_1_57' title="bbox 2126 2803 3729 2878">
    <p class='ocr_par' dir='ltr' id='par_1_57' title="bbox 2126 2803 3729 2878">
     <span class='ocr_line' id='line_1_57' title="bbox 2126 2803 3729 2878; baseline -0.006 -11"><span class='ocrx_word' id='word_1_365' title='bbox 2126 2819 2378 2867; x_wconf 87' lang='lat' dir='ltr'><strong>auctores</strong></span> <span class='ocrx_word' id='word_1_366' title='bbox 2424 2810 2697 2875; x_wconf 89' lang='lat' dir='ltr'><strong>abierunt,</strong></span> <span class='ocrx_word' id='word_1_367' title='bbox 2749 2809 2890 2864; x_wconf 91' lang='lat' dir='ltr'><strong>inter</strong></span> <span class='ocrx_word' id='word_1_368' title='bbox 2936 2823 3071 2878; x_wconf 89' lang='lat' dir='ltr'><strong>quos</strong></span> <span class='ocrx_word' id='word_1_369' title='bbox 3119 2807 3361 2862; x_wconf 89' lang='lat' dir='ltr'><strong>eminent</strong></span> <span class='ocrx_word' id='word_1_370' title='bbox 3407 2804 3604 2861; x_wconf 88' lang='lat' dir='ltr'><strong>Petrus</strong></span> <span class='ocrx_word' id='word_1_371' title='bbox 3658 2803 3729 2859; x_wconf 87' lang='lat' dir='ltr'><strong>de</strong></span> 
     </span>
    </p>
   </div>
   <div class='ocr_carea' id='block_1_58' title="bbox 2128 2897 3729 2972">
    <p class='ocr_par' dir='ltr' id='par_1_58' title="bbox 2128 2897 3729 2972">
     <span class='ocr_line' id='line_1_58' title="bbox 2128 2897 3729 2972; baseline -0.004 -12"><span class='ocrx_word' id='word_1_372' title='bbox 2128 2904 2328 2971; x_wconf 84' lang='lat' dir='ltr'><strong>Marca,</strong></span> <span class='ocrx_word' id='word_1_373' title='bbox 2360 2903 2682 2958; x_wconf 86' lang='lat' dir='ltr'><strong>Benedictus</strong></span> <span class='ocrx_word' id='word_1_374' title='bbox 2728 2901 3070 2968; x_wconf 86' lang='lat' dir='ltr'><strong>Bacchinius,</strong></span> <span class='ocrx_word' id='word_1_375' title='bbox 3102 2900 3463 2972; x_wconf 81' lang='lat' dir='ltr'><strong>Hieronymus</strong></span> <span class='ocrx_word' id='word_1_376' title='bbox 3510 2897 3729 2954; x_wconf 84' lang='lat' dir='ltr'><strong>Rubeus</strong></span> 
     </span>
    </p>
   </div>
   <div class='ocr_carea' id='block_1_59' title="bbox 2130 2990 3730 3062">
    <p class='ocr_par' dir='ltr' id='par_1_59' title="bbox 2130 2990 3730 3062">
     <span class='ocr_line' id='line_1_59' title="bbox 2130 2990 3730 3062; baseline -0.006 -7"><span class='ocrx_word' id='word_1_377' title='bbox 2130 3014 2200 3055; x_wconf 88' lang='lat' dir='ltr'><strong>ex</strong></span> <span class='ocrx_word' id='word_1_378' title='bbox 2225 2997 2522 3062; x_wconf 87' lang='lat' dir='ltr'><strong>catholicis,</strong></span> <span class='ocrx_word' id='word_1_379' title='bbox 2547 2995 2842 3051; x_wconf 88' lang='lat' dir='ltr'><strong>Salmasius</strong></span> <span class='ocrx_word' id='word_1_380' title='bbox 2870 2996 3013 3050; x_wconf 86' lang='lat' dir='ltr'><strong>inter</strong></span> <span class='ocrx_word' id='word_1_381' title='bbox 3040 2993 3407 3049; x_wconf 86' lang='lat' dir='ltr'><strong>heterodoxos</strong></span> <span class='ocrx_word' id='word_1_382' title='bbox 3423 3032 3438 3058; x_wconf 90' lang='lat'><strong>,</strong></span> <span class='ocrx_word' id='word_1_383' title='bbox 3463 2990 3592 3047; x_wconf 86' lang='lat' dir='ltr'><strong>licet</strong></span> <span class='ocrx_word' id='word_1_384' title='bbox 3620 3005 3730 3045; x_wconf 88' lang='lat' dir='ltr'><strong>nou</strong></span> 
     </span>
    </p>
   </div>
   <div class='ocr_carea' id='block_1_60' title="bbox 2132 3082 3728 3154">
    <p class='ocr_par' dir='ltr' id='par_1_60' title="bbox 2132 3082 3728 3154">
     <span class='ocr_line' id='line_1_60' title="bbox 2132 3082 3728 3154; baseline -0.008 -7"><span class='ocrx_word' id='word_1_385' title='bbox 2132 3106 2322 3148; x_wconf 88' lang='lat' dir='ltr'><strong>omnes</strong></span> <span class='ocrx_word' id='word_1_386' title='bbox 2341 3090 2411 3144; x_wconf 92' lang='lat' dir='ltr'><strong>ob</strong></span> <span class='ocrx_word' id='word_1_387' title='bbox 2440 3088 2658 3143; x_wconf 88' lang='lat' dir='ltr'><strong>easdem</strong></span> <span class='ocrx_word' id='word_1_388' title='bbox 2685 3088 2956 3151; x_wconf 86' lang='lat' dir='ltr'><strong>rationes,</strong></span> <span class='ocrx_word' id='word_1_389' title='bbox 2989 3100 3166 3154; x_wconf 89' lang='lat' dir='ltr'><strong>neque</strong></span> <span class='ocrx_word' id='word_1_390' title='bbox 3194 3083 3415 3149; x_wconf 87' lang='lat' dir='ltr'><strong>eodem,</strong></span> <span class='ocrx_word' id='word_1_391' title='bbox 3466 3090 3529 3137; x_wconf 89' lang='lat' dir='ltr'><strong>ut</strong></span> <span class='ocrx_word' id='word_1_392' title='bbox 3556 3082 3728 3147; x_wconf 88' lang='lat' dir='ltr'><strong>aiunt,</strong></span> 
     </span>
    </p>
   </div>
   <div class='ocr_carea' id='block_1_61' title="bbox 434 3161 3733 3254">
    <p class='ocr_par' dir='ltr' id='par_1_61' title="bbox 434 3161 3733 3254">
     <span class='ocr_line' id='line_1_61' title="bbox 434 3161 3733 3254; baseline -0.008 -24"><span class='ocrx_word' id='word_1_393' title='bbox 434 3173 708 3230; x_wconf 90' lang='lat' dir='ltr'><strong>contrivit.</strong></span> <span class='ocrx_word' id='word_1_394' title='bbox 758 3173 936 3241; x_wconf 87' lang='lat' dir='ltr'><strong>Quare</strong></span> <span class='ocrx_word' id='word_1_395' title='bbox 981 3187 1106 3229; x_wconf 93' lang='lat' dir='ltr'><strong>cum</strong></span> <span class='ocrx_word' id='word_1_396' title='bbox 1151 3169 1392 3226; x_wconf 90' lang='lat' dir='ltr'><strong>omnium</strong></span> <span class='ocrx_word' id='word_1_397' title='bbox 1437 3165 1820 3239; x_wconf 88' lang='lat' dir='ltr'><strong>probationum</strong></span> <span class='ocrx_word' id='word_1_398' title='bbox 1849 3162 1931 3217; x_wconf 90' lang='lat' dir='ltr'><strong>vis</strong></span> <span class='ocrx_word' id='word_1_399' title='bbox 1961 3161 2030 3216; x_wconf 91' lang='lat' dir='ltr'><strong>de</strong></span> <span class='ocrx_word' id='word_1_400' title='bbox 2077 3253 2083 3254; x_wconf 10' lang='grc' dir='ltr'><em>γ</em></span> <span class='ocrx_word' id='word_1_401' title='bbox 2134 3184 2327 3254; x_wconf 50' lang='lat' dir='ltr'><strong>spiritu</strong></span> <span class='ocrx_word' id='word_1_402' title='bbox 2352 3181 2518 3236; x_wconf 48' lang='lat' dir='ltr'><strong>ducti.</strong></span> <span class='ocrx_word' id='word_1_403' title='bbox 2550 3179 2656 3234; x_wconf 69' lang='lat' dir='ltr'><strong>Am</strong></span> <span class='ocrx_word' id='word_1_404' title='bbox 2684 3179 2829 3234; x_wconf 66' lang='lat' dir='ltr'><strong>enim</strong></span> <span class='ocrx_word' id='word_1_405' title='bbox 2854 3177 3042 3248; x_wconf 57' lang='lat' dir='ltr'><strong>iugum</strong></span> <span class='ocrx_word' id='word_1_406' title='bbox 3090 3175 3493 3231; x_wconf 61' lang='lat' dir='ltr'><strong>Mediolanense</strong></span> <span class='ocrx_word' id='word_1_407' title='bbox 3518 3172 3589 3227; x_wconf 64' lang='lat' dir='ltr'><strong>ab</strong></span> <span class='ocrx_word' id='word_1_408' title='bbox 3618 3171 3733 3226; x_wconf 63' lang='lat' dir='ltr'><strong>Ra-</strong></span> 
     </span>
    </p>
   </div>
   <div class='ocr_carea' id='block_1_62' title="bbox 436 3253 3734 3339">
    <p class='ocr_par' dir='ltr' id='par_1_62' title="bbox 436 3253 3734 3339">
     <span class='ocr_line' id='line_1_62' title="bbox 436 3253 3734 3339; baseline -0.008 -16"><span class='ocrx_word' id='word_1_409' title='bbox 436 3266 764 3324; x_wconf 77' lang='lat' dir='ltr'><strong>Ravennatis</strong></span> <span class='ocrx_word' id='word_1_410' title='bbox 809 3276 865 3325; x_wconf 91' lang='lat' dir='ltr'><strong>et</strong></span> <span class='ocrx_word' id='word_1_411' title='bbox 909 3265 1269 3338; x_wconf 84' lang='lat' dir='ltr'><strong>Aquileiensis</strong></span> <span class='ocrx_word' id='word_1_412' title='bbox 1315 3261 1568 3319; x_wconf 71' lang='lat' dir='ltr'><strong>Ecclesize</strong></span> <span class='ocrx_word' id='word_1_413' title='bbox 1614 3257 1949 3329; x_wconf 74' lang='lat' dir='ltr'><strong>subiectione</strong></span> <span class='ocrx_word' id='word_1_414' title='bbox 1997 3271 2027 3309; x_wconf 91' lang='lat' dir='ltr'><strong>a</strong></span> <span class='ocrx_word' id='word_1_415' title='bbox 2054 3253 2103 3319; x_wconf 66' lang='grc' dir='ltr'><strong>(ζ</strong></span> <span class='ocrx_word' id='word_1_416' title='bbox 2133 3253 2364 3332; x_wconf 40' lang='lat' dir='ltr'><strong>{eumue</strong></span> <span class='ocrx_word' id='word_1_417' title='bbox 2390 3272 2635 3328; x_wconf 60' lang='lat' dir='ltr'><strong>Ecclesia</strong></span> <span class='ocrx_word' id='word_1_418' title='bbox 2662 3278 3036 3334; x_wconf 53' lang='lat' dir='ltr'><strong>excusserunt,</strong></span> <span class='ocrx_word' id='word_1_419' title='bbox 3081 3284 3198 3324; x_wconf 67' lang='lat' dir='ltr'><strong>eam</strong></span> <span class='ocrx_word' id='word_1_420' title='bbox 3239 3274 3496 3339; x_wconf 54' lang='lat' dir='ltr'><strong>putantes</strong></span> <span class='ocrx_word' id='word_1_421' title='bbox 3523 3272 3734 3320; x_wconf 62' lang='lat' dir='ltr'><strong>men-0-</strong></span> 
     </span>
    </p>
   </div>
   <div class='ocr_carea' id='block_1_63' title="bbox 436 3348 2029 3431">
    <p class='ocr_par' dir='ltr' id='par_1_63' title="bbox 436 3348 2029 3431">
     <span class='ocr_line' id='line_1_63' title="bbox 436 3348 2029 3431; baseline -0.009 -14"><span class='ocrx_word' id='word_1_422' title='bbox 436 3361 609 3417; x_wconf 87' lang='lat' dir='ltr'><strong>civilis</strong></span> <span class='ocrx_word' id='word_1_423' title='bbox 636 3360 911 3430; x_wconf 87' lang='lat' dir='ltr'><strong>regiminis</strong></span> <span class='ocrx_word' id='word_1_424' title='bbox 938 3360 1104 3415; x_wconf 73' lang='lat' dir='ltr'><strong>ltalize</strong></span> <span class='ocrx_word' id='word_1_425' title='bbox 1131 3363 1426 3431; x_wconf 83' lang='lat' dir='ltr'><strong>systemate</strong></span> <span class='ocrx_word' id='word_1_426' title='bbox 1469 3360 1777 3427; x_wconf 90' lang='lat' dir='ltr'><strong>promanet,</strong></span> <span class='ocrx_word' id='word_1_427' title='bbox 1809 3350 1895 3405; x_wconf 90' lang='lat' dir='ltr'><strong>cui</strong></span> <span class='ocrx_word' id='word_1_428' title='bbox 1922 3348 2029 3403; x_wconf 82' lang='lat' dir='ltr'><strong>Ec-</strong></span> 
     </span>
    </p>
   </div>
   <div class='ocr_carea' id='block_1_64' title="bbox 438 3440 2032 3523">
    <p class='ocr_par' dir='ltr' id='par_1_64' title="bbox 438 3440 2032 3523">
     <span class='ocr_line' id='line_1_64' title="bbox 438 3440 2032 3523; baseline -0.011 -12"><span class='ocrx_word' id='word_1_429' title='bbox 438 3453 799 3511; x_wconf 88' lang='lat' dir='ltr'><strong>clesiasticam</strong></span> <span class='ocrx_word' id='word_1_430' title='bbox 834 3453 1000 3523; x_wconf 91' lang='lat' dir='ltr'><strong>ipsius</strong></span> <span class='ocrx_word' id='word_1_431' title='bbox 1034 3450 1202 3504; x_wconf 68' lang='lat' dir='ltr'><strong>Italire</strong></span> <span class='ocrx_word' id='word_1_432' title='bbox 1235 3447 1595 3503; x_wconf 88' lang='lat' dir='ltr'><strong>hierarchiam</strong></span> <span class='ocrx_word' id='word_1_433' title='bbox 1642 3451 1892 3499; x_wconf 89' lang='lat' dir='ltr'><strong>auctores</strong></span> <span class='ocrx_word' id='word_1_434' title='bbox 1930 3440 2032 3511; x_wconf 92' lang='lat' dir='ltr'><strong>ipsi</strong></span> 
     </span>
    </p>
   </div>
   <div class='ocr_carea' id='block_1_65' title="bbox 439 3537 2030 3609">
    <p class='ocr_par' dir='ltr' id='par_1_65' title="bbox 439 3537 2030 3609">
     <span class='ocr_line' id='line_1_65' title="bbox 439 3537 2030 3609; baseline -0.007 -9"><span class='ocrx_word' id='word_1_435' title='bbox 439 3546 905 3603; x_wconf 89' lang='lat' dir='ltr'><strong>accommodatam</strong></span> <span class='ocrx_word' id='word_1_436' title='bbox 934 3544 1149 3608; x_wconf 91' lang='lat' dir='ltr'><strong>volunt;</strong></span> <span class='ocrx_word' id='word_1_437' title='bbox 1180 3558 1280 3597; x_wconf 91' lang='lat' dir='ltr'><strong>nos</strong></span> <span class='ocrx_word' id='word_1_438' title='bbox 1308 3556 1431 3596; x_wconf 91' lang='lat' dir='ltr'><strong>cum</strong></span> <span class='ocrx_word' id='word_1_439' title='bbox 1477 3537 1767 3594; x_wconf 85' lang='lat' dir='ltr'><strong>Bacchinio</strong></span> <span class='ocrx_word' id='word_1_440' title='bbox 1795 3543 2030 3609; x_wconf 79' lang='lat' dir='ltr'><strong>systcma</strong></span> 
     </span>
    </p>
   </div>
   <div class='ocr_carea' id='block_1_66' title="bbox 440 3630 2029 3701">
    <p class='ocr_par' dir='ltr' id='par_1_66' title="bbox 440 3630 2029 3701">
     <span class='ocr_line' id='line_1_66' title="bbox 440 3630 2029 3701; baseline -0.007 -7"><span class='ocrx_word' id='word_1_441' title='bbox 440 3637 573 3694; x_wconf 90' lang='lat' dir='ltr'><strong>illud</strong></span> <span class='ocrx_word' id='word_1_442' title='bbox 599 3637 1028 3694; x_wconf 89' lang='lat' dir='ltr'><strong>commentitium</strong></span> <span class='ocrx_word' id='word_1_443' title='bbox 1056 3633 1566 3698; x_wconf 88' lang='lat' dir='ltr'><strong>demonstrabimus,</strong></span> <span class='ocrx_word' id='word_1_444' title='bbox 1599 3639 1761 3701; x_wconf 89' lang='lat' dir='ltr'><strong>atque</strong></span> <span class='ocrx_word' id='word_1_445' title='bbox 1792 3630 1914 3685; x_wconf 87' lang='lat' dir='ltr'><strong>inde</strong></span> <span class='ocrx_word' id='word_1_446' title='bbox 1936 3630 2029 3683; x_wconf 84' lang='lat' dir='ltr'><strong>lir-</strong></span> 
     </span>
    </p>
   </div>
   <div class='ocr_carea' id='block_1_67' title="bbox 439 3724 2032 3799">
    <p class='ocr_par' dir='ltr' id='par_1_67' title="bbox 439 3724 2032 3799">
     <span class='ocr_line' id='line_1_67' title="bbox 439 3724 2032 3799; baseline -0.007 -13"><span class='ocrx_word' id='word_1_447' title='bbox 439 3730 602 3787; x_wconf 90' lang='lat' dir='ltr'><strong>miori</strong></span> <span class='ocrx_word' id='word_1_448' title='bbox 647 3743 834 3799; x_wconf 88' lang='lat' dir='ltr'><strong>gressu</strong></span> <span class='ocrx_word' id='word_1_449' title='bbox 880 3728 950 3784; x_wconf 89' lang='lat' dir='ltr'><strong>ad</strong></span> <span class='ocrx_word' id='word_1_450' title='bbox 994 3728 1231 3797; x_wconf 87' lang='lat' dir='ltr'><strong>reliquas</strong></span> <span class='ocrx_word' id='word_1_451' title='bbox 1275 3724 1754 3781; x_wconf 84' lang='lat' dir='ltr'><strong>Mediolanensium</strong></span> <span class='ocrx_word' id='word_1_452' title='bbox 1793 3724 2032 3777; x_wconf 89' lang='lat' dir='ltr'><strong>rationes</strong></span> 
     </span>
    </p>
   </div>
   <div class='ocr_carea' id='block_1_68' title="bbox 440 3814 2032 3893">
    <p class='ocr_par' dir='ltr' id='par_1_68' title="bbox 440 3814 2032 3893">
     <span class='ocr_line' id='line_1_68' title="bbox 440 3814 2032 3893; baseline -0.008 -14"><span class='ocrx_word' id='word_1_453' title='bbox 440 3821 779 3879; x_wconf 87' lang='lat' dir='ltr'><strong>enervandas</strong></span> <span class='ocrx_word' id='word_1_454' title='bbox 823 3818 1197 3893; x_wconf 89' lang='lat' dir='ltr'><strong>procedemus.</strong></span> <span class='ocrx_word' id='word_1_455' title='bbox 1230 3816 1486 3885; x_wconf 83' lang='lat' dir='ltr'><strong>Quamvis</strong></span> <span class='ocrx_word' id='word_1_456' title='bbox 1531 3823 1712 3871; x_wconf 87' lang='lat' dir='ltr'><strong>autem</strong></span> <span class='ocrx_word' id='word_1_457' title='bbox 1758 3815 1933 3884; x_wconf 86' lang='lat' dir='ltr'><strong>aliqua</strong></span> <span class='ocrx_word' id='word_1_458' title='bbox 1964 3814 2032 3868; x_wconf 87' lang='lat' dir='ltr'><strong>de</strong></span> 
     </span>
    </p>
   </div>
   <div class='ocr_carea' id='block_1_69' title="bbox 440 3910 2032 3992">
    <p class='ocr_par' dir='ltr' id='par_1_69' title="bbox 440 3910 2032 3992">
     <span class='ocr_line' id='line_1_69' title="bbox 440 3910 2032 3992; baseline -0.006 -19"><span class='ocrx_word' id='word_1_459' title='bbox 440 3917 812 3992; x_wconf 87' lang='lat' dir='ltr'><strong>patriarchatu</strong></span> <span class='ocrx_word' id='word_1_460' title='bbox 859 3915 1186 3987; x_wconf 87' lang='lat' dir='ltr'><strong>Aquileiensi</strong></span> <span class='ocrx_word' id='word_1_461' title='bbox 1240 3915 1327 3970; x_wconf 91' lang='lat' dir='ltr'><strong>hic</strong></span> <span class='ocrx_word' id='word_1_462' title='bbox 1382 3913 1557 3968; x_wconf 91' lang='lat' dir='ltr'><strong>obiter</strong></span> <span class='ocrx_word' id='word_1_463' title='bbox 1599 3912 1829 3966; x_wconf 87' lang='lat' dir='ltr'><strong>miscere</strong></span> <span class='ocrx_word' id='word_1_464' title='bbox 1876 3910 2032 3964; x_wconf 69' lang='lat' dir='ltr'><strong>nobis</strong></span> 
     </span>
    </p>
   </div>
   <div class='ocr_carea' id='block_1_70' title="bbox 442 4002 2033 4081">
    <p class='ocr_par' dir='ltr' id='par_1_70' title="bbox 442 4002 2033 4081">
     <span class='ocr_line' id='line_1_70' title="bbox 442 4002 2033 4081; baseline -0.008 -12"><span class='ocrx_word' id='word_1_465' title='bbox 442 4011 746 4080; x_wconf 89' lang='lat' dir='ltr'><strong>continget;</strong></span> <span class='ocrx_word' id='word_1_466' title='bbox 784 4017 1151 4081; x_wconf 89' lang='lat' dir='ltr'><strong>protestamur</strong></span> <span class='ocrx_word' id='word_1_467' title='bbox 1178 4016 1359 4062; x_wconf 87' lang='lat' dir='ltr'><strong>tamen</strong></span> <span class='ocrx_word' id='word_1_468' title='bbox 1387 4005 1455 4061; x_wconf 93' lang='lat' dir='ltr'><strong>de</strong></span> <span class='ocrx_word' id='word_1_469' title='bbox 1490 4004 1633 4059; x_wconf 89' lang='lat' dir='ltr'><strong>illius</strong></span> <span class='ocrx_word' id='word_1_470' title='bbox 1661 4002 2033 4074; x_wconf 78' lang='lat' dir='ltr'><strong>pnerogativis</strong></span> 
     </span>
    </p>
   </div>
   <div class='ocr_carea' id='block_1_71' title="bbox 442 4095 2034 4176">
    <p class='ocr_par' dir='ltr' id='par_1_71' title="bbox 442 4095 2034 4176">
     <span class='ocr_line' id='line_1_71' title="bbox 442 4095 2034 4176; baseline -0.007 -16"><span class='ocrx_word' id='word_1_471' title='bbox 442 4103 648 4160; x_wconf 89' lang='lat' dir='ltr'><strong>nullum</strong></span> <span class='ocrx_word' id='word_1_472' title='bbox 675 4117 897 4176; x_wconf 90' lang='lat' dir='ltr'><strong>prorsus</strong></span> <span class='ocrx_word' id='word_1_473' title='bbox 928 4100 1193 4172; x_wconf 87' lang='lat' dir='ltr'><strong>judicium</strong></span> <span class='ocrx_word' id='word_1_474' title='bbox 1220 4114 1322 4155; x_wconf 89' lang='lat' dir='ltr'><strong>nos</strong></span> <span class='ocrx_word' id='word_1_475' title='bbox 1366 4112 1488 4153; x_wconf 89' lang='lat' dir='ltr'><strong>esse</strong></span> <span class='ocrx_word' id='word_1_476' title='bbox 1532 4097 1758 4162; x_wconf 88' lang='lat' dir='ltr'><strong>laturos,</strong></span> <span class='ocrx_word' id='word_1_477' title='bbox 1799 4095 2034 4149; x_wconf 81' lang='lat' dir='ltr'><strong>maxime</strong></span> 
     </span>
    </p>
   </div>
   <div class='ocr_carea' id='block_1_72' title="bbox 442 4188 2034 4265">
    <p class='ocr_par' dir='ltr' id='par_1_72' title="bbox 442 4188 2034 4265">
     <span class='ocr_line' id='line_1_72' title="bbox 442 4188 2034 4265; baseline -0.008 -11"><span class='ocrx_word' id='word_1_478' title='bbox 442 4195 491 4254; x_wconf 85' lang='lat' dir='ltr'><strong>si</strong></span> <span class='ocrx_word' id='word_1_479' title='bbox 527 4209 645 4265; x_wconf 75' lang='lat' dir='ltr'><strong>qua:</strong></span> <span class='ocrx_word' id='word_1_480' title='bbox 690 4193 752 4249; x_wconf 87' lang='lat' dir='ltr'><strong>P.</strong></span> <span class='ocrx_word' id='word_1_481' title='bbox 793 4193 1100 4249; x_wconf 87' lang='lat' dir='ltr'><strong>Bernardus</strong></span> <span class='ocrx_word' id='word_1_482' title='bbox 1155 4190 1373 4247; x_wconf 83' lang='lat' dir='ltr'><strong>Rubeus</strong></span> <span class='ocrx_word' id='word_1_483' title='bbox 1420 4191 1475 4245; x_wconf 90' lang='lat' dir='ltr'><strong>in</strong></span> <span class='ocrx_word' id='word_1_484' title='bbox 1519 4205 1618 4245; x_wconf 91' lang='lat' dir='ltr'><strong>suo</strong></span> <span class='ocrx_word' id='word_1_485' title='bbox 1671 4188 2034 4244; x_wconf 88' lang='lat' dir='ltr'><strong>eruditissimo</strong></span> 
     </span>
    </p>
   </div>
   <div class='ocr_carea' id='block_1_73' title="bbox 445 4281 2036 4360">
    <p class='ocr_par' dir='ltr' id='par_1_73' title="bbox 445 4281 2036 4360">
     <span class='ocr_line' id='line_1_73' title="bbox 445 4281 2036 4360; baseline -0.006 -15"><span class='ocrx_word' id='word_1_486' title='bbox 445 4302 631 4360; x_wconf 88' lang='lat' dir='ltr'><strong>opere,</strong></span> <span class='ocrx_word' id='word_1_487' title='bbox 662 4294 717 4343; x_wconf 92' lang='lat' dir='ltr'><strong>et</strong></span> <span class='ocrx_word' id='word_1_488' title='bbox 756 4302 875 4358; x_wconf 67' lang='lat' dir='ltr'><strong>qua:</strong></span> <span class='ocrx_word' id='word_1_489' title='bbox 900 4288 971 4342; x_wconf 90' lang='lat' dir='ltr'><strong>cl.</strong></span> <span class='ocrx_word' id='word_1_490' title='bbox 1010 4286 1209 4357; x_wconf 75' lang='lat' dir='ltr'><strong>Ioseph</strong></span> <span class='ocrx_word' id='word_1_491' title='bbox 1244 4285 1412 4341; x_wconf 87' lang='lat' dir='ltr'><strong>Motta</strong></span> <span class='ocrx_word' id='word_1_492' title='bbox 1452 4286 1507 4339; x_wconf 91' lang='lat' dir='ltr'><strong>in</strong></span> <span class='ocrx_word' id='word_1_493' title='bbox 1542 4284 1922 4340; x_wconf 89' lang='lat' dir='ltr'><strong>dissertatione</strong></span> <span class='ocrx_word' id='word_1_494' title='bbox 1968 4281 2036 4337; x_wconf 90' lang='lat' dir='ltr'><strong>de</strong></span> 
     </span>
    </p>
   </div>
   <div class='ocr_carea' id='block_1_74' title="bbox 442 4374 2037 4451">
    <p class='ocr_par' dir='ltr' id='par_1_74' title="bbox 442 4374 2037 4451">
     <span class='ocr_line' id='line_1_74' title="bbox 442 4374 2037 4451; baseline -0.004 -16"><span class='ocrx_word' id='word_1_495' title='bbox 442 4378 565 4451; x_wconf 89' lang='lat' dir='ltr'><strong>jure</strong></span> <span class='ocrx_word' id='word_1_496' title='bbox 609 4378 1005 4450; x_wconf 90' lang='lat' dir='ltr'><strong>metropolitico</strong></span> <span class='ocrx_word' id='word_1_497' title='bbox 1050 4394 1197 4433; x_wconf 89' lang='lat' dir='ltr'><strong>num.</strong></span> <span class='ocrx_word' id='word_1_498' title='bbox 1254 4378 1316 4432; x_wconf 75' lang='lat' dir='ltr'><strong>3i</strong></span> <span class='ocrx_word' id='word_1_499' title='bbox 1379 4387 1435 4433; x_wconf 92' lang='lat' dir='ltr'><strong>et</strong></span> <span class='ocrx_word' id='word_1_500' title='bbox 1480 4391 1630 4447; x_wconf 89' lang='lat' dir='ltr'><strong>seqq.</strong></span> <span class='ocrx_word' id='word_1_501' title='bbox 1682 4391 1845 4446; x_wconf 88' lang='lat' dir='ltr'><strong>super</strong></span> <span class='ocrx_word' id='word_1_502' title='bbox 1871 4374 2037 4444; x_wconf 85' lang='lat' dir='ltr'><strong>Aqui-</strong></span> 
     </span>
    </p>
   </div>
   <div class='ocr_carea' id='block_1_75' title="bbox 448 4469 2037 4542">
    <p class='ocr_par' dir='ltr' id='par_1_75' title="bbox 448 4469 2037 4542">
     <span class='ocr_line' id='line_1_75' title="bbox 448 4469 2037 4542; baseline -0.003 -14"><span class='ocrx_word' id='word_1_503' title='bbox 448 4472 666 4528; x_wconf 90' lang='lat' dir='ltr'><strong>leiensis</strong></span> <span class='ocrx_word' id='word_1_504' title='bbox 692 4470 948 4529; x_wconf 76' lang='lat' dir='ltr'><strong>Ecclesiae</strong></span> <span class='ocrx_word' id='word_1_505' title='bbox 986 4472 1212 4541; x_wconf 86' lang='lat' dir='ltr'><strong>origine,</strong></span> <span class='ocrx_word' id='word_1_506' title='bbox 1254 4471 1624 4542; x_wconf 88' lang='lat' dir='ltr'><strong>amplitudine,</strong></span> <span class='ocrx_word' id='word_1_507' title='bbox 1661 4469 2037 4539; x_wconf 87' lang='lat' dir='ltr'><strong>jurisdiclione</strong></span> 
     </span>
    </p>
   </div>
   <div class='ocr_carea' id='block_1_76' title="bbox 448 4562 2035 4637">
    <p class='ocr_par' dir='ltr' id='par_1_76' title="bbox 448 4562 2035 4637">
     <span class='ocr_line' id='line_1_76' title="bbox 448 4562 2035 4637; baseline -0.002 -17"><span class='ocrx_word' id='word_1_508' title='bbox 448 4565 759 4637; x_wconf 88' lang='lat' dir='ltr'><strong>nuperrime</strong></span> <span class='ocrx_word' id='word_1_509' title='bbox 802 4565 1151 4636; x_wconf 87' lang='lat' dir='ltr'><strong>scripserunt,</strong></span> <span class='ocrx_word' id='word_1_510' title='bbox 1202 4578 1313 4620; x_wconf 90' lang='lat' dir='ltr'><strong>nou</strong></span> <span class='ocrx_word' id='word_1_511' title='bbox 1359 4564 1610 4619; x_wconf 89' lang='lat' dir='ltr'><strong>omnibus</strong></span> <span class='ocrx_word' id='word_1_512' title='bbox 1636 4577 1789 4632; x_wconf 68' lang='lat' dir='ltr'><strong>teque</strong></span> <span class='ocrx_word' id='word_1_513' title='bbox 1816 4562 2035 4632; x_wconf 88' lang='lat' dir='ltr'><strong>placue-</strong></span> 
     </span>
    </p>
   </div>
   <div class='ocr_carea' id='block_1_77' title="bbox 446 4634 2120 4727">
    <p class='ocr_par' dir='ltr' id='par_1_77' title="bbox 446 4634 2120 4727">
     <span class='ocr_line' id='line_1_77' title="bbox 446 4634 2120 4727; baseline -0.001 -14"><span class='ocrx_word' id='word_1_514' title='bbox 446 4634 577 4713; x_wconf 74' lang='lat' dir='ltr'><strong>rint.</strong></span> <span class='ocrx_word' id='word_1_515' title='bbox 610 4634 1036 4717; x_wconf 77' lang='lat' dir='ltr'><strong>Mediolanenses</strong></span> <span class='ocrx_word' id='word_1_516' title='bbox 1081 4656 1421 4714; x_wconf 90' lang='lat' dir='ltr'><strong>solummodo</strong></span> <span class='ocrx_word' id='word_1_517' title='bbox 1467 4657 1702 4727; x_wconf 89' lang='lat' dir='ltr'><strong>petimus</strong></span> <span class='ocrx_word' id='word_1_518' title='bbox 1740 4662 1808 4711; x_wconf 89' lang='lat' dir='ltr'><strong>ad</strong></span> <span class='ocrx_word' id='word_1_519' title='bbox 1836 4672 2039 4725; x_wconf 89' lang='lat' dir='ltr'><strong>eosque</strong></span> <span class='ocrx_word' id='word_1_520' title='bbox 2065 4634 2120 4695; x_wconf 81' lang='grc' dir='ltr'><strong>Ῑ)</strong></span> 
     </span>
    </p>
   </div>
   <div class='ocr_carea' id='block_1_78' title="bbox 449 4747 2043 4821">
    <p class='ocr_par' dir='ltr' id='par_1_78' title="bbox 449 4747 2043 4821">
     <span class='ocr_line' id='line_1_78' title="bbox 449 4747 2043 4821; baseline -0.001 -15"><span class='ocrx_word' id='word_1_521' title='bbox 449 4753 831 4807; x_wconf 87' lang='lat' dir='ltr'><strong>convertimur.</strong></span> <span class='ocrx_word' id='word_1_522' title='bbox 875 4750 1076 4806; x_wconf 82' lang='lat' dir='ltr'><strong>Verum</strong></span> <span class='ocrx_word' id='word_1_523' title='bbox 1120 4749 1578 4821; x_wconf 64' lang='lat' dir='ltr'><strong>praestantissimae</strong></span> <span class='ocrx_word' id='word_1_524' title='bbox 1624 4747 2043 4804; x_wconf 85' lang='lat' dir='ltr'><strong>Mediolanensis</strong></span> 
     </span>
    </p>
   </div>
   <div class='ocr_carea' id='block_1_79' title="bbox 450 4839 2040 4913">
    <p class='ocr_par' dir='ltr' id='par_1_79' title="bbox 450 4839 2040 4913">
     <span class='ocr_line' id='line_1_79' title="bbox 450 4839 2040 4913; baseline -0.002 -15"><span class='ocrx_word' id='word_1_525' title='bbox 450 4840 707 4898; x_wconf 70' lang='lat' dir='ltr'><strong>Ecclesia:</strong></span> <span class='ocrx_word' id='word_1_526' title='bbox 750 4842 1090 4913; x_wconf 88' lang='lat' dir='ltr'><strong>amplitudini</strong></span> <span class='ocrx_word' id='word_1_527' title='bbox 1136 4841 1271 4897; x_wconf 88' lang='lat' dir='ltr'><strong>nihil</strong></span> <span class='ocrx_word' id='word_1_528' title='bbox 1316 4839 1438 4895; x_wconf 91' lang='lat' dir='ltr'><strong>ideo</strong></span> <span class='ocrx_word' id='word_1_529' title='bbox 1483 4855 1583 4912; x_wconf 86' lang='lat' dir='ltr'><strong>per</strong></span> <span class='ocrx_word' id='word_1_530' title='bbox 1612 4855 1710 4894; x_wconf 92' lang='lat' dir='ltr'><strong>nos</strong></span> <span class='ocrx_word' id='word_1_531' title='bbox 1737 4839 2040 4895; x_wconf 87' lang='lat' dir='ltr'><strong>detractum</strong></span> 
     </span>
    </p>
   </div>
   <div class='ocr_carea' id='block_1_80' title="bbox 450 4929 2041 5005">
    <p class='ocr_par' dir='ltr' id='par_1_80' title="bbox 450 4929 2041 5005">
     <span class='ocr_line' id='line_1_80' title="bbox 450 4929 2041 5005; baseline -0.002 -17"><span class='ocrx_word' id='word_1_532' title='bbox 450 4933 717 5003; x_wconf 87' lang='lat' dir='ltr'><strong>volumus,</strong></span> <span class='ocrx_word' id='word_1_533' title='bbox 748 4934 882 4990; x_wconf 85' lang='lat' dir='ltr'><strong>satis</strong></span> <span class='ocrx_word' id='word_1_534' title='bbox 907 4948 1175 5005; x_wconf 87' lang='lat' dir='ltr'><strong>superque</strong></span> <span class='ocrx_word' id='word_1_535' title='bbox 1202 4931 1465 4998; x_wconf 87' lang='lat' dir='ltr'><strong>contenti,</strong></span> <span class='ocrx_word' id='word_1_536' title='bbox 1496 4932 1542 4987; x_wconf 90' lang='lat' dir='ltr'><strong>si</strong></span> <span class='ocrx_word' id='word_1_537' title='bbox 1571 4929 2041 4986; x_wconf 83' lang='lat' dir='ltr'><strong>Ravennatensem</strong></span> 
     </span>
    </p>
   </div>
   <div class='ocr_carea' id='block_1_81' title="bbox 451 5024 2043 5095">
    <p class='ocr_par' dir='ltr' id='par_1_81' title="bbox 451 5024 2043 5095">
     <span class='ocr_line' id='line_1_81' title="bbox 451 5024 2043 5095; baseline -0.001 -15"><span class='ocrx_word' id='word_1_538' title='bbox 451 5024 522 5080; x_wconf 88' lang='lat' dir='ltr'><strong>ab</strong></span> <span class='ocrx_word' id='word_1_539' title='bbox 542 5024 657 5095; x_wconf 85' lang='lat' dir='ltr'><strong>ejus</strong></span> <span class='ocrx_word' id='word_1_540' title='bbox 670 5024 953 5082; x_wconf 89' lang='lat' dir='ltr'><strong>dominatu</strong></span> <span class='ocrx_word' id='word_1_541' title='bbox 970 5024 1439 5089; x_wconf 88' lang='lat' dir='ltr'><strong>vindicaverimus,</strong></span> <span class='ocrx_word' id='word_1_542' title='bbox 1467 5025 1831 5093; x_wconf 88' lang='lat' dir='ltr'><strong>rationesque,</strong></span> <span class='ocrx_word' id='word_1_543' title='bbox 1850 5025 2043 5094; x_wconf 89' lang='lat' dir='ltr'><strong>quibus</strong></span> 
     </span>
    </p>
   </div>
   <div class='ocr_carea' id='block_1_82' title="bbox 452 5115 2037 5189">
    <p class='ocr_par' dir='ltr' id='par_1_82' title="bbox 452 5115 2037 5189">
     <span class='ocr_line' id='line_1_82' title="bbox 452 5115 2037 5189; baseline -0.004 -14"><span class='ocrx_word' id='word_1_544' title='bbox 452 5117 569 5175; x_wconf 56' lang='lat' dir='ltr'><strong>haec</strong></span> <span class='ocrx_word' id='word_1_545' title='bbox 607 5119 887 5189; x_wconf 89' lang='lat' dir='ltr'><strong>impetitur</strong></span> <span class='ocrx_word' id='word_1_546' title='bbox 913 5118 1055 5173; x_wconf 85' lang='lat' dir='ltr'><strong>inter</strong></span> <span class='ocrx_word' id='word_1_547' title='bbox 1085 5132 1235 5172; x_wconf 91' lang='lat' dir='ltr'><strong>mere</strong></span> <span class='ocrx_word' id='word_1_548' title='bbox 1264 5115 1632 5187; x_wconf 86' lang='lat' dir='ltr'><strong>supposititias</strong></span> <span class='ocrx_word' id='word_1_549' title='bbox 1672 5115 2037 5185; x_wconf 89' lang='lat' dir='ltr'><strong>rejecerimus.</strong></span> 
     </span>
    </p>
   </div>
   <div class='ocr_carea' id='block_1_83' title="bbox 452 5207 2049 5279">
    <p class='ocr_par' dir='ltr' id='par_1_83' title="bbox 452 5207 2049 5279">
     <span class='ocr_line' id='line_1_83' title="bbox 452 5207 2049 5279; baseline -0.002 -13"><span class='ocrx_word' id='word_1_550' title='bbox 452 5207 561 5266; x_wconf 85' lang='lat' dir='ltr'><strong>Nos</strong></span> <span class='ocrx_word' id='word_1_551' title='bbox 608 5219 790 5269; x_wconf 90' lang='lat' dir='ltr'><strong>autem</strong></span> <span class='ocrx_word' id='word_1_552' title='bbox 834 5227 945 5268; x_wconf 92' lang='lat' dir='ltr'><strong>non</strong></span> <span class='ocrx_word' id='word_1_553' title='bbox 990 5210 1125 5266; x_wconf 86' lang='lat' dir='ltr'><strong>latet</strong></span> <span class='ocrx_word' id='word_1_554' title='bbox 1168 5209 1414 5279; x_wconf 91' lang='lat' dir='ltr'><strong>ingenuis</strong></span> <span class='ocrx_word' id='word_1_555' title='bbox 1460 5208 1947 5266; x_wconf 87' lang='lat' dir='ltr'><strong>Mediolanensibus</strong></span> <span class='ocrx_word' id='word_1_556' title='bbox 1983 5225 2049 5264; x_wconf 77' lang='lat' dir='ltr'><strong>ea:</strong></span> 
     </span>
    </p>
   </div>
   <div class='ocr_carea' id='block_1_84' title="bbox 453 5303 2049 5376">
    <p class='ocr_par' dir='ltr' id='par_1_84' title="bbox 453 5303 2049 5376">
     <span class='ocr_line' id='line_1_84' title="bbox 453 5303 2049 5376; baseline -0.001 -17"><span class='ocrx_word' id='word_1_557' title='bbox 453 5321 584 5361; x_wconf 75' lang='lat' dir='ltr'><strong>uano</strong></span> <span class='ocrx_word' id='word_1_558' title='bbox 611 5306 743 5362; x_wconf 87' lang='lat' dir='ltr'><strong>nihil</strong></span> <span class='ocrx_word' id='word_1_559' title='bbox 771 5305 990 5373; x_wconf 83' lang='lat' dir='ltr'><strong>hauriri,</strong></span> <span class='ocrx_word' id='word_1_560' title='bbox 1012 5313 1073 5362; x_wconf 87' lang='lat' dir='ltr'><strong>ut</strong></span> <span class='ocrx_word' id='word_1_561' title='bbox 1092 5304 1257 5362; x_wconf 89' lang='lat' dir='ltr'><strong>verba</strong></span> <span class='ocrx_word' id='word_1_562' title='bbox 1284 5303 1615 5376; x_wconf 80' lang='lat' dir='ltr'><strong>Ripamontii</strong></span> <span class='ocrx_word' id='word_1_563' title='bbox 1642 5320 1894 5375; x_wconf 89' lang='lat' dir='ltr'><strong>usurpem</strong></span> <span class='ocrx_word' id='word_1_564' title='bbox 1913 5319 2049 5359; x_wconf 86' lang='lat' dir='ltr'><strong>con-</strong></span> 
     </span>
    </p>
   </div>
   <div class='ocr_carea' id='block_1_85' title="bbox 453 5396 2056 5470">
    <p class='ocr_par' dir='ltr' id='par_1_85' title="bbox 453 5396 2056 5470">
     <span class='ocr_line' id='line_1_85' title="bbox 453 5396 2056 5470; baseline -0.002 -17"><span class='ocrx_word' id='word_1_565' title='bbox 453 5406 540 5453; x_wconf 90' lang='lat' dir='ltr'><strong>tra</strong></span> <span class='ocrx_word' id='word_1_566' title='bbox 556 5398 751 5455; x_wconf 89' lang='lat' dir='ltr'><strong>nimios</strong></span> <span class='ocrx_word' id='word_1_567' title='bbox 763 5399 954 5470; x_wconf 73' lang='lat' dir='ltr'><strong>patriae</strong></span> <span class='ocrx_word' id='word_1_568' title='bbox 966 5396 1222 5455; x_wconf 62' lang='lat' dir='ltr'><strong>Ecclesiae</strong></span> <span class='ocrx_word' id='word_1_569' title='bbox 1241 5396 1674 5468; x_wconf 83' lang='lat' dir='ltr'><strong>magniﬁcatores</strong></span> <span class='ocrx_word' id='word_1_570' title='bbox 1688 5406 1814 5469; x_wconf 90' lang='lat' dir='ltr'><strong>apte</strong></span> <span class='ocrx_word' id='word_1_571' title='bbox 1834 5397 2056 5465; x_wconf 85' lang='lat' dir='ltr'><strong>loquen-</strong></span> 
     </span>
    </p>
   </div>
   <div class='ocr_carea' id='block_1_86' title="bbox 456 5489 2047 5566">
    <p class='ocr_par' dir='ltr' id='par_1_86' title="bbox 456 5489 2047 5566">
     <span class='ocr_line' id='line_1_86' title="bbox 456 5489 2047 5566; baseline -0.001 -17"><span class='ocrx_word' id='word_1_572' title='bbox 456 5493 527 5549; x_wconf 82' lang='lat' dir='ltr'><strong>tis</strong></span> <span class='ocrx_word' id='word_1_573' title='bbox 557 5491 729 5566; x_wconf 87' lang='lat' dir='ltr'><strong>(Tom.</strong></span> <span class='ocrx_word' id='word_1_574' title='bbox 758 5491 783 5547; x_wconf 91' lang='grc' dir='ltr'>Ι</span> <span class='ocrx_word' id='word_1_575' title='bbox 811 5490 953 5548; x_wconf 80' lang='lat' dir='ltr'><strong>Hist.</strong></span> <span class='ocrx_word' id='word_1_576' title='bbox 976 5491 1178 5548; x_wconf 84' lang='lat' dir='ltr'><strong>Eccles.</strong></span> <span class='ocrx_word' id='word_1_577' title='bbox 1212 5492 1354 5548; x_wconf 75' lang='lat' dir='ltr'><strong>Med.</strong></span> <span class='ocrx_word' id='word_1_578' title='bbox 1387 5491 1477 5547; x_wconf 84' lang='lat' dir='ltr'><strong>lib.</strong></span> <span class='ocrx_word' id='word_1_579' title='bbox 1510 5491 1549 5562; x_wconf 87' lang='grc' dir='ltr'><strong>ι)</strong></span> <span class='ocrx_word' id='word_1_580' title='bbox 1579 5510 1591 5545; x_wconf 87' lang='lat'><strong>:</strong></span> <span class='ocrx_word' id='word_1_581' title='bbox 1625 5489 1739 5547; x_wconf 87' lang='lat' dir='ltr'><strong>Nec</strong></span> <span class='ocrx_word' id='word_1_582' title='bbox 1766 5509 1826 5547; x_wconf 87' lang='lat' dir='ltr'><strong>eo</strong></span> <span class='ocrx_word' id='word_1_583' title='bbox 1853 5509 2047 5558; x_wconf 87' lang='lat' dir='ltr'><strong>sumus,</strong></span> 
     </span>
    </p>
   </div>
   <div class='ocr_carea' id='block_1_87' title="bbox 457 5585 2055 5660">
    <p class='ocr_par' dir='ltr' id='par_1_87' title="bbox 457 5585 2055 5660">
     <span class='ocr_line' id='line_1_87' title="bbox 457 5585 2055 5660; baseline -0.001 -18"><span class='ocrx_word' id='word_1_584' title='bbox 457 5590 554 5652; x_wconf 86' lang='lat' dir='ltr'><strong>ait,</strong></span> <span class='ocrx_word' id='word_1_585' title='bbox 584 5586 812 5658; x_wconf 81' lang='lat' dir='ltr'><strong>ingenio,</strong></span> <span class='ocrx_word' id='word_1_586' title='bbox 840 5594 900 5640; x_wconf 84' lang='lat' dir='ltr'><strong>ut</strong></span> <span class='ocrx_word' id='word_1_587' title='bbox 927 5585 1050 5643; x_wconf 84' lang='lat' dir='ltr'><strong>dum</strong></span> <span class='ocrx_word' id='word_1_588' title='bbox 1075 5585 1339 5645; x_wconf 83' lang='lat' dir='ltr'><strong>miscendo</strong></span> <span class='ocrx_word' id='word_1_589' title='bbox 1386 5586 1527 5660; x_wconf 76' lang='lat' dir='ltr'><strong>falsa</strong></span> <span class='ocrx_word' id='word_1_590' title='bbox 1564 5585 1716 5652; x_wconf 81' lang='lat' dir='ltr'><strong>veris,</strong></span> <span class='ocrx_word' id='word_1_591' title='bbox 1769 5586 2055 5657; x_wconf 83' lang='lat' dir='ltr'><strong>primordia</strong></span> 
     </span>
    </p>
   </div>
   <div class='ocr_carea' id='block_1_88' title="bbox 457 5680 2058 5754">
    <p class='ocr_par' dir='ltr' id='par_1_88' title="bbox 457 5680 2058 5754">
     <span class='ocr_line' id='line_1_88' title="bbox 457 5680 2058 5754; baseline 0.001 -18"><span class='ocrx_word' id='word_1_592' title='bbox 457 5688 759 5736; x_wconf 83' lang='lat' dir='ltr'><strong>nostrarum</strong></span> <span class='ocrx_word' id='word_1_593' title='bbox 796 5696 970 5735; x_wconf 86' lang='lat' dir='ltr'><strong>rerum</strong></span> <span class='ocrx_word' id='word_1_594' title='bbox 1006 5684 1307 5754; x_wconf 82' lang='lat' dir='ltr'><strong>angustiora</strong></span> <span class='ocrx_word' id='word_1_595' title='bbox 1345 5681 1584 5754; x_wconf 75' lang='lat' dir='ltr'><strong>facimus,</strong></span> <span class='ocrx_word' id='word_1_596' title='bbox 1619 5680 1833 5736; x_wconf 81' lang='lat' dir='ltr'><strong>velimus</strong></span> <span class='ocrx_word' id='word_1_597' title='bbox 1870 5683 2058 5737; x_wconf 85' lang='lat' dir='ltr'><strong>mereri</strong></span> 
     </span>
    </p>
   </div>
   <div class='ocr_carea' id='block_1_89' title="bbox 455 5772 2057 5847">
    <p class='ocr_par' dir='ltr' id='par_1_89' title="bbox 455 5772 2057 5847">
     <span class='ocr_line' id='line_1_89' title="bbox 455 5772 2057 5847; baseline 0.003 -21"><span class='ocrx_word' id='word_1_598' title='bbox 455 5772 652 5847; x_wconf 83' lang='lat' dir='ltr'><strong>probra</strong></span> <span class='ocrx_word' id='word_1_599' title='bbox 678 5782 729 5828; x_wconf 89' lang='lat' dir='ltr'><strong>et</strong></span> <span class='ocrx_word' id='word_1_600' title='bbox 755 5773 997 5840; x_wconf 81' lang='lat' dir='ltr'><strong>cavillos,</strong></span> <span class='ocrx_word' id='word_1_601' title='bbox 1040 5782 1089 5827; x_wconf 86' lang='lat' dir='ltr'><strong>et</strong></span> <span class='ocrx_word' id='word_1_602' title='bbox 1115 5776 1169 5830; x_wconf 88' lang='lat' dir='ltr'><strong>in</strong></span> <span class='ocrx_word' id='word_1_603' title='bbox 1197 5793 1349 5832; x_wconf 85' lang='lat' dir='ltr'><strong>omne</strong></span> <span class='ocrx_word' id='word_1_604' title='bbox 1375 5775 1617 5847; x_wconf 82' lang='lat' dir='ltr'><strong>deinceps</strong></span> <span class='ocrx_word' id='word_1_605' title='bbox 1657 5792 1819 5831; x_wconf 60' lang='lat' dir='ltr'><strong>auium</strong></span> <span class='ocrx_word' id='word_1_606' title='bbox 1847 5778 1925 5831; x_wconf 92' lang='lat' dir='ltr'><strong>ire</strong></span> <span class='ocrx_word' id='word_1_607' title='bbox 1942 5793 2057 5831; x_wconf 73' lang='lat' dir='ltr'><strong>cum</strong></span> 
     </span>
    </p>
   </div>
   <div class='ocr_carea' id='block_1_90' title="bbox 459 5863 2061 5938">
    <p class='ocr_par' dir='ltr' id='par_1_90' title="bbox 459 5863 2061 5938">
     <span class='ocr_line' id='line_1_90' title="bbox 459 5863 2061 5938; baseline 0.002 -18"><span class='ocrx_word' id='word_1_608' title='bbox 459 5863 555 5921; x_wconf 79' lang='lat' dir='ltr'><strong>illa</strong></span> <span class='ocrx_word' id='word_1_609' title='bbox 582 5881 783 5923; x_wconf 86' lang='lat' dir='ltr'><strong>morum</strong></span> <span class='ocrx_word' id='word_1_610' title='bbox 810 5867 1187 5925; x_wconf 64' lang='lat' dir='ltr'><strong>existimatione</strong></span> <span class='ocrx_word' id='word_1_611' title='bbox 1208 5885 1268 5922; x_wconf 87' lang='lat' dir='ltr'><strong>ac</strong></span> <span class='ocrx_word' id='word_1_612' title='bbox 1300 5870 1459 5938; x_wconf 79' lang='lat' dir='ltr'><strong>(ama,</strong></span> <span class='ocrx_word' id='word_1_613' title='bbox 1488 5876 1747 5924; x_wconf 71' lang='lat' dir='ltr'><strong>tamquam</strong></span> <span class='ocrx_word' id='word_1_614' title='bbox 1776 5869 1943 5938; x_wconf 78' lang='lat' dir='ltr'><strong>patrio</strong></span> <span class='ocrx_word' id='word_1_615' title='bbox 1966 5886 2061 5923; x_wconf 77' lang='lat' dir='ltr'><strong>no-</strong></span> 
     </span>
    </p>
   </div>
   <div class='ocr_carea' id='block_1_91' title="bbox 2132 3358 3733 3443">
    <p class='ocr_par' dir='ltr' id='par_1_91' title="bbox 2132 3358 3733 3443">
     <span class='ocr_line' id='line_1_91' title="bbox 2132 3358 3733 3443; baseline -0.009 -17"><span class='ocrx_word' id='word_1_616' title='bbox 2132 3370 2429 3443; x_wconf 86' lang='lat' dir='ltr'><strong>politanam</strong></span> <span class='ocrx_word' id='word_1_617' title='bbox 2456 3366 2621 3422; x_wconf 88' lang='lat' dir='ltr'><strong>fuisse</strong></span> <span class='ocrx_word' id='word_1_618' title='bbox 2647 3380 2819 3436; x_wconf 90' lang='lat' dir='ltr'><strong>usque</strong></span> <span class='ocrx_word' id='word_1_619' title='bbox 2846 3364 2914 3420; x_wconf 90' lang='lat' dir='ltr'><strong>ab</strong></span> <span class='ocrx_word' id='word_1_620' title='bbox 2943 3364 3059 3434; x_wconf 85' lang='lat' dir='ltr'><strong>ejus</strong></span> <span class='ocrx_word' id='word_1_621' title='bbox 3085 3361 3419 3417; x_wconf 90' lang='lat' dir='ltr'><strong>fundatione.</strong></span> <span class='ocrx_word' id='word_1_622' title='bbox 3448 3358 3556 3414; x_wconf 85' lang='lat' dir='ltr'><strong>Alii</strong></span> <span class='ocrx_word' id='word_1_623' title='bbox 3578 3372 3733 3424; x_wconf 85' lang='lat' dir='ltr'><strong>vero,</strong></span> 
     </span>
    </p>
   </div>
   <div class='ocr_carea' id='block_1_92' title="bbox 2132 3455 3735 3533">
    <p class='ocr_par' dir='ltr' id='par_1_92' title="bbox 2132 3455 3735 3533">
     <span class='ocr_line' id='line_1_92' title="bbox 2132 3455 3735 3533; baseline -0.009 -14"><span class='ocrx_word' id='word_1_624' title='bbox 2132 3463 2381 3533; x_wconf 89' lang='lat' dir='ltr'><strong>quamvis</strong></span> <span class='ocrx_word' id='word_1_625' title='bbox 2408 3461 2568 3530; x_wconf 90' lang='lat' dir='ltr'><strong>hujus</strong></span> <span class='ocrx_word' id='word_1_626' title='bbox 2594 3459 2872 3528; x_wconf 88' lang='lat' dir='ltr'><strong>dignitatis</strong></span> <span class='ocrx_word' id='word_1_627' title='bbox 2899 3458 3052 3513; x_wconf 90' lang='lat' dir='ltr'><strong>initia</strong></span> <span class='ocrx_word' id='word_1_628' title='bbox 3074 3456 3144 3511; x_wconf 87' lang='lat' dir='ltr'><strong>ad</strong></span> <span class='ocrx_word' id='word_1_629' title='bbox 3163 3455 3411 3526; x_wconf 88' lang='lat' dir='ltr'><strong>quintum</strong></span> <span class='ocrx_word' id='word_1_630' title='bbox 3437 3466 3608 3522; x_wconf 88' lang='lat' dir='ltr'><strong>usque</strong></span> <span class='ocrx_word' id='word_1_631' title='bbox 3635 3464 3735 3504; x_wconf 60' lang='lat' dir='ltr'><strong>sce-</strong></span> 
     </span>
    </p>
   </div>
   <div class='ocr_carea' id='block_1_93' title="bbox 2132 3544 3737 3623">
    <p class='ocr_par' dir='ltr' id='par_1_93' title="bbox 2132 3544 3737 3623">
     <span class='ocr_line' id='line_1_93' title="bbox 2132 3544 3737 3623; baseline -0.007 -11"><span class='ocrx_word' id='word_1_632' title='bbox 2132 3558 2314 3613; x_wconf 87' lang='lat' dir='ltr'><strong>culum</strong></span> <span class='ocrx_word' id='word_1_633' title='bbox 2367 3554 2717 3611; x_wconf 90' lang='lat' dir='ltr'><strong>distraxerint</strong></span> <span class='ocrx_word' id='word_1_634' title='bbox 2749 3595 2764 3621; x_wconf 99' lang='lat'><strong>,</strong></span> <span class='ocrx_word' id='word_1_635' title='bbox 2823 3559 3089 3623; x_wconf 85' lang='lat' dir='ltr'><strong>negarunt</strong></span> <span class='ocrx_word' id='word_1_636' title='bbox 3140 3558 3323 3605; x_wconf 87' lang='lat' dir='ltr'><strong>tamen</strong></span> <span class='ocrx_word' id='word_1_637' title='bbox 3375 3546 3597 3619; x_wconf 88' lang='lat' dir='ltr'><strong>probari</strong></span> <span class='ocrx_word' id='word_1_638' title='bbox 3624 3544 3737 3600; x_wconf 89' lang='lat' dir='ltr'><strong>ullo</strong></span> 
     </span>
    </p>
   </div>
   <div class='ocr_carea' id='block_1_94' title="bbox 2132 3640 3737 3720">
    <p class='ocr_par' dir='ltr' id='par_1_94' title="bbox 2132 3640 3737 3720">
     <span class='ocr_line' id='line_1_94' title="bbox 2132 3640 3737 3720; baseline -0.009 -14"><span class='ocrx_word' id='word_1_639' title='bbox 2132 3650 2296 3706; x_wconf 89' lang='lat' dir='ltr'><strong>modo</strong></span> <span class='ocrx_word' id='word_1_640' title='bbox 2324 3663 2484 3720; x_wconf 88' lang='lat' dir='ltr'><strong>posse</strong></span> <span class='ocrx_word' id='word_1_641' title='bbox 2512 3647 2855 3703; x_wconf 80' lang='lat' dir='ltr'><strong>Ravennates</strong></span> <span class='ocrx_word' id='word_1_642' title='bbox 2893 3642 3282 3700; x_wconf 85' lang='lat' dir='ltr'><strong>Mediolanensi</strong></span> <span class='ocrx_word' id='word_1_643' title='bbox 3328 3640 3587 3697; x_wconf 61' lang='lat' dir='ltr'><strong>Ecclesiae</strong></span> <span class='ocrx_word' id='word_1_644' title='bbox 3638 3653 3737 3708; x_wconf 75' lang='lat' dir='ltr'><strong>pa-</strong></span> 
     </span>
    </p>
   </div>
   <div class='ocr_carea' id='block_1_95' title="bbox 2132 3734 3739 3809">
    <p class='ocr_par' dir='ltr' id='par_1_95' title="bbox 2132 3734 3739 3809">
     <span class='ocr_line' id='line_1_95' title="bbox 2132 3734 3739 3809; baseline -0.011 -9"><span class='ocrx_word' id='word_1_645' title='bbox 2132 3745 2307 3799; x_wconf 89' lang='lat' dir='ltr'><strong>ruisse</strong></span> <span class='ocrx_word' id='word_1_646' title='bbox 2356 3754 2611 3809; x_wconf 90' lang='lat' dir='ltr'><strong>umquam</strong></span> <span class='ocrx_word' id='word_1_647' title='bbox 2645 3758 2656 3791; x_wconf 79' lang='lat'><strong>2</strong></span> <span class='ocrx_word' id='word_1_648' title='bbox 2710 3739 2876 3793; x_wconf 88' lang='lat' dir='ltr'><strong>immo</strong></span> <span class='ocrx_word' id='word_1_649' title='bbox 2913 3734 3307 3792; x_wconf 84' lang='lat' dir='ltr'><strong>Mediolanensi</strong></span> <span class='ocrx_word' id='word_1_650' title='bbox 3341 3734 3446 3803; x_wconf 91' lang='lat' dir='ltr'><strong>ipsi</strong></span> <span class='ocrx_word' id='word_1_651' title='bbox 3480 3738 3739 3802; x_wconf 85' lang='lat' dir='ltr'><strong>quartum</strong></span> 
     </span>
    </p>
   </div>
   <div class='ocr_carea' id='block_1_96' title="bbox 2131 3823 3741 3897">
    <p class='ocr_par' dir='ltr' id='par_1_96' title="bbox 2131 3823 3741 3897">
     <span class='ocr_line' id='line_1_96' title="bbox 2131 3823 3741 3897; baseline -0.006 -7"><span class='ocrx_word' id='word_1_652' title='bbox 2131 3834 2565 3890; x_wconf 88' lang='lat' dir='ltr'><strong>Christianorum</strong></span> <span class='ocrx_word' id='word_1_653' title='bbox 2611 3829 2866 3887; x_wconf 79' lang='lat' dir='ltr'><strong>saeculum</strong></span> <span class='ocrx_word' id='word_1_654' title='bbox 2894 3828 2987 3884; x_wconf 82' lang='lat' dir='ltr'><strong>vix</strong></span> <span class='ocrx_word' id='word_1_655' title='bbox 3034 3836 3199 3897; x_wconf 85' lang='lat' dir='ltr'><strong>atque</strong></span> <span class='ocrx_word' id='word_1_656' title='bbox 3244 3840 3387 3895; x_wconf 81' lang='lat' dir='ltr'><strong>aegre</strong></span> <span class='ocrx_word' id='word_1_657' title='bbox 3432 3823 3741 3881; x_wconf 81' lang='lat' dir='ltr'><strong>concedere</strong></span> 
     </span>
    </p>
   </div>
   <div class='ocr_carea' id='block_1_97' title="bbox 2132 3915 3741 3993">
    <p class='ocr_par' dir='ltr' id='par_1_97' title="bbox 2132 3915 3741 3993">
     <span class='ocr_line' id='line_1_97' title="bbox 2132 3915 3741 3993; baseline -0.007 -12"><span class='ocrx_word' id='word_1_658' title='bbox 2132 3926 2380 3983; x_wconf 89' lang='lat' dir='ltr'><strong>videntur</strong></span> <span class='ocrx_word' id='word_1_659' title='bbox 2426 3922 2544 3993; x_wconf 91' lang='lat' dir='ltr'><strong>ejus</strong></span> <span class='ocrx_word' id='word_1_660' title='bbox 2589 3920 3007 3991; x_wconf 73' lang='lat' dir='ltr'><strong>metropolitica:</strong></span> <span class='ocrx_word' id='word_1_661' title='bbox 3050 3917 3444 3989; x_wconf 73' lang='lat' dir='ltr'><strong>iurisdictionis</strong></span> <span class='ocrx_word' id='word_1_662' title='bbox 3473 3915 3741 3972; x_wconf 86' lang='lat' dir='ltr'><strong>exordiis.</strong></span> 
     </span>
    </p>
   </div>
   <div class='ocr_carea' id='block_1_98' title="bbox 2132 4007 3745 4083">
    <p class='ocr_par' dir='ltr' id='par_1_98' title="bbox 2132 4007 3745 4083">
     <span class='ocr_line' id='line_1_98' title="bbox 2132 4007 3745 4083; baseline -0.007 -10"><span class='ocrx_word' id='word_1_663' title='bbox 2132 4017 2244 4073; x_wconf 85' lang='lat' dir='ltr'><strong>Nos</strong></span> <span class='ocrx_word' id='word_1_664' title='bbox 2270 4032 2403 4071; x_wconf 88' lang='lat' dir='ltr'><strong>vero</strong></span> <span class='ocrx_word' id='word_1_665' title='bbox 2431 4015 2712 4083; x_wconf 90' lang='lat' dir='ltr'><strong>utriusque</strong></span> <span class='ocrx_word' id='word_1_666' title='bbox 2742 4011 3015 4082; x_wconf 84' lang='lat' dir='ltr'><strong>Opinionis</strong></span> <span class='ocrx_word' id='word_1_667' title='bbox 3043 4025 3272 4065; x_wconf 83' lang='lat' dir='ltr'><strong>examen</strong></span> <span class='ocrx_word' id='word_1_668' title='bbox 3300 4009 3369 4064; x_wconf 91' lang='lat' dir='ltr'><strong>de</strong></span> <span class='ocrx_word' id='word_1_669' title='bbox 3397 4008 3608 4079; x_wconf 87' lang='lat' dir='ltr'><strong>origine</strong></span> <span class='ocrx_word' id='word_1_670' title='bbox 3634 4007 3745 4062; x_wconf 83' lang='lat' dir='ltr'><strong>hu-</strong></span> 
     </span>
    </p>
   </div>
   <div class='ocr_carea' id='block_1_99' title="bbox 2131 4099 3747 4180">
    <p class='ocr_par' dir='ltr' id='par_1_99' title="bbox 2131 4099 3747 4180">
     <span class='ocr_line' id='line_1_99' title="bbox 2131 4099 3747 4180; baseline -0.009 -13"><span class='ocrx_word' id='word_1_671' title='bbox 2131 4107 2221 4178; x_wconf 85' lang='lat' dir='ltr'><strong>jus</strong></span> <span class='ocrx_word' id='word_1_672' title='bbox 2265 4107 2639 4180; x_wconf 66' lang='lat' dir='ltr'><strong>prterogativte</strong></span> <span class='ocrx_word' id='word_1_673' title='bbox 2687 4105 2742 4159; x_wconf 91' lang='lat' dir='ltr'><strong>in</strong></span> <span class='ocrx_word' id='word_1_674' title='bbox 2788 4101 3031 4159; x_wconf 87' lang='lat' dir='ltr'><strong>Ecclesia</strong></span> <span class='ocrx_word' id='word_1_675' title='bbox 3089 4101 3408 4157; x_wconf 76' lang='lat' dir='ltr'><strong>Ravennate</strong></span> <span class='ocrx_word' id='word_1_676' title='bbox 3461 4099 3531 4154; x_wconf 91' lang='lat' dir='ltr'><strong>ad</strong></span> <span class='ocrx_word' id='word_1_677' title='bbox 3576 4107 3747 4169; x_wconf 87' lang='lat' dir='ltr'><strong>caput</strong></span> 
     </span>
    </p>
   </div>
   <div class='ocr_carea' id='block_1_100' title="bbox 2135 4193 3749 4267">
    <p class='ocr_par' dir='ltr' id='par_1_100' title="bbox 2135 4193 3749 4267">
     <span class='ocr_line' id='line_1_100' title="bbox 2135 4193 3749 4267; baseline -0.009 -7"><span class='ocrx_word' id='word_1_678' title='bbox 2135 4204 2358 4260; x_wconf 89' lang='lat' dir='ltr'><strong>tertium</strong></span> <span class='ocrx_word' id='word_1_679' title='bbox 2403 4200 2730 4265; x_wconf 72' lang='lat' dir='ltr'><strong>deterentes,</strong></span> <span class='ocrx_word' id='word_1_680' title='bbox 2779 4196 3133 4267; x_wconf 66' lang='lat' dir='ltr'><strong>quaestionem</strong></span> <span class='ocrx_word' id='word_1_681' title='bbox 3182 4203 3365 4250; x_wconf 90' lang='lat' dir='ltr'><strong>autem</strong></span> <span class='ocrx_word' id='word_1_682' title='bbox 3409 4193 3478 4249; x_wconf 88' lang='lat' dir='ltr'><strong>de</strong></span> <span class='ocrx_word' id='word_1_683' title='bbox 3525 4193 3749 4262; x_wconf 89' lang='lat' dir='ltr'><strong>origine</strong></span> 
     </span>
    </p>
   </div>
   <div class='ocr_carea' id='block_1_101' title="bbox 2135 4287 3749 4360">
    <p class='ocr_par' dir='ltr' id='par_1_101' title="bbox 2135 4287 3749 4360">
     <span class='ocr_line' id='line_1_101' title="bbox 2135 4287 3749 4360; baseline -0.006 -8"><span class='ocrx_word' id='word_1_684' title='bbox 2135 4296 2448 4353; x_wconf 85' lang='lat' dir='ltr'><strong>clarissimae</strong></span> <span class='ocrx_word' id='word_1_685' title='bbox 2476 4292 2847 4348; x_wconf 61' lang='lat' dir='ltr'><strong>Ambrosianus</strong></span> <span class='ocrx_word' id='word_1_686' title='bbox 2875 4290 3198 4360; x_wconf 87' lang='lat' dir='ltr'><strong>metropolis</strong></span> <span class='ocrx_word' id='word_1_687' title='bbox 3225 4290 3493 4358; x_wconf 83' lang='lat' dir='ltr'><strong>integram</strong></span> <span class='ocrx_word' id='word_1_688' title='bbox 3523 4287 3749 4342; x_wconf 82' lang='lat' dir='ltr'><strong>doctio-</strong></span> 
     </span>
    </p>
   </div>
   <div class='ocr_carea' id='block_1_102' title="bbox 2137 4378 3750 4454">
    <p class='ocr_par' dir='ltr' id='par_1_102' title="bbox 2137 4378 3750 4454">
     <span class='ocr_line' id='line_1_102' title="bbox 2137 4378 3750 4454; baseline -0.008 -9"><span class='ocrx_word' id='word_1_689' title='bbox 2137 4388 2290 4445; x_wconf 89' lang='lat' dir='ltr'><strong>ribus</strong></span> <span class='ocrx_word' id='word_1_690' title='bbox 2317 4387 2523 4443; x_wconf 90' lang='lat' dir='ltr'><strong>criticis</strong></span> <span class='ocrx_word' id='word_1_691' title='bbox 2567 4385 2959 4454; x_wconf 89' lang='lat' dir='ltr'><strong>relinquentes,</strong></span> <span class='ocrx_word' id='word_1_692' title='bbox 2990 4383 3122 4438; x_wconf 89' lang='lat' dir='ltr'><strong>satis</strong></span> <span class='ocrx_word' id='word_1_693' title='bbox 3166 4396 3312 4436; x_wconf 90' lang='lat' dir='ltr'><strong>nunc</strong></span> <span class='ocrx_word' id='word_1_694' title='bbox 3356 4378 3620 4435; x_wconf 90' lang='lat' dir='ltr'><strong>habemus</strong></span> <span class='ocrx_word' id='word_1_695' title='bbox 3645 4393 3750 4433; x_wconf 80' lang='lat' dir='ltr'><strong>au-</strong></span> 
     </span>
    </p>
   </div>
   <div class='ocr_carea' id='block_1_103' title="bbox 2137 4469 3751 4548">
    <p class='ocr_par' dir='ltr' id='par_1_103' title="bbox 2137 4469 3751 4548">
     <span class='ocr_line' id='line_1_103' title="bbox 2137 4469 3751 4548; baseline -0.009 -9"><span class='ocrx_word' id='word_1_696' title='bbox 2137 4488 2350 4540; x_wconf 70' lang='lat' dir='ltr'><strong>ciorum</strong></span> <span class='ocrx_word' id='word_1_697' title='bbox 2397 4478 2709 4548; x_wconf 89' lang='lat' dir='ltr'><strong>negantium</strong></span> <span class='ocrx_word' id='word_1_698' title='bbox 2746 4474 3136 4546; x_wconf 88' lang='lat' dir='ltr'><strong>responsiones</strong></span> <span class='ocrx_word' id='word_1_699' title='bbox 3182 4474 3238 4528; x_wconf 89' lang='lat' dir='ltr'><strong>in</strong></span> <span class='ocrx_word' id='word_1_700' title='bbox 3276 4471 3513 4528; x_wconf 89' lang='lat' dir='ltr'><strong>medium</strong></span> <span class='ocrx_word' id='word_1_701' title='bbox 3538 4469 3751 4542; x_wconf 87' lang='lat' dir='ltr'><strong>produ—</strong></span> 
     </span>
    </p>
   </div>
   <div class='ocr_carea' id='block_1_104' title="bbox 2142 4563 3751 4643">
    <p class='ocr_par' dir='ltr' id='par_1_104' title="bbox 2142 4563 3751 4643">
     <span class='ocr_line' id='line_1_104' title="bbox 2142 4563 3751 4643; baseline -0.009 -12"><span class='ocrx_word' id='word_1_702' title='bbox 2142 4590 2286 4642; x_wconf 89' lang='lat' dir='ltr'><strong>cere,</strong></span> <span class='ocrx_word' id='word_1_703' title='bbox 2317 4573 2512 4643; x_wconf 89' lang='lat' dir='ltr'><strong>quibus</strong></span> <span class='ocrx_word' id='word_1_704' title='bbox 2540 4571 2731 4626; x_wconf 89' lang='lat' dir='ltr'><strong>allatas</strong></span> <span class='ocrx_word' id='word_1_705' title='bbox 2758 4570 2813 4624; x_wconf 90' lang='lat' dir='ltr'><strong>iu</strong></span> <span class='ocrx_word' id='word_1_706' title='bbox 2835 4568 3100 4639; x_wconf 87' lang='lat' dir='ltr'><strong>superiori</strong></span> <span class='ocrx_word' id='word_1_707' title='bbox 3118 4566 3345 4622; x_wconf 90' lang='lat' dir='ltr'><strong>articulo</strong></span> <span class='ocrx_word' id='word_1_708' title='bbox 3364 4572 3555 4620; x_wconf 88' lang='lat' dir='ltr'><strong>contra</strong></span> <span class='ocrx_word' id='word_1_709' title='bbox 3576 4563 3751 4618; x_wconf 86' lang='lat' dir='ltr'><strong>liber-</strong></span> 
     </span>
    </p>
   </div>
   <div class='ocr_carea' id='block_1_105' title="bbox 2144 4658 3463 4723">
    <p class='ocr_par' dir='ltr' id='par_1_105' title="bbox 2144 4658 3463 4723">
     <span class='ocr_line' id='line_1_105' title="bbox 2144 4658 3463 4723; baseline -0.01 0"><span class='ocrx_word' id='word_1_710' title='bbox 2144 4675 2312 4723; x_wconf 89' lang='lat' dir='ltr'><strong>tatem</strong></span> <span class='ocrx_word' id='word_1_711' title='bbox 2343 4672 2543 4721; x_wconf 74' lang='lat' dir='ltr'><strong>nostra:</strong></span> <span class='ocrx_word' id='word_1_712' title='bbox 2570 4662 2829 4719; x_wconf 66' lang='lat' dir='ltr'><strong>Ecclesite</strong></span> <span class='ocrx_word' id='word_1_713' title='bbox 2857 4662 3098 4717; x_wconf 89' lang='lat' dir='ltr'><strong>rationes</strong></span> <span class='ocrx_word' id='word_1_714' title='bbox 3125 4658 3463 4715; x_wconf 85' lang='lat' dir='ltr'><strong>relelluntur.</strong></span> 
     </span>
    </p>
   </div>
   <div class='ocr_carea' id='block_1_106' title="bbox 2219 4749 3754 4826">
    <p class='ocr_par' dir='ltr' id='par_1_106' title="bbox 2219 4749 3754 4826">
     <span class='ocr_line' id='line_1_106' title="bbox 2219 4749 3754 4826; baseline -0.008 -12"><span class='ocrx_word' id='word_1_715' title='bbox 2219 4759 2270 4816; x_wconf 92' lang='lat'><strong>9.</strong></span> <span class='ocrx_word' id='word_1_716' title='bbox 2313 4758 2517 4815; x_wconf 84' lang='lat' dir='ltr'><strong>Harum</strong></span> <span class='ocrx_word' id='word_1_717' title='bbox 2556 4757 2720 4826; x_wconf 87' lang='lat' dir='ltr'><strong>igitur</strong></span> <span class='ocrx_word' id='word_1_718' title='bbox 2757 4755 2955 4826; x_wconf 90' lang='lat' dir='ltr'><strong>prima,</strong></span> <span class='ocrx_word' id='word_1_719' title='bbox 2986 4769 3108 4824; x_wconf 65' lang='lat' dir='ltr'><strong>quae</strong></span> <span class='ocrx_word' id='word_1_720' title='bbox 3145 4761 3469 4809; x_wconf 66' lang='lat' dir='ltr'><strong>caiterarum</strong></span> <span class='ocrx_word' id='word_1_721' title='bbox 3506 4749 3661 4817; x_wconf 91' lang='lat' dir='ltr'><strong>origo</strong></span> <span class='ocrx_word' id='word_1_722' title='bbox 3693 4756 3754 4805; x_wconf 89' lang='lat' dir='ltr'><strong>et</strong></span> 
     </span>
    </p>
   </div>
   <div class='ocr_carea' id='block_1_107' title="bbox 2146 4842 3750 4920">
    <p class='ocr_par' dir='ltr' id='par_1_107' title="bbox 2146 4842 3750 4920">
     <span class='ocr_line' id='line_1_107' title="bbox 2146 4842 3750 4920; baseline -0.009 -9"><span class='ocrx_word' id='word_1_723' title='bbox 2146 4854 2559 4911; x_wconf 81' lang='lat' dir='ltr'><strong>fundamentum</strong></span> <span class='ocrx_word' id='word_1_724' title='bbox 2588 4858 2690 4917; x_wconf 90' lang='lat' dir='ltr'><strong>est,</strong></span> <span class='ocrx_word' id='word_1_725' title='bbox 2713 4850 2918 4920; x_wconf 87' lang='lat' dir='ltr'><strong>petitur</strong></span> <span class='ocrx_word' id='word_1_726' title='bbox 2946 4864 3014 4903; x_wconf 86' lang='lat' dir='ltr'><strong>ex</strong></span> <span class='ocrx_word' id='word_1_727' title='bbox 3053 4846 3225 4903; x_wconf 82' lang='lat' dir='ltr'><strong>forma</strong></span> <span class='ocrx_word' id='word_1_728' title='bbox 3252 4843 3533 4916; x_wconf 86' lang='lat' dir='ltr'><strong>regiminis</strong></span> <span class='ocrx_word' id='word_1_729' title='bbox 3558 4842 3750 4910; x_wconf 67' lang='lat' dir='ltr'><strong>ltalim,</strong></span> 
     </span>
    </p>
   </div>
   <div class='ocr_carea' id='block_1_108' title="bbox 2148 4934 3755 5012">
    <p class='ocr_par' dir='ltr' id='par_1_108' title="bbox 2148 4934 3755 5012">
     <span class='ocr_line' id='line_1_108' title="bbox 2148 4934 3755 5012; baseline -0.006 -9"><span class='ocrx_word' id='word_1_730' title='bbox 2148 4948 2237 5004; x_wconf 91' lang='lat' dir='ltr'><strong>cui</strong></span> <span class='ocrx_word' id='word_1_731' title='bbox 2264 4944 2599 5002; x_wconf 80' lang='lat' dir='ltr'><strong>contendunt</strong></span> <span class='ocrx_word' id='word_1_732' title='bbox 2639 4942 2815 5012; x_wconf 89' lang='lat' dir='ltr'><strong>aptari</strong></span> <span class='ocrx_word' id='word_1_733' title='bbox 2862 4941 3059 4996; x_wconf 90' lang='lat' dir='ltr'><strong>debere</strong></span> <span class='ocrx_word' id='word_1_734' title='bbox 3094 4939 3322 4995; x_wconf 85' lang='lat' dir='ltr'><strong>formam</strong></span> <span class='ocrx_word' id='word_1_735' title='bbox 3349 4934 3628 5008; x_wconf 89' lang='lat' dir='ltr'><strong>regiminis</strong></span> <span class='ocrx_word' id='word_1_736' title='bbox 3652 4950 3755 4993; x_wconf 82' lang='lat' dir='ltr'><strong>ec-</strong></span> 
     </span>
    </p>
   </div>
   <div class='ocr_carea' id='block_1_109' title="bbox 2150 5030 3756 5103">
    <p class='ocr_par' dir='ltr' id='par_1_109' title="bbox 2150 5030 3756 5103">
     <span class='ocr_line' id='line_1_109' title="bbox 2150 5030 3756 5103; baseline -0.006 -7"><span class='ocrx_word' id='word_1_737' title='bbox 2150 5036 2460 5096; x_wconf 89' lang='lat' dir='ltr'><strong>clesiastici.</strong></span> <span class='ocrx_word' id='word_1_738' title='bbox 2514 5034 2652 5101; x_wconf 83' lang='lat' dir='ltr'><strong>Quia</strong></span> <span class='ocrx_word' id='word_1_739' title='bbox 2681 5046 2811 5103; x_wconf 90' lang='lat' dir='ltr'><strong>ergo</strong></span> <span class='ocrx_word' id='word_1_740' title='bbox 2840 5032 2895 5087; x_wconf 89' lang='lat' dir='ltr'><strong>in</strong></span> <span class='ocrx_word' id='word_1_741' title='bbox 2941 5031 3210 5102; x_wconf 89' lang='lat' dir='ltr'><strong>duplicem</strong></span> <span class='ocrx_word' id='word_1_742' title='bbox 3248 5032 3569 5087; x_wconf 85' lang='lat' dir='ltr'><strong>vicariatum</strong></span> <span class='ocrx_word' id='word_1_743' title='bbox 3595 5030 3756 5087; x_wconf 83' lang='lat' dir='ltr'><strong>Italia</strong></span> 
     </span>
    </p>
   </div>
   <div class='ocr_carea' id='block_1_110' title="bbox 2150 5123 3759 5199">
    <p class='ocr_par' dir='ltr' id='par_1_110' title="bbox 2150 5123 3759 5199">
     <span class='ocr_line' id='line_1_110' title="bbox 2150 5123 3759 5199; baseline -0.004 -12"><span class='ocrx_word' id='word_1_744' title='bbox 2150 5130 2330 5188; x_wconf 90' lang='lat' dir='ltr'><strong>omnis</strong></span> <span class='ocrx_word' id='word_1_745' title='bbox 2373 5128 2730 5199; x_wconf 88' lang='lat' dir='ltr'><strong>partiebatur,</strong></span> <span class='ocrx_word' id='word_1_746' title='bbox 2781 5125 3085 5181; x_wconf 85' lang='lat' dir='ltr'><strong>Romanum</strong></span> <span class='ocrx_word' id='word_1_747' title='bbox 3132 5132 3190 5181; x_wconf 91' lang='lat' dir='ltr'><strong>et</strong></span> <span class='ocrx_word' id='word_1_748' title='bbox 3234 5124 3498 5190; x_wconf 86' lang='lat' dir='ltr'><strong>Italicum,</strong></span> <span class='ocrx_word' id='word_1_749' title='bbox 3550 5123 3759 5193; x_wconf 89' lang='lat' dir='ltr'><strong>duplex</strong></span> 
     </span>
    </p>
   </div>
   <div class='ocr_carea' id='block_1_111' title="bbox 2151 5216 3759 5288">
    <p class='ocr_par' dir='ltr' id='par_1_111' title="bbox 2151 5216 3759 5288">
     <span class='ocr_line' id='line_1_111' title="bbox 2151 5216 3759 5288; baseline -0.006 -7"><span class='ocrx_word' id='word_1_750' title='bbox 2151 5232 2363 5281; x_wconf 88' lang='lat' dir='ltr'><strong>tantum</strong></span> <span class='ocrx_word' id='word_1_751' title='bbox 2390 5221 2650 5278; x_wconf 90' lang='lat' dir='ltr'><strong>dicendus</strong></span> <span class='ocrx_word' id='word_1_752' title='bbox 2669 5228 2755 5276; x_wconf 86' lang='lat' dir='ltr'><strong>est</strong></span> <span class='ocrx_word' id='word_1_753' title='bbox 2773 5218 2939 5276; x_wconf 82' lang='lat' dir='ltr'><strong>fuisse</strong></span> <span class='ocrx_word' id='word_1_754' title='bbox 2964 5235 3029 5275; x_wconf 90' lang='lat' dir='ltr'><strong>ea</strong></span> <span class='ocrx_word' id='word_1_755' title='bbox 3057 5219 3111 5274; x_wconf 92' lang='lat' dir='ltr'><strong>in</strong></span> <span class='ocrx_word' id='word_1_756' title='bbox 3133 5219 3355 5288; x_wconf 88' lang='lat' dir='ltr'><strong>regione</strong></span> <span class='ocrx_word' id='word_1_757' title='bbox 3375 5216 3759 5287; x_wconf 85' lang='lat' dir='ltr'><strong>metropolita-</strong></span> 
     </span>
    </p>
   </div>
   <div class='ocr_carea' id='block_1_112' title="bbox 2154 5307 3761 5384">
    <p class='ocr_par' dir='ltr' id='par_1_112' title="bbox 2154 5307 3761 5384">
     <span class='ocr_line' id='line_1_112' title="bbox 2154 5307 3761 5384; baseline -0.004 -12"><span class='ocrx_word' id='word_1_758' title='bbox 2154 5332 2277 5383; x_wconf 90' lang='lat' dir='ltr'><strong>nus,</strong></span> <span class='ocrx_word' id='word_1_759' title='bbox 2308 5328 2505 5384; x_wconf 87' lang='lat' dir='ltr'><strong>nempe</strong></span> <span class='ocrx_word' id='word_1_760' title='bbox 2531 5327 2771 5368; x_wconf 87' lang='lat' dir='ltr'><strong>summus</strong></span> <span class='ocrx_word' id='word_1_761' title='bbox 2787 5310 3049 5383; x_wconf 88' lang='lat' dir='ltr'><strong>pontifex,</strong></span> <span class='ocrx_word' id='word_1_762' title='bbox 3073 5316 3135 5365; x_wconf 88' lang='lat' dir='ltr'><strong>ut</strong></span> <span class='ocrx_word' id='word_1_763' title='bbox 3152 5308 3339 5365; x_wconf 75' lang='lat' dir='ltr'><strong>Roma:</strong></span> <span class='ocrx_word' id='word_1_764' title='bbox 3358 5307 3665 5379; x_wconf 87' lang='lat' dir='ltr'><strong>episcopus,</strong></span> <span class='ocrx_word' id='word_1_765' title='bbox 3699 5316 3761 5365; x_wconf 79' lang='lat' dir='ltr'><strong>et</strong></span> 
     </span>
    </p>
   </div>
   <div class='ocr_carea' id='block_1_113' title="bbox 2154 5400 3762 5473">
    <p class='ocr_par' dir='ltr' id='par_1_113' title="bbox 2154 5400 3762 5473">
     <span class='ocr_line' id='line_1_113' title="bbox 2154 5400 3762 5473; baseline -0.005 -10"><span class='ocrx_word' id='word_1_766' title='bbox 2154 5405 2576 5463; x_wconf 85' lang='lat' dir='ltr'><strong>Mediolanensis</strong></span> <span class='ocrx_word' id='word_1_767' title='bbox 2623 5404 2870 5471; x_wconf 88' lang='lat' dir='ltr'><strong>antistes,</strong></span> <span class='ocrx_word' id='word_1_768' title='bbox 2920 5411 2980 5459; x_wconf 92' lang='lat' dir='ltr'><strong>ut</strong></span> <span class='ocrx_word' id='word_1_769' title='bbox 3016 5402 3305 5473; x_wconf 90' lang='lat' dir='ltr'><strong>episcopus</strong></span> <span class='ocrx_word' id='word_1_770' title='bbox 3350 5400 3587 5458; x_wconf 87' lang='lat' dir='ltr'><strong>civitatis</strong></span> <span class='ocrx_word' id='word_1_771' title='bbox 3633 5414 3762 5468; x_wconf 66' lang='lat' dir='ltr'><strong>qum</strong></span> 
     </span>
    </p>
   </div>
   <div class='ocr_carea' id='block_1_114' title="bbox 2156 5491 3761 5571">
    <p class='ocr_par' dir='ltr' id='par_1_114' title="bbox 2156 5491 3761 5571">
     <span class='ocr_line' id='line_1_114' title="bbox 2156 5491 3761 5571; baseline -0.006 -15"><span class='ocrx_word' id='word_1_772' title='bbox 2156 5507 2320 5571; x_wconf 89' lang='lat' dir='ltr'><strong>caput</strong></span> <span class='ocrx_word' id='word_1_773' title='bbox 2355 5505 2477 5555; x_wconf 89' lang='lat' dir='ltr'><strong>erat</strong></span> <span class='ocrx_word' id='word_1_774' title='bbox 2500 5495 2673 5554; x_wconf 87' lang='lat' dir='ltr'><strong>Italici</strong></span> <span class='ocrx_word' id='word_1_775' title='bbox 2698 5496 3018 5564; x_wconf 88' lang='lat' dir='ltr'><strong>vicariatus;</strong></span> <span class='ocrx_word' id='word_1_776' title='bbox 3048 5502 3105 5550; x_wconf 92' lang='lat' dir='ltr'><strong>et</strong></span> <span class='ocrx_word' id='word_1_777' title='bbox 3139 5491 3597 5565; x_wconf 87' lang='lat' dir='ltr'><strong>quemadmodum</strong></span> <span class='ocrx_word' id='word_1_778' title='bbox 3635 5492 3761 5562; x_wconf 89' lang='lat' dir='ltr'><strong>epi-</strong></span> 
     </span>
    </p>
   </div>
   <div class='ocr_carea' id='block_1_115' title="bbox 2156 5586 3761 5666">
    <p class='ocr_par' dir='ltr' id='par_1_115' title="bbox 2156 5586 3761 5666">
     <span class='ocr_line' id='line_1_115' title="bbox 2156 5586 3761 5666; baseline -0.006 -16"><span class='ocrx_word' id='word_1_779' title='bbox 2156 5594 2311 5666; x_wconf 89' lang='lat' dir='ltr'><strong>scopi</strong></span> <span class='ocrx_word' id='word_1_780' title='bbox 2345 5591 2534 5649; x_wconf 90' lang='lat' dir='ltr'><strong>decem</strong></span> <span class='ocrx_word' id='word_1_781' title='bbox 2560 5590 2964 5662; x_wconf 77' lang='lat' dir='ltr'><strong>provinciarum</strong></span> <span class='ocrx_word' id='word_1_782' title='bbox 3009 5586 3439 5644; x_wconf 89' lang='lat' dir='ltr'><strong>suburbanarum</strong></span> <span class='ocrx_word' id='word_1_783' title='bbox 3477 5598 3666 5655; x_wconf 62' lang='lat' dir='ltr'><strong>papae,</strong></span> <span class='ocrx_word' id='word_1_784' title='bbox 3697 5591 3761 5640; x_wconf 85' lang='lat' dir='ltr'><strong>ut</strong></span> 
     </span>
    </p>
   </div>
   <div class='ocr_carea' id='block_1_116' title="bbox 2158 5675 3764 5754">
    <p class='ocr_par' dir='ltr' id='par_1_116' title="bbox 2158 5675 3764 5754">
     <span class='ocr_line' id='line_1_116' title="bbox 2158 5675 3764 5754; baseline -0.007 -13"><span class='ocrx_word' id='word_1_785' title='bbox 2158 5699 2348 5741; x_wconf 87' lang='lat' dir='ltr'><strong>eorum</strong></span> <span class='ocrx_word' id='word_1_786' title='bbox 2394 5683 2814 5754; x_wconf 85' lang='lat' dir='ltr'><strong>metropolitano</strong></span> <span class='ocrx_word' id='word_1_787' title='bbox 2832 5723 2847 5749; x_wconf 97' lang='lat'><strong>,</strong></span> <span class='ocrx_word' id='word_1_788' title='bbox 2896 5679 3179 5753; x_wconf 87' lang='lat' dir='ltr'><strong>parebant,</strong></span> <span class='ocrx_word' id='word_1_789' title='bbox 3228 5678 3305 5734; x_wconf 91' lang='lat' dir='ltr'><strong>ita</strong></span> <span class='ocrx_word' id='word_1_790' title='bbox 3361 5675 3604 5748; x_wconf 91' lang='lat' dir='ltr'><strong>episcopi</strong></span> <span class='ocrx_word' id='word_1_791' title='bbox 3633 5690 3764 5749; x_wconf 84' lang='lat' dir='ltr'><strong>sep-</strong></span> 
     </span>
    </p>
   </div>
   <div class='ocr_carea' id='block_1_117' title="bbox 2158 5767 3760 5846">
    <p class='ocr_par' dir='ltr' id='par_1_117' title="bbox 2158 5767 3760 5846">
     <span class='ocr_line' id='line_1_117' title="bbox 2158 5767 3760 5846; baseline -0.004 -16"><span class='ocrx_word' id='word_1_792' title='bbox 2158 5784 2271 5831; x_wconf 86' lang='lat' dir='ltr'><strong>tem</strong></span> <span class='ocrx_word' id='word_1_793' title='bbox 2296 5774 2699 5846; x_wconf 88' lang='lat' dir='ltr'><strong>provinciarum</strong></span> <span class='ocrx_word' id='word_1_794' title='bbox 2715 5774 3027 5829; x_wconf 86' lang='lat' dir='ltr'><strong>Italicarum</strong></span> <span class='ocrx_word' id='word_1_795' title='bbox 3055 5770 3312 5841; x_wconf 91' lang='lat' dir='ltr'><strong>episcopo</strong></span> <span class='ocrx_word' id='word_1_796' title='bbox 3339 5767 3760 5841; x_wconf 84' lang='lat' dir='ltr'><strong>Mediolanensi,</strong></span> 
     </span>
    </p>
   </div>
   <div class='ocr_carea' id='block_1_118' title="bbox 2162 5863 3354 5946">
    <p class='ocr_par' dir='ltr' id='par_1_118' title="bbox 2162 5863 3354 5946">
     <span class='ocr_line' id='line_1_118' title="bbox 2162 5863 3354 5946; baseline -0.003 -24"><span class='ocrx_word' id='word_1_797' title='bbox 2162 5884 2298 5938; x_wconf 84' lang='lat' dir='ltr'><strong>quos</strong></span> <span class='ocrx_word' id='word_1_798' title='bbox 2326 5868 2468 5946; x_wconf 75' lang='lat' dir='ltr'><strong>inter</strong></span> <span class='ocrx_word' id='word_1_799' title='bbox 2497 5868 2683 5923; x_wconf 84' lang='lat' dir='ltr'><strong>urocul</strong></span> <span class='ocrx_word' id='word_1_800' title='bbox 2712 5866 2875 5921; x_wconf 88' lang='lat' dir='ltr'><strong>dubio</strong></span> <span class='ocrx_word' id='word_1_801' title='bbox 2906 5863 3192 5920; x_wconf 81' lang='lat' dir='ltr'><strong>Ravennas</strong></span> <span class='ocrx_word' id='word_1_802' title='bbox 3219 5870 3354 5920; x_wconf 88' lang='lat' dir='ltr'><strong>erat.</strong></span> 
     </span>
    </p>
   </div>
  </div>
