3964 6350
184 408 269 467 οἳ
461 401 603 461 JOS.
640 397 965 459 AHADESII
1004 394 1455 457 DISSERTATIO
1494 397 1582 455 DE
1626 390 1814 453 METR

1919 394 2025 454 DLI
2062 397 2603 463 ECCLESIASTICA
2640 402 3191 464 RAVENNATENSI.
3405 403 3481 465 98

258 522 349 580 10.
391 520 499 591 Qui
543 520 625 576 sic
670 522 1132 589 argumentantur,
1183 515 1259 570 ait
1312 512 1654 579 Bacchinius,
1701 510 1792 567 vel

1919 523 2009 580 icae
2033 523 2289 584 Ecclesiae
2315 528 2564 598 turbatae,
2615 528 2872 599 confusae,
2922 536 3087 601 atque
3131 545 3335 589 eversa
3358 529 3482 591 fue-

180 618 487 676 admittant
514 628 736 671 necesse
772 618 859 668 est
892 608 1319 667 ecclesiasticam
1363 606 1530 662 Italiae
1574 606 1787 661 bierar-

181 710 373 767 chiam
419 706 603 779 quarti
639 712 697 763 et
739 703 918 775 quinti
963 700 1147 758 saeculi
1175 701 1245 756 ab
1273 716 1341 758 ea
1366 715 1529 771 quam
1558 696 1790 771 apostoli

149 804 267 871 tibi
292 800 676 859 stabiliverant
697 796 861 866 longe
888 792 1226 861 dissimilem,
1253 791 1342 848 vel
1372 790 1644 846 fateantur
1669 805 1793 847 eam

158 878 303 954 'nou
349 893 520 951 fuisse
566 899 809 965 aptatam
854 888 1031 946 civilis
1066 885 1280 958 imperii
1324 885 1603 959 systemati
1631 882 1795 957 (Dis-

184 1001 317 1050 sert.
362 991 429 1047 de
459 987 612 1062 Orig.
661 988 792 1042 hier.
822 981 952 1041 eccl.
985 989 1124 1057 part.
1156 980 1258 1054 ιι),
1301 981 1349 1037 si
1377 980 1519 1036 illius
1546 986 1797 1036 auctores

187 1085 480 1158 apostolos
508 1083 859 1141 arbitrantur.
894 1078 1167 1151 Tempore
1213 1077 1357 1134 enim
1405 1075 1793 1149 apostolorum,

188 1181 364 1238 immo
395 1193 577 1250 neque
602 1192 704 1249 per
728 1175 939 1245 integra
986 1173 1093 1229 tria
1118 1172 1304 1244 priora
1330 1169 1527 1226 saecula
1553 1168 1799 1226 Italicum

188 1273 444 1343 regimen
474 1269 702 1327 formam
730 1273 1103 1338 assumpserat
1138 1264 1373 1321 duorum
1413 1261 1796 1328 vicariatuum,

190 1381 366 1439 super
401 1364 606 1436 quibus
630 1360 919 1418 aedilicium
946 1374 1110 1415 omne
1137 1373 1293 1414 suum
1320 1356 1616 1427 scriptores
1643 1362 1803 1411 caete-

192 1456 397 1528 roquin
424 1452 743 1527 peritissimi
768 1460 1208 1508 construxerunt.
1231 1449 1442 1504 Italiam
1462 1464 1493 1503 a
1522 1445 1706 1503 Sicilia
1735 1444 1805 1502 ad

197 1551 365 1623 Alpes
385 1547 602 1605 Cottias
620 1547 881 1603 diviserat
899 1543 1192 1614 Augustus,
1216 1541 1446 1599 testibus
1466 1541 1640 1596 Plinio
1661 1539 1800 1614 (Lib.

195 1659 252 1699 ut
280 1659 404 1714 cap.
438 1638 499 1710 5)
520 1646 578 1696 et
603 1637 791 1695 Tacito
813 1635 944 1710 (An.
979 1636 1069 1690 lib.
1092 1650 1126 1690 v
1159 1651 1274 1707 cap.
1307 1632 1440 1705 il),
1472 1633 1526 1688 in
1554 1631 1807 1688 undecim

200 1733 459 1802 regiones
489 1729 593 1787 sub
620 1730 782 1785 unico
820 1725 1079 1799 prml'ecto
1112 1744 1127 1780 :
1167 1725 1392 1796 singulis
1438 1733 1620 1780 tamen
1649 1739 1808 1781 suum

200 1822 461 1878 tribuisse
483 1828 775 1892 praetorem
795 1818 1024 1875 credidit
1042 1815 1359 1873 Pancirolus
1381 1817 1502 1890 (Ad.
1520 1814 1573 1871 Ν
1577 1827 1647 1871 ot.
1666 1816 1803 1889 Imp.

204 1914 387 1971 Occid.
423 1933 472 1969 c.
526 1912 649 1985 ‘9),
679 1919 877 1984 praeter
903 1911 1242 1978 decuriones,
1273 1911 1367 1981 qui
1406 1910 1460 1965 in
1499 1909 1806 1966 civitatibus
1834 1897 1886 1960 B

205 2099 555 2164 duumviros,
612 2097 709 2168 qui
760 2096 1013 2154 consules
1059 2095 1541 2167 reprtesentabant.
1606 2093 1806 2175 Forma

206 2194 392 2251 istbmc
411 2193 699 2263 regiminis
724 2190 897 2247 Italici
926 2190 994 2245 ab
1022 2188 1261 2245 Adriano
1288 2186 1502 2245 Caesare
1524 2188 1808 2244 immutata

206 2294 284 2343 est
330 2287 389 2341 in
436 2292 680 2355 quatuor
705 2283 1085 2355 praefecturas,
1129 2290 1294 2352 atque
1322 2296 1507 2340 earum
1555 2279 1811 2350 quaelibet

206 2378 433 2449 singulis
459 2376 841 2434 consularibus
868 2375 1145 2430 attributa.
1179 2373 1386 2430 Rursus
1414 2388 1615 2428 novum
1654 2369 1811 2426 indu-

209 2472 285 2527 xit
310 2469 730 2541 gubernationis
767 2476 1003 2541 systema
1031 2468 1089 2523 in
1133 2466 1344 2523 Italiam
1371 2466 1715 2530 Aurelianus,
1764 2466 1813 2521 si

212 2562 502 2622 Pancirolo
531 2562 668 2619 ﬁdes
695 2561 823 2638 (Ubi
850 2561 1050 2634 supra),
1074 2561 1169 2632 qui
1189 2562 1343 2632 argui
1370 2577 1531 2633 posse
1552 2578 1618 2618 ex
1647 2561 1813 2634 Spar—

210 2655 356 2712 tiano
375 2655 681 2711 arbitratus
699 2661 800 2721 est,
831 2654 932 2709 sub
950 2670 1061 2709 uno
1089 2661 1400 2710 correctore
1428 2670 1645 2711 omnem
1672 2655 1816 2712 hanc

211 2748 495 2818 regionem
540 2754 677 2803 tunc
719 2754 1048 2802 revocatam.
1082 2745 1165 2800 Ex
1210 2745 1445 2818 Vopisco
1491 2754 1673 2802 autem
1705 2746 1815 2820 (In

216 2839 382 2895 Tacit.
405 2857 498 2913 ap.
532 2838 727 2895 Bacch.
753 2837 840 2893 ubi
867 2837 1048 2911 supra)
1068 2838 1290 2909 conjicit
1309 2837 1648 2906 Bacchinius,
1678 2839 1817 2895 indi-

213 2934 297 2991 cia
323 2943 566 3006 quatuor
591 2932 957 2991 consularium
976 2948 1086 2988 non
1115 2933 1346 2989 obscure
1373 2933 1688 3005 apparuisse
1715 2932 1816 2989 sub

215 3026 408 3084 Tacito
456 3025 715 3098 Augusto.
760 3024 891 3093 Quae
936 3040 1128 3081 omnes
1172 3026 1447 3082 variorum
1494 3026 1815 3096 regiminum

222 3120 439 3192 species
465 3135 586 3176 cum
606 3118 919 3189 longissime
946 3117 1150 3174 distent
1177 3133 1209 3173 a
1244 3118 1426 3188 specie
1455 3119 1816 3174 vicariatuum

224 3211 465 3268 Romani
513 3219 667 3281 atque
703 3210 896 3276 Italici,
939 3210 1154 3280 illasque
1200 3211 1269 3267 ab
1300 3210 1671 3281 apostolorum
1699 3225 1814 3266 sevo

217 3304 320 3360 tria
349 3304 561 3374 integra
589 3302 804 3370 saecula,
855 3310 912 3357 et
956 3302 1184 3373 amplius
1231 3309 1515 3374 occupent,
1569 3309 1815 3372 repetere

222 3396 396 3463 liceat,
418 3396 509 3452 vel
538 3394 830 3467 Apostolos
857 3411 965 3451 non
1001 3393 1316 3451 et'formasse
1344 3395 1413 3451 ad
1441 3411 1689 3451 normam
1716 3396 1817 3452 im-

227 3491 355 3564 perii
394 3491 765 3547 hierarchiam
800 3490 1224 3546 ecclesiasticam
1272 3489 1327 3545 in
1372 3489 1549 3557 Italia,
1580 3490 1667 3546 vel
1696 3505 1819 3546 eam

226 3597 338 3653 qua:
380 3583 604 3655 vigebat
649 3592 845 3653 quarto
873 3592 928 3638 et
972 3583 1164 3653 quinto
1192 3584 1390 3640 saeculo
1427 3592 1542 3639 toto
1570 3584 1710 3640 coelo
1738 3584 1821 3639 di-

224 3682 389 3730 stasse
417 3675 490 3729 ab
518 3675 819 3745 apostolica
848 3675 1202 3731 institutione.
1234 3673 1471 3731 Nutante
1507 3676 1670 3746 igitur
1698 3676 1819 3747 opi-

224 3767 398 3823 nionis
423 3767 495 3824 de
523 3767 857 3823 Ravennatis
882 3766 1138 3823 Ecclesiae
1165 3766 1604 3837 sull'raganeitate
1633 3766 1824 3838 ιιι·ωοί-

223 3877 328 3933 puo
356 3861 744 3930 fundamento,
786 3870 1006 3919 corruat
1032 3878 1170 3934 opus
1197 3870 1282 3918 est
1320 3862 1506 3933 opinio
1536 3862 1671 3933 ipsa,
1702 3876 1823 3931 quat

226 3956 366 4011 nulla
395 3955 505 4011 alia
535 3956 818 4012 enimvero
839 3955 1012 4012 solida
1032 3956 1245 4011 ratione
1274 3952 1510 4011 fulcitur.

292 4048 380 4104 Il.
422 4048 634 4117 Quarto
663 4048 1001 4105 solummodo
1041 4048 1260 4104 ineunte
1301 4048 1500 4103 sicculo
1540 4046 1824 4118 imperium

228 4140 539 4197 universum
566 4139 747 4195 divisit
789 4139 1176 4197 Constantinus
1222 4137 1445 4210 Magnus
1491 4139 1546 4194 in
1593 4146 1826 4209 quatuor

226 4232 511 4305 prtul'ectos
538 4234 815 4305 prmtorio,
845 4248 1076 4304 quorum
1110 4233 1398 4304 praefectus
1426 4233 1684 4305 prmtorio
1712 4232 1823 4287 Ita-

227 4326 313 4383 lia
338 4326 600 4393 Africam,
630 4326 956 4393 Sardiniam,
1004 4325 1300 4391 Corsicam,
1332 4337 1389 4383 et
1433 4326 1673 4384 Siciliam
1701 4344 1827 4383 cum

227 4420 417 4478 insulis
482 4421 858 4493 adjacentibus
909 4423 1294 4479 moderabatur
1359 4432 1556 4494 praeter
1615 4424 1826 4481 Italiam

227 4513 420 4587 ipsam,
442 4530 609 4586 quam
635 4530 736 4586 per
761 4514 1010 4571 laudatos
1034 4516 1269 4572 vicarios
1312 4517 1556 4587 regebat,
1598 4517 1827 4573 alterum

229 4602 436 4675 Romae,
460 4604 751 4663 Mediolani
778 4608 1009 4663 alterum
1047 4607 1395 4675 residentem,
1428 4625 1551 4664 eum
1580 4625 1647 4665 ea
1675 4609 1823 4664 Itali-

230 4715 416 4758 carum
442 4700 846 4773 provinciarum
873 4701 1169 4772 partitione
1207 4701 1457 4771 superius
1484 4718 1517 4757 a
1545 4701 1704 4757 nobis
1731 4701 1818 4756 in-

229 4790 406 4849 dicata
437 4791 667 4865 (Zosim.
701 4790 845 4846 Hist.
879 4790 968 4846 lib.
1001 4808 1056 4846 ιι.
1090 4808 1176 4863 ap.
1212 4790 1457 4861 Bacch.)
1492 4791 1616 4848 Haec
1643 4800 1826 4849 autem

231 4883 346 4956 ipsa
388 4881 734 4939 Constantini
778 4881 959 4953 Magni
986 4883 1207 4955 partitio
1256 4883 1490 4939 Romani
1519 4884 1828 4942 dominatus

230 4983 366 5046 quot
389 4976 461 5031 ab
488 4975 748 5046 Augustis
773 4976 1178 5032 successoribus
1204 4992 1363 5048 passa
1393 4984 1476 5033 est
1504 4977 1828 5033 vicissitudi-

232 5070 355 5127 nes!
385 5067 533 5137 Quot
558 5070 961 5141 provinciarum
980 5068 1148 5125 Italiae
1174 5070 1645 5136 commutationes,
1677 5086 1827 5127 com-
1864 5130 1877 5141 ,

232 5161 541 5228 mixtiones,
571 5162 858 5233 variasque
886 5161 1321 5218 distributiones!
1345 5160 1605 5218 Consulat
1624 5163 1716 5233 qui
1735 5178 1828 5220 su-

216 5266 329 5325 -per
345 5254 451 5309 hac
476 5267 541 5309 re
568 5253 723 5325 plura
750 5253 919 5325 cupit,
950 5268 1070 5324 qum
1098 5253 1421 5310 Baccltinius
1452 5260 1471 5328 (
1497 5254 1596 5310 Ubi
1622 5252 1824 5327 supra),

234 5360 351 5418 qua:
395 5356 654 5405 auctores
697 5356 916 5405 centum
958 5356 1173 5404 veteres
1216 5363 1369 5419 reque
1396 5363 1462 5405 ac
1499 5348 1830 5405 recentiores

235 5436 403 5498 fusius
447 5442 802 5513 scripserunt.
832 5440 913 5498 Ne
956 5448 1153 5513 quarto
1181 5441 1346 5512 igitur
1370 5440 1590 5511 quidem
1629 5440 1827 5497 saeculo

237 5535 483 5595 ordinem
509 5536 910 5594 hierarcbicum
936 5534 1302 5593 Ecclesiarum
1332 5533 1641 5592 Italicarum
1669 5542 1825 5608 apta-

234 5635 350 5689 tum
375 5630 546 5690 fuisse
572 5632 787 5706 imperii
813 5633 1091 5706 systemati
1135 5631 1398 5704 suspicari
1425 5631 1553 5687 licet
1579 5632 1720 5688 inter
1744 5638 1828 5688 tot

235 5718 595 5783 humanarum
640 5741 822 5783 rerum
865 5725 1320 5798 perturbationes.
1353 5725 1447 5782 His
1483 5731 1829 5782 accesserunt

238 5810 451 5875 Arianae
492 5819 715 5875 haeresis
758 5827 1021 5891 tempora,
1070 5818 1266 5890 quibus
1292 5826 1349 5875 et
1381 5819 1651 5891 puecipue
1676 5815 1823 5875 Con-

240 5911 438 5971 stantia
464 5908 810 5970 Constantini
838 5908 946 5967 lilio
976 5911 1294 5984 imperante,
1327 5927 1517 5971 omnes
1545 5926 1688 5986 pene
1712 5909 1823 5967 Ita-

1888 626 2018 676 runt
2048 638 2062 674 :
2112 620 2251 680 adeo
2294 629 2356 678 ut
2401 638 2435 678 a
2477 625 2728 692 veritate,
2768 631 2831 681 ut
2855 638 2959 695 ego
3002 625 3224 697 quidem
3267 627 3482 701 opinor,

1893 713 2192 783 aberraret,
2222 717 2316 788 qui
2342 714 2607 787 ejusmodi
2633 726 2795 777 aetate
2820 721 3281 780 turbulentissima
3310 723 3483 781 tribu-

1892 818 1979 869 tas
1997 828 2031 868 a
2065 812 2414 886 pontiﬁcibus
2438 815 2663 872 summis
2699 813 2865 875 fuisse
2910 824 3181 875 assereret
3223 817 3485 875 Mediola-

1895 908 2052 963 nensi
2079 909 2337 981 episcopo
2363 916 2574 982 septem
2599 908 2769 968 Italiae
2798 912 2988 971 stricte
3014 920 3241 987 sumpta;
3265 912 3489 986 provin-

1896 1001 2107 1058 ciarum
2132 1001 2428 1071 Ecclesias,
2457 1004 2697 1061 maxime
2739 1005 2869 1075 quia
2912 1005 3106 1064 hzeresi
3139 1007 3197 1063 in
3220 1006 3375 1065 Italia
3420 1023 3490 1065 eo

1898 1095 2022 1167 ipso
2046 1096 2244 1154 steculo
2289 1096 2467 1155 adhuc
2510 1096 2901 1167 debacchante,
2936 1097 3050 1170 jam
3093 1101 3491 1174 metropolitica

1899 1186 2071 1245 inium
2096 1187 2454 1260 praefulgebat
2472 1190 2832 1261 Aquileiensis
2852 1192 3098 1260 antistes,
3127 1201 3190 1251 ut
3207 1195 3349 1266 apud
3376 1210 3494 1252 om-

1901 1295 1999 1337 nes
2019 1280 2075 1336 in
2101 1289 2381 1354 comperto
2409 1290 2512 1339 est.
2544 1282 2677 1351 Quae
2703 1298 2834 1355 ergo
2852 1283 3184 1355 conjectura,
3206 1301 3328 1356 qua:
3351 1286 3493 1343 ratio

1902 1381 2154 1444 superest
2178 1389 2280 1445 pro
2308 1373 2642 1431 Ravennatis
2667 1374 2928 1433 Ecclesia:
2954 1376 3330 1447 subiectione?

1974 1463 2062 1519 12.
2103 1464 2542 1538 Subscriptiones
2586 1475 2768 1524 autem
2794 1469 3012 1526 concilii
3038 1467 3374 1527 Sardicensis
3409 1470 3495 1527 in-

1904 1571 2074 1613 nuere
2098 1556 2321 1623 quidem
2347 1558 2533 1628 aliquo
2578 1558 2742 1615 modo
2776 1568 3033 1631 possunt,
3082 1561 3359 1619 inductam
3384 1560 3498 1631 jam

1907 1657 1964 1707 et
1990 1648 2260 1707 ﬁrmatam
2284 1650 2593 1709 Italicarum
2620 1654 3024 1724 provinciarum
3063 1654 3460 1729 distinctionem
3478 1693 3495 1719 ,

1906 1759 2017 1814 quo
2042 1754 2290 1816 tempore
2335 1745 2478 1802 idem
2523 1746 2811 1803 concilium
2857 1747 3255 1815 celebrabatur,
3294 1747 3502 1805 scilicet

1909 1838 2054 1894 circa
2081 1838 2320 1895 medium
2346 1838 2529 1895 steculi
2556 1839 2764 1910 quarti,
2793 1839 3087 1911 pluresque
3123 1854 3322 1907 annos,
3349 1844 3502 1911 post-

1909 1943 2074 1998 quam
2099 1927 2491 1987 Constantinus
2514 1932 2835 1988 vicariatum
2882 1930 3162 1989 Urbanum
3209 1931 3279 1988 ab
3311 1930 3501 1988 Italico

1908 2119 2053 2168 tasse
2099 2112 2441 2169 indicandam
2470 2114 2596 2170 addi
2645 2115 2825 2186 potuit
2869 2115 2939 2171 ab
2982 2115 3252 2187 episcopis
3296 2121 3503 2186 septem

1910 2205 2331 2275 provinciarum,
2362 2205 2458 2276 qui
2485 2206 2719 2266 concilio
2746 2205 3108 2265 interfuerunt
3131 2208 3191 2265 τὸ
3225 2208 3290 2262 ab
3320 2206 3500 2263 Italia.

1910 2296 2111 2354 Verum
2140 2297 2340 2354 frustra
2365 2300 2434 2355 ab
2454 2300 2558 2357 hoc
2573 2299 2757 2358 addito
2784 2301 3191 2359 emendicaruut
3208 2299 3506 2358 doctissimi

1911 2389 2012 2445 viri
2072 2389 2329 2447 indicium
2373 2392 2461 2448 vel
2502 2399 2826 2463 praztextum
2871 2390 3161 2465 el’lingendi
3204 2392 3505 2451 Ecclesiam

1914 2482 2379 2540 Mediolanensem
2424 2485 2666 2541 omnium
2710 2484 2887 2542 Italici
2915 2486 3211 2543 vicariatus
3236 2484 3508 2543 Ecclesia-

1913 2592 2035 2631 rum
2061 2577 2537 2648 metropolitanam
2565 2592 2676 2634 non
2702 2577 2880 2634 solum
2917 2577 3037 2649 ipso
3063 2578 3260 2634 saeculo
3291 2583 3503 2647 quarto,

1914 2684 2103 2725 verum
2131 2670 2315 2738 etiam,
2343 2677 2400 2727 et
2424 2670 2596 2727 multo
2621 2671 2793 2742 magis
2819 2671 3031 2729 saeculis
3056 2670 3505 2742 praecedentibus.

1916 2760 2100 2819 Primo
2128 2763 2184 2818 in
2210 2763 2433 2819 dubium
2458 2763 2865 2835 revocarejure
2886 2777 3200 2835 possemus,
3241 2769 3421 2819 utrum
3447 2761 3509 2820 τὸ

1917 2853 1982 2909 ab
2011 2853 2173 2911 Italia
2200 2855 2270 2912 ad
2297 2855 2711 2912 Mediolanensis
2736 2856 3028 2914 vicariatus
3071 2855 3384 2927 provincias
3410 2853 3511 2911 de-

1917 2948 2209 3018 signandas
2238 2948 2480 3006 additum
2508 2947 2671 3007 fuerit
2701 2966 2715 3003 :
2756 2949 2934 3020 primo
2960 2948 3089 3019 quia
3118 2963 3242 3005 eam
3267 2946 3513 3005 denomi-

1918 3042 2197 3098 nationem
2243 3044 2313 3099 ab
2341 3042 2566 3113 Augusti
2600 3058 2720 3100 aevo
2755 3042 3093 3106 obtinuerat,
3124 3048 3185 3097 ut
3219 3056 3322 3112 pro
3355 3038 3512 3097 Italia

1919 3141 2036 3190 toto
2074 3142 2341 3191 terrarum
2380 3134 2516 3191 orbe
2551 3133 2983 3205 cognoscebatur
3018 3132 3197 3190 omnis
3251 3146 3315 3188 ea
3362 3129 3515 3201 regio

1841 3275 1890 3340 c
1918 3243 2057 3299 quae,
2091 3235 2151 3340 ιιέ
2177 3242 2341 3298 supra
2369 3225 2660 3332 innuimus,
2692 3224 2917 3340 hinc‘ab
2944 3223 3172 3295 Alpibus
3195 3221 3418 3340 Cottiis,
3450 3220 3516 3276 il-

1919 3321 2029 3376 linc
2056 3334 2089 3374 a
2117 3317 2301 3374 Siculo
2329 3317 2468 3373 mari
2495 3315 2986 3383 circumscribitur,
3017 3329 3140 3370 cum
3168 3321 3297 3370 ante
3326 3311 3511 3383 Augu-

1917 3420 2062 3469 stum
2088 3411 2275 3467 Gallize
2299 3408 2589 3481 Cisalpina:
2622 3408 2842 3466 nomine
2884 3414 3118 3473 tractus,
3147 3406 3242 3478 qui
3270 3405 3340 3462 ab
3367 3404 3518 3477 Alpi-

1917 3503 2022 3559 bus
2049 3502 2117 3557 ad
2146 3500 2485 3558 Rubiconem
2512 3499 2751 3567 ﬂuvium,
2781 3499 2949 3555 Italia:
2975 3514 3137 3564 vero,
3167 3498 3261 3569 qui
3289 3513 3320 3553 a
3349 3495 3519 3554 Rubi—

1921 3610 2059 3651 cone
2105 3593 2175 3648 ad
2220 3592 2459 3649 Siciliam
2504 3592 2877 3664 pertingebat,
2907 3592 3109 3662 ubique
3154 3590 3520 3663 appellaretur

1924 3683 2151 3757 (Strab.,
2170 3683 2358 3757 Polyb.
2378 3683 2604 3750 Clavem,
2628 3701 2714 3755 ap.
2735 3683 2927 3738 Bacch.
2948 3682 3034 3739 ubi
3049 3682 3254 3756 supra).
3270 3681 3520 3738 Secundo

1922 3778 2048 3847 quia
2078 3777 2146 3833 ab
2174 3777 2292 3847 ipso
2320 3776 2629 3833 Sardicensi
2664 3775 2898 3831 concilio
2933 3791 3045 3831 non
3083 3775 3313 3831 obscure
3339 3773 3521 3830 decla-

1923 3876 2101 3924 ratum
2148 3876 2233 3924 est
2277 3868 2409 3937 quid
2455 3868 2631 3938 ipsum
2678 3867 3007 3937 intelligeret
3051 3866 3273 3923 nomine
3320 3864 3518 3930 Italia.

1924 3977 2121 4034 nempe
2148 3976 2261 4018 non
2286 3961 2611 4017 vicariatum
2637 3959 3015 4017 tantummodo
3042 3959 3518 4025 Mediolanensem,

1924 4055 2022 4113 sed
2049 4055 2359 4112 universam
2394 4051 2636 4119 Italiam,
2682 4059 2737 4107 et
2781 4052 3052 4123 praecipue
3084 4049 3396 4121 provincias
3432 4065 3522 4105 su-

1923 4148 2290 4214 burbicarias;
2322 4145 2555 4218 epistola
2585 4144 2729 4201 enim
2760 4145 2826 4201 ad
2855 4143 3054 4200 Iulium
3100 4143 3166 4197 Ii.
3199 4140 3261 4197 Ρ.
3292 4141 3370 4198 ita
3397 4156 3523 4198 eum

1925 4242 2177 4299 hortatur
2209 4258 2223 4294 :
2258 4238 2371 4294 Tua
2419 4246 2590 4293 autem
2637 4237 2891 4293 excellens
2939 4235 3212 4308 prudentia
3251 4234 3524 4307 disponere

1927 4333 2075 4389 debet
2100 4342 2157 4388 ut
2184 4350 2275 4405 per
2305 4340 2392 4386 tua
2420 4332 2636 4403 scripta,
2668 4331 2753 4404 qui
2782 4331 2838 4384 in
2869 4328 3082 4395 Sicilia,
3132 4328 3219 4401 qui
3245 4328 3303 4383 in
3332 4325 3524 4384 Sardi-

1926 4429 2036 4493 nia,
2068 4427 2156 4500 qui
2182 4426 2239 4479 in
2270 4423 2434 4479 Italia
2462 4431 2585 4479 sunt
2613 4425 2806 4496 fratres
2853 4423 3021 4478 nostri
3066 4436 3181 4493 qua
3225 4429 3346 4475 acta
3380 4428 3521 4488 sunt,

1927 4529 1979 4576 et
2003 4534 2119 4594 qua:
2155 4518 2400 4589 deﬁnita,
2443 4524 2757 4589 cognoscant
2805 4513 2995 4587 (Inter
3025 4512 3223 4569 Hilarii
3262 4515 3452 4587 fragm.
3476 4510 3523 4586 ).

1927 4615 2065 4671 Nam
2090 4613 2137 4669 si
2166 4611 2237 4669 ad
2264 4609 2478 4678 fratres,
2509 4610 2604 4680 qui
2633 4609 2689 4664 in
2713 4607 2868 4663 Italia
2916 4614 3091 4673 erant,
3121 4605 3177 4662 id
3204 4613 3288 4663 est
3314 4605 3383 4663 ad
3409 4604 3526 4677 epi-

1932 4719 2128 4778 sc0pos
2153 4709 2366 4759 tantum
2390 4700 2686 4757 vicariatus
2704 4698 3120 4755 Mediolanensis
3139 4696 3379 4754 aninnun
3400 4704 3527 4754 tunc

1933 4799 2255 4857 intendisset
2267 4795 2579 4861 concilium,
2597 4808 2788 4851 omnes
2802 4792 2940 4849 alios
2960 4791 3279 4849 exclusisset
3297 4807 3328 4848 a
3351 4792 3527 4849 scien-

1932 4895 2007 4949 tia
2054 4899 2331 4956 actorum,
2385 4894 2444 4944 et
2478 4886 2823 4944 decretorum
2867 4899 3118 4952 suorum,
3149 4883 3242 4954 qui
3280 4882 3336 4939 in
3361 4880 3526 4938 Cam-

1929 4986 2111 5059 pania,
2136 4982 2356 5049 Brutiis,
2379 4978 2622 5047 Umbria,
2644 4978 2961 5048 ueterisque
2980 4976 3210 5033 Romani
3236 4974 3528 5032 vicariatus

1930 5076 2227 5149 provinciis
2270 5071 2587 5130 residebant
2630 5070 2902 5142 episcopi;
2932 5069 3099 5125 immo
3135 5083 3231 5125 eos
3258 5067 3406 5138 ipsos
3432 5081 3527 5122 so-

1934 5168 2209 5225 lummodo
2235 5164 2480 5239 pontiﬁci
2506 5164 2878 5235 suggessisset,
3028 5158 3246 5232 Synodo
3265 5157 3527 5215 interfue-
3592 5184 3617 5249 ὲ

1934 5273 2059 5319 rant
2085 5277 2210 5319 cum
2237 5257 2558 5329 imaginario
2583 5256 2753 5313 Italiae
2788 5252 3237 5324 metropolitano,
3268 5249 3529 5307 tacuisset

1934 5373 2067 5415 vero
2096 5371 2193 5414 eos
2219 5354 2315 5425 qui
2342 5351 2629 5409 abfuerant
2670 5347 3071 5423 provinciarum
3096 5341 3390 5400 vicariatus
3417 5341 3530 5399 Ro-

1935 5449 2102 5516 mani,
2131 5460 2368 5519 quorum
2410 5445 2504 5501 vix
2547 5458 2716 5501 unum
2760 5447 2855 5497 aut
2881 5437 3113 5494 alterum
3156 5436 3303 5494 inter
3335 5434 3529 5493 Patres

1935 5540 2289 5600 Sardicenses
2314 5535 2634 5610 reperimus.

2008 5638 2094 5695 13.
2137 5636 2324 5694 Tertio
2350 5635 2478 5708 quia
2506 5646 2684 5703 neque
2717 5630 3067 5698 Athanasius,
3097 5636 3157 5688 et
3180 5629 3329 5701 quod
3355 5629 3526 5699 magis

1932 5734 2002 5791 ad
2028 5749 2148 5791 rem
2173 5731 2325 5800 facit,
2355 5743 2531 5801 neque
2558 5729 2676 5799 ipse
2700 5723 3090 5784 Constantinus
3107 5725 3334 5797 Magnus
3360 5723 3525 5779 ratio-

1931 5844 2057 5885 nem
2083 5841 2303 5898 semper
2328 5824 2636 5881 habuerunt
2658 5818 2821 5892 hujus
2845 5820 3134 5879 strictioris
3156 5817 3330 5874 Italia
3355 5815 3523 5872 deno~

1931 5919 2246 5981 minationis
2264 5958 2281 5986 ,
2330 5932 2437 5984 qua
2482 5915 2661 5973 solum
2704 5913 3161 5974 Mediolanensem
3206 5910 3547 5994 vicariatum‘
