3964 6350
498 423 569 492 οὐ
1302 413 1371 481 ΙΝ
1407 421 1465 484 S.
1507 415 1788 479 ΡΕτιιιιιι
1827 409 2342 475 CHRYSOLOGUM
2383 409 2913 470 PiiOLEGOMENA.
3662 405 3746 466 too

499 545 844 621 respiciebat.
876 543 1028 602 Alter
1054 543 1199 599 enim
1226 541 1281 597 in
1309 541 1448 610 libro
1477 539 1545 595 de
1571 535 1805 611 Synodis
1831 534 2091 591 Picenum
2119 537 2167 596 Α
2194 531 2363 614 pellat
2391 528 2718 601 Dionysium,
2753 528 2927 599 ipsum
2957 523 3219 590 nominat,
3252 528 3314 577 ut
3341 521 3626 670 simnplicem
3652 528 3749 610 epi-

503 640 859 670 -....-......:.....
923 635 1065 670 mw:
1096 635 1239 670 ιηοο..
1276 631 1504 670 ρηηηοης
1544 630 1834 670 vinas-inlusi
1870 627 2094 670 nrnvin-
2199 637 2440 670 smnnm-
2474 620 2838 670 Mediolanum
2868 627 3066 670 autem.
3111 625 3171 670 ut
3209 615 3377 670 italiae
3473 617 3746 670 etronolim.

501 640 890 704 annonarium,
923 635 1068 708 quod
1096 635 1239 690 inter
1275 631 1508 689 Romani
1544 630 1835 687 vicariatus
1870 627 2094 700 provin-

500 712 612 789 cias
640 731 939 786 certissime
969 722 1372 792 numerabatur,
1403 731 1588 780 tamen
1627 720 1804 777 Italia:
1829 711 2096 776 vocabulo

499 825 757 899 appellat,
790 837 912 878 cum
941 821 1016 875 ait
1049 835 1062 874 ε
1094 799 1387 874 Ariminum
1415 814 1539 871 urbs
1573 811 1751 870 Italia:
1761 830 1780 879 ;
1811 813 1866 867 in
1893 809 2096 867 Piceno

498 903 644 974 enim
671 918 812 972 hanc
837 915 998 970 sitam
1023 911 1191 968 fuisse
1218 910 1426 976 urbem,
1450 921 1623 978 eaque
1651 904 1862 962 ratione
1890 902 1958 959 ad
1987 901 2098 957 Ro-

499 1027 674 1067 manae
727 1009 1017 1082 provinciae
1071 1005 1549 1078 metropolitanum
1605 997 1927 1073 pertinuisse
1979 994 2098 1066 ejus

498 1106 829 1178 episcopum,
865 1115 975 1157 non
1004 1108 1185 1156 autem
1214 1083 1283 1153 ad
1305 1097 1791 1158 Ravennateusem,
1823 1089 1972 1145 omni
1997 1101 2095 1144 co-

498 1205 630 1253 natu
659 1196 892 1268 probare
921 1194 1072 1248 nisus
1117 1199 1204 1247 est
1243 1185 1536 1246 cardinalis
1563 1184 1808 1241 Norisius
1845 1180 2092 1255 (Dium.

499 1291 562 1345 de
589 1307 621 1345 v
648 1287 812 1362 sum).
833 1285 1225 1341 Constantinus
1251 1298 1383 1338 vero
1404 1282 1675 1352 Augustus
1693 1277 1936 1334 scribens
1955 1271 2098 1346 apud

499 1383 793 1439 Eusebium
821 1395 986 1451 super
1014 1377 1381 1435 celebratione
1401 1373 1686 1431 Paschalis
1717 1389 1731 1425 :
1762 1370 1979 1444 idcirco,
2011 1367 2097 1422 in—

498 1478 635 1547 quit,
669 1475 724 1529 id
771 1490 970 1550 aequum
1010 1489 1185 1528 omnes
1215 1481 1505 1541 rectumque
1544 1465 1928 1539 judicaverunt,
1961 1458 2099 1534 quod

499 1577 548 1620 et
577 1567 717 1621 nobis
748 1565 1061 1636 placiturum
1091 1578 1202 1616 esse
1227 1559 1502 1633 spopondi,
1535 1567 1592 1610 ut
1638 1555 1834 1610 scilicet
1880 1551 2016 1625 quod
2041 1551 2096 1604 in

499 1659 623 1713 urbe
655 1658 842 1725 Roma,
875 1673 1063 1729 perque
1092 1672 1293 1710 omnem
1327 1652 1568 1716 Italiam,
1601 1651 1856 1730 Africam,
1889 1644 2097 1718 £93”;-

502 1761 626 1815 tum,
678 1759 816 1815 ete.,
868 1747 1112 1803 concordi
1157 1747 1413 1801 sententia
1461 1747 1776 1806 observatur,
1827 1739 1884 1794 id
1929 1747 2098 1794 uestra

499 1841 1000 1916 quoqueprudentia
1048 1838 1319 1894 libentibus
1368 1837 1558 1891 animis
1607 1834 1966 1906 amplectatur.
2015 1830 2097 1886 Ex

2199 603 2441 696 scopum,
2474 620 2838 682 Mediolanum
2868 627 3066 688 autem,
3111 625 3171 672 ut
3209 615 3377 671 italiae
3418 603 3746 688 metropolim.

2199 717 2482 790 Dionysius
2537 717 2806 798 episcopus
2862 711 3167 778 Mediolani,
3227 709 3366 794 quod
3411 719 3460 764 et
3504 712 3658 782 ipsum
3690 721 3752 778 est

2197 811 2499 882 metropolis
2531 809 2724 878 Italiaz.
2757 806 2824 862 Et
2854 808 2904 862 id
2934 806 3073 864 forte
3101 803 3309 860 addidit
3350 802 3678 872 Athanasius,
3704 815 3754 863 ut

2197 902 2355 972 sicuti
2385 901 2573 960 urbem
2597 899 2843 960 Trevirim
2865 897 3075 966 dixerat
3094 894 3395 962 Galliarum
3422 895 3751 972 metropolim,

2199 993 2274 1050 ita
2303 971 2371 1050 et
2411 992 2774 1048 Mediolanum
2815 989 3130 1070 metropolis
3170 987 3340 1043 italia:
3381 971 3626 1042 solitariis
3661 989 3756 1045 suis

2199 1093 2600 1156 agnosceretur,
2654 1098 2777 1140 cum
2811 1083 2924 1154 jam
2978 1095 3046 1138 eo
3099 1095 3208 1151 quo
3251 1078 3322 1148 ad
3363 1079 3482 1135 illos
3519 1078 3758 1137 scribebat

2198 1161 2446 1258 tempore
2486 1185 2542 1234 et
2579 1176 2761 1233 locum
2797 1159 3076 1244 habuisset
3114 1157 3313 1229 divisio
3351 1169 3517 1230 italia:
3555 1172 3607 1227 in
3641 1171 3757 1229 duos

2197 1273 2432 1330 vicarius
2459 1271 2701 1343 praai‘ecti
2727 1269 3010 1348 praetorio,
3044 1275 3208 1348 atque
3238 1263 3385 1337 apud
3410 1265 3600 1334 multos
3624 1265 3757 1323 inva-

2197 1365 2388 1436 luisset
2426 1365 2614 1422 stricta
2654 1345 3023 1432 denominatio
3063 1345 3232 1416 italire
3273 1367 3524 1430 respectu
3563 1359 3624 1414 ad
3650 1375 3758 1430 pro-

2198 1460 2406 1518 vincias
2433 1457 2847 1526 Mediolanensis
2867 1455 3178 1512 vicariatus.
3209 1451 3272 1509 Si
3302 1460 3482 1522 autem
3503 1450 3566 1507 de
3583 1461 3758 1522 metro-

2199 1553 2412 1630 poiihus
2453 1551 2838 1620 ecclesiasticis
2892 1549 2966 1606 ibi
3019 1548 3172 1630 loqui
3225 1545 3365 1606 velis
3421 1543 3757 1612 Athgnasium,

2199 1631 2384 1700 videas
2411 1661 2547 1730 opus
2573 1652 2673 1716 est,
2697 1651 2877 1702 utrum
2903 1646 2962 1700 τὸ
2994 1638 3170 1706 Italia
3197 1637 3498 1718 metropolis
3517 1646 3606 1703 est,
3627 1637 3761 1693 inici-

2197 1736 2474 1812 ligepdum
2502 1739 2573 1802 sit
2599 1737 2667 1800 de
2708 1736 2957 1802 caulibus
2983 1732 3152 1794 italia:
3191 1731 3384 1788 stricte
3412 1737 3630 1814 sumptae
3655 1743 3763 1808 pro-

2200 1833 2420 1904 vinciis,
2453 1849 2523 1890 an
2551 1831 2619 1888 de
2647 1831 2828 1902 aliqua
2857 1837 3068 1886 tantum
3095 1825 3215 1910 ejus
3242 1831 3430 1906 parte;
3460 1821 3618 1901 verba
3643 1821 3763 1892 enim

500 1915 903 2004 quibusverbis
948 1933 1069 1988 luce
1114 1930 1414 1986 meridiana
1459 1929 1658 1985 clarius
1704 1927 1990 1996 colligitur,
2039 1925 2096 1982 τό
2125 1925 2174 1990 Β
2200 1931 2336 2008 good
2364 1940 2412 1985 et
2437 1931 2608 2004 ipsum
2634 1937 2710 1996 est
2736 1923 3033 1998 metropolis
3069 1922 3247 1978 Italiae
3273 1934 3429 2002 asque
3456 1915 3765 1992 interpretari

501 2045 592 2100 per
611 2043 812 2082 omnem
837 2025 1050 2080 Italiam
1071 2025 1127 2079 in
1156 2039 1320 2079 sensu
1337 2021 1680 2079 Constantini
1701 2019 2101 2076 extendendum

502 2137 619 2176 esse
654 2129 760 2174 tam
803 2120 870 2174 ad
905 2126 1114 2189 septem
1152 2117 1446 2172 vicariatus
1482 2112 1901 2169 Mediolancnsis
1937 2125 2102 2181 quam

503 2212 572 2266 ad
609 2213 799 2266 decem
847 2209 1080 2264 Romani
1127 2208 1456 2278 provincias,
1505 2214 1670 2277 prout
1715 2203 1988 2260 mehercle
2035 2199 2104 2258 ab

503 2303 756 2359 omnibus
776 2301 1106 2358 extenditur.

577 2395 662 2450 ii.
705 2395 912 2474 Quarto
941 2395 1159 2449 demum
1186 2393 1314 2464 quia
1342 2392 1505 2462 longe
1535 2389 1700 2446 etiam
1729 2397 1856 2461 post
1901 2389 1970 2445 ad
1996 2387 2104 2444 sci-

507 2499 620 2545 tum
647 2487 813 2543 italia:
859 2487 1086 2542 duorum
1115 2485 1441 2541 vicariorum
1486 2485 1878 2553 magistratum,
1931 2480 2107 2536 Italiae

506 2580 829 2636 vocabulum
859 2594 960 2648 pro
990 2579 1200 2647 integra
1229 2576 1455 2644 regione
1502 2590 1665 2644 quam
1702 2581 1931 2644 uterque
1961 2571 2105 2627 vica-

507 2672 678 2728 riatus
722 2668 1186 2741 complectebatur
1233 2676 1547 2738 usurpatum
1595 2663 1710 2722 fuit.
1763 2665 1855 2722 Sic
1899 2665 2003 2736 leg.
2041 2663 2108 2720 i5

505 2763 722 2821 Codicis
749 2762 1140 2826 Theodosium,
1173 2776 1292 2830 quae
1321 2769 1403 2816 est
1439 2760 1508 2815 de
1546 2759 2016 2824 Accusationibus,
2049 2765 2105 2814 et

509 2856 546 2910 i.
579 2855 631 2921 2,
664 2855 730 2909 de
763 2854 955 2923 mtegri
985 2853 1367 2918 Restitutione,
1401 2867 1620 2907 onmem
1647 2850 1807 2906 simul
1833 2850 2045 2904 italiam
2075 2865 2107 2905 a

507 2947 728 3017 reliquis
758 2946 968 3016 imperii
999 2945 1312 3014 regionibus
1349 2944 1662 2999 distinctam
1692 2943 1950 3013 legimus;
1981 2941 2018 2996 Ι.
2053 2941 2106 3008 i,

509 3039 578 3094 de
607 3025 1002 3103 Desertoribus,
1035 3044 1093 3092 et
1119 3037 1154 3090 l.
1189 3035 1242 3102 9,
1286 3037 1354 3090 de
1393 3034 1869 3101 Extraordinariis,
1903 3034 2112 3103 integer

512 3139 714 3187 tractus
742 3134 810 3186 ab
840 3131 1064 3202 Alpibus
1111 3130 1180 3185 ad
1226 3145 1379 3185 mare
1413 3129 1656 3184 Siculum
1699 3128 1917 3184 nomine
1945 3127 2112 3181 italite

511 3223 797 3278 indicatur.
832 3221 1041 3276 Pariter
1067 3219 1385 3292 Campania,
1411 3219 1622 3285 Tuscia,
1657 3217 1931 3285 Picenum,
1955 3217 2111 3273 Sam-

2203 2039 2492 2104 possumus
2531 2021 2587 2088 in
2625 2021 2801 2094 primo
2843 2036 2908 2076 ac
2947 2017 3002 2074 in
3042 2015 3286 2086 secundo
3325 2028 3505 2084 sensu.
3535 2010 3593 2070 in
3617 2010 3764 2094 primo

2205 2107 2368 2186 sensu
2395 2114 2663 2188 explicata
2683 2113 3191 2188 complecterentur,
3224 2117 3286 2174 ut
3312 2107 3560 2171 diximus,
3589 2111 3765 2178 septem

2203 2211 2377 2276 italici
2405 2211 2699 2278 vicariatus
2725 2208 3063 2292 provincias;
3093 2206 3148 2262 in
3177 2202 3421 2272 secundo
3449 2216 3605 2256 sensu
3630 2196 3765 2276 expli

2205 2315 2330 2372 cata
2359 2291 2756 2378 signiﬁcarent,
2786 2301 3149 2370 Mediolanum
3179 2315 3348 2366 unam
3378 2312 3496 2352 esse
3523 2310 3588 2350 ex
3613 2291 3763 2350 eccle-

2205 2400 2441 2471 siasticis
2467 2399 2634 2462 italia
2661 2396 3050 2470 metropolibus
3083 2413 3096 2448 :
3126 2409 3235 2472 qua
3278 2391 3492 2456 ratione
3519 2387 3643 2442 alias
3667 2401 3762 2452 rue-

2207 2493 2449 2574 tropoics
2491 2508 2601 2560 ηοιι
2653 2489 2966 2558 excluderet
3018 2485 3369 2574 Athanasius,
3403 2481 3562 2574 humo
3611 2477 3764 2574 potius

2209 2566 2517 2652 admitteret
2571 2583 2624 2646 in
2680 2583 2797 2654 ipso
2863 2579 3124 2644 vicariatu
3177 2572 3582 2642 Mediolaneusi.
3637 2566 3764 2638 Quod

2209 2686 2391 2744 autem
2431 2674 2662 2736 fortasse
2705 2673 2882 2742 verius
2922 2673 2976 2726 in
3016 2669 3124 2734 hoc
3160 2665 3404 2738 secundo
3446 2679 3601 2722 sensu
3643 2659 3763 2728 acci-

2208 2769 2404 2848 pienda
2432 2769 2540 2838 sint
2567 2769 2729 2838 allata
2758 2767 2938 2834 verba,
2969 2763 3105 2840 quod
3131 2773 3181 2818 et
3207 2765 3380 2836 ipsum
3406 2768 3482 2822 est
3507 2753 3765 2828 metropolis

2213 2865 2407 2932 Italia,
2425 2872 2578 2938 patet
2605 2878 2673 2930 ex
2700 2859 3127 2932 comparatione,
3154 2870 3262 2934 qua
3292 2850 3642 2920 Mediolanum
3665 2861 3766 2916 cum

2214 2955 2420 3022 Treviri
2450 2953 2658 3018 confert
2703 2950 3028 3016 Athanasius
3061 2967 3073 3002 :
3105 2947 3326 3014 dixerat
3364 2944 3510 3014 enim
3546 2939 3768 3006 Paulinus

2216 3047 2539 3114 Trevirorum
2578 3063 2639 3108 ac
2667 3043 2957 3100 Galliarum
2995 3039 3297 3112 metropolis
3325 3047 3420 3103 est,
3449 3043 3503 3091 et
3528 3031 3643 3088 inde
3664 3027 3768 3085 Dio-

2213 3142 2391 3212 nysius
2419 3140 2688 3211 episcopus
2719 3133 3044 3200 Mediolani,
3077 3130 3214 3204 quod
3241 3139 3298 3184 et
3323 3130 3490 3206 ipsum
3517 3132 3588 3182 est
3612 3131 3770 3184 metra-

2213 3232 2347 3314 polis
2381 3229 2571 3292 Italica.
2591 3227 2761 3283 Sicuti
2788 3241 2917 3300 ergo
2946 3222 3181 3281 Treviris
3208 3221 3371 3278 unica
3403 3229 3526 3284 tunc
3553 3232 3646 3284 non
3672 3219 3770 3313 erat

513 3317 672 3383 nites,
705 3316 913 3387 Apulia,
947 3301 1212 3382 Lucania,
1237 3315 1428 3380 Brutii,
1458 3313 1730 3378 Calabria,
1763 3313 1911 3368 velut
1941 3310 2112 3366 italiae
2139 3307 2186 3372 C
2214 3301 2512 3378 tantarum
2557 3318 2873 3392 metropolis
2925 3313 3323 3382 ecclesiastica;
3380 3309 3618 3384 vigebant
3648 3304 3769 3370 enim

516 3410 810 3490 provinciae
837 3409 873 3462 l.
909 3410 959 3475 τ,
1001 3408 1069 3463 de
1097 3407 1431 3478 indulgentia
1472 3407 1795 3472 debitorum,
1827 3407 1994 3461 immo
2023 3421 2114 3460 ur-

518 3500 734 3557 bicarite
762 3509 818 3556 et
836 3499 1221 3555 suburbicaria:
1249 3499 1414 3554 italia:
1433 3497 1724 3570 provinciae
1752 3497 2110 3570 appellantur.

516 3595 646 3666 Leg.
671 3592 706 3648 9
733 3603 790 3650 et
817 3594 904 3659 i5,
938 3603 993 3649 et
1015 3593 1243 3663 iudices,
1277 3592 1608 3658 consulares,
1642 3599 1999 3656 correctores,
2031 3589 2115 3644 vi-

518 3687 651 3743 carii
681 3687 918 3756 ipsarum
946 3685 1367 3754 provinciarum,
1389 3684 1600 3754 judices
1628 3685 1769 3737 intra
1801 3681 2013 3737 Italiam
2035 3681 2116 3736 in-

518 3779 770 3835 distincte
799 3778 1068 3834 dicuntur.
1102 3777 1282 3844 Quare
1311 3793 1434 3833 cum
1463 3793 1688 3849 prorsus
1717 3786 1811 3832 aut
1827 3777 2116 3845 mquivoca

521 3870 682 3938 foret,
714 3880 769 3927 et
795 3869 1154 3926 Constantino
1185 3871 1516 3942 imperante,
1550 3879 1605 3926 et
1633 3879 1757 3942 post
1800 3868 2116 3926 Constanti-

521 3979 666 4031 num,
719 3962 894 4018 Italia:
938 3951 1326 4030 denominatio,
1358 3963 1446 4018 vel
1492 3963 1674 4039 potius
1720 3979 1819 4034 pro
1866 3965 2117 4020 universa

520 4053 686 4110 italia:
713 4055 934 4132 regione
963 4055 1326 4126 acciperetur;
1358 4053 1556 4110 frustra
1589 4056 1656 4110 ab
1685 4053 1990 4125 hujusmodi
2019 4055 2117 4112 de—

525 4147 897 4204 nominatione
925 4146 1236 4216 suffragium
1264 4147 1540 4216 petierunt
1577 4148 1752 4202 critici
1798 4147 2115 4215 doctissimi,

522 4249 582 4296 ut
609 4241 1010 4296 distinctionem
1057 4238 1334 4312 regimiuis
1381 4239 1888 4310 provinciarumque
1935 4237 2120 4296 distri-

522 4332 802 4388 butionem
829 4332 1135 4397 firmarent,
1168 4332 1338 4387 multo
1384 4332 1565 4388 minus
1593 4341 1653 4387 ut
1681 4331 1910 4388 formam
1938 4333 2117 4389 eccle-

519 4423 725 4480 siastici
755 4423 1030 4493 regiminis
1059 4431 1185 4478 ante
1213 4431 1268 4479 et
1295 4431 1420 4494 post
1445 4421 1858 4480 Constantinum
1888 4425 1956 4480 ad
1982 4423 2119 4482 duos

519 4512 688 4570 italia:
709 4515 1158 4586 metropolitanos
1185 4515 1588 4572 contraherent.

597 4605 683 4660 i5.
716 4607 785 4661 At
812 4606 974 4674 enim,
1000 4607 1167 4674 aiunt,
1190 4607 1340 4663 litem
1361 4606 1562 4663 dirimit
1583 4607 1865 4664 Athanasii
1887 4607 2120 4680 epistola

523 4699 590 4755 ad
617 4699 928 4765 Solitarios,
961 4713 1080 4769 qum
1108 4706 1163 4754 et
1193 4697 1369 4754 Italia:
1398 4700 1842 4757 denominatione
1870 4699 2118 4770 indigitat

521 4789 831 4862 provincias
860 4789 1279 4847 Mediolanensis
1305 4791 1600 4848 vicariatus
1617 4835 1632 4860 ,
1664 4801 1721 4849 et
1748 4792 2115 4850 Mediolanum

521 4881 694 4952 ipsum
723 4881 889 4936 italiie
929 4883 1290 4952 metropolim.
1335 4879 1487 4939 Esto.
1533 4885 1640 4940 Sed
1680 4884 1808 4955 quid
1847 4884 1974 4940 inde
2013 4899 2115 4955 pro

517 4974 889 5031 ecclesiastica
914 4975 1153 5046 episcopi
1176 4975 1314 5030 illius
1325 4975 1699 5046 jurisdictione
1721 4993 1884 5048 super
1905 4985 2116 5048 septem

519 5067 859 5136 provincias,
892 5067 1190 5136 praesertim
1217 5083 1348 5124 vero
1377 5069 1549 5124 tribus
1575 5085 1696 5124 mra:
1727 5079 1922 5124 nostra:
1949 5083 2113 5140 supe—
2149 5101 2154 5104 -

517 5158 750 5214 rioribus
773 5158 1018 5214 saeculis?
1045 5156 1187 5214 Sane
1208 5160 1298 5229 qui
1322 5159 1628 5242 diligentius
1642 5161 1921 5217 Athanasii
1951 5161 2114 5218 verba

521 5251 843 5318 attenderit,
888 5250 1117 5306 alterum
1157 5265 1226 5306 ex
1265 5251 1349 5306 his
1389 5267 1607 5306 sensum
1659 5251 1752 5306 illa
1802 5254 2116 5322 prteseferre

520 5341 787 5411 inveniet;
821 5351 914 5399 aut
942 5344 1086 5400 enim
1117 5344 1268 5398 nullo
1296 5343 1459 5399 modo
1496 5341 1955 5399 Mediolanensem
1995 5345 2114 5416 epi-

518 5451 744 5508 scopum
773 5435 848 5492 ibi
877 5436 1357 5508 metropolitanum
1400 5435 1650 5504 intelligit
1687 5435 1746 5491 8.
1779 5435 1991 5504 doctor,
2023 5444 2118 5492 aut

520 5542 628 5582 non
669 5529 918 5584 omnibus
959 5529 1250 5585 vicariatus
1299 5527 1592 5599 provinciis
1647 5541 1770 5582 eum
1826 5528 2118 5599 praesidere

519 5620 810 5675 existimat.
856 5620 924 5676 Et
963 5635 1157 5678 revera
1200 5635 1310 5676 non
1357 5620 1436 5675 ait
1475 5618 1804 5676 Athanasius
1831 5617 2118 5693 Dionysius

520 5707 810 5768 Hediolani
847 5714 1276 5786 metropolitano
1319 5710 1513 5780 Italic,
1555 5711 2008 5783 quemadmodum
2047 5715 2118 5771 de

521 5799 768 5862 Lucifero
793 5805 1126 5873 Calaritano,
1153 5804 1363 5877 Lucifer
1391 5807 1817 5878 Metropolitanus
1845 5810 2113 5880 episcopus

511 5896 804 5988 Sardinia.
829 5902 1031 5958 Verum
1059 5913 1184 5954 cum
1211 5898 1521 5954 ilmnediate
1548 5909 1672 5969 post
1702 5901 1998 5974 Luciferum
2029 5921 2116 5976 ap-

2217 3415 2403 3488 primis
2424 3413 2587 3478 etiam
2607 3411 3036 3467 Christianorum
3057 3406 3266 3464 sacculis
3288 3403 3598 3460 Arelatensis
3614 3441 3626 3464 ,
3655 3396 3771 3472 Lug-

2219 3505 2481 3572 dunensis,
2522 3502 2826 3564 Viennensis
2854 3501 3206 3572 metropoles;
3238 3500 3317 3553 ita
3347 3513 3517 3568 neque
3545 3491 3770 3549 Mediola-

2219 3613 2348 3656 num
2388 3596 2546 3660 uniea
2588 3603 2738 3664 erat,
2785 3601 2876 3649 aut
2931 3593 2998 3648 ab
3055 3590 3355 3648 Athanasio
3411 3585 3770 3655 intelligebatur

2219 3690 2378 3745 unica
2417 3687 2583 3743 italia:
2636 3685 2953 3758 metropolis
3008 3683 3397 3741 ecclesiastica.
3443 3679 3631 3748 Parum
3665 3687 3772 3744 ergo

2219 3781 2508 3856 proliciunt
2535 3780 2740 3838 laudati
2769 3779 3073 3852 Scriptores
3112 3776 3252 3832 tanti
3293 3773 3473 3830 Patris
3500 3765 3774 3832 testimonio

2221 3875 2523 3942 abutenteS,
2556 3882 2668 3929 tum
2694 3872 2819 3944 quia
2849 3871 2964 3944 ejus
2992 3869 3156 3930 verba
3185 3869 3339 3926 nullo
3367 3866 3528 3926 modo
3551 3862 3774 3950 probant.

2220 3968 2392 4024 tribus
2432 3965 2804 4038 superioribus
2844 3963 3052 4020 smculis
3093 3961 3552 4026 Medioiaueusem
3590 3955 3775 4028 episco-

2219 4077 2349 4136 pum
2376 4058 2541 4116 fuisse
2568 4064 2777 4134 septem
2798 4055 3197 4127 provinciarum
3217 4045 3632 4126 metropolitam,
3655 4039 3777 4116 quod

2221 4135 2490 4224 praecipue
2519 4157 2638 4205 erat
2665 4164 2732 4203 ex
2762 4162 2949 4204 eorum
2989 4145 3259 4200 sententia
3300 4135 3776 4200 demonstrandum;

2222 4227 2336 4298 tum
2362 4242 2488 4312 quia
2518 4242 2633 4314 ipsa
2663 4238 2944 4296 Athanasii
2972 4238 3157 4304 verba,
3188 4236 3275 4294 vel
3317 4229 3653 4310 interpretari
3687 4239 3779 4282 non

2221 4343 2449 4407 possunt
2475 4334 2543 4389 de
2570 4331 2895 4398 Mediolano,
2923 4337 2980 4385 ut
3004 4330 3372 4386 ecclesiastica
3400 4321 3692 4395 metropoli,
3712 4314 3779 4372 vel

2221 4425 2569 4496 intelligenda
2610 4433 2735 4480 sunt
2775 4425 2842 4480 de
2871 4423 3175 4482 Mediolano
3204 4439 3314 4479 non
3345 4431 3613 4496 tamquam
3639 4411 3779 4470 totius

2219 4517 2386 4574 italiae
2413 4515 2734 4590 metropoli,
2766 4514 2862 4574 sed
2889 4522 3164 4586 tamquam
3191 4532 3300 4578 una
3329 4531 3398 4572 ex
3424 4503 3779 4588 metropoliblli

2218 4607 2408 4666 italia.

2139 4689 2194 4756 1)
2291 4699 2378 4754 iii.
2419 4699 2538 4756 Non
2567 4697 2790 4769 majoris
2829 4697 3024 4754 deinde
3064 4705 3191 4762 sunt
3229 4696 3491 4756 momenti
3532 4691 3597 4750 ad
3633 4686 3780 4762 subii-

2222 4791 2468 4849 ciendam
2495 4791 2883 4847 Mediolanensi
2912 4789 3168 4870 episcopo
3197 4789 3494 4848 Ecclesiam
3523 4785 3780 4841 Ravenna-

2222 4894 2363 4953 tem,
2407 4901 2525 4956 qua:
2565 4884 2916 4939 desumuntur
2953 4869 3270 4956 argumenta
3312 4884 3380 4940 ab
3422 4877 3652 4956 epistolis
3687 4869 3781 4928 divi

2223 4977 2510 5046 Ambrosii,
2530 4979 2603 5034 ita
2627 4987 2685 5032 ut
2713 4979 2970 5040 miremur
2995 4979 3170 5050 valde,
3197 4988 3458 5039 emunctae
3487 4975 3626 5044 naris
3653 4969 3780 5026 viros

2221 5069 2529 5141 hujusmodi
2557 5070 2893 5130 documentis
2921 5070 3042 5148 plus
3071 5087 3227 5143 mquo
3269 5073 3466 5128 ﬁdisse.
3499 5068 3628 5126 Nam
3652 5056 3781 5136 quod

2222 5163 2417 5220 attinet
2447 5162 2515 5224 ad
2543 5161 2809 5219 Ambrosii
2853 5163 3167 5234 epistolam,
3211 5181 3328 5236 qua:
3368 5172 3451 5222 est
3489 5161 3557 5218 ad
3580 5153 3778 5215 Vercel-

2217 5251 2426 5321 ienses,
2470 5253 2634 5309 verba
2675 5253 2766 5308 illa
2799 5271 2812 5307 :
2857 5253 3122 5334 Conﬂigor
3162 5257 3368 5326 dolore,
3411 5257 3529 5334 quia
3568 5245 3780 5306 Ecclesia

2218 5342 2454 5413 Domini,
2477 5361 2593 5417 qua:
2612 5346 2762 5400 estin
2783 5345 2943 5413 vobis,
2967 5349 3291 5408 sacerdotem
3311 5347 3478 5404 adhuc
3497 5361 3598 5401 non
3624 5338 3776 5400 habet.

2219 5455 2280 5494 ac
2319 5439 2433 5495 sola
2473 5425 2610 5494 nunc
2649 5457 2714 5496 ea:
2755 5440 2988 5496 omnibus
3031 5439 3292 5520 Liguriae,
3339 5453 3488 5518 atque
3533 5431 3771 5492 Emiliw.

2227 5530 2688 5608 Veneti‘arumque,
2732 5533 2809 5589 vel
2849 5537 3046 5591 caeteris
3086 5538 3323 5608 ﬁnitimis
3365 5535 3536 5598 Italia:
3571 5522 3774 5606 partim

2222 5626 2518 5698 huju‘mo‘”
2545 5636 2660 5700 εθεε
2687 5627 2884 5698 cilicio;
2917 5643 3000 5694 ea,
3033 5629 3270 5700 inquam,
3295 5630 3458 5687 verba
3486 5617 3780 5682 Sirmondus

2218 5719 2602 5791 triumphantis
2624 5722 2680 5776 in
2700 5737 2908 5778 morem
2931 5723 3173 5794 opinioni
3193 5741 3303 5784 sua:
3323 5727 3390 5784 de
3418 5707 3775 5778 Mediolanensi

2220 5827 2319 5884 per
2357 5812 2568 5869 italiam
2609 5816 3048 5888 metr-epolitane,
3099 5819 3262 5878 nimia
3311 5833 3447 5886 sane
3489 5804 3784 5870 conﬁdentia

2221 5911 2520 5976 aptaverat.
2545 5906 2628 5963 An
2647 5922 2770 5976 non,
2804 5908 2896 5975 ait,
2921 5908 3124 5966 abunde
3143 5913 3434 5980 conﬁrmat
3460 5889 3786 5978 (Ambrosius)
