3964 6350
526 375 634 439 10³

1362 371 1432 430 IN
1465 371 1524 430 S.
1566 371 1852 430 PETRUM
1888 369 2408 433 CHRYSOLOGUM
2445 375 2978 438 PROLEGOMENA.

3707 388 3821 445 IOI

525 504 744 550 versum
770 488 1040 547 turbatam
1058 528 1074 555 ,
1104 487 1363 562 plurimas
1389 486 1663 545 Ecclesias
1689 489 1972 546 catholicis
1999 490 2116 561 epi-
2144 491 2198 552 Δ
2222 491 2431 548 lanensi
2459 493 2748 564 Ecclesiae,
2791 495 3062 553 Auxentio
3099 496 3288 569 pulso,
3331 514 3442 557 non
3479 501 3820 569 consuleret,

526 586 708 658 scopis
734 585 1016 658 spoliatas,
1048 584 1117 639 ab
1163 584 1304 655 lupis
1350 583 1566 640 Arianis
1611 585 1847 642 invasas.
1895 584 1992 641 Est
2029 586 2124 656 qui

527 680 746 747 credat,
797 678 1052 735 Auxentii
1099 677 1518 734 Mediolanensis
1564 680 1935 751 usurpatione,
1995 687 2126 735 tunc

527 773 762 845 primum
806 770 1145 842 provinciam
1189 769 1629 827 Ecclesiasticam
1667 771 2124 828 Mediolanensem
2228 811 2242 824 .
2290 813 2303 825 .

527 864 828 929 coaluisse,
859 879 969 918 non
997 863 1188 933 paucis
1215 861 1382 918 Italia:
1409 864 1830 933 circumquaque
1856 864 2126 936 episcopis

530 956 586 1011 in
615 971 853 1022 sensum,
887 961 945 1011 et
971 955 1027 1009 in
1066 955 1429 1011 conciliabula
1459 956 1701 1012 haeretici
1741 956 1884 1012 illius
1923 972 2126 1012 conve-

531 1049 822 1114 nientibus,
845 1053 908 1102 ut
933 1045 1299 1117 Augustorum
1328 1046 1582 1103 Auxentii
1613 1057 1667 1104 et
1696 1049 1919 1104 haeresis
1946 1048 2125 1105 fauto-

530 1156 649 1194 rum
677 1139 838 1194 minis
866 1155 926 1196 se
954 1139 1260 1210 eriperent,
1293 1140 1484 1195 exsilia
1525 1148 1579 1195 et
1617 1149 1822 1196 mortes
1860 1141 2130 1197 evitarent

531 1231 815 1302 (Bacchin.
845 1229 933 1285 ubi
961 1230 1165 1303 supra).
1187 1230 1341 1287 Hanc
1367 1231 1578 1287 misera:
1603 1231 1770 1287 Italia:
1797 1231 1990 1289 faciem
2019 1249 2129 1289 non

531 1323 721 1393 paucis
767 1323 924 1377 annis
969 1321 1392 1390 conﬁrmarunt,
1443 1325 1610 1380 etiam
1655 1332 1781 1396 post
1824 1322 2130 1380 Constantii

534 1416 878 1486 imperatoris
906 1415 1130 1481 obitum,
1163 1425 1278 1472 tum
1304 1415 1506 1472 Juliani
1525 1416 1802 1489 Apostataa
1829 1417 2128 1476 infeliciora

533 1516 799 1580 tempora,
834 1518 947 1565 tum
987 1509 1312 1566 Arianorum
1349 1512 1673 1582 pmpollens
1712 1513 1985 1584 tyrannis,
2015 1520 2131 1568 tum

533 1599 757 1657 Iustina:
783 1601 999 1657 Ariana:
1026 1603 1384 1673 imperatricis
1412 1602 1584 1670 favor,
1616 1604 1846 1662 Damaso
1874 1604 2132 1676 pontiﬁce

535 1710 659 1750 cum
685 1694 921 1752 secunda
949 1696 1017 1751 ab
1045 1711 1112 1752 eo
1141 1695 1328 1752 Rom
1353 1697 1626 1754 celebrata
1653 1698 1882 1771 synodo,
1906 1699 2132 1754 anathe—

534 1787 695 1840 matis
721 1795 778 1842 et
805 1787 1162 1858 depositionis
1200 1787 1426 1844 fulmina
1455 1799 1646 1846 contra
1675 1790 2005 1848 Auxentium
2035 1807 2130 1848 ne-

535 1879 826 1948 quidquam
854 1879 1220 1950 intorquente.

603 1970 693 2026 21.
733 1969 904 2028 Porro
931 1983 1048 2046 post
1087 1975 1333 2028 Auxentii
1373 1991 1544 2030 seram
1583 1986 1799 2031 mortem
1841 1975 2129 2032 Mediolani

533 2061 805 2117 Ambrosio
833 2065 1071 2135 episcopo
1101 2066 1587 2146 constituto_omnis
1630 2067 1699 2120 ad
1741 2067 1896 2138 ﬁdem
1937 2078 2129 2123 rectam

537 2153 700 2209 Italia
741 2159 1071 2223 convertitur,
1130 2165 1190 2210 ut
1244 2165 1472 2214 testatur
1511 2159 1574 2213 D.
1622 2159 1982 2233 Hieronymus
2025 2162 2129 2235 (In

535 2245 728 2302 Chron.
755 2247 825 2300 ad
852 2266 940 2301 an.
975 2247 1037 2302 11
1073 2245 1360 2322 Gratiani),
1394 2259 1450 2306 et
1477 2251 1543 2307 de
1572 2253 1864 2324 semetipso
1895 2252 2126 2309 Ambro-

534 2340 648 2395 sius
674 2340 904 2410 loquens
935 2359 948 2394 :
981 2339 1378 2398 Dissensionum
1418 2347 1647 2400 omnium
1689 2348 1917 2418 procella
1958 2348 2130 2420 defer-

533 2432 642 2486 buit
672 2449 690 2485 :
729 2434 900 2487 cuncti
938 2435 1206 2489 swcularis
1249 2436 1544 2507 cupiditatis
1587 2437 1832 2502 ardores,
1879 2451 2129 2514 (estusque

534 2541 730 2591 omnes,
753 2527 934 2599 quibus
957 2525 1131 2582 Italiae
1158 2528 1374 2598 populus
1404 2547 1495 2601 per
1513 2529 1752 2586 Iudaicae
1773 2531 1896 2586 olim
1915 2532 2129 2590 Ariante

533 2617 787 2687 proxima:
814 2617 1032 2672 levitatis
1060 2619 1302 2673 incendia
1329 2621 1654 2693 coquebatur,
1678 2641 1856 2679 sereno
1878 2627 1994 2696 jam
2020 2629 2130 2700 spi-

533 2711 733 2764 ramine
763 2720 1073 2782 temperatur
1096 2711 1364 2783 (Ambros.
1391 2711 1672 2769 Comment.
1704 2718 1760 2770 in
1791 2716 1917 2772 Luc.
1951 2718 2040 2772 lib.
2075 2737 2130 2776 ix

534 2819 651 2873 cap.
683 2802 809 2872 20).
842 2802 977 2858 Nam
1006 2819 1130 2858 cum
1160 2805 1456 2875 episcopali
1485 2807 1652 2863 infula
1683 2811 2048 2880 apostolatum
2075 2821 2133 2867 et

533 2902 734 2949 sancta:
762 2895 908 2950 sedis
935 2896 1264 2965 legationem
1304 2900 1593 2970 assumpsit
1635 2899 1970 2971 Ambrosius,
2001 2919 2129 2975 per-

535 3001 827 3056 versasque
851 2987 1174 3044 circumiens
1195 2989 1502 3046 Italicarum
1526 2993 1928 3063 provinciarum
1943 2995 2132 3051 Eccle-

534 3078 672 3146 sias,
704 3079 1122 3150 praedicatione,
1153 3080 1550 3151 disputatione,
1594 3083 1840 3140 doctrina
1860 3128 1874 3153 ,
1919 3087 2126 3154 labore,

531 3173 884 3228 contentione
911 3173 1060 3228 omni
1088 3173 1415 3230 catholicam
1456 3173 1616 3230 ﬁdem
1643 3179 1910 3247 restituit,
1942 3179 2132 3237 Eccle-

2223 586 2520 658 scripsimus
2577 587 2762 644 dilecto
2815 587 3050 644 Damaso
3103 591 3345 664 episcopo
3384 610 3593 666 magna
3634 595 3827 653 Rome

2225 688 2407 733 contra
2434 681 2748 737 Auxentium
2784 683 3075 740 invasorem
3103 682 3512 744 Mediolauensis
3539 686 3821 748 Ecclesia.

2351 813 2365 827 .
2401 813 2415 827 .
2446 776 2815 849 miranturque,
2848 794 2940 832 cur
2979 777 3210 834 nondum
3239 779 3498 852 depositus
3527 783 3828 856 eiectansque

2225 866 2294 918 sit
2319 883 2386 920 ea:
2413 864 2654 923 Ecclesia
2684 867 2910 940 (Athan.
2943 872 3094 944 epist.
3125 871 3313 944 synod.
3345 871 3416 926 ad
3443 875 3614 947 Afric.
3635 874 3682 948 ).
3711 874 3828 948 Cy-

2226 959 2406 1016 rillum
2460 979 2593 1018 vero
2649 963 3092 1032 Alexandrinum,
3149 966 3237 1022 cui
3289 966 3530 1024 damnati
3581 965 3890 1058 Nestorii'.

2227 1069 2388 1109 causa
2454 1053 2756 1113 Orientales
2821 1059 3128 1127 universos,
3203 1060 3485 1132 ipsumque
3544 1061 3830 1132 juniorem

2229 1146 2593 1206 Theodosium
2620 1149 2859 1208 infensos
2885 1153 3214 1221 reddiderat,
3240 1155 3589 1212 nihilominus
3616 1158 3832 1212 centies

2227 1251 2623 1313 protestantem
2677 1245 2940 1313 audimus,
2998 1247 3101 1302 sibi
3155 1248 3394 1303 omnium
3433 1247 3829 1314 Ecclesiarum,

2230 1353 2339 1394 non
2379 1354 2490 1394 suae
2531 1346 2762 1407 tantum,
2805 1356 2990 1396 curam
3032 1341 3333 1396 habendam
3374 1358 3514 1398 esse.
3557 1342 3835 1398 Hauserat

2231 1431 2320 1487 ille
2359 1431 2589 1488 fortasse
2629 1433 2804 1488 zelum
2845 1433 3005 1488 istum
3047 1435 3404 1505 apostolicum
3431 1450 3500 1490 ex
3527 1432 3832 1506 Cypriano,

2230 1523 2324 1593 qui
2351 1525 2421 1580 ad
2448 1524 2784 1596 Stephanum
2813 1525 3117 1582 Romanum
3145 1526 3460 1598 pontificem
3487 1527 3739 1584 scribens
3767 1527 3838 1583 de

2231 1613 2474 1672 Ecclesia
2516 1615 2852 1684 Arelatensi,
2894 1634 3058 1689 quam
3096 1618 3392 1677 Martianus
3433 1637 3500 1678 ex
3539 1621 3839 1678 Novatiani

2232 1717 2380 1765 secta
2422 1710 2708 1782 episcopus
2748 1711 3056 1780 inﬁciebat,
3101 1729 3348 1772 asserere
3389 1731 3496 1772 non
3539 1715 3835 1782 dubitavit,

2237 1803 2331 1858 Cui
2371 1822 2446 1859 ret
2487 1816 2721 1860 nostrum
2759 1816 2836 1861 est
2877 1808 3172 1875 consulere,
3215 1819 3266 1864 et
3315 1809 3611 1876 subvenire,
3671 1811 3840 1882 frater

2157 1884 2208 1946 Β
2234 1895 2553 1964 charissima,
2585 1900 2670 1970 qui
2700 1898 2928 1954 divinam
2955 1900 3280 1956 clementiam
3307 1904 3593 1975 cogitantes
3610 1943 3627 1966 ,
3662 1911 3716 1956 et
3743 1918 3840 1973 gu-

2233 1988 2513 2046 bernanda:
2541 1989 2792 2048 Ecclesia:
2819 1992 3006 2048 libram
3035 2005 3292 2061 tenentes,
3337 2005 3444 2053 etc.
3487 1996 3701 2068 Nempe
3741 2011 3838 2052 sua

2231 2096 2450 2152 quoque
2473 2085 2737 2142 interesse
2761 2085 2958 2142 debere
2981 2087 3238 2144 Ecclesia:
3258 2089 3589 2146 Arelatensis
3601 2091 3836 2156 bonum,

2234 2176 2335 2230 zeli
2376 2184 2433 2232 et
2471 2177 2756 2235 charitatis
2803 2195 2966 2236 causa
3002 2182 3282 2250 judicabat
3319 2184 3702 2240 sanctissimus
3743 2199 3842 2240 an.

2233 2269 2404 2337 tistes,
2423 2269 2669 2340 pontiﬁci
2692 2281 2873 2328 autem
2897 2273 3177 2345 Stephano
3206 2275 3261 2330 id
3283 2276 3615 2344 incumbere,
3652 2291 3842 2346 supre-

2232 2377 2333 2418 mae
2356 2361 2749 2433 jurisdictionis
2777 2366 2832 2421 in
2875 2367 3181 2423 universam
3221 2367 3518 2426 Ecclesiam
3558 2377 3842 2441 potestate

2232 2465 2287 2512 et
2314 2458 2658 2514 auctoritate.

2302 2550 2390 2607 23.
2423 2551 2744 2624 Apostolum
2765 2555 2946 2624 igitur,
2970 2563 3027 2610 et
3043 2553 3384 2626 pontificium
3405 2556 3646 2626 legatum
3669 2570 3842 2626 agens

2232 2646 2566 2715 Ambrosius,
2599 2648 2744 2704 inter
2773 2656 2856 2704 tot
2895 2647 3173 2705 Ecclesias
3194 2692 3209 2716 ,
3255 2665 3393 2720 quas
3433 2649 3518 2704 vel
3567 2649 3638 2705 ad
3675 2647 3842 2705 ﬁdem

2235 2747 2609 2807 revocaverat,
2650 2741 2740 2796 vel
2775 2741 3046 2812 episcopis
3081 2740 3410 2807 donaverat,
3448 2740 3601 2797 hisce
3626 2737 3842 2796 beneﬁ-

2235 2833 2336 2888 ciis
2383 2833 2660 2891 cumulare
2707 2833 2865 2890 facile
2910 2836 3089 2906 potuit
3135 2833 3456 2891 lmolensem
3503 2849 3732 2906 quoque
3786 2841 3843 2891 et

2233 2923 2754 2992 Vicohabentinam,
2786 2925 3019 2982 fortasse
3055 2926 3381 2982 Arianorum
3420 2926 3543 2983 labe
3569 2927 3731 2997 prius
3759 2927 3842 2984 in-

2232 3016 2422 3086 fectas,
2451 3019 2538 3075 vel
2566 3021 2930 3090 prmpotentia
2959 3021 3230 3092 episcopis
3266 3021 3553 3092 spoliatas,
3585 3022 3843 3091 quamvis

2233 3111 2304 3166 ad
2332 3126 2443 3167 sua:
2468 3112 2694 3168 ditionis
2717 3113 2842 3182 jura
2888 3113 3110 3169 minime
3147 3123 3477 3185 spectarent.
3529 3113 3712 3172 Porro
3740 3117 3842 3173 du-

2233 3203 2384 3259 bium
2413 3220 2577 3261 omne
2606 3205 2748 3261 tollit
2773 3206 3136 3275 quorumdam
3155 3208 3484 3278 scriptorum
3506 3210 3744 3265 assertio
3773 3209 3843 3264 de

533 3263 642 3367 aias
669 3264 962 3334 reparavit.
993 3263 1230 3367 Arianos
1252 3265 1409 3336 lupos
1436 3281 1542 3335 qua
1572 3268 1752 3367 eiecit,
1785 3286 1892 3341 qua
1922 3273 1977 3327 in
2007 3274 2134 3344 lesi-
2153 3268 2205 3334 C
2236 3294 2507 3351 Ambrosii
2535 3263 2814 3367 pontiﬁcia
2843 3297 3136 3366 legatione,
3168 3263 3283 3367 qua
3305 3299 3522 3355 Damasi
3557 3307 3613 3355 et
3649 3299 3844 3356 Siricii

536 3355 696 3410 timos
721 3365 968 3426 pastores
990 3359 1277 3423 convertit,
1301 3373 1407 3428 qua
1430 3375 1602 3416 novos
1623 3362 1908 3434 episcopos
1936 3369 2134 3422 consti-

535 3449 658 3504 tuit.
688 3447 770 3503 Ex
795 3465 905 3519 quo
935 3449 1134 3504 factum
1163 3449 1514 3519 conjecerunt
1545 3453 1710 3521 aliqui
1739 3463 1798 3508 ut
1825 3471 1944 3525 qum
1968 3457 2133 3526 juris-

536 3541 702 3596 dictio
731 3541 1128 3611 metropolitica
1159 3541 1258 3596 sub
1282 3542 1532 3598 invasore
1554 3542 1824 3600 Auxentio
1854 3547 2133 3616 illegitime

537 3631 862 3704 irrepserat,
907 3635 1008 3689 sub
1047 3649 1178 3689 vero
1219 3635 1468 3704 apostolo
1510 3650 1574 3692 ac
1615 3646 1769 3706 patre
1796 3641 2133 3699 sanctiﬁcata

534 3727 950 3783 conﬁrmaretur
969 3742 1132 3797 super
1155 3726 1425 3783 Ecclesias
1443 3731 1714 3786 variarum
1730 3734 2131 3803 provinciarum

536 3818 605 3873 ab
634 3834 701 3874 eo
730 3819 798 3875 ad
827 3819 986 3875 tidem
1014 3821 1311 3876 restitutas.
1341 3819 1442 3876 Cui
1481 3823 1724 3892 opinioni
1766 3841 1941 3897 neque
1969 3845 2132 3901 repu-

536 3927 782 3984 gnamus,
817 3929 992 3984 neque
1021 3915 1328 3970 annuimus.

606 4005 693 4061 2‘2.
726 4006 835 4064 Nos
854 4016 1036 4064 autem
1057 4007 1329 4065 Ambrosii
1351 4011 1712 4080 apostolatum
1732 4017 2126 4085 prosequimur,

535 4098 740 4169 illique,
770 4109 827 4157 et
852 4101 1175 4172 pontiﬁcitc,
1212 4118 1320 4173 qua
1350 4101 1672 4174 fungebatur
1699 4107 1987 4177 legationi,
2021 4127 2130 4167 non

535 4193 945 4263 metropoliticze
998 4194 1247 4264 dignitati
1289 4204 1411 4252 acta
1452 4196 1569 4266 ejus
1611 4199 1665 4253 in
1706 4199 1947 4258 Ecclesia
1988 4202 2130 4259 lino-

536 4282 694 4350 lensi,
727 4293 890 4354 atque
911 4287 1097 4353 etiam,
1117 4287 1164 4342 si
1184 4287 1380 4358 placet,
1414 4288 1468 4343 in
1486 4288 1914 4348 Vicohabentina
1936 4294 2127 4350 tribui-

535 4387 675 4433 mus.
693 4374 1010 4433 Ambrosius
1033 4395 1164 4435 vero
1193 4381 1248 4434 in
1270 4381 1460 4436 alienis
1488 4383 1799 4452 provinciis,
1831 4395 1887 4441 et
1914 4389 1969 4442 in
1997 4389 2128 4445 alie-

537 4468 622 4525 nis
659 4468 916 4526 Ecclesiis
943 4473 1361 4542 praedicationis,
1396 4475 1719 4533 visitationis
1749 4489 1806 4535 et
1834 4482 2128 4539 ordinatio-

537 4565 622 4621 nis
649 4581 872 4621 munera
912 4569 1241 4634 exercuisse,
1282 4569 1565 4626 mirabitur
1604 4589 1783 4640 nemo,
1827 4576 1920 4644 qui
1947 4579 2126 4634 eccle-

534 4656 810 4713 siasticam
836 4658 1118 4714 historiam
1159 4659 1423 4729 tantisper
1451 4661 1718 4719 calluerit.
1749 4662 1981 4721 Centum
2010 4667 2126 4724 hate
2147 4651 2205 4714 Ῑ)

535 4748 760 4805 historia
827 4749 1136 4820 suppeditat
1191 4750 1570 4823 episcoporum
1611 4759 1889 4828 exempla,
1932 4761 2127 4830 quibus

533 4841 878 4912 populorum,
911 4849 967 4897 et
994 4841 1359 4899 Ecclesiarum
1388 4847 1554 4901 etiam
1583 4851 1815 4920 propriae
1843 4868 1987 4908 cura:
2015 4871 2122 4910 non

533 4933 944 4989 commissarum
972 4950 1104 4990 cura
1145 4935 1254 4991 alte
1295 4937 1470 4992 inerat
1509 4940 1712 5008 animo,
1745 4958 1808 4998 ac
1835 4955 2122 5015 propterea

532 5026 646 5081 sive
675 5025 974 5096 apostolica
1014 5026 1285 5096 legatione
1323 5028 1636 5100 fungentes,
1667 5034 1754 5088 vel
1794 5036 1902 5092 alio
1933 5040 2126 5108 quovis

531 5115 772 5186 legitimo
801 5117 959 5172 titulo
988 5117 1108 5174 illas
1134 5120 1458 5190 visitabant,
1490 5125 1728 5196 synodos
1768 5127 1842 5182 ibi
1881 5130 2125 5187 celebra-

531 5209 680 5277 bant,
713 5212 998 5283 episcopos
1025 5211 1368 5281 ordinabant,
1399 5217 1770 5285 vicinioribus,
1801 5236 1896 5276 seu
1923 5223 2126 5293 princi-

531 5304 827 5374 palioribus
855 5306 1325 5363 commendabant.
1343 5307 1472 5376 Quis
1495 5319 1576 5366 est
1601 5321 1781 5368 autem
1805 5315 1898 5384 qui
1919 5318 2128 5374 nesciat

532 5395 750 5453 Eusebii
779 5399 1172 5471 Vercellensis,
1203 5403 1316 5459 Osii
1343 5403 1743 5475 Cordubensis,
1774 5405 2126 5468 Pictaviensis

533 5488 722 5547 Hilarii
752 5500 809 5548 et
843 5491 1081 5552 Luciferi
1122 5493 1440 5566 Calaritani,
1472 5512 1571 5569 per
1597 5497 1876 5558 Orientem
1903 5505 2120 5574 itinera,

531 5582 768 5653 labores,
799 5587 1076 5645 celebrata
1105 5591 1334 5647 concilia
1352 5631 1368 5659 ,
1413 5592 1699 5665 episcopos
1738 5601 2125 5656 consecratos?

531 5674 664 5743 Quis
716 5675 970 5751 Cypriani
1027 5683 1285 5753 epistolas
1339 5699 1440 5754 pro
1494 5682 1789 5741 Galliarum
1844 5687 2120 5760 Ecclesiis,

532 5763 861 5828 Theodoreti
888 5787 989 5844 pro
1019 5773 1290 5831 Africanis
1317 5776 1567 5846 ignorat?
1607 5777 1957 5838 Athanasium
1986 5785 2122 5858 legi-

533 5872 652 5917 mus
678 5862 910 5922 Damaso
935 5866 1182 5934 pontiﬁci
1211 5869 1379 5924 veluti
1408 5878 1728 5930 succensere
1744 5915 1758 5941 ,
1798 5877 1892 5946 qui
1918 5879 2123 5941 Medio-

2237 3402 2574 3442 summorum
2604 3387 2923 3458 pontiﬁcum
2954 3390 3099 3445 vices
3127 3404 3342 3460 gerens,
3377 3407 3441 3446 ea
3483 3392 3666 3447 omnia
3709 3407 3846 3462 per-

2239 3491 2402 3548 agere
2430 3479 2578 3534 licite
2609 3489 2666 3535 et
2693 3481 2872 3537 valide
2903 3482 3082 3552 potuit
3104 3483 3158 3537 in
3187 3484 3337 3540 hisce
3382 3483 3666 3551 Ecclesiis,
3718 3500 3843 3556 qua:

2236 3572 2569 3640 czeteroquin
2597 3588 2708 3628 non
2737 3574 3022 3644 potuisset.
3056 3575 3134 3631 De
3162 3577 3265 3632 hac
3291 3577 3564 3646 legatione
3582 3577 3842 3633 dubitare

2235 3663 2382 3718 haud
2410 3665 2555 3731 licet,
2588 3667 2634 3721 si
2673 3667 2930 3724 Ecclesia:
2968 3671 3132 3726 etiam
3170 3672 3470 3742 primorum
3509 3673 3842 3729 surculorum

2236 3755 2601 3827 disciplinam,
2634 3760 2682 3814 si
2710 3775 2898 3817 sacros
2927 3778 3168 3819 canones
3206 3766 3595 3835 inspiciamus:
3636 3767 3843 3837 praeci-

2235 3864 2341 3918 pue
2369 3865 2501 3905 vero
2532 3850 2586 3905 id
2613 3851 2863 3909 dubitare
2892 3871 3000 3911 non
3030 3857 3158 3913 licet
3186 3859 3503 3914 auctoribus
3530 3859 3659 3925 illis,
3699 3859 3846 3916 inter

2233 3954 2371 4010 quos
2412 3941 2755 4011 Bacchinius,
2789 3945 3176 4006 Thomassinus
3215 3959 3273 4006 et
3313 3952 3422 4019 alii,
3447 3953 3538 4022 qui
3557 3953 3773 4008 nullum
3790 3954 3846 4010 in

2231 4032 2387 4088 Italia
2417 4038 2898 4108 metropolitanum
2927 4040 3120 4108 fuisse,
3152 4053 3351 4114 praeter
3387 4045 3702 4100 Romanum
3741 4063 3844 4103 an-

2232 4125 2475 4195 tistitem,
2507 4130 2868 4201 omnibusque
2907 4133 3057 4189 illum
3094 4135 3255 4204 hujus
3292 4138 3534 4207 regionis
3569 4135 3848 4194 Ecclesiis

2231 4221 2531 4290 praeluisse,
2565 4239 2675 4279 non
2703 4233 2978 4296 tamquam
3007 4229 3291 4298 primatem
3331 4231 3707 4299 solummodo,
3739 4232 3848 4290 sed

2232 4313 2397 4368 etiam
2443 4321 2719 4384 tamquam
2765 4318 3134 4377 immediatum
3181 4324 3686 4396 archiepiscopum,
3735 4340 3850 4396 per

2232 4405 2336 4458 tria
2367 4406 2451 4460 vel
2478 4415 2717 4476 quatuor
2743 4411 2930 4480 priora
2975 4415 3170 4471 smcula
3219 4416 3492 4472 mordicus
3544 4427 3851 4475 senserunt

2231 4506 2288 4551 et
2313 4497 2654 4565 docuerunt;
2687 4503 2929 4558 omnium
2958 4507 3102 4561 enim
3151 4507 3565 4578 prudentiorum
3612 4510 3851 4567 critico-

2231 4603 2352 4644 rum
2380 4589 2566 4660 opinio
2595 4598 2697 4658 est,
2728 4593 2776 4648 si
2802 4597 3021 4663 quando
3049 4599 3136 4653 vel
3163 4599 3355 4654 alieme
3389 4601 3689 4670 provincia:
3735 4601 3850 4675 Sy-

2233 4680 2380 4736 nodo
2408 4697 2642 4751 prmesse
2670 4685 2989 4758 episcopum
3019 4690 3275 4760 aliquem,
3307 4694 3394 4749 vel
3423 4694 3617 4751 alienae
3643 4694 3852 4753 Eccle-

2233 4772 2327 4827 sia:
2383 4789 2556 4830 novos
2602 4776 2889 4850 episcopos
2936 4781 3190 4839 ordinare
3213 4826 3228 4850 ,
3280 4793 3376 4841 aut
3429 4801 3852 4860 quemcumque

2231 4867 2397 4922 alium
2421 4869 2817 4938 jurisdictionis
2843 4882 3025 4930 actum
3053 4879 3304 4935 emittere
3333 4879 3582 4950 legimus,
3615 4883 3853 4940 nonnisi

2229 4963 2510 5032 pontificia
2538 4968 2864 5024 auctoritate
2892 4968 2945 5024 id
2974 4968 3204 5038 factum,
3235 4974 3322 5028 vel
3352 4975 3657 5046 apostolica
3688 4976 3852 5047 lega-

2229 5056 2408 5126 tione,
2458 5075 2581 5117 esse
2625 5064 2981 5122 credendum.
3033 5067 3380 5142 Quapropter
3425 5088 3552 5128 cum
3601 5070 3851 5129 Paulino

2233 5149 2532 5209 Antiochiae
2586 5157 2845 5229 episcopo
2901 5164 3335 5219 consecrationis
3389 5163 3850 5221 benedictionem

2227 5243 2533 5313 impertitus
2559 5246 2722 5304 fuerit
2747 5248 2966 5307 Lucifer
2991 5252 3351 5323 Calaritanus,
3383 5256 3535 5310 illum
3556 5257 3851 5327 legatione

2227 5333 2475 5392 Romana
2501 5341 2768 5397 munitum
2795 5345 3026 5400 asseruit
3053 5344 3394 5404 Christianus
3415 5347 3631 5420 Lupus;
3655 5365 3851 5420 eoque

2227 5430 2531 5487 ministerio
2567 5432 2810 5504 insigniti
2847 5438 3014 5494 etiam
3050 5441 3351 5498 creduntur
3384 5441 3655 5500 Eusebius
3695 5443 3848 5500 Ver-

2228 5522 2478 5580 cellensis
2506 5533 2562 5581 et
2580 5524 2816 5584 Hilarius
2854 5528 3230 5590 Pictaviensis.

2300 5615 2390 5670 ει.
2422 5616 2622 5674 Verum
2641 5620 2710 5676 de
2730 5622 2793 5676 D.
2819 5622 3107 5682 Ambrosio
3135 5626 3339 5684 diserte
3359 5627 3414 5684 id
3433 5630 3632 5684 asserit
3659 5628 3850 5686 Fran-

2230 5707 2406 5764 ciscus
2436 5709 2742 5770 Ballarinus
2770 5729 2839 5770 ex
2866 5718 3093 5790 antiquo
3123 5719 3402 5778 Breviario
3431 5720 3841 5789 Patriarchico,
3905 5707 3921 5750 ί

2229 5800 2374 5869 Quod
2394 5800 2646 5860 Comensi
2674 5805 2928 5865 Ecclesiae
2956 5827 3128 5882 usque
3148 5813 3217 5868 ad
3245 5812 3540 5870 Clementis
3559 5815 3679 5871 Vill
3704 5824 3846 5872 temo

2229 5905 2364 5960 [θοι-θ
2395 5893 2450 5948 in
2477 5911 2577 5950 usu
2605 5895 2703 5954 fuit
2738 5918 2749 5951 :
2784 5899 2973 5959 Beatus
3013 5904 3313 5965 Ambrosius
3355 5909 3673 5978 temporibus
3715 5908 3839 5965 Da-
