3964 6350
196 361 306 417 105

477 361 618 417 JOS.
662 359 990 417 AMADESII
1029 357 1484 416 DlSSEliTATlO
1524 359 1612 414 DE
1651 355 2047 414 METROPOLI
2087 357 2621 417 ECCLESIASTICA
2661 359 3208 441 RAVENNATENSI.

3375 365 3477 423 106

188 479 327 533 mosi
369 493 524 549 papa:
559 486 610 531 et
651 475 923 531 Theodosii
976 477 1304 548 imperatoris
1345 475 1629 530 Ecclesium
1668 473 1786 528 Me-
1813 478 1865 535 Α
1889 474 2108 545 quidem
2137 472 2300 530 Petro
2329 472 2664 548 Chrysologo
2694 492 2812 531 eam
2834 477 3167 544 moderante,
3200 485 3261 535 ut
3289 465 3506 538 omne.

188 571 554 625 diolanensem
585 569 808 642 regebat,
843 569 1127 639 apostolica
1155 570 1376 640 fungens
1405 568 1676 640 legatione,
1701 567 1789 640 qui

185 673 236 717 et
285 665 579 717 vicinarum
619 663 884 735 regionum
916 659 1146 733 Liguria:
1167 701 1182 727 ,
1213 660 1486 726 Afmilite,
1529 659 1783 726 Venetiw,

188 755 622 830 Raetici-umque,
639 757 906 828 etAlpium
922 753 1206 811 Cottiarum
1223 751 1526 810 Christianis
1542 762 1782 826 prteerat,

183 868 284 923 quo
327 868 422 922 per
470 852 792 922 superiorum
836 860 1120 920 temporum
1167 847 1484 901 calamitates
1531 846 1784 917 episcopis

183 943 420 998 destituti
453 946 680 1014 fuerant.
698 941 845 998 ldem
872 940 1198 996 Benedictus
1217 937 1430 1004 Jovius,
1457 938 1600 994 idem
1626 934 1786 992 Chri-

180 1038 397 1093 stianus
416 1035 604 1108 Lupus
634 1051 806 1107 nuper
851 1035 1050 1091 citatus
1080 1032 1446 1089 crediderunt.
1478 1031 1579 1086 Cui
1608 1047 1786 1087 asser-

180 1131 319 1187 tioni
348 1131 464 1185 vim
493 1129 709 1200 quidem
737 1128 1027 1184 maximam
1057 1126 1205 1182 addit
1241 1141 1330 1182 res
1377 1124 1574 1198 Syrmii
1611 1133 1778 1196 gesta,

180 1233 349 1294 atque
391 1239 424 1278 a
455 1223 693 1278 Baronio
722 1221 788 1276 ad
817 1237 943 1275 ann.
973 1219 1075 1274 550
1104 1220 1296 1286 relata,
1329 1219 1606 1289 multoque
1633 1220 1782 1290 prius

181 1333 211 1372 a
237 1315 481 1371 Paulino
512 1314 566 1369 in
596 1313 715 1368 Vita
745 1312 1035 1368 Ambrosii.
1069 1310 1338 1366 Defuncto
1359 1309 1558 1383 Syrinii
1579 1311 1784 1382 episco-

181 1423 268 1481 po,
302 1416 430 1464 orta
453 1413 542 1462 est
569 1404 850 1460 contentio
880 1403 1020 1457 inter
1040 1402 1340 1458 catholicos
1360 1409 1416 1455 et
1436 1400 1667 1456 Arianos
1687 1418 1780 1456 su-

181 1515 276 1571 per
294 1514 447 1554 novo
477 1497 727 1567 eligendo
756 1505 993 1566 pastore.
1017 1491 1359 1550 Catholicum
1389 1493 1494 1560 illi,
1521 1493 1780 1549 Arianum

182 1593 265 1648 isti
293 1590 586 1662 petebant,
617 1597 672 1646 et
709 1588 794 1643 his
822 1588 1042 1658 quidem
1071 1586 1382 1642 adhaerebat
1417 1585 1627 1641 Iustina
1665 1587 1778 1642 hae-

183 1683 346 1739 retica
373 1681 712 1753 imperatrix.
750 1680 829 1734 Re
861 1680 929 1735 ad
950 1678 1293 1734 Ambrosium
1305 1677 1507 1744 delata,
1541 1679 1780 1734 accurrit

185 1775 234 1832 S.
263 1776 485 1841 doctor,
510 1783 565 1830 et
593 1773 922 1830 catholicum
951 1772 1265 1842 episcopum
1294 1769 1418 1840 eligi
1463 1780 1634 1837 curat,
1667 1770 1778 1825 cle-

1893 565 1962 621 ad
1990 581 2158 621 unum
2186 567 2534 623 conveniunt.
2564 565 2666 636 qui
2695 567 2750 624 S.
2784 569 2977 625 doctor
3003 585 3125 625 cum
3155 571 3221 625 ad
3250 587 3476 644 superos

1891 657 2162 715 evolasset
2188 673 2332 714 anno
2359 655 2494 726 451,
2546 667 2602 715 et
2629 675 2750 715 cum
2792 661 3105 732 episcopum
3131 659 3477 717 Vicohaben‘

1889 753 2062 806 tinum
2089 753 2146 807 in
2173 751 2602 824 prmcedentibus
2629 753 2692 807 D.
2738 751 2801 807 N.
2833 751 2880 807 J.
2925 751 2986 808 C.
3032 753 3299 810 Natalitiis
3341 771 3476 812 conc

1887 851 2168 911 secrasset,
2201 844 2366 900 immo
2395 860 2539 900 anno
2567 843 2690 912 446,
2721 853 2967 900 sanctum
2996 860 3212 916 quoque
3253 844 3476 916 Projec‘

1889 944 2003 992 tum
2030 935 2353 994 lmolensem
2393 937 2708 1009 episcopum
2740 937 2841 1010 (de
2881 938 3077 1008 quibus
3104 939 3266 995 rebus
3294 941 3476 995 omni-

1887 1028 1988 1085 bus
2017 1029 2070 1084 in
2100 1030 2262 1086 tertio
2289 1030 2467 1101 capite
2495 1027 2664 1084 fusius
2683 1027 2965 1103 dicemus),
2990 1030 3208 1085 evidens
3237 1039 3318 1086 est
3347 1045 3474 1086 eum

1881 1123 1992 1193 jam
2021 1123 2502 1196 metropolitanum
2533 1121 2771 1178 induisse
2801 1130 2926 1179 ante
2972 1123 3164 1196 synodi
3210 1123 3473 1180 Mediola-

1884 1217 2068 1274 nensis
2095 1217 2536 1274 celebrationem.
2571 1215 2674 1273 Ubi
2716 1217 2881 1287 igitur
2926 1217 3221 1288 amplitudo
3268 1219 3390 1284 illa,
3435 1233 3470 1275 a

1884 1308 2236 1366 Schelstratio
2268 1309 2494 1380 jactata,
2525 1325 2595 1365 ex
2612 1309 2920 1380 hujusmodi
2942 1310 3150 1382 synodo
3171 1318 3296 1366 ante
3317 1310 3472 1366 insti-

1883 1411 2032 1458 tutos
2089 1403 2489 1473 Aquileiensem
2548 1410 2605 1458 et
2666 1402 3138 1459 Ravennatensem
3190 1412 3469 1476 metropo-

1881 1493 2006 1548 litas
2025 1494 2050 1547 ?
3483 1499 3494 1526 '

1952 1582 2041 1637 26.
2075 1583 2374 1640 Fatendum
2421 1591 2502 1640 est
2550 1599 2680 1654 ergo
2719 1601 2788 1640 ne
2829 1601 2928 1656 per
2955 1585 3222 1658 synodum
3251 1584 3470 1654 quidem

1881 1674 2258 1743 Eusebianam,
2293 1685 2387 1732 aut
2412 1692 2512 1747 per
2539 1677 2824 1747 epistolam
2855 1676 2971 1746 ejus
2999 1677 3308 1750 synodicam
3337 1693 3470 1732 con-

1883 1777 1964 1824 tra
2007 1770 2316 1826 libertatem
2368 1769 2860 1826 Ravennatensium
2908 1771 3202 1840 quidquam
3247 1771 3470 1842 probari

184 1878 322 1924 etum
372 1867 667 1923 Anemium
712 1872 1017 1921 consecrat.
1067 1862 1339 1936 Syrmium
1376 1862 1540 1918 dubio
1586 1863 1774 1933 procul
1803 1873 1850 1932 Β
1877 1877 2055 1932 posse.
2089 1862 2245 1929 Quod
2271 1863 2317 1918 si
2345 1877 2469 1918 eam
2497 1862 2565 1918 ab
2593 1863 2863 1934 episc0pis
2892 1861 3237 1930 Placentino,
3269 1863 3469 1919 Brixil-

185 1971 341 2032 caput
381 1968 510 2016 erat
537 1958 756 2032 Illyrici,
789 1966 952 2026 atque
981 1957 1143 2011 etiam
1182 1955 1548 2010 ecclesiastica
1576 1965 1779 2010 metro—

187 2055 313 2126 polis
341 2072 355 2107 :
398 2053 573 2124 igitur
603 2053 655 2106 in
687 2051 830 2106 illius
857 2049 1158 2106 Ecclesiam
1192 2048 1401 2102 nullum
1425 2047 1514 2117 jus
1543 2049 1778 2118 acquisi-

191 2158 288 2202 tnm
336 2144 524 2201 fuerat
571 2143 838 2214 episcopis
885 2141 1393 2197 Mediolanensibus.
1437 2140 1780 2213 Quapropter

189 2251 296 2296 acta
315 2237 616 2296 electionis
645 2244 701 2292 et
736 2234 1097 2291 ordinationis
1127 2233 1339 2289 Anemii
1380 2234 1594 2289 nonnisi
1631 2235 1778 2303 lega-

188 2335 310 2391 tioni
330 2334 674 2404 apostolicae,
705 2331 858 2401 cujus
896 2329 1240 2386 facultatibus
1269 2329 1522 2385 utebatur
1549 2328 1778 2385 Ambro-

185 2428 316 2494 sius,
366 2426 603 2482 veniunt
647 2422 954 2479 tribuenda.
1005 2420 1450 2478 Concludendum
1498 2421 1660 2490 igitur
1709 2437 1776 2476 ex

187 2519 406 2590 epistola
435 2516 497 2572 S.
551 2516 792 2572 doctoris
820 2515 888 2570 ad
935 2513 1424 2570 Vicohabentinum
1475 2511 1609 2569 falso
1659 2513 1776 2568 erui

185 2610 462 2668 lmolensis
490 2609 735 2679 episcopi
776 2607 861 2662 vel
908 2605 1328 2673 ordinationem,
1379 2605 1462 2661 vel
1510 2605 1777 2676 approba-

188 2705 401 2768 tionem,
457 2701 688 2771 ejusque
727 2697 1000 2764 Ecclesim,
1053 2698 1289 2767 itemque
1335 2695 1776 2752 Vicohabcntina:

187 2795 594 2865 subjectionem,
627 2807 802 2861 eoque
831 2791 1009 2846 minus
1038 2788 1486 2844 Ravennatensis.

247 2885 333 2942 ‘25.
365 2886 450 2942 De
479 2885 686 2941 tumido
705 2881 1046 2938 Schelstratii
1075 2889 1410 2951 argumento,
1443 2896 1550 2950 quo
1573 2879 1776 2935 Medio-

184 2979 418 3036 lanensis
441 2977 876 3050 iurisdictionem
914 2973 1248 3046 amplificare
1285 2982 1516 3030 conatur
1544 2991 1612 3030 ex
1640 2990 1774 3029 con-

188 3074 314 3129 cilio
354 3083 414 3129 et
454 3071 679 3143 epistola
716 3069 975 3142 synodica
1012 3066 1230 3123 Eusebii
1267 3065 1336 3121 ad
1381 3065 1619 3121 Leonem
1657 3065 1772 3120 Ma-

187 3177 376 3232 gnum,
407 3178 580 3234 pauca
620 3161 795 3216 adhuc
824 3167 1113 3231 supersunt
1131 3158 1221 3214 hic
1246 3155 1550 3212 delibanda.
1576 3155 1776 3223 Quam-

1879 1953 2055 2019 liensi,
2086 1961 2140 2009 et
2167 1953 2450 2023 Rhegiano
2478 1954 2836 2027 subscriptam
2865 1955 2984 2025 quis
3012 1954 3234 2024 objiciat
3255 1997 3270 2022 ,
3302 1962 3468 2026 atque

1879 2044 2004 2100 inde
2032 2055 2405 2115 argumentum
2446 2049 2741 2116 instauret,
2789 2047 3065 2103 ASmiliam
3091 2049 3461 2119 provinciam.

1879 2137 2034 2207 cujus
2060 2139 2309 2193 civitates
2337 2147 2494 2194 erant
2521 2137 2797 2194 Placentia
2817 2182 2830 2205 ,
2867 2139 3144 2194 Brixillum
3169 2183 3184 2205 ,
3235 2149 3290 2194 et
3317 2139 3467 2195 Rhe-

1877 2229 2055 2297 gium,
2099 2229 2492 2286 Mediolanensi
2532 2231 2789 2302 episcopo
2818 2231 3092 2302 paruisse,
3139 2240 3300 2300 atque
3329 2231 3469 2288 adeo

1880 2321 2195 2377 Ravennam
2243 2322 2476 2378 [Emilias
2522 2333 2715 2394 caput,
2760 2325 2952 2379 saltem
3007 2332 3132 2379 ante
3185 2331 3471 2394 acceptum

1877 2414 2100 2484 pallium
2153 2416 2632 2486 archiepiscopale,
2677 2417 2868 2471 eadem
2927 2416 3280 2486 subjeclionis
3338 2424 3468 2471 nota

1878 2509 2184 2578 laborasse;
2214 2511 2538 2582 multiplices
2566 2517 2857 2566 occurrunt
2882 2525 3036 2580 aque
3063 2511 3245 2580 magni
3269 2510 3470 2582 ponde~

1877 2603 1952 2658 ris
1979 2605 2376 2674 responsiones.
3484 2597 3496 2666 ἶ

1949 2695 2035 2750 27.
2069 2696 2136 2752 Et
2163 2699 2338 2769 primo
2366 2698 2583 2768 quidem
2620 2698 2924 2754 dubitatum
2953 2708 3038 2755 est
3065 2716 3094 2754 a
3125 2700 3466 2769 quibusdam,

1878 2805 1946 2843 an
1977 2790 2216 2862 synodus
2245 2791 2358 2846 huic
2394 2787 2612 2845 Eusebii
2651 2791 2998 2860 provincialis
3038 2787 3216 2858 fuerit,
3261 2793 3468 2846 scilicet

1879 2879 2050 2936 solius
2078 2881 2375 2951 provincia:
2403 2879 2825 2937 Mediolanensis
2862 2881 3117 2954 synodus.
3170 2882 3465 2948 Baronius,

1879 2971 2156 3044 Ughellus,
2190 2974 2387 3044 aliique
2416 2973 2562 3029 illam
2599 2974 2987 3044 provincialem
3026 2975 3274 3029 arbitrati
3300 2982 3466 3041 sunt,

1879 3083 2177 3139 omnesque
2203 3067 2575 3138 suifraganeos
2612 3069 2895 3139 episc0pos
2925 3067 2994 3123 ad
3024 3083 3142 3123 eam
3180 3068 3494 3151 convenisﬂ

1875 3178 1956 3228 se,
1999 3161 2315 3231 litterasque
2362 3160 2648 3232 synodicas
2695 3161 2916 3230 proprio
2947 3161 3164 3214 nomine
3203 3160 3467 3227 signasse.

183 3270 345 3325 quam
370 3255 466 3310 ubi
485 3253 773 3310 dixerimus
793 3250 1204 3307 Schelstratium
1224 3249 1329 3304 hoc
1347 3247 1598 3312 concilio,
1631 3248 1777 3304 hisce
1802 3254 1848 3316 c
1879 3254 2069 3309 Exstat
2096 3255 2317 3327 quidem,
2350 3254 2429 3308 ait
2453 3253 2736 3319 BaroniuS,
2761 3254 2824 3307 de
2851 3252 2930 3307 his
2959 3252 3178 3324 epistola
3198 3253 3468 3323 synodatis

184 3346 372 3403 litteris
421 3345 670 3417 gloriari,
713 3353 778 3400 ut
819 3343 1071 3399 ostendat
1109 3356 1230 3412 qua:
1278 3339 1439 3396 fuerit
1483 3339 1779 3410 amplitudo

182 3439 601 3496 Mediolanensis
625 3436 944 3508 metropolis
963 3445 1086 3490 ante
1121 3435 1382 3489 institutos
1423 3431 1777 3486 Ravenuensis

185 3542 238 3587 et
259 3532 599 3604 Aquileiensis
629 3529 881 3584 Ecclesia:
908 3526 1296 3598 metropolitas;
1319 3525 1614 3594 gloriosum
1636 3523 1778 3581 istud

183 3632 558 3695 argumentum
605 3638 706 3694 per
751 3637 810 3677 se
838 3620 1022 3676 statim
1051 3625 1343 3674 evanescet
1380 3617 1630 3682 omnino,
1663 3624 1777 3671 tum

183 3719 298 3787 quia
326 3716 548 3789 synodo
579 3715 655 3772 illi
682 3715 774 3770 vix
803 3729 962 3780 unus,
995 3720 1050 3768 et
1079 3709 1220 3766 forte
1249 3726 1318 3766 ne
1344 3710 1434 3764 vix
1462 3710 1680 3781 quidem
1709 3726 1777 3766 ex

183 3819 256 3866 tot
282 3810 655 3881 Aquileiensis
694 3807 989 3880 provincias
1036 3805 1305 3876 episcopis
1332 3805 1593 3870 interfuit,
1640 3805 1776 3861 adeo

183 3912 238 3959 ut
279 3919 348 3959 ex
395 3903 620 3958 illorum
658 3900 945 3972 praesentia
975 3897 1281 3967 nequiverit
1316 3897 1385 3952 ad
1424 3895 1776 3966 suifraganei-

182 4005 337 4051 tatem
381 3995 531 4050 illius
579 3993 875 4064 provinciae
921 3990 1366 4060 consequentiam
1413 3990 1666 4056 trahere;
1719 3997 1778 4044 et

182 4089 318 4157 quod
363 4087 672 4142 mirabilius
719 4093 832 4152 est,
865 4083 920 4139 id
967 4083 1205 4149 notavit,
1255 4089 1313 4138 et
1341 4081 1514 4138 fassus
1541 4091 1626 4138 est
1651 4082 1774 4138 loco

182 4182 342 4236 citato
374 4181 493 4251 ipse
541 4177 927 4235 Schelstratius
963 4177 1030 4231 iis
1064 4176 1276 4232 verbis:
1322 4174 1519 4249 Hisque
1556 4174 1774 4231 Histria:

180 4282 226 4324 et
267 4270 506 4326 Venetia:
553 4270 821 4342 provincia
869 4269 1143 4322 dumtaxat
1189 4267 1364 4321 deesse
1411 4267 1732 4338 dignoscitur
1753 4307 1768 4333 ,

179 4366 356 4438 quibus
396 4367 628 4436 exceptis
658 4365 714 4418 in
761 4364 983 4434 reliquas
1035 4360 1211 4416 Italica
1249 4361 1482 4432 regiones
1513 4359 1774 4414 Mediola-

177 4461 349 4515 nensis
387 4461 664 4530 episcopus
715 4466 974 4529 tamquam
1022 4453 1198 4509 Italia:
1233 4455 1660 4525 metropolitanus
1683 4454 1772 4524 jus

179 4549 462 4604 obtinebat.
499 4547 654 4604 Unde
681 4561 812 4616 ergo
835 4545 1055 4616 jactauc
1084 4544 1454 4615 amplitudinis
1482 4558 1771 4614 argumen-

179 4649 286 4698 tum
317 4640 490 4697 habet
519 4638 758 4712 synodus
785 4636 1088 4693 Eusebiana
1119 4643 1246 4691 ante
1273 4637 1577 4694 institutum
1606 4635 1773 4705 Aqui-

177 4733 437 4792 leiensem
484 4731 887 4803 metropolitam
907 4732 932 4784 ?
972 4729 1109 4785 Tum
1155 4729 1320 4784 etiam
1365 4729 1493 4798 quia
1533 4727 1772 4800 synodus

179 4827 362 4883 isthmc
389 4823 812 4881 Mediolanensis
838 4821 1022 4877 habita
1052 4821 1153 4876 fuit
1179 4821 1360 4876 medio
1389 4821 1586 4877 smeulo
1613 4823 1773 4890 quin-

180 4929 253 4984 to,
283 4935 433 4975 anno
463 4917 673 4973 scilicet
699 4913 822 4980 451,
855 4923 915 4970 ιιι
952 4915 1004 4969 in
1051 4913 1306 4981 Baronio,
1338 4914 1512 4978 Binio,
1545 4915 1774 4984 aliisque

122 5023 136 5081 ἱ
181 5013 535 5087 scriptoribus
562 5011 734 5065 videri
763 5016 960 5079 potest.
995 5005 1352 5078 Aquileiensis
1378 5016 1558 5063 autem
1577 5007 1770 5064 Eocle-

178 5108 274 5171 sia,
307 5112 548 5162 testante
579 5103 697 5173 ipso
725 5100 1111 5165 Schelstratio,
1143 5100 1244 5154 sub
1271 5100 1505 5154 Damaso
1535 5115 1674 5171 papa
1703 5100 1772 5155 ad

179 5195 636 5267 metropoliticam
683 5191 1000 5260 dignitatem
1043 5199 1231 5246 evecta
1261 5191 1500 5246 creditur
1529 5190 1641 5263 (de
1667 5205 1774 5260 qua

178 5291 435 5360 opinione
463 5286 726 5355 legendus
754 5282 1061 5339 Bernardus
1084 5283 1320 5350 Rubeus,
1344 5285 1437 5353 qui
1468 5283 1776 5354 Aquileien-

179 5381 250 5432 sis
299 5379 560 5434 Ecclesia:
604 5376 761 5445 jura,
795 5375 1110 5430 doctissimo
1151 5375 1298 5429 edito
1341 5391 1506 5445 opere
1530 5417 1544 5441 ,
1602 5389 1776 5445 nuper

145 5474 456 5546 jvindicare
502 5469 852 5538 contendit),
904 5483 1098 5538 nempe
1154 5467 1267 5524 fere
1317 5470 1529 5538 integro
1575 5469 1772 5524 saeculo

180 5573 308 5620 ante
335 5565 670 5620 celebratam
697 5562 960 5633 synodmn
989 5559 1366 5615 Eusebianam.
1393 5560 1775 5617 Ravennaten—

179 5659 255 5712 sis
285 5672 414 5713 vero
442 5654 637 5724 viginti
663 5653 854 5707 saltem
878 5652 988 5722 jam
1019 5667 1192 5707 annos
1219 5651 1407 5708 eadem
1428 5650 1776 5722 prmfulgebat

179 5749 562 5822 prarogativa',
593 5747 805 5804 scilicet
831 5747 901 5802 ab
929 5761 1074 5803 anno
1103 5745 1200 5800 451
1225 5787 1238 5812 ,
1272 5753 1334 5800 ιιι
1373 5744 1771 5816 Tillemontius,

181 5853 241 5901 et
265 5841 408 5899 forte
432 5839 608 5898 multo
637 5846 783 5904 ante,
814 5846 876 5894 ut
902 5838 992 5893 alii
1022 5839 1386 5907 arbitrantur,
1429 5839 1525 5896 sed
1553 5840 1776 5898 indubie

589 5937 862 5998 Pauor.
903 5934 1032 5996 ιιι.

1881 3349 2107 3405 omnium
2139 3346 2646 3420 comprovincialium
2683 3348 3039 3418 episcoporum
3075 3345 3494 3418 διιὸδενίριίοοιὶς,

1881 3439 1972 3494 bus
2001 3440 2326 3511 consignata.
2358 3437 2570 3508 Negant
2599 3445 2781 3494 tamen
2811 3437 3122 3493 Ticinenses
3151 3419 3494 3508 scriptorem?

1877 3532 1970 3602 qui
1998 3531 2228 3602 patriam
2257 3529 2554 3586 Ecclesiam
2581 3530 2804 3601 speciali
2831 3530 3094 3586 libertatis
3122 3530 3404 3601 privilegio
3433 3548 3468 3586 a

1876 3621 2066 3694 primis
2112 3635 2284 3691 usque
2330 3621 2542 3676 saeculis
2586 3620 2843 3676 donatam
2882 3621 3103 3686 volunt;
3136 3629 3354 3690 negant,
3379 3621 3467 3675 in-

1877 3729 2060 3782 quam,
2090 3711 2396 3783 Crispinum
2427 3709 2747 3782 Papiensem
2776 3713 3121 3785 episcopum,
3154 3712 3310 3782 cujus
3339 3713 3469 3768 sub-

1877 3803 2099 3874 scriptio
2127 3803 2322 3872 legitur
2351 3801 2419 3857 ad
2448 3802 2694 3874 epistolas
2730 3803 2967 3869 calcem,
3019 3803 3253 3859 concilio
3299 3803 3469 3858 inter-

1877 3899 2072 3964 fuisse,
2118 3905 2178 3952 ut
2221 3895 2639 3952 Mediolanensis
2685 3897 3111 3966 sutiraganeum,
3162 3896 3470 3966 multasque

1875 3991 2115 4046 rationes
2151 3989 2206 4042 in
2246 3988 2482 4043 medium
2521 3987 2784 4054 afferunt,
2829 4002 2964 4058 quas
3009 3987 3213 4043 criticis
3259 3969 3490 4062 exami-i

1877 4083 2083 4139 nandas
2111 4083 2485 4153 relinquimus.
2517 4081 2664 4138 Idem
2695 4083 2934 4138 sentiunt
2961 4080 3246 4137 Comensis
3275 4065 3489 4182 Ecele—lI

1876 4177 1969 4231 size
2014 4175 2257 4230 historici
2299 4182 2463 4244 atque
2504 4175 2906 4245 patriarchatus
2953 4173 3314 4242 Aquileiensis
3350 4190 3468 4229 am-

1875 4270 2224 4341 plificatores,
2256 4267 2452 4336 quibus
2478 4280 2798 4336 persuasum
2838 4263 2940 4321 fuit
2979 4263 3303 4321 Comensem
3358 4265 3485 4337 cpi?

1874 4378 2116 4432 scopum,
2152 4361 2380 4416 alterum
2409 4375 2476 4414 ex
2505 4359 2862 4430 praesentibus
2887 4357 3205 4414 Eusebianm
3233 4359 3463 4432 synodo,

1876 4469 2168 4523 numquam
2200 4452 2676 4517 Mediolanensem,
2707 4466 2926 4522 semper
2973 4466 3104 4507 vero
3151 4449 3468 4521 Aquileien-

1875 4563 1991 4603 sem
2046 4546 2100 4600 in
2151 4544 2618 4615 archiepiscopum
2645 4559 2803 4600 suum
2832 4544 3136 4614 agnovisse.
3188 4544 3468 4601 Accedunt

1800 4649 1852 4710 1)
1877 4640 2318 4695 Ravennatenses
2345 4636 2414 4692 ad
2443 4637 2748 4706 negativam
2776 4637 3129 4704 sententiam,
3162 4647 3468 4695 asserentes

1879 4731 2304 4797 Brixillicnsem,
2355 4729 2716 4800 Rhegiensem
2743 4737 2802 4786 et
2835 4727 3208 4786 Placentinum
3255 4733 3485 4803 episco-'

1876 4842 1978 4898 pos
2007 4824 2239 4879 Emiliaa
2261 4867 2274 4889 ,
2325 4822 2533 4897 synodo
2569 4821 2960 4879 Mediolanensi
3006 4823 3270 4882 interesse
3316 4827 3471 4880 nullo

1878 4915 2040 4971 modo
2069 4915 2327 4986 potuisse,
2361 4923 2420 4968 ut
2447 4913 2855 4984 suffraganeos;
2885 4913 2974 4969 vel
3000 4915 3146 4970 enim
3174 4931 3207 4971 a
3235 4917 3468 4987 primor-

1879 5008 1981 5064 diis
2008 5007 2090 5061 rei
2116 5005 2437 5062 Christianae
2475 5004 2695 5061 Emilia
2723 5005 2899 5062 omnis
2943 5007 3201 5079 episcopo
3249 5007 3467 5064 Raven-

1879 5102 1993 5156 nati
2039 5098 2252 5155 addicta
2280 5098 2406 5165 fuit,
2455 5097 2544 5154 vel
2588 5097 2779 5166 quinto
2805 5105 3018 5153 tantum
3054 5098 3252 5154 smeulo
3281 5107 3465 5155 nostra

1876 5189 2414 5261 hmc'metropolitica
2443 5189 2500 5244 in
2528 5187 2803 5244 Emiliam
2823 5188 3058 5259 dignitas
3077 5190 3314 5245 emersit.
3340 5189 3468 5246 Evi-

1875 5288 2010 5343 dens
2037 5293 2122 5341 est
2167 5299 2459 5355 numquam
2487 5291 2598 5339 tres
2625 5284 2747 5340 illos
2775 5284 3060 5356 episcopos
3087 5283 3230 5339 inter
3257 5283 3466 5340 Medio-

1853 5379 2129 5434 'lanenses
2156 5374 2528 5446 suﬁraganeos
2557 5376 2830 5431 numerari
2867 5388 3045 5445 posse,
3078 5389 3202 5429 cum
3242 5375 3313 5431 ab
3341 5358 3485 5432 om:

1879 5473 2038 5529 nibus
2065 5471 2348 5540 utriusque
2374 5469 2659 5526 sementim
2686 5468 2755 5524 de
2782 5467 2947 5523 initiis
2984 5465 3146 5537 hujus
3184 5467 3464 5539 dignitatis

1877 5565 2190 5622 auctoribus
2216 5563 2428 5619 admitti
2457 5568 2709 5632 nequeat,
2740 5573 2916 5628 neque
2944 5558 3279 5630 admittatur,
3303 5561 3480 5618 dimi-’

1876 5657 2024 5713 diata
2052 5653 2294 5723 Emilia,
2327 5655 2538 5724 aliquas
2565 5668 2634 5707 ex
2661 5650 2779 5721 ejus
2805 5648 3064 5707 Ecclesiis
3091 5649 3477 5710 Mediolanen-‘

1873 5749 1923 5805 si
1949 5748 2127 5816 datas,
2175 5749 2311 5804 alias
2356 5744 2690 5811 Ravennati,
2720 5750 2911 5799 contra
2952 5745 3463 5805 universalissimam

1876 5841 2119 5900 omnium
2143 5839 2486 5914 hypothesim
2506 5878 2521 5906 ,
2553 5837 2760 5894 scilicet
2805 5836 3168 5895 hierarchiam
3208 5833 3497 5904 ecclesia.f.

2925 5935 2963 5996 tt
3357 5915 3491 5993 ιγ’
