3964 6350
523 297 618 360 ill

1340 297 1407 355 IN
1449 296 1508 356 S.
1549 293 1835 353 PETRUM
1872 293 2392 353 CHRYSOLOGUM
2434 291 2968 354 PROLEGOMENA.
3673 303 3756 367 ιιι

505 414 801 481 habemus,
835 412 1044 470 nullum
1088 409 1336 485 profecto
1359 452 1374 478 ,
1405 410 1493 467 vel
1522 409 1801 465 minimum
1832 408 2115 465 documen-
2143 411 2194 473 Α
2219 409 2502 467 conciliari
2529 409 2771 467 sessione
2799 409 3199 468 Ravennatensi
3227 410 3618 486 archiepiscopo
3650 435 3736 477 con

505 519 612 564 tum
642 510 940 582 antiquum,
973 506 1279 578 positivum,
1311 512 1360 558 et
1384 502 1747 569 inalterabile,
1779 509 1842 557 ut
1880 501 1984 573 ipsi
2023 500 2107 557 fa-

514 607 707 664 lentur,
739 599 907 654 immo
935 597 1140 652 nullum
1168 595 1370 652 veteris
1397 595 1679 668 scriptoris
1715 594 2104 660 testimonium,

506 693 708 749 nullum
739 689 1021 763 probabile
1050 689 1324 756 indicium,
1357 696 1418 744 ut
1440 689 1556 760 jam
1585 689 1924 746 ostendimus
1944 729 1960 755 ,
1993 687 2109 745 Me-

504 782 906 838 diolanensibus
925 795 1210 852 superesse
1227 822 1242 848 ,
1274 781 1471 850 quibus
1497 781 1567 838 de
1593 780 1840 851 subjecta
1867 779 1972 838 sibi
1998 778 2107 836 Ra-

508 885 746 934 vennate
768 874 1010 931 Ecclesia
1037 873 1125 931 vel
1155 874 1439 930 minimum
1467 875 1788 945 glorientur.

575 968 663 1023 '56.
704 967 1048 1037 Quapropter
1088 966 1389 1022 omittimus
1437 966 1508 1022 ad
1553 967 1817 1023 trutinam
1862 982 2064 1024 vocare
2086 1005 2103 1030 .

502 1076 620 1132 qua:
649 1061 715 1115 de
743 1059 1158 1116 consecratione
1199 1059 1506 1129 aliquorum
1552 1057 1787 1116 Emilize
1815 1061 2105 1133 episcopo-

502 1166 655 1217 rum,
701 1167 766 1208 ae
808 1151 877 1207 de
907 1150 1179 1206 nonnullis
1206 1150 1325 1207 aliis
1347 1149 1742 1221 jurisdictionis
1782 1151 1992 1208 actibus
2029 1149 2107 1206 illi

503 1243 870 1314 magniﬁcam,
916 1259 1094 1314 neque
1122 1244 1541 1300 examinandum
1568 1259 1878 1312 censemus,
1909 1244 2107 1316 quibus

502 1337 815 1391 auctoribus
863 1335 1069 1402 ﬁdunt,
1112 1336 1389 1406 quomodo
1431 1343 1644 1393 vetusta
1687 1338 1892 1408 aliquot
1938 1337 2105 1394 verba

503 1433 961 1500 interpretantur;
994 1429 1205 1499 longius
1231 1429 1376 1484 enim
1405 1444 1469 1484 ac
1506 1444 1966 1500 proposueramus
2007 1445 2108 1485 no-

502 1531 613 1578 stra
643 1522 1056 1594 protraheretur
1083 1522 1276 1576 oratiu.
1311 1520 1485 1578 Unum
1514 1532 1629 1588 est,
1670 1523 1726 1578 in
1753 1538 1863 1594 quo
1902 1522 2106 1579 insisti-

502 1630 622 1669 mus
644 1656 658 1680 ,
710 1613 914 1668 nullum
961 1615 1182 1669 omnino
1229 1613 1314 1668 vel
1347 1614 1722 1669 tenuissimum
1768 1614 2107 1686 probationis

502 1723 673 1779 genus
719 1717 910 1763 contra
959 1707 1331 1762 Ravennatem
1368 1709 1683 1779 episcopum
1712 1724 1812 1781 pro
1842 1707 2104 1765 Mediola-

2214 503 2447 559 ﬁrmavit
2476 502 2728 560 Clemens
2768 504 2848 571 ll,
2879 505 3102 562 absente
3129 505 3484 576 imperatore,
3525 509 3757 574 sinistram

2210 611 2343 654 vero
2383 597 2477 653 illo
2514 606 2813 669 praesente,
2839 598 3116 670 vetuitque
3135 597 3516 656 Mediolanensi
3541 611 3592 658 et
3621 603 3756 676 Aqui-

2210 688 2418 756 leiensi,
2446 704 2514 746 ne
2542 691 2597 746 in
2626 699 2903 762 posterum
2930 705 3094 761 super
3120 689 3424 759 hujusmodi
3446 698 3756 766 prterogativa

2208 783 2564 852 quaestionem
2619 790 2921 840 moverent.
2974 780 3270 839 Clementis
3330 782 3558 856 diploma
3607 790 3758 848 retulit

2209 871 2469 944 Ughellus
2496 874 2549 930 in
2591 873 3010 946 archiepiscopis
3043 871 3566 943 Ravennatensibus,
3593 877 3671 934 ubi
3703 878 3758 937 de

2209 963 2490 1023 Rumfrido
2518 967 2928 1040 archiepiscopo
2956 966 3123 1024 verba
3151 964 3300 1024 facit.

2279 1059 2356 1113 Ea
2385 1075 2473 1114 res
2500 1058 2979 1117 Mediolanensinm
3007 1059 3216 1116 animos
3243 1058 3381 1116 adeo
3408 1059 3692 1131 stimulavit,
3711 1074 3758 1123 ut

2207 1151 2399 1208 fabula:
2427 1153 2645 1209 nomine
2673 1151 2884 1226 synodi,
2919 1161 2978 1210 et
3001 1151 3298 1208 Clementis
3333 1151 3610 1223 judicium,
3637 1155 3758 1214 falsi-

2206 1245 2334 1300 tatis
2363 1261 2492 1301 vero
2530 1253 2659 1301 nota
2697 1247 2815 1316 ejus
2852 1245 3124 1318 pontiﬁcis
3162 1245 3372 1302 litteras
3406 1249 3758 1308 commaculare

2208 1353 2318 1392 non
2351 1337 2732 1394 dubitaverint.
2763 1336 3080 1394 Puricelli
3107 1337 3252 1393 inter
3274 1337 3438 1393 hosce
3464 1337 3756 1397 obtrectato-

2218 1445 2308 1484 res
2336 1429 2539 1484 eminet
2560 1431 2614 1486 in
2643 1429 2764 1486 Vita
2792 1445 2955 1500 quam
2994 1430 3283 1501 descripsit
3309 1429 3573 1486 Laurentii
3610 1430 3754 1489 Littm.

2206 1519 2378 1590 Hujus
2415 1529 2596 1579 autem
2633 1531 2852 1579 secutus
2898 1533 2982 1579 est
3025 1523 3254 1593 vestigia
3303 1521 3610 1579 Eustachius
3643 1539 3670 1578 a
3706 1523 3754 1580 S.

2208 1611 2418 1670 Ubaldo
2441 1614 2607 1687 (Sect.
2634 1613 2687 1680 4,
2717 1633 2764 1671 c.
2798 1614 2883 1681 li,
2915 1632 2969 1670 ιι.
3000 1613 3149 1686 389),
3177 1629 3338 1684 quem
3369 1613 3435 1669 ab
3455 1614 3596 1670 initio
3616 1629 3758 1684 usque

2206 1707 2644 1763 memoravimus.
2676 1707 2834 1776 Quod
2860 1715 3070 1778 spectat
3097 1705 3164 1762 ad
3194 1706 3574 1776 Aquileienses,
3594 1705 3644 1761 hi
3667 1705 3758 1762 Me-

504 1817 672 1858 nense
719 1801 970 1856 militare.
1004 1799 1047 1854 E
1073 1801 1349 1856 contrario
1387 1809 1569 1856 autem
1614 1802 1824 1872 aliquot
1865 1802 2100 1873 positiva
2131 1801 2179 1864 Β
2205 1797 2600 1855 diolanensium
2627 1808 3066 1870 argumentorum
3101 1798 3309 1854 viribus
3334 1795 3534 1859 conﬁsi,
3563 1797 3655 1852 illis
3681 1812 3755 1852 ac-

503 1901 702 1948 nostme
739 1893 1100 1963 exemptionis
1146 1892 1215 1948 ab
1253 1893 1474 1961 jactata:
1515 1895 1792 1949 servitutis
1833 1893 1964 1965 jugo
2005 1910 2106 1952 nos

504 1984 688 2054 utique
733 1982 977 2053 proferre
1022 1999 1305 2054 possemus
1332 1984 1528 2040 indicia
1553 2025 1569 2049 ,
1601 1985 1743 2040 inter
1768 1999 1889 2054 qua
1916 1987 2107 2056 ιιι·ωοὶ-

502 2090 668 2147 puum
699 2075 829 2129 illud
866 2081 1039 2140 esset,
1080 2073 1425 2130 Ravennates
1461 2075 1732 2130 antistites
1760 2076 1828 2128 ah
1857 2075 2106 2134 Romano

502 2167 759 2239 pontiﬁce
788 2167 1095 2222 consecrari
1123 2167 1468 2222 eonsuevisse
1490 2207 1506 2233 ,
1535 2181 1674 2236 quos
1699 2167 2107 2238 metropolitani

505 2257 935 2314 Mediolanenses
973 2259 1120 2328 passi
1165 2274 1273 2313 non
1315 2267 1528 2326 essent,
1560 2259 1606 2314 si
1629 2259 1719 2328 jus
1746 2261 2108 2334 metropoliti-

504 2367 625 2407 cum
657 2367 817 2421 supra
841 2350 1211 2406 Ravennatem
1232 2350 1530 2408 Eeclesiam
1550 2352 1930 2421 obtinuissent,
1947 2353 2106 2423 juxta

505 2443 936 2510 antiquissimam
964 2450 1020 2497 et
1047 2442 1424 2498 inconcussam
1453 2443 1708 2501 Ecclesia:
1741 2445 2100 2518 disciplinam.

503 2531 560 2586 ld
590 2533 823 2602 probant
852 2533 908 2586 S.
941 2531 1130 2589 Severi
1159 2542 1279 2590 acta
1299 2575 1314 2601 ,
1345 2535 1438 2606 qui
1466 2543 1594 2592 ante
1630 2536 2009 2606 Ambrosium;
2049 2539 2102 2594 id

503 2631 624 2679 acta
646 2621 704 2678 S.
729 2621 873 2678 Petri
892 2621 1232 2695 Chrysologi,
1257 2625 1351 2695 qui
1381 2640 1554 2681 annos
1582 2625 1695 2682 fere
1714 2628 2103 2700 quinquaginta

501 2723 627 2786 post
657 2713 1023 2782 Ambrosium,
1064 2731 1096 2770 a
1133 2714 1393 2772 Romanis
1419 2716 1764 2788 pontiﬁcibus
1799 2723 2103 2779 consecrati

503 2806 720 2863 fuerunt
755 2826 766 2860 :
802 2806 948 2863 Petri
983 2806 1330 2881 Chrysologi,
1375 2811 1625 2881 inquam,
1673 2812 1967 2872 dummodo
2015 2816 2102 2872 in-

502 2905 695 2966 emptas
741 2899 810 2953 ab
857 2897 913 2954 S.
947 2900 1052 2956 hoc
1079 2901 1337 2972 episeopo
1371 2901 1649 2972 dignitatis
1691 2907 2104 2978 metropoliticm

503 2991 793 3057 sententia,
813 2992 942 3047 licet
960 2993 1417 3059 communissima,
1436 2996 1610 3050 errori
1629 3011 1740 3052 non
1759 2997 1832 3053 sit
1842 2998 2098 3066 obnoxia,

503 3083 570 3138 de
605 3097 713 3152 qua
752 3082 994 3139 inferius.
1027 3082 1269 3140 Alterum
1309 3088 1670 3156 exemptionis
1710 3089 1866 3145 istius
1901 3097 2102 3148 nostra

2207 1892 2534 1960 quieverunt
2560 1892 2802 1959 omnino,
2834 1907 3012 1962 neque
3046 1892 3273 1948 ulterius
3295 1893 3631 1962 qumstionem
3653 1907 3756 1962 pro-

2205 1985 2410 2047 secuti,
2442 1993 2604 2055 prout
2641 1984 2812 2040 videri
2841 1993 3022 2060 potest
3059 1983 3204 2055 apud
3233 1980 3296 2038 P.
3325 1982 3635 2040 Bernardum
3663 1980 3755 2037 Ru—

2203 2073 2366 2130 beum
2409 2074 2570 2147 (Cap.
2617 2073 2748 2146 56),
2793 2076 2926 2132 nihil
2953 2091 3053 2148 pro
3101 2091 3326 2135 suorum
3371 2074 3755 2145 patriarcharum

2202 2167 2611 2239 praeeminentia
2636 2167 2955 2225 vindicanda
2975 2177 3102 2224 sunt
3127 2168 3334 2223 conati.
3357 2165 3553 2222 Retulit
3575 2165 3755 2236 quidem

2204 2259 2272 2314 el.
2306 2258 2630 2315 Muratorius
2660 2259 2831 2331 (Tom.
2873 2259 2973 2320 γι.
2998 2261 3068 2316 ad
3094 2277 3224 2316 anis.
3251 2258 3410 2328 i0“)
3437 2260 3608 2315 nescio
3632 2258 3756 2330 cujus

2205 2351 2468 2407 Dominici
2509 2353 2828 2422 patriarcha:
2879 2353 3286 2419 testimonium,
3327 2351 3600 2408 scribentis
3633 2365 3684 2407 se
3713 2351 3759 2406 in

2202 2443 2546 2514 possessione
2574 2458 2694 2500 esse
2734 2443 2800 2499 ad
2839 2444 3120 2500 dexteram
3150 2459 3313 2516 papa:
3345 2441 3593 2507 sedendi,
3629 2450 3758 2512 atque

2204 2534 2346 2590 idem
2367 2535 2564 2606 repetit
2591 2535 2644 2590 in
2677 2535 2849 2590 relata
2873 2534 3266 2592 dissertatione
3299 2535 3367 2591 de
3390 2533 3508 2604 jure
3529 2543 3758 2604 metropo-

2203 2626 2351 2682 litico
2373 2625 2621 2681 laudatus
2648 2625 2816 2682 Motta
2847 2644 2902 2682 n.
2934 2626 3023 2682 51.
3048 2626 3254 2684 Verum
3282 2637 3624 2700 prmterquam
3643 2622 3757 2696 quod

2205 2733 2274 2773 ne
2302 2717 2528 2773 verbum
2549 2717 2768 2789 quidem
2797 2719 2900 2775 iste
2921 2719 3243 2776 Dominicus
3261 2720 3466 2784 fecerit,
3493 2735 3557 2774 an
3575 2733 3630 2774 ea
3656 2731 3758 2788 prte-

2201 2811 2446 2880 rogativa
2475 2811 2740 2880 potiretur
2759 2810 2813 2866 in
2839 2826 3110 2869 concursu
3156 2811 3586 2868 Ravennatensis
3610 2807 3756 2864 archi-

2203 2904 2472 2975 episcopi;
2518 2903 2662 2959 uulla
2693 2904 2915 2961 omnino
2939 2946 2955 2973 ,
2998 2905 3053 2961 ni
3079 2905 3268 2972 fallor,
3299 2904 3366 2960 de
3395 2905 3494 2960 isto
3520 2899 3756 2958 Dominioo

2203 2993 2408 3048 mentio
2436 2992 2578 3063 apud
2598 2991 2863 3059 Rubeum,
2888 3007 3065 3064 neque
3097 2994 3378 3049 invenitur
3405 2994 3456 3048 in
3486 2991 3586 3047 ullo
3603 3005 3661 3045 ex
3686 3002 3756 3042 ra-

2207 3088 2400 3157 talogis
2437 3087 2862 3158 Aquileiensium
2899 3089 3336 3160 patriarcharum
3368 3088 3435 3144 ad
3460 3087 3644 3142 calcem
3663 3081 3756 3152 ejus

501 3176 796 3248 positivum
824 3177 1078 3234 indicium
1106 3179 1366 3235 exhibent
1391 3180 1815 3252 subscriptiones
1837 3226 1852 3250 ,
1883 3184 1954 3242 de
1977 3186 2101 3256 qui-
2124 3182 2170 3245 C
2203 3181 2383 3252 operis
2403 3181 2702 3236 recensitis.
2734 3179 2914 3248 Quare
2939 3178 3430 3238 Mediolanensium
3458 3179 3752 3249 scriptorum.

501 3269 604 3325 bus
648 3270 703 3326 in
748 3272 997 3340 sequenti
1042 3287 1163 3343 cap.
1195 3271 1230 3325 2
1269 3274 1622 3332 conciliorum
1664 3277 1896 3334 Romani
1923 3297 1968 3348 ι,
2001 3283 2102 3340 sub

501 3357 646 3416 Julio
673 3361 724 3427 l,
755 3371 811 3416 et
837 3361 1202 3431 Sandiceusis,
1233 3365 1376 3421 inter
1399 3381 1535 3436 quas
1562 3369 1713 3440 prior
1739 3372 1960 3428 omnino
2007 3390 2104 3432 oe-

503 3453 674 3508 currit
700 3453 1023 3524 subscriptio
1051 3455 1292 3526 episcopi
1322 3454 1650 3514 Ravennatis
1683 3468 1810 3516 ante
1838 3461 2100 3520 Mediola-

504 3560 728 3602 nensem
754 3565 766 3599 :
791 3547 927 3620 quod
953 3565 1275 3620 nequaquam
1302 3549 1417 3620 ﬁeri
1445 3554 1710 3622 potuisset,
1741 3555 1786 3608 si
1818 3555 2103 3612 Ravenna-

502 3640 674 3696 tensis
697 3649 813 3694 tunc
834 3641 1194 3713 su/I'raganetts
1215 3643 1439 3714 episwpi
1459 3643 1866 3703 Mediolanensis
1889 3650 2098 3720 fuisset:

503 3733 959 3804 quemadmodum
1006 3744 1414 3804 argumentatur
1458 3735 1841 3795 Schelstratius
1878 3756 1946 3798 ex
1973 3743 2100 3798 sub-

502 3824 800 3896 scriptione
827 3824 1104 3880 Valeriani
1148 3834 1274 3881 ante
1312 3827 1375 3881 D.
1408 3827 1750 3886 Ambrosium
1780 3832 1833 3887 in
1863 3848 2101 3903 praenar-

501 3926 623 3975 rata
651 3917 860 3990 synodo
890 3917 1219 3988 Aquileiensi
1241 3920 1310 3976 ad
1337 3921 1716 3979 vindicandam
1745 3940 1843 3995 per
1869 3941 1933 3982 ea
1963 3935 2101 3984 tem-

500 4024 638 4084 pora
666 4010 827 4080 hujus
851 4010 1106 4067 Ecclesia:
1151 4013 1456 4068 libertatem
1486 4015 1554 4070 ab
1579 4015 1708 4085 jugo
1734 4017 2102 4077 Mediolanen-

501 4119 585 4160 se.
636 4101 889 4174 (Schelst.
921 4111 1053 4158 tom.
1083 4103 1127 4159 ll
1157 4103 1338 4174 Antiq.
1372 4103 1515 4163 Eccl.
1543 4105 1765 4164 Dissert.
1800 4108 1859 4176 4,
1891 4129 2010 4183 cap.
2045 4112 2095 4178 5,

503 4214 561 4256 ιι.
591 4197 626 4253 8
653 4205 710 4256 et
736 4198 916 4269 seqq.)

1135 4294 1367 4354 CAPUT
1405 4297 1467 4353 ll.

503 4405 794 4484 Detitteris
825 4405 1196 4484 Clementis}!
1220 4408 1442 4484 Romani
1470 4414 1731 4483 pontiﬁcis
1759 4418 2099 4484 prweminen-

572 4478 698 4557 {iam
725 4479 780 4531 in
823 4479 1056 4533 conciliis
1087 4477 1378 4557 Ravennati
1424 4477 1664 4555 episcopo
1711 4477 1866 4557 super
1893 4487 2099 4544 Medio-

571 4547 840 4604 lanensem
867 4550 1165 4604 asserentis.

570 4661 690 4719 Non
717 4663 969 4734 exiguum
1004 4673 1356 4736 propugnant:
1401 4666 1665 4725 libertatis
1710 4671 1965 4729 indicium
2011 4684 2095 4730 est

501 4757 855 4828 praerogativa
884 4757 1141 4814 sessionis
1165 4773 1327 4828 quam
1349 4760 1402 4815 in
1432 4762 1675 4818 conciliis
1703 4779 1864 4835 super
1890 4766 2095 4824 Medio-

499 4847 780 4904 lanensem
830 4856 888 4904 et
933 4847 1332 4919 Aquileiensem
1389 4849 1691 4908 Ravennati
1759 4856 2094 4929 archiepisco

497 4938 839 5009 continiavit
882 4937 1133 4998 Clemens
1160 4940 1203 4997 ll
1231 4957 1474 5000 summus
1500 4944 1743 5015 pontifex
1790 4948 1845 5003 in
1886 4949 2094 5020 synodo

499 5029 687 5088 Romae
707 5031 889 5086 habita
911 5047 1001 5087 an.
1034 5031 1193 5096 i047,
1213 5035 1462 5091 universa
1491 5034 1607 5106 ipsa
1633 5037 1841 5108 synodo
1869 5038 2093 5108 antiquo

501 5124 895 5183 Ravennatium
918 5125 1027 5196 juri
1056 5124 1399 5197 suﬁragante.
1431 5126 1564 5183 Nam
1593 5129 1640 5184 si
1666 5129 1881 5199 quando
1908 5128 2098 5188 Eccle-

498 5219 576 5275 sia
607 5229 791 5276 nostra
811 5219 1212 5276 Mediolanense
1236 5221 1423 5291 jugnm
1443 5222 1715 5290 subiisset,
1740 5224 1869 5280 illud
1897 5225 1952 5280 in
1991 5225 2098 5281 fer-

499 5327 630 5368 vore
668 5313 1014 5384 quaestionis,
1061 5314 1252 5382 toties,
1294 5324 1354 5370 ut
1389 5317 1570 5385 aiunt,
1616 5317 1802 5375 Roma:
1847 5322 2094 5379 excitatae

499 5406 663 5475 pleno
709 5423 804 5463 ore
845 5408 1143 5477 jactassent
1194 5410 1586 5481 archiepiscopi
1632 5411 2092 5484 Mediolanenses,

498 5499 645 5568 quod
674 5515 961 5570 numquam
991 5501 1103 5559 Deo
1133 5501 1348 5559 favente
1388 5502 1589 5561 factum
1618 5506 1876 5576 legimus,
1919 5524 2096 5579 neque

499 5591 784 5662 pontiﬁces
829 5597 1025 5650 summi
1070 5598 1426 5654 celeberrimo
1479 5601 1747 5659 Ambrosii
1793 5607 2096 5662 successori

500 5685 770 5741 antistites
791 5695 1007 5742 nostros
1027 5691 1463 5760 prteposuissent,
1480 5693 1572 5762 qui
1596 5694 1686 5749 tali
1707 5695 2098 5766 subjectionnis

499 5777 653 5846 signo
699 5778 872 5834 notati
919 5777 1161 5835 fuissent.
1213 5782 1502 5840 Dexteram
1548 5799 1679 5856 ergo
1728 5787 1997 5856 pontiﬁcis
2043 5793 2098 5849 in

2204 3273 2610 3344 qualiscumque
2644 3272 2984 3329 auctoritatis
3015 3273 3054 3328 ii
3091 3273 3230 3339 sint,
3278 3275 3512 3329 rationes
3544 3284 3597 3326 ac
3626 3265 3751 3322 testi-

2202 3365 2407 3428 monia,
2439 3380 2561 3421 cum
2585 3379 2869 3434 nusquam,
2900 3364 3044 3434 quod
3075 3379 3177 3436 ego
3197 3367 3395 3430 sciam,
3427 3381 3460 3421 a
3484 3357 3753 3419 Ravennati-

2201 3455 2304 3512 bus
2322 3471 2588 3528 perpensa
2613 3454 2840 3521 fuerint,
2869 3455 3093 3512 forsitan
3123 3472 3224 3528 pro
3249 3472 3442 3513 eorum
3468 3455 3688 3516 levitate;
3713 3447 3757 3503 id

2201 3547 2334 3603 mihi
2361 3547 2644 3604 consilium
2672 3547 2725 3602 in
2755 3548 2994 3604 animum
3018 3549 3186 3614 venit,
3218 3558 3288 3605 ut
3313 3550 3368 3606 in
3404 3545 3660 3621 synopsim
3687 3556 3756 3599 re-

2200 3641 2359 3697 dacta
2387 3641 2476 3696 hic
2495 3649 2820 3713 repeterem,
2852 3650 3301 3714 exeuteremque.

2200 3757 2227 3821 §
2249 3755 2287 3806 Ι.
2325 3756 2444 3815 Quae
2465 3754 2647 3806 faciunt
2667 3764 2835 3805 contra
2858 3757 3120 3806 veritatem
3141 3755 3426 3820 diplomatis
3447 3750 3691 3806 Clementis
3705 3744 3756 3796 ll.

2275 3846 2363 3901 57.
2407 3846 2571 3901 Aiunt
2619 3846 2783 3915 igitur
2824 3845 3149 3904 Puricellius
3190 3856 3246 3903 et
3305 3845 3617 3903 Eustachius
3651 3855 3678 3894 a
3709 3836 3758 3894 ὃ.

2203 3936 2433 4002 Ubaldo,
2463 3934 2836 3993 Clementinas
2861 3937 3071 3994 litteras
3099 3939 3168 3993 ab
3197 3939 3388 4009 aliquo
3425 3938 3694 4008 impostore
3714 3929 3760 3985 in

2200 4033 2431 4102 gratiam
2471 4031 2803 4088 Ravennatis
2843 4033 3240 4103 archiepiscopi
3277 4033 3634 4095 eoneinnatas,
3661 4038 3762 4097 qua

2201 4128 2415 4193 deinde,
2447 4127 2590 4182 sicut
2617 4126 2893 4183 Ravennae
2924 4127 2979 4182 in
3020 4127 3078 4182 S.
3111 4127 3310 4182 Vitalis
3339 4125 3670 4186 bibliotheca,
3696 4118 3762 4174 sic

2201 4222 2367 4278 etiam
2395 4220 2581 4276 Roma:
2609 4221 2663 4276 in
2694 4220 2918 4276 archiva
2947 4218 3232 4285 Vaticano,
3285 4219 3426 4275 unde
3454 4218 3569 4274 illas
3607 4209 3764 4270 hausit

2203 4315 2479 4387 Ughellus,
2511 4314 2804 4370 reconditae
2833 4312 3050 4370 fuerint.
3069 4313 3340 4368 Baronius
3356 4314 3555 4367 multum
3569 4307 3761 4363 verbum

2200 4409 2365 4464 habet
2401 4424 2511 4478 quo
2548 4425 2607 4463 se
2647 4424 2738 4464 eas
2767 4409 3000 4479 probare
3043 4409 3301 4474 insinuet,
3347 4408 3549 4463 nullum
3587 4400 3765 4475 pariter

2200 4501 2365 4557 habet
2424 4501 2669 4556 Norisius
2722 4501 2813 4556 ubi
2855 4502 3070 4557 illarum
3122 4503 3391 4556 meminit.
3435 4499 3763 4568 Hieronymus

2121 4573 2175 4634 Ῑ)
2201 4592 2422 4649 Rubeus
2451 4593 2849 4648 Ravennatium
2878 4593 3194 4657 historicus,
3239 4595 3333 4663 qui
3364 4593 3568 4664 primus
3595 4589 3764 4645 harum

2201 4687 2502 4742 litterarum
2535 4695 2780 4741 tenorem
2809 4687 3067 4753 narravit,
3101 4695 3292 4740 auctor
3306 4695 3390 4742 est
3417 4687 3472 4740 in
3486 4677 3765 4751 hujusmodi

2201 4780 2588 4851 diplomatibus
2617 4788 2924 4850 suspectus,
2957 4795 3080 4834 cum
3110 4781 3176 4835 ad
3207 4796 3334 4834 ann.
3381 4778 3482 4833 426
3521 4775 3656 4832 aliud
3680 4787 3766 4843 pro

2203 4872 2508 4927 Ravennati
2539 4874 2797 4943 episcopo
2827 4871 3142 4941 produxerit
3185 4869 3549 4926 Valentiniani
3588 4865 3651 4922 Ill
3689 4865 3768 4917 im-

2200 4963 2486 5033 peratoris,
2519 4972 2711 5018 contra
2738 4962 2882 5032 quod
2903 4962 3065 5016 veluti
3083 4962 3443 5034 undequaque
3457 4958 3766 5032 suppositum

2203 5054 2521 5110 debacchati
2577 5063 2704 5110 sunt
2743 5062 2869 5125 post
2917 5054 3211 5111 Baronium
3253 5072 3395 5126 pene
3436 5069 3621 5111 omnes
3657 5045 3768 5104 scri-

2203 5154 2410 5217 plores.

2274 5237 2363 5293 38.
2404 5236 2564 5293 Plura
2595 5248 2779 5295 autem
2805 5239 3160 5298 Clementinae
3200 5239 3624 5299 conﬁrmationis
3649 5232 3766 5291 veri-

2203 5339 2371 5385 tatem
2412 5327 2717 5399 inﬁnnant;
2761 5341 2818 5388 et
2856 5333 3033 5404 primo
3074 5350 3194 5392 esse
3233 5336 3382 5392 illam
3421 5329 3764 5390 incredibilem

2199 5423 2538 5478 demonstrat
2566 5424 2905 5480 contrarium
2943 5425 3244 5496 decretum,
3285 5443 3492 5499 paucos
3520 5433 3638 5480 ante
3666 5419 3764 5475 Ro-

2201 5529 2417 5568 manam
2445 5513 2742 5570 Clementis
2769 5515 2813 5570 ll
2854 5517 3122 5589 synodum
3155 5521 3206 5574 in
3249 5521 3514 5577 consimili
3555 5513 3763 5574 concilio

2198 5616 2526 5665 emanatnm.
2557 5606 2616 5661 In
2643 5609 2996 5665 corenatione
3022 5612 3168 5666 enim
3195 5611 3430 5668 Conradi
3457 5611 3630 5676 Salici,
3659 5619 3764 5678 qua

2199 5719 2289 5757 an.
2329 5701 2462 5756 l0‘27
2490 5717 2522 5756 a
2549 5701 2760 5760 Joanne
2785 5701 2910 5760 XIX
2936 5719 3080 5777 papa
3108 5706 3382 5762 celebrata
3411 5705 3510 5762 fuit
3547 5705 3598 5760 in
3626 5699 3762 5755 Vati-

2201 5809 2362 5862 cano,
2394 5793 2714 5856 lleribertus
2741 5799 3015 5858 Ravenna:
3043 5799 3485 5870 archiepiscopus
3511 5797 3765 5852 dexteram
