3964 6350
466 381 604 446 103.
645 384 973 450 AMADESII
1009 386 1466 450 DISSERTATIO
1504 383 1596 446 DE
1635 379 2038 442 METROPOLI
2078 379 2617 444 ECCLESIASTICA
2659 383 3220 446 RAVENNATENSI.

3389 385 3490 444 114

197 500 431 571 Augusti
469 505 904 576 apprehendens,
939 522 1066 564 eum
1105 499 1354 580 pontiﬁci
1393 504 1464 561 ad
1503 506 1677 561 altare
1717 500 1878 561 se.A
1901 497 1947 554 ll
1976 515 2123 557 anno
2155 501 2292 556 1059
2319 504 2462 560 sedit
2501 504 2684 574 Wido,
2729 522 2759 562 a
2799 507 3006 563 dextris
3045 505 3245 563 Calixti
3271 503 3316 562 Il
3345 520 3491 561 anno

195 593 348 651 deuti
357 605 692 668 praesentare
705 608 1141 672 prmsumpserat.
1159 598 1600 656 Reclamantibus
1614 605 1796 654 autem

195 687 712 762 Iediolanensibus,
742 695 1085 766 tumultuque
1125 703 1337 761 exorto,
1368 692 1651 750 Conradus
1679 692 1797 764 ipse

195 781 412 853 publice
453 787 906 856 pronuntiaverat
946 779 1359 860 archiepiscopo
1401 784 1794 843 Mediolanensi

195 872 438 932 ofﬁcium
469 877 601 934 illud
627 881 990 950 pnesentandi
1017 882 1163 952 regis
1175 897 1244 938 ex
1270 896 1427 952 aequo
1456 887 1513 937 et
1531 879 1678 936 bono
1697 878 1793 935 de-

193 967 325 1034 heri,
361 976 559 1039 utpote
587 972 680 1041 qui
711 971 879 1042 ipsius
905 972 1052 1044 regis
1078 972 1290 1030 Italiam
1319 972 1570 1030 adeuntis
1597 987 1793 1030 conse-

191 1060 498 1117 crationem
525 1065 1046 1137 coronationemque
1073 1066 1446 1124 inchoaverat.
1461 1062 1630 1136 Cujus
1643 1065 1790 1123 dicto

191 1153 417 1211 audiens
444 1157 692 1228 pontifex
719 1161 1135 1231 praerogativam
1163 1159 1425 1218 ot'ferendi
1452 1176 1638 1232 regem
1677 1157 1790 1217 Me-

190 1246 498 1307 diolanensi
525 1250 951 1322 adjudicaverat,
982 1263 1283 1326 coactaque
1309 1255 1517 1328 synodo
1552 1271 1641 1313 vui
1669 1255 1789 1312 idus

193 1342 386 1414 Aprilis
429 1343 679 1413 ejusdem
721 1347 851 1403 anni
893 1345 1333 1416 conﬂrmaverat,
1378 1347 1500 1418 lege
1542 1349 1673 1416 lata,
1719 1363 1788 1406 ne

191 1436 242 1490 in
266 1444 558 1506 posterum
588 1439 1026 1512 archiepiscopus
1054 1437 1344 1497 Ravennas
1371 1455 1430 1497 se
1469 1440 1525 1496 in
1555 1442 1788 1511 negotiis

190 1523 599 1598 pontiﬁcalibus
626 1528 881 1599 praeferre
911 1529 1137 1588 auderet
1177 1529 1591 1588 Mediolanensi.
1635 1531 1789 1589 lianc

191 1627 363 1675 autem
420 1621 806 1678 narrationem
847 1622 1167 1680 derivarunt
1209 1624 1383 1680 nostri
1425 1632 1677 1682 auctores
1717 1623 1786 1679 ab

192 1710 471 1782 Arnulpho
499 1711 891 1771 Mediolanensi
919 1717 1203 1788 scriptore,
1235 1724 1367 1774 tunc
1393 1716 1782 1789 manuscripto,

189 1802 337 1859 modo
367 1804 524 1876 typis
552 1804 698 1860 edito
727 1805 1162 1863 doctissimorum
1178 1805 1434 1864 Leibnitii
1448 1809 1642 1879 primo,
1659 1809 1784 1866 dein

1901 591 2038 648 1122
2078 594 2219 651 sedit
2269 594 2499 665 Olricus,
2559 600 2958 672 archiepiscopi
3009 599 3491 658 Mediolanenses!

1899 683 2220 745 Gratianum
2249 689 2409 758 adde,
2441 691 2536 760 qui
2563 691 2690 748 dist.
2724 693 2790 747 17
2832 693 3062 764 loquens
3103 693 3172 749 de
3211 691 3431 765 synodis
3458 706 3492 746 a

1897 778 2225 854 Symmacho
2252 798 2396 854 papa
2423 784 2734 853 celebratis,
2767 785 2886 842 Hoc
2912 803 3128 860 quoque,
3160 786 3257 851 ait,
3300 793 3492 840 notan-

1896 870 2019 928 dum
2047 883 2141 941 est,
2175 875 2314 948 quod
2340 876 2398 930 in
2426 864 2792 945 hoc'concitio,
2825 886 2875 933 et
2901 881 2956 934 in
2969 879 3077 934 alia
3103 877 3302 951 synodo
3333 876 3490 948 Sym—

1893 967 2064 1023 machi
2091 985 2242 1041 papae
2269 979 2392 1027 ante
2420 969 2777 1027 Ravennatem
2803 974 3099 1045 episcon
3127 971 3492 1028 Mediolanen-
3555 1001 3592 1050 ρ.

1891 1063 1964 1117 sis
1991 1061 2372 1135 subscripsisse,
2404 1073 2455 1120 et
2481 1065 2812 1138 respondisse
2838 1065 3044 1138 legitur,
3089 1083 3155 1122 ex.
3190 1083 3290 1140 quo
3331 1074 3383 1120 et
3407 1081 3489 1122 se-
3541 1091 3552 1116 ρ

1893 1154 1972 1210 dis
2000 1157 2400 1230 praerogativam
2427 1167 2550 1214 ante
2575 1175 2692 1214 eum
2721 1158 2912 1215 habere
2951 1160 3232 1233 colligitur.
3278 1158 3488 1216 Gratia-
3536 1141 3544 1148 ⁷

1891 1263 1994 1304 nus
2021 1257 2222 1318 autem,
2253 1250 2348 1321 qui
2374 1265 2533 1308 suum
2561 1251 2841 1307 decretum
2850 1251 3008 1321 juxta
3024 1251 3339 1308 Tritemium
3353 1266 3492 1307 con-

1888 1337 2093 1396 fecerat
2119 1342 2188 1398 ab
2216 1357 2361 1398 anno
2390 1341 2527 1396 1127
2556 1341 2625 1398 ad
2655 1358 2785 1398 ann.
2816 1341 2971 1409 1-151,
2996 1343 3237 1414 apprime
3261 1342 3486 1400 edoctus

1890 1441 2009 1489 erat
2035 1434 2129 1504 qui
2157 1442 2287 1491 tunc
2314 1435 2576 1506 temporis
2605 1433 2748 1492 foret
2761 1444 3116 1506 utrorumque
3130 1435 3486 1508 archiepisco-

1888 1541 2083 1597 porum
2111 1527 2165 1582 in
2195 1526 2422 1600 synodis
2460 1527 2726 1584 sessionis
2766 1528 2977 1596 modus,
3022 1535 3359 1599 quapropter
3396 1526 3482 1582 lo-

1888 1618 2105 1688 quendo
2134 1618 2202 1675 de
2231 1627 2476 1691 tempore
2505 1620 2762 1690 prmscnti
2792 1619 2998 1687 habere,
3043 1635 3152 1675 nou
3191 1617 3260 1676 de
3288 1627 3486 1690 praete-

1889 1711 1994 1767 rito
2036 1710 2295 1778 nabuisse,
2340 1713 2474 1768 satis
2517 1711 2722 1767 indicat
2763 1727 2830 1768 eo
2884 1712 3102 1768 vivente
3141 1711 3486 1783 praecessisse

1891 1803 2192 1860 Ravennati
2234 1804 2732 1872 Mediolanensem,
2779 1805 3093 1876 nullamque
3133 1804 3376 1861 habitam
3415 1803 3485 1859 de

189 1893 472 1952 Iuratorii
502 1911 689 1968 opera,
724 1905 780 1953 et
806 1900 950 1955 notis
977 1909 1139 1956 aucto
1169 1908 1318 1958 tomo
1345 1901 1416 1958 1V
1443 1900 1781 1972 Scriptorum
1815 1897 1858 1956 Β
1885 1894 2179 1952 Clementis
2205 1896 2348 1952 bulla
2377 1899 2664 1964 rationem,
2697 1912 2817 1968 qua:
2845 1896 2968 1953 ideo
2995 1897 3042 1952 si
3070 1903 3355 1964 exstasset,
3373 1912 3486 1952 non

189 1988 358 2045 Itali-.e.
395 1989 554 2061 Ergo
583 2007 690 2046 non
719 2007 820 2064 pro
863 1991 1202 2061 Ravennate,
1245 1995 1343 2052 sed
1383 2011 1484 2066 pro
1524 1993 1786 2052 Mediola-

192 2097 340 2138 nensc
368 2083 821 2138 controversiam
849 2085 1072 2142 resolvit
1101 2087 1412 2144 co;;cilium.
1457 2087 1604 2144 idem
1644 2087 1783 2144 scri-

190 2175 306 2231 bunt
330 2173 659 2232 Galvaneus
689 2175 947 2244 Flamma,
980 2181 1074 2249 qui
1103 2179 1236 2236 citat
1264 2179 1558 2238 Henricum
1586 2180 1786 2236 Barba-

189 2269 406 2339 migram
424 2286 444 2335 ;
482 2267 768 2324 Tristauus
795 2267 1049 2338 Calchas,
1083 2270 1355 2344 Sigonius,
1389 2273 1540 2330 Albe.
1563 2288 1673 2330 °cus
1713 2273 1782 2330 de

188 2360 399 2421 Rosate.
450 2365 629 2436 Quam
673 2371 891 2427 concilii
932 2371 1105 2443 legem
1160 2373 1564 2430 credibiliorem
1605 2371 1784 2428 reddit

186 2459 452 2526 possessio
508 2463 949 2530 prmsentationis
1004 2479 1270 2520 novorum
1336 2465 1728 2537 imperatorum
1760 2509 1776 2536 ,

186 2565 294 2620 qua
320 2561 480 2608 certe
507 2554 692 2609 stabat
720 2570 821 2625 pro
860 2556 1298 2626 Mcdiolanense;
1330 2559 1470 2614 'nam
1508 2557 1780 2618 Othonem

187 2641 454 2714 Magnum,
489 2656 630 2705 teste
663 2650 782 2720 ipso
811 2649 1054 2722 Sigonio,
1088 2653 1142 2708 in
1183 2653 1300 2709 sede
1327 2655 1482 2724 prius
1510 2653 1622 2710 divi
1649 2653 1780 2710 Am-

186 2735 341 2794 brosii
370 2752 776 2809 consecratum,
808 2753 864 2798 et
891 2759 1093 2801 corona
1109 2744 1284 2802 ferrea
1315 2746 1644 2815 redimitum,
1663 2747 1778 2804 Ro-

185 2845 321 2887 mam
350 2835 646 2890 associavit
679 2837 780 2892 iste
809 2839 1269 2910 archiepiscopus,
1303 2839 1560 2910 illumque
1589 2842 1774 2913 ponti-

184 2922 267 2982 ﬁci
297 2927 494 2984 obtulit
522 2930 890 2998 inungendum
919 2941 976 2988 et
1001 2932 1393 2990 coronandum.
1422 2931 1629 2991 Eodem
1658 2952 1777 2992 mu-

185 3033 318 3076 uere
357 3021 598 3078 functum
649 3024 816 3079 etiam
857 3025 1044 3081 dicunt
1085 3025 1260 3098 ipsum
1313 3025 1775 3084 Mediolanensem

191 3125 340 3166 anno
365 3111 490 3179 972,
520 3128 586 3168 ex
607 3115 920 3172 testimonio
961 3117 1166 3188 pariter
1205 3115 1413 3189 Sigonii
1453 3119 1522 3175 de
1561 3118 1774 3177 Othone

183 3194 227 3255 ll
254 3203 575 3258 scribentis:
603 3204 859 3261 Conventu
886 3219 1094 3279 peracto
1124 3208 1345 3266 Romam
1361 3212 1431 3265 ad
1445 3215 1647 3268 tertiam
1675 3216 1774 3270 im-

1884 1988 2111 2057 fugisset
2137 1988 2476 2046 Gratianum.
2509 1990 2568 2045 1n
2598 1989 2824 2061 synodis
2852 2003 2984 2045 vero
3025 1987 3330 2044 sublimiori
3357 1986 3481 2044 loco

1884 2082 2100 2150 sedere:
2145 2099 2207 2139 ac
2248 2084 2488 2154 priorem
2547 2083 2714 2152 loqui,
2773 2091 2939 2154 prout
2977 2081 3045 2138 de
3085 2079 3484 2138 Mediolanensi

1883 2175 2142 2246 scriptum
2172 2175 2474 2246 reperimus
2515 2175 2570 2230 in
2613 2175 2862 2230 conciliis
2898 2173 3229 2246 Symmachi,
3273 2189 3482 2245 praero-

1881 2269 2075 2337 gativa:
2103 2267 2381 2337 dignitatis
2409 2267 2670 2323 indicium
2710 2267 2873 2338 sapit,
2906 2274 2967 2320 ut
2993 2280 3061 2322 ex
3104 2265 3222 2335 ipso
3263 2263 3482 2321 Gratia-

1884 2376 1986 2426 no,
2019 2358 2210 2416 Glessa
2231 2401 2246 2426 ,
2293 2359 2652 2430 Tiraquellio,
2697 2358 2937 2416 Barbosa
2979 2358 3209 2430 aliisque
3248 2357 3482 2430 probare

1881 2453 2148 2510 nituntur.

1952 2544 2042 2600 41.
2083 2543 2343 2601 Videmus
2371 2551 2552 2600 autem
2582 2544 2637 2600 in
2669 2543 2841 2599 tribus
2869 2541 3181 2614 Symmachi
3209 2543 3476 2608 conciliis,

1881 2653 2009 2696 ann.
2043 2635 2174 2703 501,
2229 2634 2332 2690 502
2359 2643 2415 2691 et
2455 2633 2577 2702 505,
2624 2635 2854 2701 habitis,
2898 2634 3100 2706 duplici
3141 2634 3234 2690 illo
3274 2633 3480 2704 pr.’ece—

1879 2731 2076 2788 dentiac
2105 2730 2314 2786 honore
2343 2729 2652 2798 insignitum
2669 2727 3021 2801 Laurentium
3048 2726 3338 2782 Mediolani
3364 2740 3478 2797 prae

1881 2823 2154 2880 Ravennae
2184 2821 2445 2892 episcopo
2475 2818 2638 2876 Petro
2673 2837 2687 2872 :
2720 2819 2886 2875 immo
2915 2818 3022 2874 illa:
3077 2819 3206 2887 ipsae
3260 2815 3472 2888 synodi.

1880 2918 2048 2974 immo
2077 2914 2358 2971 Ennodius
2401 2915 2456 2970 in
2499 2929 2688 2970 earum
2727 2911 3064 2978 defensione,
3105 2910 3477 2967 Theodoricus

1879 3027 1980 3070 rex
2011 3013 2081 3068 ad
2111 3011 2334 3068 easdem
2363 3011 2610 3067 scribens
2632 3051 2646 3075 ,
2687 3008 2955 3066 Baronius
3001 3016 3057 3064 et
3110 3005 3362 3076 Sigonius
3418 3005 3474 3058 in

1877 3107 2118 3178 ipsarum
2147 3104 2480 3178 synodornm
2508 3103 2796 3168 relatione,
2843 3117 2968 3158 cum
2997 3108 3282 3169 utrumque
3336 3109 3494 3168 prae-'

1877 3199 2046 3254 latum
2073 3203 2400 3262 memorant,
2446 3195 2622 3266 primo
2653 3193 3022 3257 Laurentium,
3082 3199 3196 3246 tum
3251 3185 3494 3244 Petrum:

183 3296 309 3363 perii
335 3294 568 3352 Romani
592 3315 838 3356 coronam
853 3275 1232 3374 accipiendam,
1251 3307 1365 3377 ipso
1379 3306 1771 3379 archiepiscopo
1801 3275 1846 3340 Ο
1878 3292 2178 3349 ηοηιίηθηῖ·
2209 3287 2476 3379 comm“,
2499 3286 2663 3379 eum}
2703 3284 2802 3379 sub
2831 3283 3112 3379 ᾼείξξὴοηθ
3168 3295 3313 3379 ann}?
3364 3277 3494 3379 980.

184 3385 477 3455 deducente,
509 3391 772 3464 pergebat.
807 3391 910 3460 Qui
939 3409 1072 3465 ergo
1103 3393 1219 3452 ﬁeri
1247 3405 1448 3468 potest,
1483 3397 1644 3456 aliter
1671 3400 1772 3456 sub

185 3475 456 3538 Clemente
483 3480 550 3550 ll,
583 3499 727 3540 anno
759 3485 916 3552 1047,
949 3487 1215 3544 sancitum
1249 3487 1433 3557 fuisse,
1465 3498 1523 3546 et
1563 3490 1774 3548 Raven-

181 3572 286 3626 nati
313 3573 572 3631 collatam
601 3579 1086 3648 przeeminentiam,
1115 3580 1228 3651 jam
1269 3581 1460 3652 viginti
1489 3591 1639 3640 retro
1668 3600 1770 3640 an-

181 3663 256 3719 nis
281 3679 380 3736 pro
411 3663 824 3726 Mediolanense
851 3671 1109 3739 decisam,
1142 3674 1287 3732 hunc
1312 3689 1444 3732 vero
1475 3674 1642 3735 fuisse
1671 3695 1772 3736 suo

178 3752 286 3825 iure
309 3759 548 3828 quaesito
576 3760 868 3831 spoliatum
895 3764 920 3818 Ἰ
946 3763 1063 3821 Hoc
1091 3773 1240 3823 certe
1268 3765 1428 3823 fidem
1442 3769 1622 3826 elevat
1647 3767 1773 3828 Cle-

180 3849 542 3908 mentinarum
569 3850 893 3910 litterarum.

239 3939 324 3996 59.
363 3940 550 4000 Porro
577 3943 888 4018 Arnulphus
915 3948 1295 4020 pnelaudatus,
1313 3966 1474 4022 quem
1490 3961 1769 4010 auctorem

179 4033 448 4092 oculatum
476 4037 674 4094 volunt
711 4049 1059 4110 praenarratm
1085 4041 1328 4099 historia:
1367 4043 1435 4100 de
1475 4043 1772 4101 Clementis

177 4123 216 4182 ll
239 4127 541 4198 electione,
599 4131 766 4188 immo
806 4132 875 4188 de
915 4131 1114 4190 Leonis
1153 4132 1227 4189 IX
1279 4135 1396 4204 ejus
1437 4139 1772 4194 successoris

177 4219 492 4290 pontiﬁcatu
520 4223 758 4294 scripsit,
791 4239 968 4295 neque
998 4225 1259 4282 ullum-de
1301 4224 1656 4284 Clementinis
1683 4229 1772 4285 lit-

176 4316 293 4372 teris
317 4317 563 4373 verbum
593 4317 775 4386 addit;
808 4318 1072 4387 facturus,
1103 4321 1152 4376 si
1179 4337 1322 4377 vera:
1361 4319 1610 4390 fuissent,
1643 4337 1770 4379 nam

173 4408 401 4480 scriptor
447 4409 542 4466 ille
583 4426 760 4481 neque
801 4411 932 4482 ipsis
973 4410 1466 4470 Mediolanensibus
1506 4414 1772 4488 archiepi-

173 4502 341 4571 scopis
369 4503 652 4572 pepercit.
698 4502 856 4572 Quod
895 4505 1091 4576 majori
1131 4514 1261 4564 nota
1303 4506 1523 4576 dignum
1551 4515 1655 4577 est,
1699 4524 1768 4565 ex

171 4606 269 4661 quo
293 4594 626 4666 Arnulphus
655 4595 770 4666 iise
799 4606 986 4654 narret
1015 4613 1045 4652 a
1073 4596 1297 4654 Nicolao
1324 4597 1369 4654 ll
1397 4613 1610 4655 summo
1637 4615 1770 4671 pon-

1876 3381 2063 3439 Romte
2092 3380 2371 3438 celebrato
2400 3378 2552 3450 prior
2578 3376 2898 3448 subscripsit
2927 3374 3235 3430 Mansuetus
3262 3371 3471 3428 Medio-

1873 3476 2130 3542 lanensis,
2164 3473 2362 3530 deinde
2392 3472 2680 3544 episcopus
2709 3468 3087 3540 Aquileiensis,
3119 3467 3283 3522 tertio
3302 3463 3476 3520 Theo-

1873 3568 2041 3625 dorus
2079 3567 2370 3623 Ravennas
2405 3582 2418 3618 :
2459 3577 2622 3633 quem
2661 3561 2826 3618 fuisse
2862 3575 3053 3616 verum
3101 3554 3472 3614 subscribendi

1873 3660 2122 3718 ordinem
2151 3657 2340 3714 laudat
2368 3654 2666 3712 cardinalis
2705 3653 2949 3709 Norisius
2975 3652 3192 3707 dissert.
3222 3649 3292 3706 de
3318 3664 3350 3704 v
3380 3661 3494 3734 sy-:

1875 3752 2020 3809 nodo
2048 3766 2172 3822 cap.
2204 3748 2292 3804 10.
2327 3747 2463 3803 Tum
2491 3747 2549 3802 in
2579 3744 2687 3801 alio
2715 3751 2986 3800 conventu
3015 3757 3157 3796 anno
3186 3737 3309 3806 963,
3340 3753 3474 3809 prie-

1872 3845 2083 3903 sidente
2108 3819 2322 3899 joanne
2349 3839 2463 3906 ΧΠ,
2495 3848 2552 3894 et
2580 3845 2796 3894 astante
2822 3835 3035 3892 Othone
3074 3835 3127 3901 Ι,
3161 3831 3347 3888 Romae
3373 3819 3494 3885 ha-'

1870 3938 2006 4004 bito,
2039 3944 2167 3992 ante
2208 3934 2524 4005 episcoptun
2563 3931 2836 3986 Ravennae
2885 3928 3023 3984 sedit
3059 3935 3115 3982 et
3157 3922 3471 3992 subscripsit

1873 4027 2188 4084 Walbertus
2215 4023 2659 4089 Mediolanensis,
2717 4019 3081 4076 referentibus
3136 4011 3494 4114 Luitprando.

1873 4130 1930 4178 et
1957 4121 2137 4176 Binio.
2169 4118 2391 4176 Sedisse
2421 4124 2604 4172 autem
2635 4131 2666 4169 a
2697 4112 2903 4170 dextris
2942 4109 3150 4166 Nicolai
3178 4107 3242 4173 ll,
3275 4113 3330 4161 et
3357 4106 3471 4176 pri-

1871 4233 1963 4274 mo
1991 4216 2114 4272 loco
2141 4211 2528 4284 subscripsisse
2555 4207 2842 4264 Widonem
2870 4219 2960 4259 an.
2993 4199 3148 4268 1059,
3181 4207 3241 4256 ut
3267 4198 3472 4254 dictum

1871 4318 1974 4376 est,
2009 4305 2246 4363 afﬁrmat
2274 4305 2474 4361 citatus
2503 4299 2837 4370 Arnulphus,
2868 4293 3178 4352 Galvaneus
3204 4288 3466 4354 Flamma,

1873 4401 2154 4471 Ughellus.
2187 4397 2322 4453 item
2351 4395 2408 4450 in
2436 4392 2672 4450 concilio
2709 4388 3062 4445 Laterancusi
3119 4384 3220 4439 sub
3256 4380 3470 4438 Calixto

1867 4492 1915 4549 ll
1943 4491 2154 4547 Olricus
2180 4484 2607 4544 Mediolanensis
2635 4481 2885 4538 dextram
2915 4477 3202 4550 apostolici
3231 4487 3468 4543 occupa-

1870 4585 1968 4651 vit,
2001 4591 2062 4639 ut
2088 4597 2157 4638 ex
2183 4593 2373 4636 eorum
2402 4584 2712 4647 temporum
2741 4571 3007 4644 scriptore
3055 4567 3374 4638 Landnlpho
3403 4565 3470 4620 de

170 4655 301 4744 tiﬁce
329 4655 924 4748 concessum-subinde
951 4691 1116 4748 fuisse
1143 4691 1364 4749 Widoni
1404 4655 1770 4766 archiepisco-
1796 4674 1848 4736 Ι)
1875 4674 1934 4732 S-
1966 4674 2137 4766 P3910
2164 4671 2395 4766 βιύὶῑιιν,
2427 4663 2934 4766 QuideGrosulano
2955 4655 3368 4766 etiaman‘no‘ll

171 4792 232 4848 po
256 4777 670 4838 Mediolanensi
697 4785 876 4854 primo
904 4785 1028 4842 loco
1055 4783 1125 4840 ad
1151 4787 1236 4841 sui
1263 4785 1545 4842 dexteram
1573 4785 1767 4843 sedere

169 4871 217 4926 in
240 4875 487 4932 concilio
516 4875 789 4932 Romano.
823 4875 1045 4934 Accedit
1085 4876 1233 4947 quod
1273 4877 1418 4934 idem
1458 4887 1652 4936 auctor
1691 4878 1766 4934 ita

169 4969 533 5040 compositam
575 4969 771 5025 asserit
810 4969 1168 5040 quaestionem
1211 4970 1266 5025 in
1317 4967 1556 5026 Conradi
1597 4969 1766 5027 Salici

169 5061 587 5134 inaugurationc
611 5064 896 5133 jactatam,
928 5073 989 5120 ut
1025 5072 1215 5136 postea
1257 5063 1436 5121 omnis
1476 5064 1568 5120 illa
1609 5065 1766 5136 quie-

167 5156 296 5210 verit
335 5156 743 5213 controversia.
786 5155 989 5212 Verum
1030 5157 1194 5228 igitur
1245 5171 1366 5212 esse
1417 5171 1527 5213 non
1581 5163 1766 5229 potest

166 5245 302 5304 illam
333 5250 619 5305 exarsisse
648 5249 844 5306 iterum
869 5258 998 5322 post
1023 5247 1261 5306 Conradi
1288 5249 1764 5320 inaugurationem

167 5354 329 5412 usque
359 5341 437 5398 ad
463 5350 716 5414 tempora
745 5342 1030 5415 Arnulphi.

227 5433 318 5490 40.
360 5433 504 5504 Quia
532 5450 670 5492 vero
697 5436 753 5491 in
779 5434 1122 5493 Clementino
1149 5434 1448 5508 diplomate
1472 5449 1764 5492 recensen-

168 5535 248 5585 tur
272 5529 475 5588 litterac
501 5531 754 5602 quzedam
780 5529 1006 5588 Joannis
1031 5545 1188 5603 papae
1207 5529 1518 5604 Symmachi
1549 5544 1765 5587 succes-

166 5628 318 5693 soris,
352 5628 557 5698 quibus
598 5625 961 5698 praecedentia
1003 5624 1060 5680 in
1099 5622 1350 5682 conciliis
1388 5621 1622 5680 dabatur
1662 5621 1766 5677 Ra-

165 5722 520 5788 vennatensi;
551 5727 748 5790 urgent
787 5726 1164 5790 argumentum
1192 5715 1627 5772 Mediolanenses
1659 5733 1671 5768 :
1713 5713 1762 5770 si

165 5825 294 5882 ergo
321 5813 520 5869 littera:
562 5811 721 5869 istius
759 5809 1004 5878 Joannis,
1047 5811 1096 5867 si
1135 5809 1374 5882 diploma
1417 5807 1593 5880 ipsum
1631 5802 1759 5862 Cle-

165 5902 366 5959 mentis
389 5901 432 5960 li
459 5905 760 5976 genuinum
789 5913 894 5973 est,
923 5900 1202 5973 quomodo
1229 5915 1262 5956 a
1302 5899 1510 5962 dextris
1549 5895 1762 5956 Nicolai

1872 4774 1930 4822 et
1955 4765 2024 4820 de
2050 4761 2292 4819 Jordano
2320 4775 2464 4816 anno
2495 4757 2650 4825 11-16,
2667 4752 3090 4826 archiepiscopis
3102 4749 3472 4807 Mediolanen-

1871 4857 2022 4914 sibus
2053 4855 2194 4911 idem
2224 4853 2435 4918 scribit,
2469 4859 2524 4906 et
2553 4865 2621 4904 ex
2650 4863 2717 4905 eo
2748 4845 3069 4904 Puricellius
3097 4843 3152 4898 in
3181 4839 3306 4897 Vita
3333 4837 3474 4895 Lau-

1869 4953 2038 5010 rentii
2067 4951 2226 5006 Litta:
2253 4965 2376 5021 cap.
2407 4947 2497 5014 23,
2530 4961 2586 5000 n.
2621 4943 2709 4998 42.
2743 4942 2948 4999 Verum
2985 4939 3115 5010 quia
3152 4952 3266 4994 non
3301 4948 3474 5006 appa—

1867 5054 1990 5104 reat
2017 5043 2229 5117 synodo
2272 5039 2480 5097 Nicolai
2508 5036 2554 5092 Il
2587 5035 2960 5092 Ravennatem
2997 5027 3470 5117 archiepiscopum

1867 5135 2030 5192 simul
2051 5115 2181 5191 cum
2213 5131 2624 5188 Mediolanense
2663 5125 2998 5192 interfuisse,
3037 5135 3218 5192 neque
3258 5133 3290 5173 a
3324 5115 3477 5172 rela—

1865 5230 2017 5286 tione
2047 5223 2351 5295 Landnlphi
2381 5221 2610 5293 praecise
2633 5219 2789 5290 argui
2825 5216 2999 5290 possit
3026 5230 3096 5270 an
3132 5214 3190 5268 in
3225 5225 3468 5269 convena

1866 5328 1928 5376 tu
1954 5316 2154 5374 Calixti
2183 5314 2400 5370 aﬂ‘uerit
2428 5313 2748 5379 Ravennas,
2779 5324 2904 5367 cum
2939 5305 3153 5364 Olricus
3188 5319 3222 5360 a
3259 5301 3477 5361 dextris

1867 5426 2023 5484 papa:
2049 5409 2243 5465 sedere
2271 5407 2470 5462 dicitur
2504 5423 2516 5458 :
2550 5412 2676 5460 ante
2704 5406 2936 5472 occupat
2953 5397 3327 5454 dillicultatem
3356 5393 3474 5449 Eu-
3503 5393 3526 5477 ξ

1871 5483 2116 5562 stacbius
2144 5515 2178 5556 a
2205 5499 2264 5555 S.
2296 5497 2526 5565 Ubaldo,
2558 5505 2722 5566 atque
2741 5492 2996 5564 opinatur
3021 5490 3078 5546 in
3107 5489 3174 5545 iis
3200 5487 3467 5548 conciliis,
3505 5483 3512 5492 ”

1869 5597 1997 5669 quia
2025 5608 2215 5652 eorum
2244 5592 2422 5664 primo
2452 5589 2555 5644 115
2583 5587 2791 5653 Patres,
2822 5581 2979 5638 alteri
3007 5579 3110 5637 500
3130 5587 3187 5637 et
3214 5578 3463 5650 amplius.

1871 5698 1927 5746 et
1954 5687 2180 5745 forsitan
2210 5698 2383 5755 usque
2413 5680 2482 5737 ad
2512 5678 2616 5733 426
2654 5673 3034 5741 interfuerunt,
3066 5672 3190 5730 ideo
3237 5671 3461 5728 credere

1867 5779 1996 5837 dum
2012 5793 2132 5835 esse
2147 5776 2520 5832 Ravennatem
2535 5769 2698 5827 etiam
2713 5765 3022 5825 interfuisse
3037 5773 3200 5836 atque
3216 5763 3352 5819 adeo
3369 5761 3462 5817 sul:

1864 5867 2288 5933 Mediolanense,
2311 5864 2405 5944 qui
2423 5863 2628 5934 primus
2641 5877 2672 5917 a
2693 5859 2898 5918 dextris
2911 5873 3065 5932 papae
3087 5865 3220 5924 erat,
3238 5853 3460 5910 sedisse.
