3964 6350
548 317 647 374 H9

1364 315 1431 372 IN
1469 313 1528 372 S.
1568 311 1855 372 PETRUM
1892 309 2407 371 CHRYSOLOGUM
2445 311 2982 372 PROLEGOMENA.
3679 329 3759 386 ηρ

546 446 769 503 compos
797 429 968 488 videri
997 429 1144 487 velit.
1175 427 1397 497 Quoties
1413 434 1759 484 retractatam
1787 426 2014 496 legimus
2040 441 2126 482 ce-
2150 433 2200 493 Α
2227 425 2532 496 tistitesque
2560 427 2792 483 tumultu
2810 467 2826 491 ,
2857 435 2970 484 tum
2995 425 3279 487 Conradus
3314 429 3634 492 audientibus
3664 455 3758 498 om.

544 527 747 582 lebrem
776 525 1125 595 quaestionem
1149 524 1287 578 inter
1312 521 1639 590 metmpoles
1666 518 2035 576 Arelatensem
2063 531 2127 574 ac

543 617 934 682 Viennensem,
977 617 1099 669 licet
1138 615 1297 668 toties
1336 609 1625 683 pontificiis
1653 620 1708 667 et
1745 611 2126 667 conciliaribus

542 709 804 773 decretis,
839 706 998 762 modo
1028 704 1356 769 Arelatensi,
1389 704 1551 760 modo
1581 719 1682 775 pro
1709 703 2003 760 Viennensi
2030 719 2123 758 ro-

541 800 820 854 boratam?
849 797 1047 851 Verum
1076 795 1152 850 rei
1182 795 1596 851 evidentissima:
1625 795 1870 865 exempla
1899 790 2123 850 omitta-

541 907 679 946 mus.
724 889 901 956 Quare
929 903 1038 943 non
1066 887 1244 944 solum
1272 887 1467 943 litterae
1495 885 1790 944 Clementis
1817 885 1862 940 Il
1891 900 2121 957 apocry-

539 985 659 1054 phae
688 997 806 1038 esse
836 998 942 1035 non
970 988 1217 1051 possunt,
1249 981 1377 1050 quia
1405 978 1630 1035 Joannis
1670 995 1759 1034 ιιι
1789 977 1995 1049 synodo
2023 993 2124 1047 po-

538 1076 814 1138 steriores,
847 1073 979 1144 quin
1013 1073 1195 1144 potius
1230 1071 1454 1140 majoris
1487 1071 1746 1126 habendae
1774 1076 1901 1124 sunt
1935 1076 2124 1125 aucto-

537 1169 741 1234 ritatis,
775 1182 896 1237 quae
932 1175 1058 1238 post
1104 1167 1355 1222 iteratam
1391 1163 1777 1220 controversiae
1827 1162 2117 1218 discussio-

537 1277 662 1317 nem
690 1260 972 1332 pontificio
1019 1268 1076 1316 et
1117 1258 1363 1333 synodali
1406 1257 1612 1328 judicio
1654 1256 1922 1328 prodiere.
1976 1254 2124 1309 Certe

535 1354 692 1420 enim,
711 1353 882 1422 inquit
903 1351 1115 1416 Cicero,
1135 1350 1484 1406 recentissima
1503 1365 1715 1421 qumque
1733 1357 1852 1402 sunt
1873 1356 2118 1410 correcta,

535 1454 586 1499 et
611 1444 885 1499 emendata
919 1443 1148 1498 maxime
1177 1441 1326 1513 (Cic.
1365 1441 1526 1495 Acad.
1557 1441 1825 1512 question.
1859 1439 1897 1493 ι.
1928 1439 1990 1509 ι).

610 1534 696 1590 50.
737 1534 907 1590 Porro
945 1535 1222 1604 hucusque
1260 1533 1647 1604 processimus,
1677 1531 1834 1601 quasi
1872 1543 2018 1592 vera,
2047 1528 2126 1582 in-

537 1641 818 1689 concussa,
851 1632 1013 1694 atque
1043 1623 1340 1679 indubitata
1370 1622 1547 1678 forent
1573 1637 1636 1678 ea
1665 1637 1785 1692 quae
1815 1619 2123 1689 Arnulphus

537 1720 778 1774 omnium
805 1718 1013 1788 primus
1039 1716 1108 1772 de
1147 1717 1515 1772 controversia
1563 1714 1929 1771 coronationis
1972 1711 2120 1766 Con-

2231 518 2426 574 nibus:
2461 515 2586 574 Non
2627 529 2705 575 est
2746 519 2954 576 dubium
2976 563 2991 586 ,
3035 522 3236 591 inquit,
3289 526 3544 582 reuerendi
3579 541 3754 600 patres,

2227 611 2350 682 quin
2389 610 2816 682 quemadmodum
2855 612 3180 683 imperatoris
3218 614 3451 670 inunctio
3499 615 3565 669 ad
3601 616 3762 677 Roma-

2226 717 2348 756 num
2389 702 2685 773 pontiﬁcem
2724 703 2963 774 pertinet,
3007 704 3081 758 sic
3102 705 3235 776 regis
3275 701 3452 762 Italiae
3488 717 3760 770 comesa-otio
3863 701 3865 766 l

2228 801 2334 846 tota
2359 794 2428 847 sit
2455 792 2864 848 Mediolanensis
2895 795 3163 849 antistitis.
3199 792 3376 859 Quare
3403 807 3479 850 est
3515 813 3694 870 aqua.
3716 814 3762 858 ιη
3793 833 3799 846 .

2228 880 2636 938 Mediolanensis
2667 885 2900 948 antistes,
2932 885 3079 956 cujus
3117 901 3274 940 manu
3306 887 3506 958 futurus
3523 888 3762 961 imperator
3790 876 3803 911 ⁵
3865 906 3867 960 i

2225 975 2280 1027 in
2309 991 2477 1047 regem
2509 974 2682 1032 Italiae
2702 978 2972 1049 jungitur,
2996 979 3043 1032 si
3063 978 3222 1044 adsit,
3255 995 3426 1050 regem
3452 984 3672 1054 pontiﬁci
3695 992 3744 1060 of

2226 1069 2378 1138 ferat,
2411 1085 2560 1139 quem
2588 1069 2658 1123 ad
2685 1071 2952 1141 imperium
2979 1071 3244 1142 provehat,
3273 1080 3332 1124 ut
3360 1089 3425 1126 ea:
3442 1073 3548 1145 ejus
3579 1117 3582 1126 .
3606 1083 3763 1134 actori.

2227 1167 2332 1212 tate
2368 1160 2528 1230 possit
2573 1161 2830 1230 imperare
2857 1162 2943 1231 qui
2983 1161 3214 1232 ejusdem
3255 1161 3578 1220 ordinatione
3613 1169 3764 1223 didicit
3867 1188 3869 1226 :

2223 1259 2274 1304 et
2301 1251 2451 1321 carpit
2489 1268 2726 1323 regnare.
2758 1252 3044 1308 Annuente
3079 1267 3212 1310 vero
3241 1253 3464 1324 pontific
3544 1256 3759 1315 Mediola-

2226 1341 2412 1397 nensis
2438 1341 2507 1396 ad
2541 1341 2595 1398 id
2628 1343 2871 1398 muneris
2903 1351 2986 1398 est
3014 1351 3257 1398 vocatus.
3297 1342 3431 1400 Cum
3469 1355 3631 1402 autem
3649 1350 3764 1419 just:

2225 1433 2295 1489 de
2321 1448 2485 1490 causa
2515 1434 2706 1490 abesse
2735 1434 3026 1499 diceretur,
3046 1435 3208 1505 jussit
3239 1435 3482 1507 pontifex
3501 1448 3557 1492 ut
3581 1439 3763 1497 Arderi-

2226 1541 2322 1582 cus
2355 1525 2716 1582 Vercellensis
2769 1528 3058 1598 episcopus
3115 1536 3363 1584 servatas
3395 1532 3766 1601 metropolitano

2226 1633 2325 1674 suo
2352 1619 2499 1675 vices
2527 1620 2806 1690 impleret;
2836 1629 2995 1690 atque
3037 1621 3108 1676 ita
3139 1621 3210 1676 ab
3248 1620 3506 1677 Arderico
3530 1620 3766 1683 Conradus

2226 1711 2440 1767 oblatus
2461 1727 2684 1768 aureum
2710 1713 2952 1768 diadema
2981 1715 3223 1785 suscepit.
3262 1733 3281 1765 ›
3318 1712 3442 1768 llaec
3462 1715 3650 1783 Sigonii
3668 1733 3765 1772 nar-

535 1809 653 1865 radi
678 1808 841 1864 Salici
865 1808 1184 1879 scripserat,
1210 1815 1265 1863 et
1293 1807 1359 1862 de
1378 1805 1586 1878 synodo
1615 1806 1886 1877 posterius
1913 1804 2115 1859 habita.
2151 1823 2200 1884 Β
2227 1802 2389 1868 ratio,
2419 1817 2584 1873 quam
2606 1805 2651 1858 si
2672 1805 2793 1873 quis
2819 1821 2940 1858 cum
2972 1804 3237 1875 Arnulphi
3261 1804 3564 1861 narratione
3583 1821 3764 1879 compa-

534 1900 737 1957 Verum
766 1917 874 1957 non
899 1902 1035 1956 adeo
1061 1900 1428 1956 authenticum
1461 1907 1544 1955 est
1577 1898 1839 1969 Amulphi
1875 1897 2120 1951 testimo-

532 1995 700 2059 nium,
733 2001 792 2048 ut
820 1992 994 2046 nullus
1023 1992 1258 2062 supersit
1286 1991 1566 2046 dubitandi
1593 1991 1761 2048 locus.
1794 1988 1955 2045 Solus
1981 1989 2115 2060 ipse,

531 2087 808 2155 octoginta
829 2087 876 2140 si
906 2084 1092 2153 Pagio,
1115 2084 1398 2153 sexaginta
1425 2084 1471 2137 si
1500 2083 1798 2138 Muratorio
1823 2081 2114 2142 credimus,

532 2193 704 2232 annos
729 2176 999 2247 posterior
1026 2184 1216 2230 auctor
1239 2172 1655 2230 Mediolanensis
1681 2173 2018 2228 historiolam
2049 2173 2117 2226 il-

530 2270 639 2323 lam
662 2268 838 2339 lepide
871 2267 1144 2322 instruxit.
1172 2265 1372 2322 Glaber
1402 2265 1749 2336 Rodulphus,
1779 2264 2112 2334 Volpherus,

530 2369 713 2431 atque,
743 2369 803 2415 ut
829 2359 963 2415 alios
993 2366 1223 2421 taceam,
1250 2357 1446 2428 Wippo
1471 2357 1640 2412 coaevi
1673 2357 1997 2427 scriptores,
2029 2357 2114 2410 in-

528 2462 614 2507 ter
671 2465 810 2520 quos
860 2450 1107 2506 oculatus
1150 2447 1346 2518 Wippo
1368 2489 1383 2513 ,
1422 2447 1626 2502 aulicus
1679 2455 1736 2501 et
1802 2447 2116 2518 capellanus

527 2542 764 2598 Conradi
788 2541 980 2605 Salici,
1005 2541 1100 2610 qui
1144 2541 1260 2609 ejus
1295 2539 1476 2594 omnia
1506 2547 1658 2607 gesta
1699 2538 1950 2607 collegit,
1983 2552 2116 2608 prae-

526 2635 716 2689 sertim
770 2635 886 2702 ejus
935 2641 1099 2702 atque
1147 2632 1340 2687 uxoris
1380 2632 1791 2686 coronationem
1848 2630 2035 2686 Romae
2081 2646 2113 2685 a

525 2723 732 2779 Joanne
771 2722 893 2777 XIX
932 2731 1243 2794 peractam,
1288 2737 1357 2776 ne
1408 2736 1575 2776 unum
1628 2721 1846 2790 quidem
1886 2721 2111 2777 verbum

526 2816 814 2871 mussitant
853 2815 920 2869 de
963 2822 1112 2870 tanto
1152 2828 1250 2885 per
1286 2813 1656 2868 Ravennatem
1684 2813 1920 2868 excitato
1960 2828 2114 2869 scan-

526 2906 670 2969 dalo,
703 2907 769 2960 de
810 2905 1078 2961 sententia
1105 2905 1250 2974 regis
1291 2913 1401 2958 tam
1429 2902 1804 2973 magnifieata,
1836 2903 1904 2959 de
1931 2917 2112 2975 pugna

524 2999 665 3052 inter
710 2997 1139 3052 Mediolanenses
1191 3011 1256 3052 ac
1301 2995 1675 3060 Ravennates,
1720 3009 1884 3064 quam
1923 3009 1988 3049 ea
2041 2994 2112 3050 de

523 3103 685 3144 causa
711 3088 1002 3158 contigisse
1041 3087 1188 3142 addit
1215 3085 1552 3157 Arnulphus,
1585 3099 1760 3156 neque
1799 3084 2017 3141 tandem
2044 3084 2113 3142 de

523 3180 729 3252 synodo
756 3195 917 3249 super
945 3194 1009 3234 ea
1029 3179 1400 3235 controversia
1437 3177 1783 3249 postmodum
1811 3176 2104 3232 celebrata.
2135 3207 2182 3269 ο

522 3271 728 3326 Rursus
755 3270 1144 3326 accuratissimi
1183 3268 1538 3325 conciliorum
1566 3268 1808 3323 omnium
1847 3266 2108 3324 collecto-

522 3381 632 3429 rcs,
666 3365 758 3434 qui
796 3365 880 3419 vel
920 3365 1094 3419 nudos
1120 3363 1308 3418 titulos
1347 3361 1714 3434 synodorum,
1747 3361 1957 3417 actibus
1980 3359 2114 3416 deli-

524 3458 808 3522 cientibus,
842 3455 1276 3526 frequentissime
1289 3454 1475 3519 edunt,
1495 3453 1654 3509 istam
1683 3467 1792 3508 non
1807 3460 2109 3516 curassent,

521 3566 644 3621 quae
684 3551 810 3606 licet
837 3550 904 3605 de
946 3549 1426 3620 praecedentiarum
1467 3545 1840 3602 tantummodo
1889 3555 2112 3603 contro-

520 3644 718 3708 versia,
752 3659 860 3699 non
887 3643 1023 3698 levis
1053 3650 1236 3697 tamen
1267 3639 1524 3712 ponderis
1542 3637 1845 3710 reputanda
1874 3646 2023 3705 erat,
2052 3646 2114 3694 ut

521 3735 749 3790 inferius
775 3736 828 3788 in
837 3749 1063 3789 nuemus
1077 3734 1102 3787 Ἰ

596 3827 682 3881 5L
716 3826 970 3898 Sigonius
988 3825 1206 3896 quidem
1235 3823 1434 3882 saeculo
1461 3823 1530 3880 ab
1555 3821 2113 3895 Arnulphicommen-

519 3920 591 3975 tis
632 3919 822 3988 quinto
868 3919 1154 3974 historiam
1191 3916 1261 3974 de
1307 3915 1729 3988 praesentatione
1761 3913 1999 3971 Conradi
2041 3914 2110 3970 ab

519 4011 835 4068 Ravennate
875 4009 1282 4080 archiepiscopo
1330 4014 1570 4072 tentata,
1613 4014 1670 4063 et
1719 4003 2110 4061 Mediolanensi

517 4105 755 4176 ascripta
782 4102 1054 4174 pontificis
1091 4100 1311 4157 decreto
1347 4099 1547 4170 repetit
1573 4097 1667 4153 lib.
1695 4112 1787 4153 vm
1819 4096 1888 4152 de
1921 4094 2110 4166 Regno

519 4196 706 4252 Italiae.
759 4195 1145 4252 Verumtamen
1174 4191 1380 4264 Sigonii
1409 4190 1603 4248 relatio
1641 4204 1674 4245 a
1700 4189 1970 4245 relatione
2007 4189 2109 4244 Ar-

517 4287 707 4358 nulphi
732 4303 840 4342 non
866 4303 1059 4358 parum
1081 4284 1293 4348 differt,
1327 4291 1387 4338 ut
1408 4282 1607 4352 legenti
1635 4287 1922 4350 utramque
1949 4278 2108 4336 facile

523 4379 759 4450 patebit;
790 4393 963 4448 neque
1002 4379 1092 4434 ille
1133 4377 1399 4450 synodum
1434 4375 1762 4432 celebratam
1795 4374 1900 4439 ait,
1932 4387 2109 4444 neque

515 4471 572 4524 in
603 4467 837 4522 omnibus
885 4465 1266 4537 pontiﬁcalibus
1296 4465 1510 4537 negotiis
1544 4462 1962 4534 praecedentiam
1988 4461 2104 4518 Me-

517 4558 816 4614 diolanensi
846 4572 1009 4627 supra
1041 4556 1409 4611 Ravennatem
1437 4555 1717 4610 decretum
1741 4571 1755 4606 :
1787 4551 1924 4608 adeo
1945 4567 2106 4608 accu-
2133 4581 2187 4642 Β

514 4652 786 4706 ratissimo
832 4651 1250 4718 doctissimoque
1287 4648 1545 4703 historico
1582 4645 1835 4702 fabellam
1873 4644 2108 4700 redoluit

516 4741 780 4812 Arnulphi
811 4741 1250 4796 commentarius.
1279 4738 1558 4808 Ejusmodi
1579 4745 1760 4794 autem
1787 4745 1870 4793 est
1896 4735 2106 4807 Sigonii

515 4835 758 4889 narratio
793 4852 804 4886 :
847 4853 863 4884 ι
892 4831 1027 4887 Cum
1057 4841 1235 4888 autem
1259 4832 1488 4888 Romam
1514 4845 1722 4897 omnes,
1751 4839 1812 4887 ut
1830 4829 2104 4886 assolebat

516 4925 591 4995 (in
615 4925 968 4980 coronatione
986 4925 1193 4980 scilicet
1212 4925 1336 4979 novi
1352 4923 1740 4994 imperatoris),
1771 4921 1940 4978 Italiae
1968 4936 2099 4991 pro-

511 5030 664 5070 ceres
693 5015 1102 5080 convenissent,
1121 5014 1409 5070 Ravennas
1427 5029 1644 5084 quoque
1666 5014 1894 5069 antistes
1915 5026 2099 5068 acces-

509 5108 597 5162 sit.
633 5107 700 5174 ls,
745 5106 832 5162 die
873 5105 1331 5170 Resurrectionis,
1363 5121 1472 5176 quo
1501 5107 1588 5161 die
1614 5105 1669 5160 in
1692 5105 1918 5161 basilica
1947 5103 2100 5159 Vati-

507 5216 664 5266 cana,
691 5199 987 5268 augustalia
1016 5198 1245 5268 insignia
1274 5198 1519 5268 accipere
1542 5194 1824 5252 Conradus
1843 5194 2096 5258 debebat,

462 5292 468 5298 ’
507 5309 629 5348 cum
664 5308 901 5363 pnesens
931 5305 1142 5362 pompae
1169 5289 1402 5354 adesset,
1434 5289 1659 5344 absente
1679 5287 1818 5344 forte
1844 5288 2103 5345 Mediola-

505 5399 694 5447 nense,
731 5382 1042 5438 Conradum
1071 5396 1237 5438 manu
1261 5380 1575 5452 prehendit,
1605 5387 1668 5437 ut
1711 5380 1887 5452 ipsum
1926 5381 2101 5452 ponti-

506 5477 593 5532 fici
615 5490 714 5546 pro
735 5489 829 5530 ara
854 5476 1018 5530 stanti
1043 5473 1281 5531 offerret.
1313 5471 1393 5528 Ea
1419 5488 1480 5530 re
1499 5473 1872 5530 animadversa
1887 5513 1902 5539 ,
1931 5474 2094 5544 legati

504 5568 938 5626 Mediolanenses
956 5569 1214 5626 antistitis
1235 5583 1428 5624 munus
1445 5568 1498 5626 id
1524 5582 1642 5625 esse
1663 5569 1748 5624 sui
1768 5567 2089 5636 clamarunt,

503 5664 597 5732 qui
625 5677 806 5732 regem
835 5662 1001 5720 Italia:
1030 5662 1240 5734 legendi
1269 5671 1324 5719 et
1359 5662 1658 5719 coronandi
1681 5662 1770 5733 jus
1797 5663 2086 5720 obtineret.

503 5752 636 5809 Orto
674 5760 853 5809 autem
895 5769 964 5810 ex
1025 5769 1091 5810 ea
1136 5770 1198 5810 re
1226 5755 1369 5811 inter
1410 5762 1651 5811 astantes
1685 5755 1958 5825 principes
1989 5771 2087 5810 an-

2224 1899 2444 1963 raverit,
2462 1897 2706 1955 fraudem
2724 1899 3056 1956 schismatici
3071 1899 3311 1956 auctoris
3326 1898 3480 1955 facile
3495 1901 3762 1971 perspiciet.

2223 1987 2531 2046 Omittimus
2558 2007 2688 2048 vero
2713 1992 2770 2046 in
2797 2007 2863 2048 ea
2887 1990 3008 2048 facti
3040 1992 3182 2047 serie
3207 1989 3644 2055 animadvertere,
3671 1990 3764 2046 nul-

2223 2082 2331 2137 lam
2352 2081 2763 2139 Mediolanensis
2784 2081 3041 2139 Ecclesiae
3051 2097 3163 2152 prae
3185 2081 3512 2137 Ravennatae
3533 2081 3761 2138 excellen-

2221 2175 2373 2238 tiam,
2394 2173 2482 2244 jus
2506 2175 2703 2230 nullum
2733 2175 3188 2246 metropoliticmn
3208 2215 3222 2239 ,
3265 2172 3464 2228 nullam
3491 2171 3762 2244 metropolis

2221 2267 2674 2336 praeexistentiam
2693 2309 2708 2332 ,
2733 2273 2788 2321 et
2805 2306 2818 2330 ,
2843 2263 2986 2334 quod
3015 2273 3177 2334 caput
3199 2273 3316 2327 est,
3348 2262 3541 2317 nullam
3569 2262 3618 2316 in
3641 2274 3762 2333 supe-

2218 2357 2452 2413 rioribus
2506 2358 2749 2412 conciliis
2800 2357 3056 2412 sessionis
3096 2354 3510 2426 praerogativam
3547 2361 3664 2408 tunc
3692 2353 3757 2422 ja-

2218 2458 2395 2504 ctasse
2431 2447 2740 2504 Conradum
2763 2488 2778 2513 ,
2826 2456 2918 2503 aut
2961 2446 3396 2502 Mediolanenses
3433 2445 3652 2516 legatos,
3687 2443 3762 2499 sed

2193 2556 2387 2597 .unum
2418 2543 2794 2597 tantummodo
2841 2542 2983 2610 regis
3016 2540 3181 2594 Italiae
3240 2538 3530 2595 coronandi
3581 2551 3758 2592 munus.

2216 2629 2524 2687 Omittimus
2577 2633 2784 2702 pariter
2825 2647 2893 2687 ex
2941 2633 3169 2686 tumultu
3229 2631 3375 2686 inter
3423 2629 3674 2701 principes
3721 2636 3763 2683 et

2193 2733 2458 2780 astantes
2494 2726 2752 2794 praesules
2787 2740 2851 2779 ea
2885 2725 3172 2780 occasione
3209 2729 3486 2780 commoto
3526 2734 3761 2791 argumen-

2217 2827 2329 2870 tum
2351 2830 2458 2870 non
2479 2814 2596 2870 leve
2626 2815 2891 2870 deducere
2933 2814 3311 2883 amplitudinis
3348 2812 3656 2868 Ravennatis
3685 2824 3758 2867 ec-

2215 2905 2410 2968 clesiae,
2442 2920 2562 2975 quae
2589 2905 2973 2961 Mcdiolanensi
3001 2905 3270 2969 Ecclesia,
3300 2904 3387 2960 vel
3414 2902 3750 2964 excellentior,

2213 2997 2301 3052 vel
2332 3005 2479 3052 certe
2521 3012 2628 3051 non
2658 2997 2880 3052 inferior
2918 2997 3229 3052 haberetur.
3267 2995 3469 3051 Verum
3506 3003 3559 3049 ut
3595 2993 3655 3048 ad
3683 2991 3759 3046 Ar-

2214 3087 2400 3159 nulphi
2419 3086 2626 3143 fabulas
2646 3089 2948 3153 redeamus,
2970 3089 3118 3143 illum
3139 3088 3364 3144 tandem
3393 3085 3642 3142 mendacii
3657 3083 3757 3141 red-

2214 3182 2388 3252 arguit
2413 3181 2760 3252 Landulphus
2787 3184 2970 3237 senior
2989 3182 3230 3252 ejusdem
3262 3222 3276 3247 ,
3331 3181 3422 3252 qui
3463 3180 3656 3251 patriae,
3685 3179 3757 3233 in-

2217 3275 2380 3344 genii,
2401 3283 2581 3338 sectae,
2607 3273 2826 3329 furfuris
2847 3274 3033 3330 homo.
3053 3273 3151 3330 Hic
3170 3275 3238 3330 de
3276 3275 3504 3346 ipsomet
3521 3271 3754 3328 Heriberto

2217 3368 2607 3425 Mediolanensi
2653 3369 3062 3441 archiepiscopo
3112 3367 3523 3438 quatuordecim
3561 3365 3759 3437 prolixos

2216 3461 2434 3531 scripsit
2461 3463 2852 3531 paragraphos,
2878 3478 2972 3516 seu
3001 3463 3200 3532 capita,
3221 3462 3280 3516 in
3297 3462 3491 3532 quibus
3511 3473 3572 3513 ne
3590 3453 3758 3529 syllaba

2217 3552 2434 3621 quidem
2465 3553 2737 3608 invenitur
2771 3553 2839 3608 de
2868 3553 3099 3608 tumultu
3131 3554 3183 3608 in
3215 3550 3457 3609 Conradi
3481 3549 3670 3621 augusti
3692 3549 3759 3601 in-

2215 3644 2572 3713 auguratione
2611 3653 2835 3711 exorto,
2883 3660 2950 3700 ne
2979 3644 3184 3716 syllaba
3226 3644 3449 3714 quidem
3481 3644 3544 3699 de
3588 3637 3761 3714 synodo

2213 3731 2436 3788 Joannis
2447 3733 2586 3788 XIX.
2601 3733 2788 3800 lnnno,
2807 3735 2952 3803 quod
2964 3733 3406 3807 magisArnulphi
3421 3732 3757 3789 auctoritatem

2211 3825 2407 3889 elevat,
2440 3835 2494 3880 et
2524 3827 2680 3880 simul
2721 3826 2886 3897 ipsius
2913 3826 3211 3898 Landulphi
3233 3828 3591 3883 narrationem
3614 3834 3764 3892 suspe

2211 3925 2354 3972 ctam
2371 3917 2528 3971 nimis
2541 3917 2765 3972 reddere
2780 3917 3010 3982 videtur,
3025 3918 3258 3987 jurgium
3286 3919 3426 3973 inter
3438 3913 3759 3984 archiepisco-

2212 4026 2310 4081 pos
2339 4009 2523 4065 Romae
2547 4017 2752 4072 natum,
2779 4007 3124 4080 Landulphus
3152 4025 3260 4066 non
3295 4009 3573 4071 Heriberti,
3603 4012 3657 4060 ut
3673 4001 3758 4057 Ar-

2213 4102 2464 4172 nulphus,
2497 4103 2591 4156 sed
2614 4100 2859 4156 Widonis
2885 4103 3277 4174 archiepiscopi
3300 4100 3617 4172 temporibus
3642 4095 3763 4150 attri-

2209 4196 2354 4260 buit;
2388 4211 2496 4251 non
2532 4194 2890 4264 praesentandi
2932 4196 3074 4265 regis
3102 4211 3263 4250 causa
3282 4235 3296 4260 ,
3327 4194 3422 4250 sed
3453 4188 3690 4248 sessionis
3717 4186 3761 4240 in

2209 4285 2469 4356 Stephani
2497 4301 2649 4355 papae
2671 4285 2879 4357 synodo
2907 4285 3082 4356 (error
3097 4286 3250 4340 adest
3279 4287 3333 4341 in
3365 4299 3500 4356 papa
3527 4283 3662 4352 ipso,
3685 4276 3762 4345 qui

2209 4397 2318 4436 non
2346 4379 2652 4450 Stephanus
2671 4419 2685 4443 ,
2718 4380 2811 4435 sed
2841 4379 3092 4435 Nicolaus
3119 4379 3162 4434 ll
3196 4388 3326 4435 tunc
3347 4377 3518 4449 erat).
3551 4372 3762 4441 Pugnant

2208 4485 2424 4541 quoque
2445 4471 2586 4525 inter
2615 4472 2800 4525 ambas
2831 4471 3078 4526 nationes
3115 4469 3304 4526 Romae
3333 4472 3524 4525 factam
3554 4465 3619 4521 ob
3645 4473 3760 4532 prte-

2210 4563 2386 4619 sulum
2447 4579 2665 4618 suorum
2718 4563 3043 4618 discordiam
3099 4563 3409 4635 Arnu‘lphus
3450 4559 3617 4630 jungit
3654 4566 3760 4609 cum

2209 4653 2447 4710 Conradi
2469 4654 2824 4710 coronatione
2853 4654 2951 4708 sub
2965 4652 3120 4709 Joan.
3149 4653 3300 4721 XIX;
3330 4649 3663 4720 Landulphus
3685 4659 3763 4698 au-

2208 4755 2319 4803 tem
2345 4763 2467 4803 cum
2491 4746 2697 4819 synodo
2725 4745 3003 4818 Stephani,
3029 4762 3127 4802 seu
3151 4747 3358 4803 Nicolai
3377 4744 3421 4800 ll
3437 4784 3452 4810 ,
3483 4743 3552 4798 ob
3574 4739 3759 4795 discor-

2207 4839 2350 4895 diam
2371 4840 2642 4896 sessionis.
2666 4839 2856 4896 Nonne
2875 4841 3232 4897 eontradictio
3246 4841 3428 4898 isthaec
3454 4838 3590 4892 inter
3601 4837 3762 4888 aucto-

2203 4944 2292 4986 res
2337 4946 2547 4987 coaevos
2595 4930 2834 5000 ejusdem
2881 4933 3070 5002 patriae
3113 4941 3169 4987 et
3209 4939 3399 4995 sect'e,
3444 4941 3623 4985 eorum
3655 4919 3762 4977 ﬁdei

2196 5024 2612 5092 auctoritatique
2655 5031 2714 5076 ut
2751 5039 2874 5077 cuin
2913 5023 3149 5078 maxime
3197 5022 3468 5086 detrahit;
3511 5025 3664 5086 atque
3694 5026 3747 5066 ea

2201 5115 2382 5170 omnia
2419 5129 2539 5183 quae
2570 5122 2787 5168 narrant
2815 5129 2946 5184 pura
2991 5115 3176 5184 putida
3220 5119 3522 5170 commenta
3551 5120 3662 5163 esse
3685 5102 3742 5156 de

2200 5207 2409 5262 clarant
2428 5208 2494 5262 de
2511 5207 2612 5262 hac
2631 5207 2947 5276 quaestione,
2979 5208 3126 5276 quod
3156 5223 3255 5263 nos
3276 5205 3410 5262 infra
3443 5200 3654 5259 ulterius
3680 5193 3756 5248 dc-

2200 5299 2654 5354 monstrabimus?
2683 5298 2891 5353 Interea
2921 5314 3026 5352 non
3053 5298 3148 5352 abs
3175 5313 3235 5354 re
3262 5298 3365 5353 erit
3385 5296 3633 5350 lectorem
3655 5297 3758 5339 m0-

2199 5405 2329 5445 nere
2369 5389 2740 5461 Landulphum
2787 5391 2946 5446 istum
2996 5392 3262 5448 seniorem
3293 5389 3498 5445 fabulas
3523 5394 3664 5452 atque
3699 5388 3753 5428 ac

2201 5479 2536 5552 Arnulphum
2599 5481 2904 5538 venditasse
2971 5482 3363 5554 propemodum
3413 5475 3656 5535 infinitas,
3691 5465 3751 5521 de

2199 5573 2392 5642 quibus
2439 5572 2652 5627 videndi
2691 5573 2808 5642 ejus
2850 5579 3232 5637 annotatores,
3281 5587 3345 5627 ac
3381 5566 3640 5641 praecipue
3685 5555 3726 5611 Cl

2197 5663 2409 5726 Saxius,
2443 5664 2536 5733 qui
2587 5665 2748 5718 etiam
2798 5664 2850 5718 in
2877 5664 2991 5720 suis
3043 5661 3303 5720 Vindiciis
3335 5661 3401 5716 de
3447 5657 3665 5714 adventu
3699 5647 3749 5698 S-

2196 5755 2455 5810 Barnabar
2478 5755 2858 5819 Mediolanum,
2887 5755 3258 5826 Landulphum
3289 5759 3506 5810 accusat
3533 5742 3749 5801 fabulan-
