3964 6350
477 393 620 454 JOS.
661 390 989 452 AMADESII
1026 384 1480 449 DISSERTATIO
1519 384 1610 441 DE
1649 381 2049 439 METROPOLI
2087 383 2629 445 ECCLESIASTICA
2669 385 3232 447 RAVENNATENSL
3380 389 3486 448 192

180 528 314 582 um,
337 516 500 572 clero
524 510 914 572 Maliolanensi
938 508 1200 566 indultam
1229 505 1396 563 fuisse
1420 520 1454 560 a
1469 503 1632 560 beato
1659 499 1789 556 Am—
1813 503 1861 563 Α
1890 501 1945 556 in
1968 511 2227 574 posterum
2242 514 2452 576 cuperet
2470 505 2958 578 prwexcellentiam,
2985 521 3141 580 quam
3159 505 3259 564 sibi
3279 505 3484 565 Medio-

180 610 370 667 hrosio
407 607 722 664 facultatem
759 618 962 661 uxores
993 600 1266 659 ducendi:
1306 613 1429 670 quae
1457 612 1564 652 una
1607 593 1787 651 fabula

180 702 407 773 genium
435 699 679 756 hominis
707 696 883 769 aperit
909 694 1154 752 omnino.

248 793 340 848 δε.
377 793 718 866 Hieronymo
729 790 920 847 Rubeo
943 790 1246 844 litterarum
1266 782 1620 849 benemorito,
1641 779 1786 838 mul-

181 887 357 956 tisque
381 885 453 939 ab
476 899 548 940 eo
575 883 812 940 exemtis
839 881 1102 952 editisque
1125 879 1381 952 operibus
1407 875 1781 938 celeberrimo,

179 978 574 1034 auctoritatem
605 977 868 1045 derogare
894 973 1074 1031 conati
1099 979 1228 1028 sunt
1253 969 1682 1027 Mediolanenses
1713 965 1784 1022 ob

179 1071 463 1141 vulgatum
516 1068 812 1125 Clementis
845 1067 890 1123 Il
917 1066 1191 1138 diploma;
1221 1063 1310 1120 cui
1343 1060 1553 1118 auctori
1580 1075 1650 1114 an
1675 1057 1782 1114 Ar-

177 1163 414 1232 nulphus
442 1161 520 1218 sit
543 1159 958 1231 comparandus,
978 1157 1240 1228 judicium
1267 1163 1388 1212 esto
1409 1151 1552 1224 apud
1566 1149 1782 1222 sapien-

175 1265 272 1312 tes.
296 1253 472 1312 Certe
501 1255 570 1312 de
599 1253 878 1324 Arnulpho
905 1251 960 1308 id
987 1250 1211 1308 evidens
1238 1255 1340 1315 est,
1372 1254 1535 1317 atque
1563 1243 1780 1300 moder-

175 1351 230 1405 ni
255 1347 376 1418 ejus
400 1347 772 1406 illustratores
791 1344 883 1400 hic
909 1351 1072 1414 atque
1097 1342 1208 1398 illic
1226 1342 1281 1397 in
1301 1340 1414 1399 suis
1440 1338 1582 1394 notis
1601 1337 1777 1392 laten-

176 1451 287 1506 ter,
317 1437 800 1503 anachronismis,
831 1434 1128 1492 mendaciis
1155 1449 1220 1489 ac
1253 1431 1446 1488 fabulis
1473 1427 1776 1486 confertum

178 1545 290 1589 esse
307 1530 434 1599 ejus
455 1528 804 1602 opusculum.
821 1527 1054 1584 Silemus
1067 1525 1135 1582 de
1149 1523 1467 1582 Nonantulce
1481 1521 1776 1578 doratione

177 1640 206 1678 a
241 1621 691 1694 Burgundiorum
717 1634 848 1690 rege
895 1619 1265 1675 Ambrosianus
1318 1615 1574 1672 Ecclesia:
1629 1611 1773 1668 facta

180 1717 226 1771 in
269 1714 655 1784 expiationem
694 1713 972 1783 octoginta
1025 1711 1331 1767 occisorum
1359 1707 1674 1774 hominum,
1705 1705 1774 1764 de

1890 595 2128 652 lanensis
2181 612 2345 669 super
2380 597 2747 656 Ravennatem
2800 598 3116 656 vindicabat.
3175 597 3311 666 Quia
3363 617 3482 660 vero

1887 688 2019 744 nihil
2037 705 2102 744 ea:
2129 697 2277 762 parte
2305 688 2624 747 Ravennatis
2652 689 2857 748 obstare
2889 693 3058 765 magis
3112 709 3261 764 posse
3306 694 3481 750 credo-

1887 789 1983 845 ret,
2012 797 2166 854 quam
2191 781 2447 853 synodum
2486 782 2579 836 sub
2618 780 2878 839 Clemente
2932 782 3000 838 ΙΙ
3052 800 3192 856 papa
3246 785 3476 842 celebra-

1888 883 2011 941 tam,
2043 884 2315 948 propterea
2343 885 2687 933 commentum
2714 877 2846 934 illud
2898 878 3026 933 anni
3080 877 3218 933 1027
3269 881 3480 952 excogi-

1888 977 2039 1037 tasse,
2069 980 2127 1024 ut
2152 970 2410 1042 ejusmodi
2439 987 2531 1043 per
2557 989 2674 1026 eum
2715 972 2986 1030 historiola
3037 975 3388 1041 mentita,.....
3431 986 3481 1029 et

1881 1061 1938 1115 in
1967 1077 2160 1116 annum
2187 1062 2492 1133 praedictum
2522 1061 2660 1118 1027
2688 1066 2951 1136 conjecta,
3011 1065 3270 1120 decretum
3321 1082 3478 1138 syno-

1882 1151 2003 1208 dale
2029 1151 2304 1211 Clementis
2335 1152 2396 1210 ΙΙ
2428 1157 2484 1210 in
2511 1171 2715 1211 omnem
2743 1159 3070 1214 occasionem
3109 1160 3262 1215 tacite
3290 1161 3477 1215 obrue-

1881 1253 2024 1299 retur
2067 1255 2118 1300 et
2169 1247 2571 1319 infringeretur,
2629 1247 2768 1320 quod
2821 1265 2962 1304 anno
3018 1248 3156 1304 1047
3211 1251 3476 1306 conditum

1881 1339 2071 1412 fuerat.

1951 1428 2036 1486 54.
2069 1431 2254 1503 Neque
2282 1433 2547 1506 Arnulpbi
2570 1433 2806 1491 fabulam
2855 1436 3250 1495 credibiliorem
3298 1438 3476 1496 reddit

1876 1526 2166 1596 possessio,
2199 1527 2255 1582 in
2281 1543 2388 1596 qua
2427 1526 2855 1585 Mediolanenses
2881 1530 3276 1602 archiepiscopi
3321 1538 3476 1588 erant

1877 1631 2020 1673 anno
2043 1616 2180 1672 1027
2209 1635 2408 1675 novum
2438 1623 2821 1691 imperatorem
2842 1637 3055 1678 summo
3075 1619 3316 1694 pontifici
3337 1639 3475 1695 prat-

1873 1709 2140 1776 sentandi,
2172 1721 2335 1781 prout
2352 1710 2584 1781 probare
2605 1722 2888 1782 conantur,
2919 1714 3098 1772 allatis
3121 1715 3384 1787 exemplis
3404 1729 3474 1772 ex

179 1809 395 1863 Othonis
445 1807 500 1864 II
537 1808 861 1864 liberatione
887 1820 920 1862 e
943 1803 1254 1861 Gnecorum
1291 1810 1348 1857 et
1374 1799 1770 1856 Saracenorum
1873 1799 2097 1871 Sigonio
2125 1801 2194 1858 ad
2221 1817 2348 1858 ann.
2381 1800 2485 1856 962
2511 1812 2568 1860 et
2594 1803 2699 1858 972
2719 1821 2734 1872 ;
2758 1821 2880 1861 nam
2897 1805 3202 1876 hujusmodi
3223 1807 3474 1878 exempla

181 1900 440 1964 mnibus,
477 1899 550 1955 de
579 1899 866 1964 electione,
897 1898 1271 1962 coronatione,
1289 1902 1452 1963 atque
1479 1893 1532 1951 in
1559 1890 1771 1946 italiam
1801 1896 1850 1958 Β
1874 1906 1983 1948 non
2011 1900 2238 1963 tangunt
2264 1895 2620 1964 quaestionem
2649 1895 2717 1950 de
2762 1897 3116 1967 praerogativa
3163 1896 3386 1954 sedendi
3439 1913 3473 1953 a

182 1991 396 2046 adventu
433 1988 682 2046 Conradi
709 1989 902 2054 Salici,
925 1987 1099 2057 deque
1138 1987 1258 2041 aliis
1298 1991 1515 2041 centum
1556 1997 1675 2053 quae
1701 1982 1770 2037 ab
1870 1984 2076 2041 dextris
2105 1999 2258 2056 papae
2287 1987 2341 2041 in
2371 1986 2622 2053 concilio,
2655 2002 2820 2058 quam
2851 1990 3063 2046 unicam
3117 1988 3310 2045 litteras
3347 1986 3471 2046 Cle-

185 2084 280 2153 ejus
312 2083 754 2138 illustratoribus
793 2089 1070 2138 notantur.
1101 2080 1314 2149 integra
1357 2085 1538 2132 autem
1565 2076 1632 2131 de
1660 2073 1770 2130 Me—

182 2177 474 2233 diolanensi
489 2175 802 2240 schismate,
820 2174 906 2229 vel
920 2173 1100 2243 potius
1113 2171 1306 2226 haeresi
1327 2168 1565 2225 narratio
1589 2183 1769 2223 nonne

180 2267 527 2339 putidissimis
555 2265 857 2321 mendaciis
896 2265 1107 2322 scatet?
1135 2264 1281 2330 Quot
1306 2262 1471 2318 verba
1497 2299 1512 2326 ,
1545 2269 1628 2316 tot
1654 2258 1767 2316 fere

177 2361 473 2426 calumnias,
496 2358 866 2430 blasphemice,
891 2356 1171 2413 invectiva!
1199 2355 1254 2409 in
1291 2352 1595 2409 doctrinam
1619 2348 1764 2417 ﬁdei,

179 2451 227 2507 in
265 2450 454 2507 sedem
513 2447 889 2520 apostolicam.
939 2445 1130 2502 Omnia
1161 2444 1386 2500 fallaciis
1407 2484 1421 2508 ,
1445 2442 1766 2499 commentis

177 2541 541 2598 fraudulenter
593 2539 788 2595 miscet
832 2536 1238 2605 confunditque.
1271 2533 1428 2602 Quod
1467 2541 1650 2588 autem
1697 2533 1766 2588 ad

176 2649 282 2690 rem
307 2643 556 2690 nostram
573 2633 797 2705 propius
817 2630 1044 2697 accedit,
1063 2629 1527 2700 archiepiscopum
1557 2625 1764 2682 Medio-

179 2725 444 2782 lanensem
495 2734 624 2780 ante
665 2723 970 2779 Romanum
1013 2717 1325 2792 pontificem
1366 2719 1520 2774 citari
1560 2717 1766 2773 vocari-

177 2831 274 2887 que
299 2817 368 2871 ad
394 2816 666 2889 synodum
683 2814 987 2871 Romanam
1003 2812 1347 2883 impatienter
1365 2809 1578 2866 videtur
1598 2807 1759 2876 ferre,

176 2907 424 2974 infremit,
449 2906 836 2964 debacchatur.
869 2903 1131 2959 Romanae
1159 2901 1275 2958 sedi
1304 2899 1763 2958 Mediolanensem

175 2999 434 3056 vociterat
463 2998 727 3069 aequalem
769 2997 839 3052 ad
895 3010 1157 3052 nauseam
1196 3008 1388 3064 usque.
1421 2990 1746 3062 llujusmodi

183 3106 316 3162 ergo
378 3091 622 3162 scriptori
658 3087 1052 3160 subjectionem
1091 3084 1292 3142 Christi
1339 3084 1543 3140 vicario
1598 3082 1762 3153 impie

174 3186 418 3254 neganti,
445 3193 501 3239 et
526 3184 689 3250 dicta,
721 3182 886 3246 facta,
919 3181 1121 3252 scripta
1151 3178 1478 3235 adulteranti
1498 3177 1679 3233 omnia
1705 3177 1760 3232 in

1869 2077 2126 2133 mentium
2177 2085 2379 2134 sartam
2433 2084 2634 2134 tectam
2687 2080 2880 2134 volunt
2945 2079 3466 2138 Ravennatensibus.

1869 2168 2044 2240 Hujus
2072 2171 2346 2242 possessio
2376 2179 2502 2227 ante
2531 2169 2677 2226 illam
2723 2171 2989 2244 synodum
3037 2172 3312 2244 probanda
3352 2180 3470 2228 erat

1867 2261 2381 2330 Mediolanensibus,
2435 2279 2544 2319 non
2574 2265 2815 2331 alterius,
2864 2280 3026 2336 quam
3059 2281 3166 2322 non
3196 2266 3473 2337 impugna-

1867 2370 2006 2421 mus,
2038 2363 2096 2411 et
2121 2369 2283 2425 quam
2330 2355 2420 2412 vel
2467 2355 2690 2412 minime
2737 2355 2960 2412 violavit
3007 2357 3060 2412 in
3115 2357 3470 2414 coronatione

1865 2444 2102 2504 Conradi
2147 2447 2591 2520 archiepiscopus
2639 2447 2946 2515 Ravennas,
2996 2449 3083 2506 vel
3111 2449 3156 2504 si
3185 2449 3328 2518 regis
3354 2461 3470 2504 ma-

1866 2557 1996 2597 num
2028 2557 2155 2598 vere
2185 2541 2562 2613 apprehendit,
2593 2551 2653 2598 ut
2679 2542 2780 2598 sibi
2827 2543 2879 2598 id
2909 2543 3128 2598 honoris
3147 2543 3466 2609 vindicaret,

1866 2633 2006 2690 forte
2037 2633 2183 2702 fecit,
2211 2634 2434 2690 absente
2472 2633 2876 2691 Mediolanense
2899 2677 2913 2703 ,
2969 2643 3029 2690 ut
3081 2632 3331 2704 Sigonius
3384 2641 3470 2694 est

1868 2733 2075 2782 auctor.

1937 2816 2024 2874 55.
2068 2818 2350 2876 Silentium
2378 2818 2571 2876 deinde
2600 2816 2880 2889 Arnulphl,
2911 2819 3002 2888 qui
3034 2833 3157 2875 cum
3176 2817 3378 2875 scribat
3397 2817 3466 2875 de

1862 2911 2158 2970 Clementis
2184 2912 2226 2967 ll
2256 2913 2542 2979 electione,
2575 2911 2696 2967 silet
2718 2911 2786 2968 de
2812 2909 3149 2967 Clementina
3177 2909 3464 2966 Ravenna-

1862 3007 1997 3062 tium
2027 3005 2189 3071 bulla,
2221 3013 2596 3076 argumentum
2619 3013 2702 3060 est
2730 3020 2838 3060 non
2863 3002 3112 3061 falsitatis
3140 3003 3318 3066 bullte,
3367 3002 3465 3058 sed

1864 3099 1950 3156 vel
1979 3099 2324 3168 ignorantiae,
2357 3097 2441 3152 vel
2462 3098 2641 3168 potius
2669 3096 2886 3152 malitiae
2928 3096 3082 3150 istius
3115 3093 3462 3150 schismatici.

1867 3188 2005 3257 Quia
2033 3204 2164 3258 ergo
2199 3203 2373 3258 neque
2399 3188 2664 3261 synodum
2693 3195 2882 3243 contra
2911 3185 3250 3242 Simoniacos
3278 3201 3308 3240 a
3336 3183 3463 3240 Cle-

175 3279 398 3348 gratiam
427 3275 845 3333 Mediolanensis
886 3273 1176 3340 Ecclesiae,
1205 3271 1385 3327 fabula
1424 3271 1492 3327 de
1526 3285 1758 3327 corona-

1865 3287 2044 3336 mente
2073 3280 2312 3335 habitam
2343 3279 2389 3334 is
2408 3286 2697 3344 memorat,
2739 3277 2932 3333 falsum
2963 3277 3068 3333 erit
3106 3275 3364 3346 quidquid
3393 3276 3462 3332 de

175 3372 328 3426 nonis
352 3369 594 3426 Conradi
633 3367 798 3426 Salici
821 3367 1050 3424 tumultu
1067 3409 1082 3435 ,
1106 3382 1172 3423 ac
1202 3365 1272 3422 de
1311 3363 1503 3438 synodi
1538 3361 1759 3418 Joannis

1865 3387 1928 3430 ea
1956 3372 2164 3446 synodo
2193 3371 2252 3428 S.
2279 3370 2472 3428 Petrus
2500 3370 2793 3426 Damianus
2813 3371 3012 3440 aliique
3038 3369 3336 3440 gravissimi
3361 3371 3463 3427 viri

175 3459 290 3516 XIX
309 3460 552 3526 decreto,
586 3468 791 3516 temere
807 3467 863 3516 et
889 3459 1199 3515 inconsulto
1218 3456 1488 3514 credenda
1509 3455 1616 3510 erit
1631 3495 1646 3518 ν
1679 3463 1761 3509 ῑίιο
1863 3465 2142 3520 memoriae
2169 3463 2538 3519 mandarunt?
2567 3462 2722 3530 Quod
2745 3471 2926 3517 autem
2955 3475 3042 3517 res
3063 3460 3163 3518 sub
3186 3459 3464 3518 Clemente

174 3553 406 3610 sentibus
435 3553 508 3608 ad
533 3568 702 3608 unum
723 3551 920 3609 comis
948 3550 1200 3608 omnibus
1241 3547 1554 3606 auctoribus
1595 3546 1759 3602 etiam
1859 3565 2058 3628 gestas,
2091 3564 2185 3612 aut
2204 3555 2535 3625 ignoraverit
2563 3554 2890 3626 Arnulphus,
2925 3562 3018 3608 aut
3045 3553 3286 3610 studiose
3314 3554 3464 3610 adul-

174 3647 423 3703 oculatis?

233 3737 314 3792 53.
353 3735 544 3805 Quare
571 3736 800 3810 ipsemet
825 3735 892 3792 cl.
924 3733 1250 3790 Muratorius
1303 3731 1430 3787 dum
1476 3729 1757 3786 historiam

174 3832 230 3886 de
252 3831 616 3888 coronatione
653 3829 888 3886 Conradi
936 3828 1230 3884 Annalibus
1280 3826 1444 3881 italiae
1492 3826 1753 3893 inseruit,

173 3924 525 3995 suspicionem
555 3937 708 3978 suam
727 3921 856 3978 satis
883 3929 1068 3991 aperte
1095 3917 1486 3974 demonstravit
1509 3915 1614 3971 illis
1633 3931 1757 3971 ver-

174 4013 274 4070 bis:
305 4015 378 4072 Se
404 4014 670 4088 eogliamo
705 4013 914 4068 credere
959 4011 1027 4065 ad
1081 4010 1303 4082 Arnolfo
1355 4009 1566 4064 istorico
1595 4005 1757 4062 Mila-

172 4125 290 4165 παρ.
339 4109 424 4165 De
466 4117 658 4164 nostro
685 4115 868 4162 autem
894 4103 1189 4160 Clementis
1215 4102 1257 4157 ll
1291 4102 1588 4172 diplomate
1618 4116 1753 4156 con-

172 4203 490 4258 stantissime
512 4199 929 4272 pronuntiavit:
963 4195 1042 4250 La
1096 4196 1234 4251 bolla
1286 4195 1340 4250 di
1386 4193 1643 4250 Clemente
1687 4191 1755 4248 II

169 4303 450 4349 momenta
468 4294 537 4347 ha
567 4301 696 4346 tutta
725 4290 1059 4361 l‘apparensa
1085 4287 1138 4342 di
1167 4303 1272 4342 non
1299 4301 1437 4341 esser
1465 4286 1617 4356 ﬁnta.
1644 4281 1752 4339 Pa-

170 4385 270 4454 gius
295 4388 438 4456 ipse,
471 4399 635 4454 quem
678 4383 871 4451 legisse
926 4380 1260 4451 Arnulphum
1308 4387 1534 4450 apparet
1561 4393 1627 4432 ex
1655 4393 1752 4432 au-

168 4486 360 4532 ctorum
381 4475 651 4544 Catalogo
672 4473 930 4529 Breviarii
959 4472 1042 4528 sui
1071 4480 1218 4527 tomo
1246 4470 1289 4525 ll
1309 4467 1553 4541 praeﬁxo,
1568 4478 1749 4524 tamen

1859 3650 2136 3714 teraverit,
2170 3657 2322 3720 patet
2350 3663 2418 3704 ex
2465 3648 2776 3703 narratione
2831 3649 2945 3717 ipsa
3002 3647 3283 3703 electionis
3311 3647 3464 3703 istius

1855 3742 2148 3815 pontificis,
2178 3757 2339 3811 quam
2370 3741 2583 3796 unicam
2612 3740 2679 3795 de
2704 3756 2770 3796 eo
2799 3741 3004 3809 refert,
3055 3740 3100 3794 si
3147 3755 3269 3794 cum
3317 3739 3462 3794 veri-

1858 3845 1970 3892 tate
2011 3835 2360 3890 historiarum
2413 3832 2745 3889 conferatur.
2801 3831 2970 3888 Facto
3024 3843 3232 3898 autem,
3289 3831 3464 3902 inquit

1857 3927 2188 3998 Arnulphus,
2225 3924 2408 3981 Romae
2437 3925 2665 3998 generali
2695 3934 2944 3979 conventu
2968 3924 3268 3996 prazsulnm,
3299 3924 3462 3979 risum

1856 4030 1934 4075 est
1961 4020 2068 4092 regi
2103 4020 2242 4089 (crat
2271 4018 2314 4073 is
2355 4017 2620 4072 llenricus
2669 4015 2757 4086 111)
2815 4026 2865 4068 et
2919 4015 3173 4086 episcopis
3222 4013 3462 4069 omnibus

1855 4127 2046 4184 papam
2075 4112 2266 4180 injuste
2296 4119 2464 4164 tenere
2493 4109 2812 4164 cathedram.
2858 4105 2970 4172 Quo
3007 4108 3184 4161 statim
3237 4107 3457 4179 objecta,

1855 4217 2014 4256 unum
2043 4218 2108 4256 ea:
2140 4200 2490 4256 Theutonibus
2519 4200 2790 4272 praesulem
2821 4199 2960 4270 illius
2991 4199 3104 4254 loco
3150 4197 3453 4266 substituit,

1853 4311 2002 4368 quem
2032 4303 2232 4348 mutato
2262 4294 2472 4348 nomine
2517 4291 2828 4347 Clementem
2857 4293 3070 4358 vocavit,
3114 4309 3146 4345 ιι
3174 4307 3273 4365 quo
3299 4293 3458 4348 etiam

1853 4403 2105 4442 coronam
2135 4386 2352 4456 accepit.
2385 4382 2529 4450 Quot
2574 4383 2628 4438 in
2683 4383 2868 4454 paucis
2923 4383 3079 4438 lineis
3133 4382 3451 4438 mendacia!

1851 4477 1971 4532 Non
2002 4477 2208 4542 Ronne,
2241 4474 2337 4531 sed
2367 4474 2540 4531 Sutris
2564 4483 2861 4531 conventus
2892 4474 2979 4530 ille
3007 4473 3293 4545 pnesulum
3316 4474 3458 4530 cele-

168 4569 268 4639 ejus
292 4569 538 4625 fabulam
564 4567 632 4622 de
651 4565 1004 4622 coronatione
1032 4562 1264 4618 Conradi
1287 4578 1315 4616 a
1339 4561 1750 4616 Ravennatense
1850 4568 2040 4623 bratus
2069 4575 2153 4622 est
2179 4581 2365 4622 coram
2421 4565 2656 4621 Henrico
2713 4580 2858 4635 rege.
2893 4565 3010 4621 Non
3041 4567 3270 4639 abjectus
3316 4581 3456 4639 papa

166 4665 492 4734 perturbata,
521 4671 578 4718 et
604 4661 673 4716 de
702 4659 911 4732 synodo
939 4675 970 4714 a
998 4657 1206 4713 Joanne
1249 4655 1370 4710 XIX
1419 4655 1600 4709 habita
1630 4669 1750 4708 om-
1777 4660 1832 4721 Ι)
1855 4657 2147 4727 Gregorius
2175 4656 2262 4724 Vl,
2293 4656 2386 4711 sed
2413 4658 2523 4729 ipse
2552 4673 2835 4728 agnoscens
2888 4673 2944 4711 se
2997 4673 3101 4712 non
3142 4673 3292 4729 posse
3313 4659 3456 4730 juste

167 4757 276 4811 nino
301 4756 571 4827 pneterit,
600 4754 729 4810 licet
753 4760 942 4824 postea
971 4767 1002 4808 e
1045 4750 1320 4806 contrario
1371 4748 1572 4803 bullam
1624 4743 1747 4801 Cle—
1853 4750 2105 4805 honorem
2137 4750 2266 4802 tanti
2297 4749 2574 4804 sacerdotii
2605 4748 3004 4816 administrare,
3052 4764 3116 4804 ea.
3161 4749 3453 4822 pontiﬁcali

24 4961 28 5130 ᾖ

24 5147 28 5376 l

165 4849 339 4902 mentis
367 4847 416 4901 ll
449 4861 549 4917 pro
587 4845 900 4900 Ravennate
946 4841 1148 4898 referat
1195 4849 1250 4896 et
1277 4839 1542 4894 admittat.
1601 4837 1747 4906 Qua-

163 4948 366 5008 propter
423 4953 549 4993 cum
605 4935 883 5004 sexaginta
941 4933 1025 4987 vel
1078 4930 1354 5000 octoginta
1403 4945 1574 4983 annos
1624 4935 1747 4998 post

163 5029 295 5085 datas
319 5026 627 5084 Clementis
645 5025 691 5080 11
717 5025 924 5080 litteras
944 5025 1251 5095 Arnulphus
1271 5022 1564 5093 scripserit,
1595 5021 1744 5076 ideo-

161 5135 248 5188 que
272 5119 544 5191 suspicari
565 5119 688 5188 jure
711 5133 776 5174 ac
803 5117 996 5172 merito
1019 5117 1208 5187 possit,
1241 5116 1389 5169 illum
1420 5113 1487 5168 ad
1515 5114 1739 5170 eluden-

161 5213 263 5267 dam
275 5211 592 5268 earumdem
616 5211 914 5266 litterarum
930 5211 1036 5264 vim
1049 5217 1411 5263 commentum
1443 5224 1598 5262 suum
1625 5209 1737 5262 ela-

161 5301 382 5372 borasse,
417 5305 578 5360 liceat
608 5303 762 5359 nobis
813 5301 1063 5357 Puricelli
1119 5301 1278 5356 verba
1304 5341 1318 5365 ,
1376 5316 1495 5370 quae
1548 5309 1735 5356 contra

162 5393 586 5452 Rarennatenses
616 5403 849 5462 nostros,
881 5395 1034 5464 quasi
1054 5393 1212 5448 bullae
1233 5391 1390 5461 hujus
1417 5391 1740 5448 conﬁctorcs

160 5487 348 5558 edntiit,
381 5492 438 5546 in
464 5489 804 5560 Amulphum
825 5505 978 5544 suum
1004 5488 1204 5559 potiori
1227 5487 1348 5557 jure
1378 5497 1695 5557 retorquere
1719 5529 1733 5555 ,

157 5591 256 5650 post
283 5601 479 5638 annum
507 5599 690 5654 nempe
719 5579 874 5648 1047,
905 5598 1003 5654 quo
1031 5597 1210 5634 rursus
1239 5599 1300 5636 ea
1327 5582 1537 5652 qua'stio
1564 5582 1580 5653 (
1604 5580 1730 5638 Ses-

157 5675 305 5734 tionis
325 5678 380 5733 in
407 5676 677 5748 concilio)
706 5676 840 5730 inter
876 5673 1315 5728 Mediolanenscm
1369 5684 1418 5728 et
1460 5673 1734 5730 Ravenna-

159 5775 242 5822 tem
269 5769 680 5840 archiepiscopos
709 5767 934 5820 excitata
972 5767 1159 5837 fuerat,
1205 5763 1538 5818 historialem
1588 5765 1731 5818 illam

157 5859 212 5913 sb
235 5861 436 5917 homine
463 5847 803 5932 compositam
835 5859 1012 5930 fuisse,
1042 5857 1127 5929 qui
1157 5873 1216 5910 eo
1253 5855 1494 5927 prwsidio
1524 5855 1733 5925 [inuam

1851 4842 1981 4896 sella
2012 4841 2279 4905 ea'siliens,
2311 4859 2372 4894 ac
2400 4843 2726 4912 scinetipsum
2756 4839 3140 4912 pontiﬁcalibus
3176 4841 3450 4898 indumen-

1855 4934 1920 4986 tis
1951 4949 2167 4998 errucns,
2200 4935 2464 5004 postulata
2496 4935 2664 4996 renia,
2697 4934 2882 4986 summi
2913 4932 3191 4990 sacerdotii
3222 4934 3450 5006 dignita-

1854 5037 1952 5080 tem
1983 5025 2238 5096 deposuit.
2272 5023 2482 5079 Videsis
2532 5023 2764 5079 Victoris
2818 5023 2885 5078 111
2935 5026 3129 5080 summi
3183 5023 3450 5096 pontificis

1844 5117 1937 5171 lib.
1972 5133 2026 5172 ιιι
2057 5116 2263 5185 Dialog.
2296 5115 2657 5170 indubitatum
2696 5131 2760 5170 ac
2805 5130 2947 5186 pene
2995 5115 3267 5172 oculatum
3297 5117 3449 5171 testi-

1839 5208 2078 5262 monium
2127 5207 2219 5276 qui
2268 5207 2636 5262 narrationem
2677 5207 2750 5262 ita
2777 5207 3059 5264 continuat
3097 5225 3110 5260 :
3169 5206 3298 5262 Post
3337 5209 3447 5264 lucc

1851 5301 2037 5356 Urbem
2070 5303 2334 5372 ingressus
2385 5300 2728 5375 (Henricus),
2770 5311 3080 5374 congregato
3131 5302 3187 5356 in
3228 5304 3447 5360 ecclesia

1841 5393 1977 5446 beati
2010 5391 2158 5447 Petri
2188 5393 2412 5464 apostoli
2443 5394 2582 5448 clero
2609 5403 2661 5450 et
2688 5394 2877 5465 populo
2904 5410 3011 5447 una
3039 5409 3154 5448 cum
3188 5395 3446 5468 episcopis

1842 5489 1928 5560 qui
1960 5489 2010 5539 in
2043 5486 2351 5554 prtedictam
2385 5497 2728 5542 convenerant
2769 5485 3021 5556 synodum
3078 5485 3397 5560 (Sutrinam)
3422 5531 3438 5556 ,

1841 5583 2099 5636 communi
2151 5581 2366 5636 consilio
2421 5579 2729 5635 Clementem
2772 5579 3201 5652 Bambergensem
3242 5584 3441 5654 episco-

1835 5692 1954 5746 pum
1983 5675 2262 5745 elegerunt.
2314 5673 2432 5728 Non
2489 5687 2618 5742 ergo
2676 5671 2960 5739 Henricus,
3015 5676 3191 5730 statim
3238 5677 3440 5750 objecta

1839 5765 2108 5840 Gregorio,
2135 5784 2293 5822 animi
2322 5785 2387 5822 ea:
2418 5765 2767 5821 Tltentonibus
2823 5769 3099 5838 prtesulem
3153 5771 3296 5828 illius
3325 5773 3438 5828 loco

1837 5862 2139 5927 substituit,-
2197 5860 2290 5916 sed
2345 5859 2643 5917 Clementis
2696 5861 2892 5919 electio
2916 5903 2932 5930 ,
2982 5871 3109 5936 post
3158 5864 3434 5923 Sutrinam
