3976 6352
192 374 303 439 ﬂii

474 382 612 442 JOS.
653 379 986 441 AMADESII
1022 336 1484 438 cessurum
1524 375 1613 433 DE
1654 320 2054 433 ustaopoiu
2097 352 2638 435 nuntiatumst
2676 371 3233 473 summumst.
3381 358 3489 435 ω

191 496 358 569 longe
396 490 625 556 aberat?
653 484 794 557 Ecce
837 492 997 570 igitur
1025 472 1401 553 contradictio.
1459 488 1570 551 Cui-
1612 482 1792 549 autem
1819 488 1869 557 Α
1895 484 2163 549 hilaretur
2368 474 2462 553 hic
2511 490 2785 567 legitimus
2820 485 2962 553 teret
3012 470 3484 567 archiepiswphs,

191 591 559 650 contendente
599 592 910 648 Ravennate
934 578 1233 656 Cdaiterio,
1291 578 1463 644 abfuit
1515 578 1571 642 in
1615 582 1789 657 prima

191 688 439 744 sessione
477 676 890 743 Mediolanensis
945 701 976 741 a
1031 682 1259 758 synodo,
1316 676 1419 738 nisi
1473 684 1619 737 Certe
1665 679 1793 751 quia

191 779 552 852 prmvaluerat
578 770 923 835 Gualterius?
944 764 1084 833 Ecce
1101 768 1261 845 igitur
1280 760 1584 846 Landulphi
1608 789 1794 828 narra-

190 873 272 929 tio
303 868 450 929 favet
480 873 653 931 nobis.
686 858 914 941 Quando
941 886 1072 927 vero
1122 866 1235 941 ipse
1264 860 1413 925 addit
1456 858 1693 924 Oiricum
1737 858 1793 922 in

191 966 437 1024 secunda
466 968 706 1023 sessione
735 966 974 1037 ertpetito
995 940 1195 1020 Sedisse
1222 956 1368 1028 loco,
1412 956 1509 1018 cur
1537 976 1645 1017 non
1694 976 1792 1016 ex-

192 1059 385 1131 primit
412 1048 574 1115 etiam
602 1048 974 1115 Ravennatem
1028 1052 1187 1112 simul
1216 1048 1431 1111 affuisse
1461 1053 1513 1109 in
1544 1050 1753 1126 synodo
1775 1094 1790 1121 ,

195 1167 263 1207 ac
312 1162 438 1224 post
466 1134 920 1208 Mediolanensem
973 1142 1293 1217 secundam,
1325 1148 1409 1206 vel
1440 1149 1669 1215 tertiam,
1703 1148 1797 1205 aut

195 1253 449 1316 quartam
477 1245 658 1301 sedem
680 1244 844 1301 fuisse
858 1244 1152 1300 sortitum?
1179 1236 1289 1299 Cur
1314 1230 1369 1298 id
1393 1238 1577 1298 tacet?
1605 1224 1797 1298 Nonne

196 1346 258 1394 ut
286 1338 345 1394 in
374 1340 546 1410 prima
568 1340 811 1395 sessione
834 1320 1269 1411 Mediolanensis,
1301 1337 1381 1394 sic
1409 1324 1599 1393 abesse
1621 1335 1797 1408 potuit

197 1430 253 1485 in
280 1431 520 1487 secunda
553 1430 839 1486 Ravenaas
867 1428 1338 1502 archiepiscopus?
1366 1424 1543 1500 Atque
1570 1429 1642 1484 ita
1673 1434 1796 1485 tan-

197 1521 325 1578 dem
356 1524 663 1594 hujusmodi
692 1524 930 1579 narratio
959 1523 1163 1580 nemini
1188 1521 1351 1581 favet.
1380 1508 1491 1581 Nos
1518 1531 1703 1580 autem
1729 1508 1797 1579 de

196 1600 372 1687 ipsius
399 1617 724 1671 narrationis
744 1618 973 1672 veritate
999 1598 1263 1672 haeremus
1296 1612 1503 1684 adhuc;
1528 1623 1584 1671 ct
1610 1630 1799 1685 quam-

197 1711 283 1765 vis
304 1712 399 1782 qui
421 1719 698 1766 auctorem
727 1710 888 1766 istum
917 1725 1089 1781 nuper
1117 1709 1399 1766 ediderunt
1426 1709 1495 1765 cl.
1525 1709 1647 1774 viri,
1674 1714 1799 1763 eum

197 1817 229 1857 a
259 1784 584 1876 Landuipho
611 1803 834 1871 seniori,
867 1808 1030 1871 atque
1055 1802 1121 1857 ah
1162 1790 1441 1874 Arnulpho
1487 1799 1800 1857 dissimilem

1893 588 2070 657 neque
2094 582 2214 642 acta
2240 566 2461 656 uocem,
2488 566 2667 660 huius
2690 584 2780 647 est
2804 578 2901 661 qui
2926 592 3153 656 me,
3182 584 3231 644 si
3254 566 3490 646 ωω.

1895 666 2061 755 phum
2086 678 2381 751 iuniorem,
2413 676 2509 753 Qui
2536 686 2687 741 certe
2710 678 2825 741 nun
2855 672 3065 752 aderat,
3097 672 3357 755 excipias.
3388 674 3487 739 Ata-

1896 774 2079 831 tam‘en
2120 764 2322 831 sederit
2361 776 2532 832 necne
2572 766 2816 850 pontiﬁci
2867 770 3147 849 proximus
3184 766 3485 846 iordanus,

1896 854 2032 925 nihil
2073 866 2260 925 nostra
2303 866 2549 939 interest,
2581 871 2675 943 qui
2716 876 2867 929 cem
2908 868 3109 929 scimus
3147 864 3203 928 tu
3238 871 3489 930 evenisse

1897 948 2124 1020 absente
2152 956 2553 1020 Ravennatihm
2581 960 2937 1036 archiepiscd,
2964 960 3146 1036 iictlue
3168 952 3315 1022 enim
3342 962 3488 1021 auxit

1897 1072 2083 1112 sumus
2113 1053 2181 1112 de
2210 1048 2313 1112 hac
2340 1044 2822 1111 Mediolanensmm
2850 1052 3228 1129 praerogativa,
3271 1054 3489 1128 Quando

1898 1150 2009 1205 non
2051 1148 2231 1205 adsint
2271 1136 2503 1206 conciiio
2546 1148 2804 1207 phaselos
2846 1140 3036 1206 nostri.
3080 1138 3269 1207 Nuiius
3308 1158 3489 1207 autem

1899 1252 2046 1300 anno
2076 1238 2215 1297 me
2246 1242 2481 1316 pluerat
2509 1228 2683 1300 adii'u'c
2713 1244 2913 1301 ὴόειηίὶ
2940 1232 3196 1302 Ecclesia
3221 1233 3494 1316 legitimus

1898 1343 2110 1408 pastor,
2171 1334 2265 1391 sed
2296 1328 2561 1392 Jcremias
2601 1322 2840 1406 quidam,
2898 1330 3155 1393 defuncto
3196 1324 3393 1393 Othoni
3427 1334 3495 1393 ab

1899 1418 2249 1485 schismatico
2280 1426 2606 1500 imperatore
2634 1412 2870 1485 iien'rico
2898 1414 3172 1495 suffectus,
3209 1426 3302 1498 qui
3331 1426 3494 1484 etiam

1903 1518 2112 1581 electus
2154 1506 2529 1579 tantummodo
2572 1518 2692 1580 erat
2746 1522 2851 1580 hoc
2894 1518 3011 1595 ipso
3053 1528 3196 1579 anno
3231 1514 3383 1587 1116,
3442 1532 3495 1576 et

1901 1606 2043 1673 forte
2073 1610 2367 1686 numquam
2397 1608 2654 1688 deinceps
2683 1608 2782 1671 fuit
2812 1610 3098 1687 episcopus
3125 1618 3492 1679 consecratus;

1903 1704 2051 1779 quod
2091 1704 2411 1777 conjicimus
2453 1724 2519 1763 ex
2563 1700 3039 1780 archiepiscopalis
3080 1698 3285 1763 a'rchi'i'i
3325 1694 3495 1762 nostri

1903 1794 2293 1869 monumentis,
2326 1810 2383 1857 et
2411 1800 2683 1873 pnecipue
2713 1818 2780 1858 ex
2809 1802 3056 1873 sequenti
3088 1818 3100 1856 :
3133 1800 3283 1856 Anno
3313 1792 3496 1855 Domi-

196 1892 464 1975 efﬁngere
492 1902 776 1961 conentur,
835 1902 1017 1949 tamen
1065 1894 1206 1949 illius
1236 1891 1290 1948 in
1318 1892 1506 1965 patriae
1550 1882 1804 1949 Ecclesia:
1836 1882 1879 1955 Β
1910 1897 2044 1951 nica:
2075 1894 2467 1977 Incarnati’onis
2508 1895 2782 1950 millesima
2820 1895 3096 1949 centesimo
3126 1900 3268 1948 serto
3302 1892 3496 1949 decimo

192 1986 557 2058 phylacteriis
584 1985 965 2058 ampliﬁcandis
994 1985 1162 2041 nimio
1191 1985 1368 2041 studio
1396 2002 1504 2042 non
1537 1982 1752 2041 ﬁdimus
1784 2004 1797 2039 :

195 2093 369 2149 quam
416 2080 579 2134 animi
620 2080 1024 2150 suspensionem
1056 2086 1302 2133 actorum
1330 2062 1548 2149 synodi,
1582 2086 1639 2135 et
1662 2064 1801 2148 Sug-

190 2160 337 2243 kerii
366 2173 575 2230 abbatis
616 2174 717 2246 ipsi
746 2172 952 2247 synodo
991 2173 1274 2245 praisentis
1302 2171 1574 2228 silentium
1602 2184 1799 2241 augere

191 2267 360 2323 nobis
388 2265 632 2341 profecto
674 2266 900 2321 videtur.
1014 2340 1021 2341 γ

268 2356 359 2412 59.
394 2355 655 2429 Exempla
686 2372 814 2413 vero
841 2356 1127 2413 Grosulaui
1154 2365 1213 2417 ct
1251 2355 1472 2412 Jordani
1526 2355 1796 2429 archiepi-

198 2466 507 2523 scoporum,
551 2466 673 2521 qua:
710 2449 1007 2506 Puricellus
1036 2448 1103 2505 ad
1133 2467 1221 2506 an.
1254 2450 1392 2505 1105
1432 2458 1488 2506 et
1516 2449 1655 2504 1116
1684 2452 1799 2507 vult

193 2540 476 2610 accidisse,
509 2544 577 2599 ad
603 2560 720 2600 rem
744 2562 852 2601 ncn
881 2544 1101 2600 faciunt.
1127 2543 1329 2610 Primo,
1348 2545 1498 2602 solus
1517 2546 1632 2616 ipse
1653 2530 1799 2600 Lan—

193 2634 431 2709 dulphus
470 2652 536 2692 ea
564 2646 851 2705 memorat,
882 2646 939 2695 et
966 2639 1269 2711 praesertim
1290 2653 1412 2709 quae
1440 2638 1508 2695 de
1535 2637 1795 2695 Grosula-

194 2744 285 2797 no,
317 2729 473 2799 cujus
498 2736 743 2801 tempore
771 2731 886 2802 ipse
914 2730 1090 2787 adhuc
1119 2730 1434 2788 morabatur
1472 2731 1526 2786 in
1567 2729 1792 2800 Galliis;

190 2822 453 2890 secundo,
482 2824 691 2879 nullum
717 2823 784 2880 iis
813 2826 970 2881 antiis
999 2825 1331 2880 celebratum
1354 2823 1454 2880 fuit
1482 2826 1790 2895 concilium,

193 2915 280 2970 aui
309 2914 380 2970 ad
402 2915 674 2987 pontiﬁcis
704 2916 986 2973 dexteram
1018 2910 1272 2974 sedentes
1299 2916 1642 2975 interfuerint
1676 2919 1794 2976 lle-

192 3004 537 3085 diolancnses
591 3008 1021 3079 archiepiscopi;
1057 3012 1238 3077 tertio,
1269 3011 1482 3067 etiamsi
1519 3011 1794 3067 celebrata

190 3094 414 3165 fuerint,
443 3099 626 3154 nullus
652 3099 721 3153 ad
750 3115 814 3154 ea
839 3099 1129 3155 convenire
1161 3102 1338 3169 potuit
1357 3101 1631 3159 Ravenna
1656 3119 1795 3173 pm-

188 3191 296 3246 sul.
322 3191 445 3247 Non
470 3205 616 3247 anno
641 3189 781 3244 1105
808 3204 985 3258 neque
1013 3206 1154 3245 anno
1179 3178 1334 3258 1105,
1380 3200 1440 3247 ut
1465 3202 1657 3249 contra
1687 3193 1796 3250 Pu-

188 3284 441 3340 ricellum
458 3284 691 3355 probare
712 3282 992 3338 contendit
1016 3282 1088 3337 cl.
1113 3282 1330 3349 Saxius,
1357 3283 1453 3339 sed
1473 3299 1617 3340 anno
1636 3284 1793 3354 11οι,

186 3384 249 3441 ut
270 3372 492 3443 Pagius,
530 3374 714 3430 habita
752 3381 838 3430 est
864 3375 1102 3445 synodus
1131 3373 1376 3431 Romana
1405 3376 1506 3433 sub
1534 3375 1795 3435 Paschale

187 3463 268 3534 ll;
302 3465 402 3522 sed
429 3474 626 3537 prteter
669 3465 1063 3536 depositionem
1104 3465 1374 3523 Brunonis
1403 3469 1794 3540 archiepiscopi

188 3553 530 3611 Trevirensis
558 3570 626 3611 es
655 3552 759 3611 ﬁde
779 3556 1034 3627 anonymi
1051 3554 1331 3626 cujusdam
1351 3558 1607 3625 auctoris,
1646 3560 1791 3617 nulla

188 3646 295 3702 alia
326 3646 395 3702 de
418 3648 518 3702 hac
538 3647 746 3720 synodo
775 3646 1038 3719 superfuit
1058 3649 1338 3704 memoria.
1356 3646 1492 3706 Illud
1512 3651 1790 3708 indubiam

189 3748 272 3795 est
300 3741 354 3795 ci
384 3740 593 3814 synodo
620 3756 730 3797 non
753 3740 969 3797 atl‘uisse
997 3739 1271 3798 Ravennae
1298 3743 1785 3816 archiepiscopum,

189 3834 282 3904 qui
321 3849 422 3907 per
456 3850 522 3891 ea
563 3843 811 3905 tempora
860 3834 1037 3892 nullus
1083 3843 1221 3901 erat,
1244 3836 1439 3891 saltem
1485 3837 1786 3908 legitimus;
1828 3868 1835 3878 “

190 3935 407 3983 mortuo
435 3927 580 3983 enim
608 3925 855 3983 Wiberto
897 3927 1169 3999 antipapa,
1214 3926 1480 3986 Henricus
1517 3928 1790 4000 Augustus

192 4013 438 4074 Paschali
463 4016 509 4072 ιι
539 4015 800 4085 infensus,
823 4015 1090 4075 Othonem
1119 4019 1408 4088 quemdam
1438 4020 1493 4076 in
1522 4021 1791 4094 archiepi-

191 4119 471 4180 scopatum
513 4107 885 4165 Ravennatem
916 4109 1231 4175 intruserat,
1273 4110 1386 4179 qui,
1420 4109 1542 4166 ideo
1570 4109 1789 4169 Henrici

191 4201 433 4271 partibus
459 4199 724 4266 addictus,
749 4200 990 4273 pontitici
1009 4216 1221 4257 summo
1244 4202 1602 4257 obedientiam
1621 4217 1786 4273 nega-

192 4292 298 4349 bat.
336 4286 490 4351 Ultra
518 4309 683 4365 quam
710 4295 854 4365 quod
882 4294 997 4366 ejus
1025 4303 1145 4352 acta
1174 4295 1274 4352 sub
1310 4296 1529 4353 nomine
1568 4294 1787 4353 Othonis

191 4386 353 4456 electi,
389 4386 725 4460 temporibus
754 4394 961 4444 tantum
1007 4386 1227 4445 Henrici
1272 4390 1510 4460 signata,
1559 4390 1789 4449 innuunt

192 4479 318 4533 satis
345 4485 539 4550 aperte
565 4478 716 4535 illum
744 4479 1211 4536 consecrationem
1238 4482 1602 4554 episcopalem
1630 4498 1787 4539 num-

190 4584 348 4640 quam
377 4573 688 4643 accepisse:
721 4571 873 4626 Anno
901 4570 1194 4628 Dominicat
1240 4572 1633 4631 Incamationis
1660 4577 1783 4632 mil-

1908 1986 2222 2061 leinporibus
2281 1980 2419 2042 dom.
2482 1979 2704 2043 Henrici
2746 1984 3074 2061 imperatoris
3130 1984 3212 2041 die
3258 1987 3497 2058 vigesimo

1901 2091 2082 2137 octavo
2112 2081 2306 2136 mensis
2343 2077 2492 2134 Junii
2522 2080 2808 2135 indictione
2847 2076 2986 2137 nona
3019 2072 3299 2135 Rarenme.
3340 2076 3495 2134 Dom.

1899 2192 2072 2241 sacro,
2105 2183 2158 2229 et
2195 2175 2395 2229 meritis
2456 2173 2771 2238 beatissimo,
2830 2166 2984 2245 atque
3023 2170 3309 2243 apostolico
3346 2167 3498 2226 Patri

1903 2250 2123 2321 Patrum
2174 2264 2314 2320 dom.
2364 2256 2599 2320 Ieremia
2645 2260 2807 2319 electo
2865 2264 3253 2335 archiepiscopo
3306 2271 3499 2319 sancta

1906 2346 2142 2412 Ravenn.
2178 2346 2432 2412 Ecclesia:
2461 2348 2698 2411 Andreas
2731 2354 2792 2410 de
2822 2350 3141 2422 Calcinaria,
3172 2370 3259 2409 seu
3287 2353 3406 2426 filii,
3436 2371 3499 2409 ex

1903 2438 2177 2522 nepotibus
2208 2450 2329 2515 tuis,
2373 2457 2479 2504 etc.
2514 2442 2700 2518 Neque
2729 2442 2919 2504 contra
2962 2447 3104 2504 hanc
3143 2442 3385 2504 nostram
3415 2462 3500 2504 as-

1900 2541 2196 2597 sertionem
2237 2528 2442 2597 faciunt
2481 2556 2603 2612 quae
2646 2530 2907 2611 lighellus
2946 2554 3047 2613 pro
3084 2528 3317 2596 Jeremia
3372 2538 3498 2606 isto,

1898 2635 2057 2707 quasi
2100 2634 2373 2703 legitimus
2428 2624 2661 2691 antistes
2702 2626 2886 2700 fuerit,
2930 2632 3244 2706 expiscatns
3274 2639 3380 2688 est
3432 2632 3501 2689 ab

1901 2727 2088 2783 nescio
2116 2742 2224 2797 qua
2253 2735 2469 2784 vetusta
2498 2716 2788 2783 comitissre
2816 2712 3088 2781 Mathiidis
3116 2722 3343 2797 pagina;
3374 2737 3501 2781 nam

1904 2804 2116 2889 Ughelli
2147 2818 2591 2876 allucinationem
2619 2818 2754 2876 satis
2782 2830 3052 2895 superque
3082 2816 3313 2891 aperult,
3338 2824 3500 2887 atque

1898 2912 2195 2983 explicavit
2222 2912 2292 2968 cl.
2327 2911 2448 2983 ejus
2490 2920 2804 2970 annotator.
2838 2909 3018 2980 Quare
3047 2926 3169 2967 cum
3201 2917 3392 2966 neuter
3419 2906 3500 2964 in-

1902 3013 2092 3061 trusus
2134 3004 2286 3060 adire
2315 2990 2545 3061 Romam
2572 3046 2587 3074 ,
2620 3004 2991 3075 Romanisque
3017 2992 3238 3078 synodis
3267 3004 3501 3059 interve-

1898 3098 2016 3154 nire
2045 3084 2302 3169 potuerit,
2350 3112 2695 3166 consequens
2739 3106 2824 3153 est
2862 3111 3040 3167 neque
3083 3114 3113 3152 a
3155 3097 3402 3152 sessione
3444 3096 3498 3150 in

1899 3189 2147 3246 conciliis
2177 3170 2315 3242 HM
2363 3196 2421 3243 et
2464 3182 2603 3240 1116
2651 3186 2938 3243 Grosulani
2977 3194 3034 3242 ot
3070 3174 3293 3244 Jordani
3332 3185 3500 3242 archL

1826 3282 1872 3346 C
1904 3282 2282 3355 episcoporum
2333 3266 2836 3348 Medioianensium,
2874 3288 3143 3355 quatenus
3182 3262 3499 3352 Landulpbo

1900 3348 2113 3444 juniori
2150 3358 2402 3428 habenda
2452 3371 2526 3426 sit
2566 3368 2717 3438 fides,
2750 3348 2918 3428 ullum
2948 3348 3344 3429 Ravennatium
3369 3348 3499 3443 juri-

1896 3448 1999 3522 bus
2027 3461 2216 3520 inferri
2244 3462 2621 3535 prtejudieium
2656 3482 2667 3517 :
2702 3464 2934 3520 maxime
2963 3458 3127 3521 etiam
3156 3456 3281 3537 quia
3311 3461 3500 3521 Eccle-

1891 3559 1976 3616 sia
2017 3544 2134 3613 haec
2170 3566 2359 3612 nostra
2419 3556 2533 3613 suis
2577 3548 2692 3613 iere
2732 3556 2984 3614 omnibus
3024 3548 3497 3630 principaiioribus

1893 3648 2232 3707 ornamentis
2261 3636 2329 3703 ab
2356 3649 2475 3720 ipso
2508 3654 2634 3705 tunc
2664 3647 2887 3706 sedente
2916 3647 3177 3707 Paschale
3203 3648 3247 3706 ll
3266 3649 3495 3722 spoliata

1895 3728 2076 3799 iuerat
2117 3741 2173 3796 in
2213 3740 2449 3797 concilio
2491 3757 2635 3797 anno
2680 3722 2824 3796 1100
2854 3734 2996 3814 apud
3037 3740 3370 3799 Guastallam
3397 3742 3495 3799 ha-

1891 3834 2026 3901 bito,
2072 3840 2129 3889 et
2169 3833 2471 3905 prresertim
2513 3830 2914 3906 metropolitica
2957 3824 3013 3890 in
3056 3816 3334 3891 Emiliam
3372 3850 3494 3906 pro-

1893 3926 2126 3983 vinciam
2153 3916 2553 3995 jurisdictione,
2587 3931 2647 3980 ut
2674 3922 2845 3982 refert
2870 3920 3100 3982 Centius
3126 3922 3488 3991 Camerarius,

1890 4017 1984 4088 qui
2013 4016 2119 4071 fuit
2146 4024 2340 4088 postea
2370 4015 2646 4073 Honorius
2673 4016 2740 4072 Ill
2771 4015 3017 4089 pontifex
3044 4019 3311 4074 maximus
3343 4035 3358 4073 :
3390 4034 3491 4075 nec

1889 4110 1959 4166 ad
2014 4109 2305 4181 pristinam
2361 4109 2523 4166 rediit
2566 4109 2978 4180 amplitudinem
3027 4097 3325 4178 dignitatis,
3385 4109 3487 4167 nisi

1887 4211 2181 4276 postquam
2244 4200 2554 4285 Gualterius
2607 4196 2859 4259 Jcremitn
2912 4203 2966 4257 in
3021 4202 3489 4276 archiepiscopatu

1888 4310 2198 4363 successor,
2240 4292 2460 4350 Gelasio
2501 4293 2548 4349 11
2577 4292 2779 4349 Christi
2820 4293 3034 4352 Vicario
3072 4297 3313 4368 prmstita
3354 4296 3487 4354 obc-

1887 4386 2112 4451 dientia,
2148 4393 2205 4441 et
2233 4383 2444 4455 ejnrato
2472 4384 2769 4442 schismate
2796 4394 2880 4442 est
2908 4387 3313 4445 reconciliatus.

1961 4478 2048 4533 61.
2091 4479 2191 4536 Hic
2230 4494 2362 4537 vero
2403 4476 2706 4537 sarcinulas
2743 4496 3037 4555 parumper
3064 4484 3397 4556 colligamus.
3428 4484 3485 4543 Si

1887 4570 2259 4643 discrepantia
2315 4579 2372 4627 et
2412 4571 2797 4629 dissimilitudo
2839 4576 3212 4633 narrationum
3267 4577 3336 4635 de
3377 4595 3485 4634 una

192 4660 362 4720 lesimo
425 4666 703 4720 centesimo
752 4665 904 4719 tertio
933 4700 950 4731 ,
1005 4666 1294 4736 imperante
1348 4666 1578 4723 Henrico
1645 4686 1785 4726 anno
1811 4665 1863 4726 D
1894 4663 2196 4735 eademque
2210 4679 2271 4721 re
2287 4664 2430 4736 apud
2446 4674 2698 4722 auctores
2719 4676 3231 4742 contemporanees,
3250 4672 3486 4728 maxime

192 4754 451 4825 vigesimo,
484 4754 569 4811 die
592 4754 741 4810 tertio
769 4754 967 4811 decimo
995 4758 1186 4811 mensis
1216 4756 1456 4829 Augusti,
1500 4759 1783 4817 indictione
1887 4758 1936 4814 si
1963 4757 2207 4829 ejusdem
2235 4758 2445 4830 patria),
2470 4756 2721 4816 falsitatis
2749 4768 2982 4817 narrata:
3008 4763 3088 4818 rei
3110 4772 3485 4832 argumentum

193 4846 482 4903 undecima.
517 4844 655 4903 Otho
675 4848 864 4902 electus
893 4863 1065 4903 servus
1086 4864 1347 4903 seniorum
1368 4849 1486 4917 Dei,
1505 4859 1609 4907 etc.
1628 4850 1784 4919 Quod
1888 4866 2009 4907 esse
2052 4849 2197 4922 apud
2254 4865 2446 4906 omnes
2486 4852 2806 4919 consuevit;
2863 4836 2995 4924 quid
3049 4853 3377 4911 credendum
3416 4854 3484 4911 de

194 4934 360 4993 fuerat
387 4951 536 4993 anno
562 4937 719 5005 1105,
773 4936 875 4992 fuit
911 4938 1075 4993 etiam
1120 4941 1369 5010 sequenti
1412 4956 1555 4996 anno
1594 4941 1730 4997 1104
1763 4962 1778 4999 :
1882 4941 2091 5015 jactata
2118 4943 2174 4997 in
2203 4942 2424 5013 synodis
2459 4942 2817 4999 altercatione
2839 4944 2981 5000 inter
3009 4946 3484 5017 archiepiscopos?

193 5024 335 5084 Anno
367 5030 646 5086 millesimo
675 5032 951 5087 centesimo
978 5040 1193 5104 quarto,
1225 5032 1512 5105 imperante
1549 5032 1781 5092 Henrico
1888 5028 2200 5106 Arnulphus
2215 5049 2304 5088 an.
2325 5030 2463 5088 1027
2492 5028 2738 5091 evenisse
2767 5034 2954 5092 scribit
2982 5032 3124 5105 inter
3143 5018 3482 5092 Heribertum

194 5118 296 5187 ﬁiio
323 5124 414 5197 qd.
456 5121 674 5179 Περιήσὶ
699 5124 1029 5195 imperatoris
1069 5141 1208 5181 anno
1236 5127 1481 5198 vigesimo
1519 5129 1778 5196 secundo,

198 5209 272 5265 die
296 5216 541 5288 vigesimo
863 5215 1186 5273 duodecima.
1216 5216 1452 5275 Joannes
1481 5217 1582 5275 Dei
1612 5218 1785 5292 gratia

199 5301 256 5356 de
279 5303 615 5364 Firminiana
642 5308 830 5381 petitor
856 5309 1080 5384 quidem,
1120 5311 1241 5384 quia
1288 5314 1439 5383 petivi
1480 5330 1514 5367 a
1570 5321 1616 5368 te
1646 5312 1782 5369 Otho

199 5395 347 5455 electo
374 5401 782 5474 archiepiswpo,
814 5408 920 5458 etc.

267 5489 348 5545 60.
388 5491 582 5560 Quoad
620 5508 823 5549 annum
854 5493 1009 5562 1116,
1054 5496 1257 5566 agitata
1299 5497 1546 5569 profecto
1579 5500 1779 5571 legitur

1888 5114 2348 5183 Mediolanensem
2379 5134 2435 5181 et
2464 5126 2844 5195 cognominem
2874 5124 3338 5199 archiepiscopum
3371 5126 3481 5183 Ra-

1890 5224 2202 5283 vennatem,
2232 5228 2483 5273 asserens
2505 5210 2650 5287 quod
2681 5218 2788 5275 lata
2809 5220 2864 5275 in
2880 5208 3087 5293 synodo
3115 5214 3339 5274 Joannis
3361 5214 3477 5275 XIX

1887 5324 1989 5383 pro
2017 5306 2417 5368 Mediolanensi
2447 5311 2741 5379 sententia,
2775 5322 2952 5385 postea
2982 5310 3152 5365 omnis
3180 5308 3273 5365 itte
3296 5311 3484 5385 quierit

1886 5406 2262 5472 controversia,
2292 5411 2356 5460 ut
2380 5410 2641 5476 expresse
2680 5403 2750 5461 ad
2777 5418 2893 5462 rem
2919 5410 3075 5460 Suam
3104 5408 3259 5460 notat
3284 5399 3484 5461 Eusta-

1886 5499 2047 5555 chius
2075 5512 2106 5552 a
2146 5496 2203 5552 Β.
2249 5490 2461 5553 Ubaldo
2500 5496 2753 5553 Puricelll
2789 5502 3103 5569 symmysta.
3141 5488 3280 5553 Cum
3319 5493 3483 5569 igitur

203 5591 354 5640 causa
403 5582 695 5643 Grosulani
749 5601 872 5642 cum
911 5585 1152 5643 Jordano
1202 5598 1331 5646 tunc
1383 5589 1778 5650 Mcdiolanensi
1878 5591 2107 5648 fabeilas
2161 5604 2290 5648 suas
2342 5589 2676 5648 scribillaret
2725 5589 3038 5661 Arnulphus
3076 5592 3221 5648 circa
3276 5606 3479 5649 annum

205 5677 528 5752 archiepisco
557 5682 613 5737 in
640 5682 873 5738 concilio
902 5682 1259 5741 Lateranensi
1286 5684 1386 5739 sub
1417 5683 1667 5742 Paschali
1707 5687 1774 5756 ll,

206 5772 262 5824 ut
284 5782 430 5831 notat
456 5773 654 5848 Pagins
681 5792 751 5832 ex
778 5774 1067 5833 Puricello.
1113 5775 1347 5834 Aﬂ‘uisse
1376 5786 1559 5835 autem
1583 5778 1777 5837 Jorda~

1880 5685 2036 5753 1086,
2069 5693 2302 5743 testatur
2338 5690 2744 5755 consequenter
2772 5683 2840 5740 ab
2869 5699 3014 5742 anno
3054 5685 3193 5743 1027
3236 5686 3306 5743 ad
3331 5688 3478 5745 hunc

1876 5795 1966 5837 an.
2000 5779 2139 5835 1085
2180 5780 2413 5851 amplius
2446 5793 2559 5834 non
2596 5778 2891 5837 excitatam
2938 5780 3083 5837 inter
3122 5781 3476 5853 archiepisco-

208 5873 344 5942 llutn,
371 5878 532 5944 atque
557 5883 592 5927 a
616 5858 820 5930 dextris
854 5886 1012 5945 papa:
1049 5869 1286 5942 sedisse,
1317 5884 1444 5928 cum
1471 5872 1648 5930 adhuc
1673 5858 1774 5930 du-
1873 5889 1976 5946 pos
2003 5872 2318 5947 hujusmodi
2346 5871 2784 5932 altercationem.
2813 5873 3069 5935 Attamen
3085 5891 3198 5941 non
3220 5874 3475 5944 obstante
