3976 6352
482 328 590 390 117

1300 325 1372 386 IN
1403 324 1464 384 8.
1502 320 1790 381 PETRUM
1827 314 2344 377 CHRYSOLOGUM
2386 314 2925 379 PROLEGOHENA.

480 454 591 504 tam
616 446 903 520 perspicua
931 442 1191 516 Arnulphi
1217 440 1541 507 assertione,
1571 437 1690 508 ejus
1717 434 2056 509 synchronus
2084 437 2128 493 Α
2157 449 2214 490 se
2233 449 2445 509 quaque
2484 438 2682 509 famam
2716 450 2890 492 rerum
2935 442 3195 508 gestarum
3239 432 3607 510 honorumque,
3640 438 3733 511 Ῑαι
3751 469 3765 478 .

481 548 674 596 auctor
701 539 1049 610 Landulphus
1087 535 1281 601 senior,
1314 540 1373 589 ut
1412 546 1575 604 supra
1616 528 1941 593 notavimus,
1972 525 2056 581 lo-

480 646 652 705 quens
680 641 735 688 et
762 632 978 703 quidem
1007 628 1215 700 prolixa
1242 624 1554 682 narratione
1581 622 1651 679 de
1686 620 1879 678 eodem
1908 616 2060 674 Heri-

480 726 636 783 berto
664 721 1061 787 Mediolanensi,
1093 720 1226 776 nihil
1267 719 1433 775 habet
1460 717 1528 773 de
1566 712 1959 779 controversia,
1991 710 2060 766 de

480 817 731 884 tumultu,
773 816 840 871 de
878 814 1102 887 synodo,
1160 813 1229 869 de
1268 812 1557 879 sententia,
1600 809 1668 867 de
1708 820 1888 881 pugna
1918 806 2061 861 inter

480 908 802 974 nationales,
847 906 916 962 ab
954 904 1236 976 Arnulpho
1275 903 1493 970 relatis;
1551 916 1741 958 verum
1781 915 1846 956 ea
1876 898 2058 955 omnia

479 1002 734 1059 transfert
762 1000 831 1057 ad
858 1008 1105 1071 tempora
1133 998 1382 1054 Widonis
1425 994 1841 1053 Mediolanensis
1890 993 2063 1050 archi-

477 1096 714 1168 episcopi
744 1095 967 1166 triginta
997 1102 1054 1149 et
1082 1092 1311 1165 amplius
1337 1099 1462 1163 post
1488 1089 1835 1147 Heribertum
1863 1102 2055 1154 annos,

475 1204 599 1244 cum
629 1188 684 1243 in
712 1186 945 1244 concilio
983 1184 1193 1242 Nicolai
1219 1184 1264 1239 II
1295 1184 1493 1257 (quem
1532 1182 1869 1253 Stephanum
1896 1179 2060 1249 dicit)

477 1278 764 1336 Widonem
792 1293 914 1334 cum
953 1275 1268 1333 Ravennate
1296 1275 1650 1331 altercantem
1682 1280 1738 1330 et
1762 1272 2063 1343 praevalen-

476 1380 587 1428 tem
600 1371 824 1437 inducit,
839 1370 1118 1439 utriusque
1132 1367 1378 1441 praesulis
1389 1367 1597 1424 aulicos
1610 1373 1668 1423 et
1679 1365 1909 1423 comites
1923 1365 2067 1420 inter

478 1480 539 1520 se
567 1463 853 1519 commissa
882 1475 1060 1533 pugna
1088 1461 1350 1526 rixantes,
1394 1458 1743 1529 devictosque
1782 1456 2068 1513 Ravenna-

481 1565 584 1621 tes,
617 1570 684 1610 eo
713 1569 938 1626 prorsus
965 1553 1145 1619 modo,
1179 1568 1287 1623 quo
1318 1550 1629 1622 Arnulphus
1658 1549 1727 1607 ad
1767 1565 1893 1605 ann.
1930 1547 2068 1603 l0?!

482 1644 538 1701 in
564 1644 918 1700 coronatione
930 1640 1167 1698 Conradi
1196 1643 1488 1709 retulerat;
1520 1642 1593 1697 ita
1622 1642 1882 1697 utmirari
1903 1655 2069 1710 cogar

482 1736 539 1793 in
566 1736 777 1792 duobus
817 1736 1057 1806 ejusdem
1094 1735 1290 1802 aetatis,
1322 1735 1530 1806 patrize,
1575 1743 1737 1790 sectae
1766 1742 1877 1789 tam
1906 1748 2065 1789 enor-

482 1845 623 1887 mem
653 1830 1155 1887 contradictionem.

552 1922 637 1979 62.
679 1922 903 1980 Accedit
930 1924 1125 1978 tertius
1152 1920 1501 1992 Landulphus
1536 1920 1741 1991 junior,
1784 1920 1927 1991 apud
1956 1920 2068 1975 edi—

482 2022 627 2069 tores
655 2021 710 2069 et
739 2013 1096 2068 illustratores
1123 2027 1252 2067 suos
1280 2008 1385 2067 ﬁde
1414 2010 1629 2080 dignior
1656 2024 1766 2080 pra:
1796 2009 1915 2064 aliis
1942 2008 2072 2065 duo-

479 2106 597 2162 bus.
631 2104 682 2159 Is
709 2120 840 2160 vero
871 2118 996 2160 cum
1021 2100 1259 2158 Olricum
1290 2100 1747 2156 Mediolanensem
1780 2100 1835 2154 in
1862 2100 2071 2172 synodo

481 2197 735 2253 Laterani
750 2196 969 2268 propria
982 2194 1103 2265 jura
1127 2193 1506 2251 defendentem
1531 2201 1721 2250 contra
1736 2192 2070 2249 Gualterium

484 2289 859 2344 Ravennatem
914 2286 1190 2352 describit,
1248 2294 1395 2343 tacet
1436 2294 1492 2343 et
1531 2287 1646 2358 ipse
1681 2285 1944 2342 famosum
2003 2286 2072 2360 (si

483 2379 617 2436 ﬁdes
646 2378 948 2452 Arnulpho)
991 2379 1208 2435 concilii
1246 2378 1348 2434 sub
1385 2376 1594 2434 Joanne
1623 2376 1745 2433 XIX
1774 2366 1947 2434 habiti
1976 2377 2074 2435 de-

483 2480 712 2538 cretum,
759 2472 814 2526 in
844 2486 954 2541 quo
981 2486 1190 2527 summa
1216 2472 1298 2526 rei
1327 2470 1519 2526 fuisset
1544 2486 1646 2542 pro
1685 2468 1900 2539 Olrico;
1929 2478 2074 2528 tacet

485 2561 770 2620 Widonem
812 2562 1049 2620 Henrico
1077 2562 1380 2619 Ravennati
1409 2563 1782 2619 antehabitum
1814 2565 1869 2620 in
1898 2565 2075 2622 conci-

484 2652 558 2709 lio
600 2652 862 2724 Stephani
904 2651 977 2708 IX
1034 2653 1104 2725 (si
1146 2652 1468 2724 Landulpho
1508 2654 1714 2710 seniori
1752 2654 2070 2728 credimus),

483 2744 770 2815 solumque
809 2745 1058 2815 exempla
1098 2742 1387 2800 Grosulani
1431 2752 1488 2799 et
1524 2743 1748 2801 Jordani
1776 2746 1979 2803 indicat
2007 2748 2075 2804 ad

485 2850 602 2891 rem
629 2851 741 2891 non
769 2836 1023 2893 facientia
1056 2855 1068 2889 :
1099 2851 1332 2905 quorum
1372 2836 1746 2907 exemplorum
1775 2838 1995 2905 ratione,
2027 2847 2078 2892 et

484 2928 662 2984 multis
691 2928 833 2996 aliis,
864 2945 981 3003 quae
1003 2938 1123 2985 tunc
1148 2932 1204 2985 in
1226 2938 1395 2985 mente
1414 2947 1519 2985 non
1547 2930 1897 3000 habebantur,
1931 2932 2069 2988 dom.

489 3018 697 3078 Olricus
748 3021 1157 3079 Mediolanensis
1212 3024 1634 3098 archiepiscopus
1705 3026 1874 3081 locum
1927 3026 2076 3082 illum

482 3113 714 3170 obtinere
759 3132 866 3172 non
908 3115 1197 3183 dubitavit;
1239 3127 1365 3173 sunt
1398 3117 1566 3174 verba
1603 3117 1937 3191 Landulphi;
1981 3120 2072 3190 qui

2164 526 2301 583 lente
2320 528 2589 584 mendacio
2620 529 2797 583 trahit.
2832 525 2968 600 (Liv.
3001 526 3090 583 tib.
3122 525 3259 599 vm.)

2234 619 2322 675 64.
2368 618 2552 693 Usque
2593 621 2772 679 adhuc
2806 618 3103 677 Clementis
3140 619 3187 676 II
3224 619 3426 678 bullam
3453 637 3485 678 a
3512 621 3765 678 falsitate

2161 713 2455 770 immunem
2513 713 3003 770 demonstravimus
3068 726 3232 784 quam
3298 714 3373 771 illi
3429 712 3765 772 aﬂinxerant

2162 805 2462 863 Puricellus
2504 814 2561 862 et
2586 804 2649 861 P.
2682 805 3006 864 Eustachius
3046 819 3116 862 ex
3155 806 3477 864 auctoritate
3515 806 3763 879 scripto-

2162 916 2282 957 rum
2322 900 2837 969 Mediolanensium,
2869 908 3036 972 atque
3063 915 3133 957 ex
3160 900 3557 973 posterioribus
3583 916 3760 973 syno-

2161 995 2264 1052 dis.
2308 992 2499 1067 Operae
2526 1011 2671 1052 nunc
2711 995 2946 1067 pretium
2985 1001 3069 1052 est
3096 993 3164 1050 ad
3199 994 3477 1065 superiora
3503 1002 3763 1065 tempora

2163 1086 2361 1159 pedem
2402 1085 2606 1142 referre
2648 1093 2811 1157 atque
2838 1085 2907 1143 de
2935 1085 3001 1141 iis
3037 1084 3281 1142 conciliis
3320 1098 3631 1141 sermonem
3656 1084 3766 1139 ha-

2162 1178 2294 1234 bere
2339 1192 2460 1248 quae
2499 1176 2797 1235 Clementis
2826 1176 3067 1249 ejusdem
3096 1185 3309 1233 aetatem
3337 1182 3760 1249 praecesserunt.

2166 1278 2223 1326 et
2257 1270 2313 1325 in
2354 1270 2551 1341 quibus
2591 1269 3052 1327 Mediolanensem
3088 1270 3241 1326 aiunt
3274 1267 3583 1325 Ravennati
3635 1267 3763 1339 epi-

2166 1377 2334 1433 scopo
2362 1363 2709 1433 praepositum
2739 1363 2793 1418 in
2821 1362 3064 1419 sessione
3109 1370 3164 1416 et
3198 1358 3615 1431 subscriptione.
3641 1356 3762 1414 Ye-

2166 1468 2289 1510 rum
2332 1453 2643 1528 Symmachi
2677 1471 2833 1528 papze
2873 1454 3112 1529 synodos
3145 1454 3212 1511 ad
3253 1454 3500 1510 ultimum
3525 1468 3763 1509 examen

2168 1555 2529 1616 reservantes,
2561 1548 2732 1618 gradu
2759 1548 3078 1619 retrogrado
3100 1564 3130 1604 a
3151 1546 3395 1603 Romana
3420 1545 3761 1612 exordimur,

2167 1655 2331 1712 quam
2360 1641 2683 1713 przesidente
2702 1640 2913 1698 Joanne
2932 1640 3027 1696 XII
3054 1641 3291 1697 habitam
3318 1641 3480 1697 fuisse
3509 1656 3638 1696 ann.
3653 1639 3765 1695 963

2168 1748 2354 1790 coram
2395 1732 2610 1790 Othone
2645 1732 2668 1789 ι
2697 1736 3056 1807 imperatore,
3088 1742 3249 1803 atque
3276 1734 3331 1788 in
3358 1749 3423 1789 ea
3460 1731 3669 1790 sedisse
3704 1739 3764 1787 et

2098 1823 2147 1886 B
2172 1825 2557 1898 subscripsisse
2577 1825 2917 1898 Walpertum
2949 1825 3403 1882 Mediolanensem
3432 1832 3563 1881 ante
3591 1824 3765 1879 archi-

2169 1918 2489 1990 episcopum
2517 1917 2892 1975 Ravennatem
2921 1918 3075 1974 aiunt
3096 1933 3127 1972 a
3157 1916 3490 1989 Luitprando
3518 1924 3577 1974 et
3603 1916 3762 1973 Bittio

2170 2025 2291 2067 esse
2319 2018 2616 2067 narratum.
2640 2009 2943 2078 Quamnam
2970 2024 3100 2066 vero
3129 2009 3435 2082 synodlun?
3460 2008 3762 2081 Impiumne

2172 2101 2304 2158 illud
2332 2102 2752 2162 conciliabulum
2793 2102 3078 2159 catholicis
3118 2102 3366 2158 omnibus
3396 2109 3758 2167 exsecratum,

2171 2193 2319 2263 quod
2347 2204 2657 2266 praepotens
2688 2195 2982 2265 Augustus,
3015 2210 3125 2250 non
3163 2193 3506 2265 prmsidente,
3549 2191 3650 2248 sed
3674 2192 3763 2248 ab-

2173 2293 2329 2342 sente
2367 2283 2577 2342 Joanne
2617 2285 2712 2341 XII
2753 2286 2952 2357 coegit,
3003 2285 3150 2357 quod
3178 2284 3493 2355 sacrilegam
3548 2292 3761 2340 sentem

2174 2379 2306 2435 tiam
2348 2394 2539 2435 ausum
2580 2379 2680 2436 fuit
2709 2382 2763 2436 in
2791 2380 3088 2452 legitimum
3129 2381 3440 2454 pontificem
3486 2395 3758 2445 evomere.

2174 2469 2377 2540 illoque
2402 2470 2671 2526 violenter
2708 2471 2987 2542 deposito,
3029 2470 3265 2528 Leonem
3306 2470 3420 2527 VIII
3450 2471 3759 2543 antipapam

2174 2564 2401 2618 creare?
2447 2562 2628 2619 Istane
2669 2563 2723 2618 in
2761 2563 2971 2636 synodo
2998 2564 3275 2636 praecessit
3301 2562 3760 2622 Mediolanensis?

2174 2655 2400 2713 Factum
2427 2657 2515 2723 sit,
2535 2671 2642 2712 non
2666 2654 2985 2712 invidemus.
3004 2654 3062 2712 In
3092 2656 3440 2713 tumultuario
3469 2664 3757 2722 conventu,

2177 2749 2270 2806 ubi
2319 2757 2446 2805 ante
2485 2746 2826 2819 Walpertum
2875 2748 3186 2803 nominatur
3234 2747 3545 2819 patriarcha
3595 2746 3761 2818 Aqui-

2175 2839 2412 2907 leiensis,
2446 2840 2611 2896 immo
2661 2838 2979 2912 Rodulphus
3014 2837 3275 2895 diaconus
3300 2840 3416 2908 ejus
3442 2845 3761 2910 procurator

2178 2928 2288 3001 (cui
2317 2930 2519 2987 idcirco
2546 2930 2593 2986 si
2620 2929 3102 2987 Mediolanensium
3124 2931 3365 3002 opinioni
3393 2930 3645 2987 standum
3672 2930 3759 2995 sit,

2177 3021 2590 3092 prmrogativam
2630 3020 2774 3076 sedis
2814 3021 3156 3077 tribuendam
3185 3023 3307 3093 quis
3334 3038 3443 3078 non
3471 3021 3756 3089 dixerim,

2178 3114 2268 3169 ubi
2311 3130 2420 3169 non
2463 3114 2727 3170 intererat
2754 3112 3019 3186 pontifex,
3050 3113 3147 3170 sed
3175 3123 3406 3187 przeerat
3444 3115 3761 3186 imperator,

485 3214 663 3262 tamen
692 3204 893 3263 fatetur
920 3206 1159 3265 Olricum
1200 3211 1255 3264 in
1284 3210 1457 3281 prima
1497 3210 1743 3267 sessione
1772 3212 2073 3283 expetitum
2099 3209 2145 3272 C
2180 3207 2414 3278 ideoque
2466 3207 2620 3264 locus
2661 3224 2768 3264 non
2807 3216 2927 3264 erat
2964 3208 3252 3279 quaestioni
3291 3209 3503 3265 cuinam
3534 3206 3761 3262 dextera

486 3300 665 3355 locum
722 3316 830 3357 non
869 3302 1186 3358 obtinuisse.
1232 3302 1446 3360 Interea
1500 3306 1623 3374 quis
1661 3319 1772 3360 non
1825 3305 2069 3371 miretur,

480 3389 721 3449 Olricum
750 3408 859 3448 non
874 3394 1149 3449 dubitasse
1177 3396 1354 3451 locum
1384 3396 1632 3452 obtinere
1657 3398 1871 3453 ratione
1899 3411 2078 3453 exem-

483 3484 716 3554 plorum,
749 3493 805 3541 et
829 3486 1014 3541 multis
1043 3486 1164 3542 aliis
1191 3502 1297 3556 que
1326 3495 1457 3543 tunc
1486 3488 1540 3541 in
1568 3497 1749 3543 mente
1776 3503 1886 3544 non
1914 3488 2080 3544 habe-

483 3575 715 3630 bantur?
770 3574 981 3631 Novum
1036 3591 1169 3631 sane
1209 3591 1382 3647 genus
1419 3578 1786 3649 probationis!
1846 3577 1905 3635 Si
1944 3586 2077 3637 tunc

484 3666 683 3723 inultas
738 3667 874 3723 alias
914 3669 1165 3757 rationes
1195 3678 1288 3724 aut
1316 3669 1563 3740 exempla
1619 3670 1674 3725 in
1728 3680 1912 3727 mente
1965 3688 2077 3729 non

482 3757 719 3813 habebat
758 3757 988 3824 Olricus,
1030 3760 1305 3830 quomodo
1345 3762 1412 3816 ab
1452 3762 1534 3817 eis
1572 3763 1858 3819 victoriam
1899 3780 2077 3821 cauae

482 3849 773 3919 sperabat?
802 3849 909 3905 Sed
941 3852 1105 3907 tricas
1136 3853 1268 3907 istas
1294 3862 1700 3923 praetereamus.

555 3936 641 3992 65.
665 3938 819 3995 Alter
847 3941 1008 4009 igitur
1036 3942 1189 3997 alteri
1214 3958 1281 3997 ex
1311 3944 1511 3999 nostris
1530 3946 1842 4002 auctoribus
1866 3955 2078 4003 contra-

482 4029 632 4097 dicit,
666 4032 807 4088 alter
834 4033 991 4088 alteri
1022 4032 1183 4089 ﬁdem
1211 4035 1457 4104 derogat,
1490 4037 1630 4091 alter
1656 4038 1879 4093 alterius
1906 4038 2074 4093 histo-

482 4123 591 4180 rias
635 4124 689 4179 in
727 4125 950 4182 dubium
978 4136 1036 4182 et
1064 4125 1184 4183 falsi
1212 4128 1576 4199 suspicionem
1603 4140 1843 4186 revocat.
1876 4129 2076 4188 Omnes

483 4222 664 4269 tamen
693 4215 748 4269 in
775 4230 842 4271 eo
870 4217 1190 4273 mirabiliter
1215 4219 1564 4285 conveniunt,
1579 4221 1726 4290 quod
1747 4222 2077 4292 impossibile

482 4315 567 4362 est
594 4304 869 4373 Puricelli,
902 4309 962 4363 P.
995 4309 1298 4378 Eustachii,
1332 4320 1388 4367 et
1415 4321 1687 4384 quotquot
1713 4313 1782 4369 de
1811 4314 2073 4371 Mediola-

483 4399 641 4453 nensi
679 4397 923 4455 Ecclesia
960 4403 1315 4472 scripserunt,
1360 4405 1548 4459 oculos
1577 4404 1846 4475 effugisse,
1882 4423 2075 4479 nempe

482 4500 661 4559 neque
701 4488 1075 4560 Arnulphum,
1121 4507 1295 4561 neque
1338 4493 1715 4565 Landulphum
1756 4506 2068 4569 utrumque,

2179 3317 2335 3373 papae
2364 3310 2458 3357 aut
2483 3302 2700 3357 sinistra
2729 3301 3047 3368 deberetur;
3080 3302 3134 3357 in
3163 3301 3486 3373 hujusmodi,
3514 3300 3761 3369 inquam,

2178 3401 2449 3449 conventu
2494 3393 2911 3465 praecedentiam
2956 3394 3245 3464 quaeritent
3290 3392 3581 3449 Puricellus
3606 3395 3663 3445 et
3692 3386 3759 3444 P.

2178 3482 2528 3551 Eustachius;
2589 3499 2690 3540 nos
2734 3484 2788 3541 id
2844 3498 3015 3555 genus
3061 3485 3286 3541 honoris
3341 3500 3447 3541 non
3487 3496 3760 3541 curamus.

2176 3573 2443 3631 Cteterum
2483 3592 2554 3631 an
2593 3591 2882 3647 perperam
2913 3577 3003 3632 hic
3042 3577 3278 3633 citentur
3318 3574 3681 3648 Luitprandus
3711 3582 3766 3630 et

2178 3669 2382 3737 Binius,
2427 3670 2742 3726 consulatur
2777 3670 2908 3740 quid
2951 3671 3052 3726 iste
3094 3670 3146 3725 in
3176 3671 3321 3725 notis
3371 3669 3440 3725 ad
3485 3668 3589 3724 hoc
3625 3682 3767 3724 cono

2177 3763 2506 3829 ciliabulum,
2550 3772 2667 3819 tum
2721 3764 2777 3818 in
2815 3763 2960 3819 notis
3015 3763 3084 3818 ad
3127 3763 3353 3818 alterum
3392 3761 3629 3832 ejusdem
3682 3760 3769 3815 fa-

2177 3858 2309 3915 rinae
2365 3860 2800 3916 conventiculum
2856 3869 3047 3917 contra
3103 3858 3455 3915 Benedictum
3500 3856 3545 3912 ν
3600 3853 3765 3911 Rom.

2180 3948 2374 4006 Pontif.
2435 3960 2769 4022 protestatur
2829 3959 3016 4006 contra
3085 3951 3436 4021 impostorem
3486 3946 3768 4019 putidissi-

2177 4058 2351 4110 mum,
2408 4044 2500 4113 qui
2538 4044 2638 4099 sub
2692 4042 3009 4114 Luitprandi
3051 4042 3271 4098 nomine
3307 4048 3611 4097 commenta
3646 4037 3769 4095 haec

2178 4134 2233 4189 in
2289 4135 2432 4190 illius
2485 4135 2766 4191 historiam
2824 4135 3059 4191 intrusit.
3103 4133 3247 4205 Ergo
3300 4133 3431 4204 quid
3478 4134 3534 4188 in
3588 4131 3770 4201 legiti-

2177 4242 2265 4281 ma
2304 4226 2512 4299 synodo
2541 4229 2640 4283 sub
2689 4228 2971 4297 Agathone
3000 4244 3090 4283 an.
3124 4226 3229 4282 680
3258 4238 3439 4283 actum
3484 4227 3555 4282 sit
3580 4226 3770 4298 potius

2176 4318 2473 4387 videamus,
2506 4321 2727 4375 nimium
2771 4322 2913 4377 enim
2944 4337 3044 4377 nos
3072 4328 3227 4391 urget
3253 4321 3551 4378 auctoritas
3580 4318 3769 4376 cardi-

2178 4408 2317 4464 nalis
2369 4408 2566 4465 Norisii
2620 4412 2867 4468 ordinem
2910 4412 3263 4483 approbantis
3302 4412 3772 4482 subscriptionum

2178 4500 2338 4570 hujus
2373 4503 2594 4573 synodi,
2638 4505 2846 4560 scilicet
2886 4504 3152 4561 Mansueti
3192 4505 3610 4561 Mediolanensis
3649 4505 3772 4576 pri-

483 4578 655 4645 ullibi,
698 4588 756 4637 et
782 4580 956 4636 multo
984 4582 1162 4636 minus
1191 4583 1479 4639 occasione
1520 4592 1793 4645 tantarum
1849 4589 2074 4644 alterca-
2098 4593 2152 4655 D
2174 4606 2322 4647 mum
2350 4600 2464 4647 tum
2504 4595 2829 4664 patriarchae
2857 4594 3236 4665 Aquileiensis,
3282 4597 3444 4653 tertio
3491 4595 3771 4652 Theodori

486 4672 714 4739 tionum,
747 4670 1082 4728 Ravennatis
1110 4670 1365 4729 Ecclesiae
1390 4675 1803 4745 subjectionem,
1847 4694 1911 4734 ac
1938 4696 2071 4750 prte-

483 4766 668 4822 stitam
695 4772 932 4835 quatuor
957 4764 1228 4836 prioribus
1254 4781 1375 4821 serae
1404 4775 1604 4824 nostra:
1631 4772 1841 4827 smculis
1875 4771 2074 4830 Medio-

482 4865 694 4922 lanensi
732 4866 1029 4937 suppositae
1056 4866 1414 4937 metropoliue
1440 4868 1803 4926 obedientiam
1839 4871 2068 4943 jactare,

482 4975 574 5024 aut
603 4967 798 5023 saltem
839 4966 1083 5022 innuere.
1125 4965 1258 5023 Illud
1299 4968 1576 5026 enimvero
1614 4973 1938 5043 maximum,
1985 4976 2070 5032 in-

480 5066 800 5134 eluctabile,
840 5064 1200 5136 justissimum
1230 5076 1499 5138 exoptate
1528 5070 1581 5125 in
1609 5072 1829 5146 synodis
1868 5091 2072 5146 praece-

477 5169 674 5227 dentia
723 5167 917 5225 fuisset
954 5176 1329 5237 argumentum
1382 5180 1437 5226 et
1483 5169 1915 5244 fundamentum,
1960 5192 2068 5233 non

480 5270 621 5338 regis
661 5267 967 5326 coronandi
1005 5282 1073 5324 ac
1111 5271 1472 5338 putescum-di
1507 5271 1652 5341 jura,
1694 5290 1798 5330 non
1830 5285 2071 5335 anteces-

479 5378 667 5420 sorum
720 5366 1257 5439 archiepiscoporum
1323 5368 1687 5441 inopportuna
1730 5378 1974 5448 exempla
2012 5388 2069 5435 et

480 5464 710 5522 inutilia.
744 5466 885 5536 Quid
924 5470 994 5526 ad
1020 5471 1139 5526 haec
1167 5469 1633 5531 Mediolanenses?
1674 5474 1949 5547 Ejusmodi
1979 5488 2064 5536 ta-

480 5581 605 5623 men
645 5568 985 5639 probationis
1025 5581 1189 5643 atque
1229 5573 1669 5646 ampliﬁcationis
1706 5590 1906 5646 genere
1954 5599 2066 5640 non

480 5679 564 5727 est
583 5669 827 5742 profecto
855 5689 952 5730 cur
979 5691 1079 5731 nos
1099 5676 1463 5747 ofl‘endamur;
1489 5680 1692 5737 scimus
1704 5684 1849 5739 enim
1869 5699 1979 5757 quo
1993 5687 2069 5744 ci-

478 5769 626 5828 vium
654 5772 863 5830 animos
907 5774 1081 5846 rapiat
1107 5778 1294 5847 patriae
1322 5780 1578 5849 charitas,
1629 5780 1750 5837 dum
1778 5784 1959 5841 civitas
1989 5787 2061 5844 ad

2175 4686 2523 4745 Ravennatis.
2556 4689 2769 4747 Tertius
2798 4692 2959 4761 igitur
2986 4692 3074 4749 hic
3102 4692 3205 4747 erit
3232 4692 3585 4764 praerogativa
3614 4689 3771 4748 sedis

2173 4800 2203 4835 a
2234 4781 2634 4838 Mediolanense
2663 4783 3094 4854 archiepiscopo.

2245 4870 2330 4928 65.
2369 4873 2525 4929 Anno
2555 4875 2677 4941 680,
2712 4877 2797 4931 vel
2827 4874 2948 4941 679,
2983 4884 3042 4932 ut
3070 4876 3327 4946 opinatur
3354 4873 3550 4945 Pagius
3572 4916 3587 4941 ,
3631 4876 3771 4931 scri-

2170 4976 2356 5039 pserat
2383 4966 2772 5023 Constantinus
2799 4967 3110 5038 Pogonatus
3124 4968 3434 5025 Graecorum
3462 4971 3771 5040 imperator

2173 5055 2241 5111 ad
2268 5055 2606 5125 Agathonem
2636 5058 2936 5114 Romanum
2966 5058 3273 5130 pontiﬁcem
3313 5059 3381 5115 de
3408 5058 3767 5116 convocanda

2171 5149 2412 5217 generali
2439 5150 2648 5221 synodo
2677 5162 2867 5208 contra
2910 5150 3305 5208 Monothelitas.
3343 5152 3518 5223 Super
3562 5167 3629 5208 eo
3658 5167 3767 5207 ne-

2170 5239 2318 5306 gotio
2348 5241 2725 5312 episcoporum
2755 5243 3041 5299 concilium
3091 5244 3275 5299 Romre
3318 5244 3527 5311 Matho
3556 5258 3770 5300 convo-

2170 5332 2333 5396 cavit,
2381 5331 2647 5402 jussitque
2675 5332 2967 5388 Mediolani
2999 5335 3246 5399 alteram,
3301 5337 3431 5393 item
3472 5335 3525 5389 in
3567 5332 3768 5391 Galliis

2169 5423 2395 5492 aliisque
2425 5426 2477 5479 in
2519 5425 2835 5493 regionibus
2878 5425 3125 5492 adunari,
3169 5434 3234 5481 ut
3269 5426 3490 5482 nomine
3517 5427 3765 5482 omnium

2174 5514 2479 5573 Occidentis
2531 5518 2911 5589 episcoporum
2951 5518 3208 5575 solemnis
3247 5519 3402 5575 ﬁeret
3456 5519 3764 5588 legatorum

2172 5607 2357 5662 missio
2393 5608 2460 5662 ad
2500 5606 3162 5678 Constantiuopolitanum
3202 5610 3475 5677 generale.
3522 5607 3603 5664 Ex
3630 5607 3763 5665 Gal-

2171 5697 2346 5754 licana
2400 5698 2581 5767 igitur,
2612 5698 3053 5769 septentrionali,
3100 5698 3486 5756 Mediolanensi
3536 5700 3761 5772 synodis

2169 5790 2335 5861 legati
2364 5789 2591 5848 Romam
2620 5792 2690 5849 ad
2730 5791 3031 5864 Agathonis
3066 5804 3592 5866 supramemoretum
3619 5811 3757 5854 con-
