3964 6350
153 335 251 397 ΒΘ

421 339 562 397 JOS.
605 333 938 396 AMADESII
976 335 1436 396 DISSERTATIO
1473 337 1562 396 DE
1603 337 1997 398 METBOPOLI
2039 337 2578 402 ECCLESIASTICA
2617 341 3178 402 BAVENNATENSI.

3329 344 3434 404 150

149 458 327 516 cilium
355 463 753 524 convenerunt,
797 461 961 526 atque
1001 454 1144 513 inter
1181 470 1296 524 eos,
1328 463 1388 511 ut
1427 455 1606 528 placet
1632 453 1739 510 Pa-
1765 461 1821 522 Α
1844 458 2221 529 interfuerant,
2253 463 2714 522 subscribendam.
2748 462 2936 535 Neque
2981 464 3070 532 sit,
3102 480 3304 536 quaeso,
3337 467 3434 538 qui

147 550 250 622 gio,
305 547 628 606 Mansuetus
681 545 1099 605 Mediolanensis
1136 557 1194 605 et
1232 548 1550 605 Anastasius
1591 546 1738 602 Tici-

149 644 323 703 nensis
335 659 444 715 pro
460 643 879 701 Mediolanensis
891 643 1184 716 provincia:
1203 643 1490 715 episcopis.
1509 640 1738 697 Aifuisse

149 737 302 794 etiam
359 733 714 793 Theodorum
768 734 1166 793 Ravennatium
1205 735 1491 808 praesulem
1529 741 1738 791 certum

149 837 221 885 est
239 847 251 880 :
269 828 317 882 is
338 835 530 884 autem
557 826 800 884 nondum
826 827 1062 884 schisma
1092 826 1418 896 ejuraverat,
1436 841 1546 896 quo
1580 840 1739 882 sexa-

127 921 280 991 iginta
323 928 460 975 ante
500 934 678 976 annos
717 919 1005 976 Ravennas
1043 917 1286 976 Ecclesia
1341 918 1410 973 ab
1438 917 1739 990 apostolica

147 1015 267 1070 sede
293 1011 600 1081 defecerat,
634 1013 917 1072 incentore
943 1011 1136 1068 Mauro
1165 1011 1610 1110 archiepiscopo;
1643 1011 1741 1066 sed

147 1105 294 1176 hujus
321 1105 526 1176 synodi
554 1105 872 1171 occasione,
907 1101 1204 1160 Theodoro
1225 1103 1293 1159 ad
1323 1104 1586 1159 unitatem
1612 1101 1740 1158 red-

148 1205 316 1262 eunte,
348 1195 594 1252 schisma
622 1195 755 1252 illud
783 1195 1100 1251 restinctum
1130 1202 1232 1251 est.

210 1286 289 1342 66.
314 1285 683 1357 Hujusautem
704 1286 1004 1358 Agathonis
1032 1287 1251 1343 concilii
1281 1287 1428 1342 nulla
1447 1301 1588 1358 pene
1617 1293 1739 1342 acta

150 1379 555 1454 superfuerunt,
588 1381 694 1436 nisi
734 1381 852 1436 dua:
893 1381 1166 1452 epistolze,
1197 1396 1333 1452 quas
1373 1381 1542 1438 lectas
1577 1379 1743 1437 fuisse

152 1483 481 1544 compertum
523 1483 608 1530 est
636 1475 692 1529 in
719 1474 936 1530 actione
976 1477 1153 1544 quarti
1195 1473 1412 1530 concilii
1431 1473 1700 1544 generalis
1723 1514 1738 1539 ,

153 1568 303 1622 altera
316 1566 584 1623 videlicet
593 1565 896 1637 Agathonis
910 1565 978 1621 ad
992 1565 1407 1622 Constantinum
1417 1565 1738 1636 Augustum,

155 1659 306 1715 altera
329 1659 606 1731 synodica
654 1660 724 1715 ab
762 1658 1034 1730 episcopis
1061 1655 1369 1715 Occidentis
1414 1659 1738 1729 subscripta.

154 1751 489 1823 Quapropter
525 1767 730 1807 vanum
759 1759 845 1808 est
884 1751 1119 1806 scrutari
1145 1751 1370 1821 quinam
1408 1751 1560 1820 prior
1587 1750 1743 1806 sede-

1841 569 1929 610 me
1956 555 2278 612 temeritatis
2305 557 2632 614 condemnet
2660 559 2713 616 in
2762 559 2866 616 hac
2911 560 3220 631 suspicione
3263 562 3437 634 expli-

1841 647 2032 704 canda.
2067 647 2193 706 Scio
2225 650 2443 720 quidem
2489 651 2730 707 omnium
2777 652 2832 708 in
2861 668 2956 710 ore
3001 669 3140 721 esse,
3170 655 3436 726 synodum

1843 738 2143 810 Agathonis
2170 739 2278 796 225
2303 740 2552 800 Patribus
2577 753 2876 814 constasse,
2900 761 2965 804 ac
2991 748 3214 804 totidem
3243 750 3439 820 episto-

1845 834 1950 888 lam
1989 834 2302 907 synodicam
2343 838 2694 908 consignasse
2738 858 2750 893 :
2795 840 2942 911 quod
2983 842 3144 896 etiam
3187 857 3254 898 ex
3281 841 3439 901 Eddii

1843 928 2159 984 narratione
2187 929 2241 984 in
2256 928 2379 985 Vita
2408 928 2466 986 S.
2484 930 2770 1003 Wilphridi
2793 931 3154 991 Eboracensis
3173 937 3435 1009 episcopi,

1841 1019 1936 1088 qui
1963 1019 2164 1076 istimet
2202 1022 2411 1094 synodo
2453 1024 2772 1096 subscripsit
2811 1027 3031 1084 nomine
3072 1027 3439 1088 Ecclesiarum

1842 1113 2367 1184 septentrionalium,
2401 1116 2614 1174 videtur
2654 1117 2958 1177 luculenter
2982 1121 3310 1180 confirmari.
3341 1125 3440 1182 Ast

1841 1205 1887 1260 si
1932 1206 2079 1276 quod
2121 1217 2306 1264 narrat
2354 1208 2552 1280 Pagius
2601 1211 2884 1282 probabile
2930 1222 3046 1283 est,
3091 1231 3159 1272 ex
3207 1219 3439 1276 concilio

1845 1312 2038 1369 nempe
2065 1299 2452 1358 Mediolanensi
2479 1302 2617 1360 duos
2645 1313 2852 1361 tantum
2902 1305 2970 1364 ad
3009 1306 3314 1366 Romanum
3339 1311 3439 1368 dc-

1844 1389 2052 1460 legatos
2081 1383 2248 1449 fuiSse
2277 1395 2585 1467 episcopos,
2617 1413 2814 1470 nempe
2853 1399 3197 1458 Mansuetum
3224 1403 3439 1460 archie-

1843 1483 2126 1555 piscopum
2154 1493 2316 1556 atque
2344 1486 2688 1546 Anastasium
2731 1489 3070 1549 Ticinensem
3110 1495 3438 1564 antistitem,

1845 1592 2011 1648 cogar
2037 1579 2284 1638 dubitare
2313 1599 2441 1638 num
2469 1591 2721 1642 auctores
2747 1586 2840 1656 qui
2867 1586 2937 1644 de
2964 1603 3191 1646 numero
3219 1588 3442 1648 Patrum

1843 1671 2053 1743 synodo
2083 1671 2378 1742 Agathonis
2404 1679 2752 1748 praesentium
2791 1682 3153 1754 scripserunt,
3185 1699 3306 1740 eum
3337 1702 3441 1742 nu-

1845 1778 2053 1820 merum
2082 1769 2314 1823 mutuati
2341 1767 2541 1825 fnerint
2567 1773 2940 1831 tantummodo
2969 1790 3001 1830 a
3029 1776 3443 1850 subscriptioni-

155 1845 213 1900 rit
235 1851 350 1908 post
399 1859 629 1916 papam,
661 1845 883 1914 quinam
929 1844 1137 1899 actibus
1182 1843 1563 1899 conciliaribus
1589 1843 1740 1914 prior

1847 1855 1944 1912 bus
1971 1857 2241 1928 synodicze
2271 1859 2413 1917 illius
2441 1863 2703 1933 epistolae,
2733 1879 2855 1935 quae
2882 1865 3022 1923 lecta
3044 1878 3208 1939 atque
3236 1843 3442 1928 inserta

156 1951 327 1993 nomen
351 1937 599 1992 dederit.
631 1935 982 1991 Somniarunt
1010 1934 1439 1990 Mediolanenses
1475 1935 1740 2006 profecto,

159 2027 485 2085 tiamnetum
511 2028 803 2084 Theodoro
839 2029 1198 2099 praecessisse.
1250 2025 1646 2082 Tantummodo
1675 2041 1746 2082 ex

161 2119 650 2192 mbscriptionibus,
681 2133 819 2190 quas
846 2120 1011 2174 modo
1039 2120 1266 2189 legimus
1305 2119 1549 2190 epistolae
1575 2133 1742 2191 syno-

158 2212 266 2269 dies
289 2213 598 2284 appositas,
630 2221 1004 2282 argumentum
1050 2212 1424 2282 praecedentia
1457 2212 1563 2268 sibi
1589 2209 1746 2267 efﬁn-

154 2311 284 2375 gunt,
303 2311 359 2360 et
385 2304 649 2374 quamvis
668 2304 897 2374 quiestio
923 2305 994 2358 sit
1012 2304 1080 2359 de
1106 2305 1349 2360 sessione
1369 2305 1439 2361 ad
1466 2304 1744 2360 dexteram

154 2411 305 2469 papa,
335 2405 530 2452 tamen
577 2396 635 2451 in
680 2396 1168 2467 subscriptionibm
1215 2396 1379 2452 etiam
1429 2395 1746 2466 suffragium

154 2488 469 2556 mendicant,
500 2505 606 2545 nec
631 2489 1016 2556 meminerunt,
1067 2503 1281 2559 parum,
1313 2497 1410 2544 aut
1454 2489 1588 2544 nihil
1616 2489 1746 2544 sub-

152 2581 496 2650 scripu'onum
525 2581 710 2636 ordini
736 2595 856 2636 esse
883 2578 1175 2648 ridendum,
1206 2589 1368 2650 prout
1393 2589 1450 2636 et
1475 2581 1579 2652 ipsi
1605 2595 1745 2652 prte-

152 2675 336 2742 dicant,
365 2683 426 2731 et
455 2691 558 2731 nos
605 2675 832 2732 inferius
885 2683 1212 2745 repetemus.
1253 2674 1422 2745 Quisq
1445 2676 1508 2730 .is
1560 2684 1746 2730 autem

152 2781 234 2823 eas
257 2768 324 2823 de
349 2768 554 2838 quibus
574 2768 629 2822 in
657 2781 913 2838 praesens,
930 2765 1216 2839 superﬁcie
1259 2776 1414 2822 tenus
1442 2773 1742 2838 perennet,

153 2866 425 2916 auctorum
450 2861 684 2916 istorum
712 2859 985 2915 levitatem
1015 2857 1268 2915 facillime
1295 2859 1606 2929 dignoscet;
1631 2861 1748 2916 nul-

150 2951 224 3007 lus
242 2954 389 3008 enim
414 2953 559 3008 inter
583 2953 871 3024 episcopos
897 2952 1034 3008 ordo
1061 2959 1309 3007 servatus
1327 2957 1428 3006 est.
1454 2949 1586 3006 Post
1610 2952 1748 3022 Aga-

147 3045 373 3101 thonem
415 3061 542 3116 ergo
584 3047 898 3118 pontiﬁcem
943 3061 1053 3102 non
1098 3045 1389 3102 subscribit
1433 3046 1748 3104 Mansuetus

150 3136 588 3207 Mediolanensis,
614 3143 706 3198 sed
746 3142 994 3214 plerique
1019 3141 1246 3213 Apuliae,
1295 3139 1578 3209 Calabriie,
1609 3142 1747 3198 Bru-

1844 1947 1945 2003 fuit
1972 1949 2182 2006 actibus
2209 1953 2425 2009 concilii
2454 1958 2794 2024 mcumenici,
2828 1975 2936 2016 non
2969 1971 3150 2019 autem
3193 1979 3261 2021 ex
3290 1975 3442 2025 certa

1845 2049 2089 2098 actorum
2117 2043 2413 2115 Agathonis
2453 2051 2642 2120 synodi
2684 2052 2894 2108 notitia.
2942 2054 3228 2122 Quomodo
3255 2067 3440 2116 autem

1843 2133 1947 2189 sibi
1970 2143 2224 2191 constant
2262 2137 2532 2208 delegatio
2573 2141 2640 2196 ad
2668 2145 2932 2214 synodum
2971 2146 3272 2205 Romanam
3299 2151 3441 2210 duo-

1843 2240 1965 2280 rum
2011 2229 2386 2287 tantummodo
2433 2233 2808 2306 episcoporum
2847 2239 3138 2308 provincias
3182 2241 3440 2302 Mediola-

1845 2319 2048 2385 nensis,
2067 2329 2122 2376 et
2136 2322 2462 2394 subscriptio
2477 2327 2716 2382 omnium
2746 2329 2987 2400 ejusdem
3005 2334 3297 2403 provincia:
3325 2339 3442 2410 epl-

1843 2413 2162 2482 scoporum?
2176 2412 2394 2472 Minime
2408 2417 2522 2502 sibi
2526 2428 2797 2488 constant,
2816 2423 2919 2478 nisi
2936 2423 3197 2494 dicamus,
3213 2428 3300 2484 vel
3321 2430 3440 2501 epi-

1845 2517 2061 2574 scopos,
2089 2507 2183 2576 qui
2197 2508 2405 2580 synodo
2421 2510 2800 2580 interfuerunt,
2821 2515 3047 2572 aliorum
3061 2519 3440 2592 episcoporum

1845 2609 2066 2651 suorum
2082 2599 2301 2655 nomina
2314 2600 2596 2670 adjecisse,
2615 2606 2699 2660 vel
2723 2616 2846 2676 post
2862 2609 3162 2666 absolutam
3175 2613 3441 2686 synodum

1847 2686 2133 2757 epistolam
2157 2706 2258 2761 per
2269 2691 2511 2750 diversas
2524 2695 2689 2752 italiae
2711 2701 3016 2769 provincias
3045 2703 3437 2774 circmnlatam,

1847 2789 1908 2836 ut
1948 2783 2017 2838 ab
2058 2784 2310 2840 omnibus
2349 2786 2512 2841 etiam
2541 2789 2634 2858 qui
2677 2789 2961 2847 abfuerant
2987 2793 3435 2852 subscriberetur.

1919 2871 2007 2929 68.
2049 2873 2203 2932 Hanc
2239 2884 2481 2932 nostram
2509 2880 2874 2950 suspicionem
2903 2893 3063 2954 auget
3091 2887 3440 2956 opportunis-

1846 2965 1983 3022 sime
2010 2967 2127 3038 ipsa
2156 2967 2609 3040 subscriptionum
2649 2972 2926 3039 confusio,
2959 2984 3018 3030 ut
3045 2977 3231 3046 quieto
3260 2978 3442 3036 animo

1845 3058 2212 3117 consideranti
2247 3059 2406 3118 facile
2432 3063 2654 3133 patebit.
2707 3064 2818 3122 Nec
2846 3082 3072 3132 novum,
3106 3083 3205 3124 nec
3232 3069 3439 3125 miran-

1845 3149 1975 3206 dum
2015 3151 2071 3210 id
2109 3153 2320 3211 accidet
2354 3158 2678 3210 memoranti
2713 3173 2833 3228 quae
2871 3158 3212 3216 Mabillonius
3239 3161 3308 3218 de
3335 3161 3440 3218 hoc

147 3231 353 3288 tiorum
399 3234 662 3305 episcopi;
712 3235 838 3290 inde
882 3243 1183 3306 sequuntur
1227 3232 1416 3303 Siculi,
1467 3243 1745 3306 praeeunte
1769 3233 1817 3300 C
1847 3241 2070 3300 inducto
2105 3243 2475 3302 subscribendi
2511 3262 2664 3304 more
2701 3249 2894 3304 asserit
2928 3265 2993 3306 ac
3028 3251 3224 3322 probat
3273 3267 3438 3322 argu-

151 3324 486 3396 Syracusano
515 3341 705 3382 eorum
730 3327 1174 3398 metropolitano.
1229 3326 1542 3384 Succedunt
1579 3327 1746 3398 legati

150 3416 456 3489 Galliarum,
487 3435 630 3492 quos
657 3423 856 3496 excipit
881 3421 1194 3479 Mansuetus
1230 3421 1521 3480 Mediolani
1547 3423 1748 3495 prmsul

147 3527 267 3568 cum
303 3513 664 3584 suﬂ‘raganeis
707 3517 839 3585 suis,
887 3517 987 3574 sed
1030 3518 1217 3574 nescio
1263 3532 1333 3572 an
1363 3517 1500 3573 istos
1525 3531 1749 3588 quoque

132 3608 471 3680 Vintersecent
498 3611 708 3680 aliquot
734 3612 959 3668 alterius
994 3613 1290 3684 provinciae
1318 3613 1584 3684 episcopi.
1615 3609 1750 3669 Post

150 3702 255 3758 illos
298 3719 438 3760 vero
487 3703 770 3773 Lucensis,
821 3703 1065 3772 Pisanus,
1117 3715 1283 3777 atque
1328 3722 1440 3763 non
1467 3708 1630 3779 pauci
1677 3723 1748 3765 ex

151 3792 395 3863 Thuscia;
451 3796 650 3853 deinde
703 3799 898 3854 iterum
957 3799 1317 3856 subnrbicarii
1377 3799 1743 3870 Tusculanus,

150 3887 476 3958 Anagninus,
508 3889 806 3959 Alatrinus,
837 3900 893 3947 et
919 3892 1028 3960 alii,
1052 3892 1246 3963 quibus
1273 3893 1517 3950 succedit
1533 3892 1747 3965 Agatho

151 3978 505 4049 Aquileiensis
552 3997 677 4037 cum
723 3983 837 4038 suis
868 4000 880 4036 :
912 3983 1040 4040 hinc
1085 3981 1504 4055 Pentapolitani,
1553 3982 1747 4041 Pisau-

148 4073 324 4127 riensis
349 4073 642 4139 videlicet,
673 4074 1062 4142 Anconitanus,
1111 4077 1406 4146 cteterique
1438 4095 1452 4130 :
1484 4083 1602 4133 tum
1646 4074 1750 4134 Pe-

150 4167 365 4232 rusinus,
400 4182 441 4220 a
471 4181 583 4237 quo
612 4168 820 4224 reditur
845 4169 915 4224 ad
943 4169 1230 4240 episcopos
1247 4167 1494 4224 Etruriae.
1519 4167 1748 4225 Ultimus

147 4261 372 4315 omnium
403 4259 738 4316 Theodorus
763 4261 1200 4332 archiepiscopus
1229 4259 1536 4330 Ravennas,
1567 4268 1624 4317 et
1643 4259 1752 4318 suf-

146 4347 373 4421 fnganei
402 4351 874 4424 subscripserunt.

203 4444 283 4499 67.
317 4444 567 4514 Quando
612 4445 776 4515 igitur
818 4444 1248 4503 Mediolanenses
1289 4461 1358 4503 ex
1403 4446 1595 4504 ordine
1620 4445 1749 4503 sub-

145 4540 502 4612 scriptionum
549 4539 795 4596 ordinem
839 4541 1212 4614 prmcedentiae
1277 4556 1508 4613 arguere
1553 4541 1742 4610 velint,

1847 3335 2047 3393 mentis
2074 3343 2236 3407 atque
2263 3338 2526 3408 exemplis
2555 3355 2663 3396 non
2691 3344 2896 3412 paucis,
2927 3358 3048 3414 quae
3075 3344 3163 3400 hic
3189 3354 3440 3417 repetere

1849 3427 2010 3487 nimis
2053 3427 2275 3500 longum
2319 3439 2484 3487 esset.
2525 3429 2737 3503 Optime
2774 3435 2841 3490 ad
2878 3451 2994 3491 rem
3029 3452 3182 3492 suam
3219 3437 3284 3494 iis
3312 3454 3442 3495 usus

1849 3528 1934 3575 est
1970 3519 2364 3579 eruditissimus
2397 3520 2599 3593 Ioseph
2635 3523 2955 3596 Garampius
2993 3527 3047 3582 in
3085 3543 3291 3598 nupera
3328 3528 3443 3585 dis-

1849 3612 2146 3670 sertatione
2173 3612 2239 3670 de
2266 3611 2496 3670 Nummo
2525 3625 2771 3688 argenteo
2809 3616 3076 3674 Benedicti
3109 3617 3206 3674 III
3235 3617 3302 3675 P.
3336 3619 3440 3686 ιι,

1849 3713 1911 3758 ut
1935 3705 2194 3775 probaret
2219 3703 2535 3762 Lotharium
2565 3709 2866 3778 Augustum
2885 3711 3109 3768 minime
3134 3713 3446 3771 interfuisse

1848 3797 2058 3870 synodo
2086 3797 2273 3854 Romae
2299 3799 2575 3856 celebrato
2604 3817 2692 3857 an.
2727 3801 2858 3868 855,
2902 3804 3028 3860 licet
3057 3815 3174 3862 acta
3205 3807 3443 3878 synoda-

1849 3887 1920 3942 lia
1948 3889 2266 3959 consignata
2293 3898 2478 3947 essent
2503 3891 2622 3962 ejus
2657 3894 3056 3967 subscriptione
3093 3906 3217 3969 post
3245 3898 3446 3955 Leonis

1847 3993 2005 4050 papa;
2049 3994 2269 4038 nomen.
2311 3979 2394 4037 Ex
2437 3980 2541 4038 ista
2595 3998 2726 4041 vero
2773 3985 2889 4056 ipsa
2921 3987 3228 4058 suspicione
3257 3998 3444 4047 nostra

1848 4071 1981 4128 oriri
2009 4071 2181 4129 altera
2206 4081 2417 4146 potest,
2457 4076 2666 4133 scilicet
2700 4079 2786 4134 vel
2831 4077 3178 4135 Theodorum
3224 4081 3442 4139 Raven-

1849 4172 2034 4219 natem
2085 4180 2211 4221 cum
2253 4166 2366 4223 suis
2411 4183 2521 4224 non
2558 4168 2756 4225 adiisse
2795 4169 3092 4239 Agathonis
3129 4174 3439 4242 concilium,

1847 4258 2096 4328 quamvis
2129 4260 2445 4332 synodicam
2489 4262 2592 4318 sibi
2637 4271 2828 4333 postea
2857 4264 3075 4320 allatam
3105 4266 3439 4335 signaverit;

1847 4351 1935 4407 vel
1977 4351 2025 4408 si
2061 4351 2400 4420 interfuerit,
2439 4368 2562 4409 eam
2607 4354 2990 4426 subscripsisse
3027 4365 3152 4428 post
3187 4374 3344 4414 suum
3373 4359 3444 4415 ab

1849 4444 1995 4502 Urbe
2021 4445 2349 4513 discessum;
2388 4447 2492 4504 nisi
2531 4447 2712 4506 dicere
2745 4449 2978 4506 velimus
3005 4451 3149 4520 quod
3179 4451 3344 4506 dilata
3373 4452 3444 4508 ad

1849 4538 2068 4596 concilii
2102 4537 2264 4595 finem
2300 4538 2420 4609 ejus
2455 4555 2580 4597 cum
2615 4541 2915 4614 apostolica
2953 4543 3082 4599 sede
3117 4544 3442 4600 reconcilia-

143 4633 230 4690 sibi
255 4637 364 4708 ipsi
393 4637 784 4694 contradicere
817 4645 1094 4709 cogentur,
1125 4637 1219 4708 qui
1265 4639 1576 4696 immediate
1620 4646 1747 4711 post
1769 4619 1826 4681 Ι)
1850 4632 2000 4689 tione
2021 4673 2038 4700 ,
2066 4633 2288 4689 ultimus
2332 4633 2409 4689 illi
2455 4633 2607 4692 locus
2651 4635 2707 4691 in
2743 4635 3014 4708 synodicae
3047 4630 3445 4709 subscriptione

145 4743 325 4802 papam
354 4729 600 4786 antistiti
627 4746 727 4788 suo
753 4731 991 4804 priorem
1018 4731 1198 4788 locum
1225 4741 1534 4805 aucupant;
1563 4747 1745 4790 cesse-

152 4835 255 4885 Iunt
268 4806 438 4884 enim
472 4827 527 4882 in
556 4826 854 4896 Agathonis
897 4829 1126 4902 synodo,
1169 4827 1325 4899 juxta
1373 4831 1570 4884 seriem
1615 4827 1744 4884 sub-

144 4920 521 4991 sa-iptionum,
570 4935 682 4977 non
708 4921 882 4977 solum
926 4922 1197 4994 episcopis
1228 4920 1633 4989 suburbicariis,
1685 4928 1745 4977 ut

143 5021 327 5068 vocant
365 5026 522 5084 quos
550 5011 604 5066 in
646 5012 764 5068 aliis
789 5013 1033 5070 conciliis
1060 5011 1172 5068 fere
1199 4996 1450 5070 omnibus
1474 5020 1600 5085 post
1625 5028 1743 5069 ma-

139 5100 306 5174 jorum
333 5103 562 5160 sedium
606 5103 864 5174 praesules
915 5103 1153 5173 signatos
1197 5105 1503 5171 cernimus;
1549 5119 1740 5161 verum

142 5191 490 5268 Syracusano
537 5195 704 5251 etiam
750 5195 1157 5268 archiepiscopo
1211 5194 1436 5267 ejusque
1482 5195 1745 5268 suifraga-

142 5291 265 5358 neis,
295 5292 481 5348 immo
509 5291 704 5362 legatis
729 5305 947 5362 quoque
971 5289 1266 5347 Gallorum.
1315 5289 1384 5346 At
1409 5290 1554 5346 enim
1581 5305 1743 5347 nemo

139 5397 274 5440 sana:
300 5384 518 5441 mentis
544 5391 658 5440 tam
683 5383 918 5441 confusae
944 5382 1398 5455 subscriptionum
1424 5383 1588 5440 seriei
1605 5398 1744 5456 pm-

139 5480 520 5538 cedentiarum
567 5477 813 5535 ordinem
857 5475 1306 5534 accommodabit.
1358 5473 1474 5546 Ego
1519 5474 1741 5547 quidem

139 5573 406 5646 “spicos;
440 5571 759 5649 synodicam
785 5569 1212 5630 Occidentalium
1236 5568 1520 5642 epistolam
1539 5609 1554 5636 ,
1587 5575 1683 5624 aut
1709 5583 1739 5622 a

140 5669 504 5740 pmentibus
530 5666 802 5742 episcopis
828 5665 993 5723 etiam
1019 5663 1240 5720 nomine
1274 5658 1581 5718 absentium
1607 5661 1740 5718 sub-

140 5765 400 5838 scriptam
424 5763 614 5830 fuisse,
631 5769 727 5818 aut
749 5760 949 5827 verius,
967 5765 1157 5816 exacta
1173 5754 1402 5829 synodo,
1431 5769 1533 5826 per
1557 5754 1741 5812 diver—

140 5872 218 5916 tas
243 5858 431 5916 italiae
452 5855 765 5928 provincias
805 5854 1046 5924 missam,
1075 5850 1147 5913 ab
1192 5847 1480 5922 episcopis,
1510 5847 1604 5920 qui
1630 5863 1742 5910 non

1849 4724 2188 4781 remanserit.
2210 4723 2514 4796 Utcumque
2532 4741 2623 4783 res
2640 4724 2820 4794 fuerit,
2839 4726 2978 4784 adeo
2998 4728 3289 4784 concilium
3310 4729 3445 4799 Aga-

1848 4820 2032 4876 thonis
2057 4818 2328 4878 Puricello
2365 4828 2422 4877 et
2457 4819 2519 4876 P.
2549 4819 2839 4878 Eustachio
2866 4835 2976 4895 non
3005 4820 3351 4893 suffragatur,
3383 4831 3446 4880 ut

1849 4915 2031 4986 potius
2058 4923 2255 4974 noceat
2280 4914 2635 4986 magnitudini
2662 4923 2824 4985 atque
2861 4915 3199 4986 amplitudini
3235 4915 3444 4973 Medio-

1849 5010 2153 5070 lanensium
2199 5008 2678 5082 prmrogativarum
2700 5049 2715 5074 ,
2783 5007 2980 5078 quibus
3034 5023 3197 5081 supra
3254 5024 3446 5064 omnes

1849 5103 2070 5159 omnino
2097 5101 2267 5158 Italia
2293 5100 2600 5172 episcopos,
2632 5099 2799 5156 immo
2827 5115 2990 5172 supra
3018 5116 3206 5157 omnes
3235 5109 3443 5156 metro-

1845 5194 2120 5265 politanos
2147 5191 2425 5264 proprium
2453 5189 2688 5248 efferunt
2715 5191 3030 5248 antistitem.
3057 5191 3232 5262 Atque
3261 5206 3330 5246 ex
3357 5191 3444 5248 his

1847 5293 2074 5357 amaret
2119 5283 2251 5354 quid
2282 5282 2637 5353 iudicandum
2673 5281 2742 5338 de
2787 5281 3100 5338 testimonio
3135 5281 3334 5337 Norisii
3372 5281 3442 5338 ab

1845 5379 1912 5434 iis
1951 5378 2264 5435 auctoribus
2309 5376 2492 5443 citati;
2541 5391 2651 5432 non
2698 5375 2842 5431 enim
2888 5373 3101 5430 videtur
3144 5374 3442 5432 attendisse

1845 5469 2303 5527 eminentissimus
2349 5467 2542 5524 doctor
2585 5467 2655 5524 ad
2689 5465 3060 5526 confusionem
3088 5467 3442 5540 subscriptio-

1846 5579 1976 5620 num
2011 5562 2255 5634 epistolae
2290 5560 2587 5635 synodiae,
2628 5573 2802 5628 neque
2831 5557 2898 5614 ad
2926 5556 3324 5630 Syracusanum
3353 5577 3442 5616 ar-

1847 5657 2252 5731 chiepiscopum
2289 5663 2416 5726 ante
2450 5662 2562 5711 tres
2599 5653 2734 5709 alios
2761 5651 3058 5723 signatum,
3091 5661 3146 5709 ct
3171 5652 3441 5725 prmcipue

1848 5760 1976 5812 ante
2000 5751 2452 5810 Mediolanensem
2476 5767 2488 5803 :
2519 5763 2682 5818 quam
2711 5745 3076 5803 inordinatam
3098 5745 3441 5817 subscriptio-

1848 5861 1976 5904 num
2021 5845 2219 5904 seriem
2266 5852 2412 5900 certe
2459 5858 2570 5900 non
2615 5839 2902 5912 probasset
2947 5839 3058 5902 vir,
3109 5835 3437 5906 caeteroquin
