3976 6352
1336 360 1404 419 ΙΝ
1437 360 1501 421 8.
1539 358 1824 420 PETRI!!!
1863 356 2377 419 οηιιῐεοιοθυυ
2416 360 2957 421 PBOLEGOMENA.

509 476 603 537 chi
639 474 793 549 prior
825 472 1061 533 concilio
1086 471 1399 546 praesederit
1436 471 1781 539 Laurentius,
1827 470 1983 543 prior
2019 470 2103 528 ιι-
2126 477 2179 536 Α
2202 472 2560 535 libentissime
2577 476 2952 547 relinquimus,
2973 489 3096 548 qua:
3119 472 3281 547 hujus
3306 476 3548 535 auctoris
3573 475 3646 535 ab
3672 492 3796 536 om-

507 570 727 629 locutus
743 568 834 637 sit,
855 568 1011 642 prior
1027 566 1419 638 subscripserit.
1454 564 1682 633 Quando
1710 573 1891 622 autem
1916 565 1972 620 in
1999 564 2102 620 ista

507 663 722 737 synodo
766 660 856 719 vel
890 660 1054 732 regis,
1092 658 1180 715 vel
1216 673 1373 730 papa:
1410 657 1686 721 mandato,
1731 655 2103 713 Ravennatem

508 754 924 815 Mediolanensis
947 751 1250 826 przecessit;
1293 750 1424 822 quid
1463 749 1794 806 Ravennatis
1819 750 2097 812 intererat,

508 846 700 905 sialiis
743 844 961 919 synodis
1001 842 1367 901 subscriberet
1405 840 1693 905 secundus,
1735 840 1932 910 quibus
1977 854 2102 894 cum

509 947 767 1014 praesset
782 952 1021 996 summus
1043 937 1161 1008 ipse
1179 934 1443 1006 pontifex,
1476 936 1530 989 in
1553 933 1963 1005 praerogativam
1992 948 2103 988 non

510 1028 863 1087 inducebatur
887 1028 1040 1101 prior
1067 1035 1160 1082 aut
1180 1025 1451 1098 posterior
1488 1023 1849 1094 subscriptio?
1924 1021 1933 1029 ’

582 1121 668 1178 74.
691 1120 819 1178 Hzec
856 1119 1169 1177 addideram
1197 1118 1253 1173 in
1272 1117 1498 1188 gratiam
1524 1115 1815 1188 supposita:
1852 1111 2104 1171 Clemen-

508 1214 609 1271 tini
628 1212 939 1285 diplomatis
963 1209 1229 1267 falsitatis.
1276 1208 1476 1266 Verum
1517 1209 1678 1278 igitur
1706 1206 1838 1263 illud
1879 1207 1970 1270 sit,
2002 1220 2105 1262 nec

508 1320 601 1373 ne,
624 1304 840 1378 potiora
859 1303 1336 1375 praerogativarum
1354 1300 1476 1372 jura
1496 1300 1694 1356 frustra
1714 1299 1818 1356 sibi
1835 1304 2107 1369 aucupant

510 1396 939 1454 Mediolanenses
974 1394 1042 1450 ab
1069 1393 1217 1450 hisce
1235 1391 1664 1465 Symmachianis
1688 1389 2104 1461 subscriptioni-

509 1489 634 1547 bus.
663 1487 920 1545 Gratiano
941 1494 1123 1543 autem
1142 1501 1213 1543 ex
1252 1485 1359 1541 illis
1386 1492 1761 1554 argumentum
1802 1482 2105 1539 instituenti

511 1596 615 1653 pro
637 1577 1029 1650 archiepiscopi
1055 1574 1472 1632 Mediolanensis
1498 1572 1839 1637 excellentia,
1881 1571 2106 1641 aliisque

515 1671 767 1729 omnibus
810 1668 1202 1727 recentioribus
1240 1668 1308 1722 ab
1336 1665 1627 1722 Eustachio
1667 1664 1865 1729 citatis,
1908 1663 2106 1719 nullius

514 1764 720 1835 negotii
746 1769 831 1819 est
855 1759 1206 1834 respondere,
1237 1759 1360 1815 illos
1385 1772 1578 1830 nempe
1615 1755 1895 1827 antiquum
1915 1754 2103 1812 conci-

2204 571 2363 628 nibus
2389 567 2740 640 rejiciuntur;
2782 583 2959 639 neque
2986 567 3418 640 obstupescimus
3460 569 3534 627 cl.
3566 577 3798 629 muro-

2203 662 2333 734 quin
2374 661 2717 718 decretorum
2762 659 3111 717 collectorem
3160 673 3270 719 non
3315 659 3631 719 meminisse
3666 659 3795 719 Cle-

2202 753 2428 811 mentini
2468 753 2811 826 diplomatis,
2861 767 2984 808 cum
3026 759 3109 808 tot
3148 752 3253 808 alia
3295 751 3526 810 fortasse
3571 752 3797 824 majoris

2204 847 2466 903 momenti
2492 855 2548 902 et
2576 845 2843 917 indaginis
2871 845 2954 901 vel
3003 845 3250 911 tacuerit,
3291 844 3377 901 vel
3406 846 3679 913 omiserit,
3710 848 3796 902 vel

2204 938 2550 1009 ignoraverit,
2574 938 2661 993 vel
2688 938 2829 992 male
2858 936 3203 991 intellexerit.

2278 1030 2362 1085 76.
2395 1028 2549 1099 Quod
2564 1044 2694 1085 vero
2708 1029 2775 1085 ad
2803 1029 3111 1102 Symmachi
3138 1029 3375 1103 synodos
3402 1029 3621 1093 attinet,
3653 1028 3795 1099 quod

2206 1123 2575 1181 Theodoricus
2601 1139 2719 1187 rex,
2754 1122 2899 1192 quod
2929 1120 3224 1185 Ennodius,
3269 1128 3326 1175 et
3352 1129 3570 1175 centum
3610 1119 3725 1184 alii,
3755 1120 3798 1175 si

2202 1219 2404 1290 placet,
2456 1233 2579 1273 cum
2634 1223 2920 1284 utrumque
2974 1212 3449 1284 metropolitanum
3486 1211 3795 1274 nominant,

2206 1308 2661 1365 Mediolanensem
2728 1305 3093 1377 praamittunt;
3157 1303 3442 1359 ridiculum
3516 1301 3797 1359 enimvero

2206 1408 2291 1455 est
2318 1399 2371 1455 id
2400 1408 2719 1455 convertere
2747 1399 2802 1453 in
2849 1403 3225 1466 argumentum
3254 1393 3596 1463 majoritatis.
3656 1391 3796 1449 Scri-

2204 1490 2286 1547 bit
2311 1491 2466 1547 divus
2493 1491 2690 1546 Paulus
2720 1488 2788 1545 ad
2815 1485 3034 1547 Galatas
3053 1529 3067 1554 ,
3100 1485 3229 1544 Cum
3268 1488 3627 1559 cognovissent
3665 1502 3797 1558 gra-

2209 1586 2334 1640 tiam
2384 1600 2498 1658 qua
2525 1583 2650 1638 data
2702 1591 2780 1638 est
2825 1581 2952 1637 mihi
2977 1577 3203 1635 Iacobus
3229 1588 3281 1635 et
3321 1576 3522 1650 Cephas
3578 1574 3794 1648 (Galat.

2206 1696 2265 1744 ιι,
2297 1679 2384 1754 9);
2416 1678 2785 1751 apostolorum
2830 1674 3131 1747 principem
3157 1671 3398 1744 Cepham
3427 1670 3631 1727 Paulus
3666 1684 3796 1741 ergo

2208 1776 2473 1831 minorem
2497 1772 2758 1830 credidit?
2784 1770 3109 1827 Athanasius
3128 1766 3440 1842 synodicam
3459 1762 3798 1822 Sardicensis

515 1854 713 1912 Ῑίοηιω
750 1868 959 1910 morem
985 1851 1056 1908 ad
1090 1853 1174 1908 ευί
1217 1848 1476 1921 ιθωΡοτίε
1500 1848 1773 1905 inducam
1815 1854 2106 1938 θοοδιξθιΨ
2134 1859 2185 1922 Β
2209 1868 2421 1924 concilii
2450 1866 2735 1938 epistolam
2762 1863 3006 1930 laudans,
3044 1871 3206 1933 atque
3244 1862 3533 1933 episcopos
3558 1859 3655 1929 qui
3681 1873 3796 1916 eam

513 1947 694 2003 dinem
730 1958 1016 2017 perperam
1052 1942 1251 1999 metiri.
1302 1940 1513 1998 Nullam
1554 1939 1851 2010 antiquitus
1896 1936 2106 1994 sedium

511 2039 990 2112 pratrogativarum
1025 2034 1263 2092 habitam
1298 2033 1463 2089 fuisse
1490 2032 1757 2088 rationem
1786 2031 1842 2086 in
1880 2028 2111 2090 subscri-

511 2134 791 2207 ptionibus
828 2130 1185 2189 conciliorum
1215 2127 1466 2199 probant,
1510 2140 1632 2195 quae
1673 2122 2109 2180 Mediolanenses

516 2225 675 2282 nobis
700 2222 947 2295 superius
982 2221 1215 2291 ingenue
1251 2218 1681 2290 suppeditarunt,
1711 2225 1769 2272 et
1791 2230 1912 2286 quae
1944 2228 2108 2285 super

518 2314 826 2387 hujnsmodi
865 2314 1146 2386 disciplina
1172 2312 1391 2385 plurimi
1414 2319 1664 2367 auctores
1700 2309 2017 2371 docuerunt,
2049 2315 2107 2363 et

517 2407 816 2480 praesertim
839 2421 961 2478 qua:
987 2405 1044 2462 in
1081 2402 1390 2477 Symmachi
1434 2402 1678 2459 conciliis
1721 2398 2106 2456 animadverti-

517 2514 659 2556 mus.
706 2496 884 2570 Ccepit
927 2496 1145 2568 quidem
1189 2495 1584 2553 recentioribus
1627 2492 1838 2549 smculis
1882 2490 2107 2562 pristina

518 2591 805 2664 disciplina
830 2588 1221 2653 defervescere,
1252 2588 1512 2658 oblitique
1538 2594 1665 2642 sunt
1687 2585 1942 2642 Ecclesiae
1968 2598 2106 2655 pra:-

517 2682 665 2741 sules
686 2674 906 2739 Christi
944 2678 1163 2736 Domini
1188 2687 1539 2749 praeceptum,
1572 2674 1675 2742 Qui
1720 2677 1893 2749 major
1918 2684 1997 2730 est
2047 2676 2105 2729 in

515 2774 656 2832 nobis
680 2776 778 2848 ﬁat
804 2776 938 2829 sicut
977 2773 1171 2837 minor,
1200 2782 1251 2826 et
1272 2772 1359 2846 qui
1382 2786 1664 2842 pmcessor
1687 2778 1766 2824 est
1789 2769 1925 2823 sicut
1946 2767 2107 2822 mini-

515 2874 714 2923 strator
741 2864 896 2939 (Luc.
925 2880 1060 2930 nu,
1088 2862 1202 2936 9.6),
1232 2871 1570 2920 assumeutes
1597 2877 1629 2917 e
1654 2868 1845 2917 contra
1872 2858 2111 2929 discipu-

517 2961 697 3019 lorum
723 2975 835 3016 non
870 2959 1048 3015 adhuc
1067 2956 1510 3015 confirmaturum
1562 2953 1948 3016 inﬁrmitatem,
1978 2948 2110 3019 Quis

517 3071 695 3111 eorum
722 3052 980 3109 υἱάσι-οων
1014 3067 1126 3108 esse
1150 3050 1323 3123 major
1352 3047 1540 3123 (Ibid.,
1564 3047 1680 3119 24),
1709 3046 2005 3103 ambitione
2032 3045 2112 3101 in-

516 3145 718 3203 duente
744 3158 1032 3217 personam
1060 3141 1396 3200 necessitatis
1418 3139 1619 3211 jurium
1661 3138 1894 3210 propriae
1919 3136 2110 3194 Eccle-

2213 1959 2645 2029 subscripserunt
2683 1971 3026 2019 enumerans,
3072 1955 3149 2009 ait
3178 1952 3438 2027 (Apolog.
3467 1951 3527 2022 2)
3564 1948 3795 2004 :Eomn

2213 2061 2384 2107 autem
2436 2052 2523 2124 qui
2566 2051 2622 2105 in
2663 2048 2861 2121 synodo
2911 2047 3340 2120 subscripserunt,
3398 2053 3796 2114 eceteramqu

2211 2145 2434 2200 aliorum
2460 2144 2561 2199 ista
2587 2153 2709 2199 sunt
2734 2144 2968 2206 nomina,
3014 2138 3168 2195 Osius
3198 2138 3260 2193 ab
3289 2136 3576 2209 Hispania,
3628 2132 3795 2190 Iulias

2213 2237 2396 2293 Romae
2441 2253 2533 2309 per
2578 2234 2967 2298 Archidamum,
3010 2241 3060 2289 et
3086 2231 3434 2286 Philoxenum
3476 2225 3796 2301 presbyteros

2210 2347 2331 2386 suos
2359 2329 2711 2402 Prothoyenes
2742 2327 2998 2392 Sardicw,
3043 2333 3148 2381 etc.
3191 2322 3309 2378 Erit
3336 2334 3466 2391 ergo
3492 2317 3671 2376 Julius
3695 2316 3795 2375 Bo-

2210 2439 2402 2482 manus
2428 2421 2669 2493 pontifex
2695 2418 2824 2477 Osio
2862 2417 3197 2475 Cordubensi
3236 2415 3685 2489 postponendus?
3709 2412 3795 2469 Va

2213 2526 2394 2573 autem
2421 2515 2839 2588 prmeminentiae
2870 2511 3348 2568 Mediolanensinm
3386 2525 3552 2581 supra
3578 2506 3793 2565 νεκά-

2213 2609 2412 2676 lenses,
2442 2609 2489 2665 si
2518 2608 2685 2679 ipsius
2722 2605 3000 2661 Athanasii
3047 2604 3368 2660 auctoritate
3405 2601 3717 2664 abutamur,
3743 2598 3793 2656 in

2212 2702 2442 2775 epistola
2463 2700 2532 2756 ad
2556 2698 2843 2755 Solitarios
2869 2696 3100 2753 dicentis
3131 2713 3144 2748 :
3178 2693 3495 2749 Clarissima
3521 2700 3649 2748 sunt
3680 2705 3793 2747 cos-

2213 2795 2453 2867 {essionis
2482 2793 2580 2848 viri
2610 2790 2859 2863 religiosi,
2890 2797 2939 2844 et
2964 2789 3192 2862 episcOpi
3236 2786 3354 2841 boui
3381 2783 3647 2839 Paulinus
3678 2781 3793 2839 Tre-

2210 2887 2456 2949 virorum,
2490 2882 2701 2956 Lucifer
2726 2883 2994 2954 episcopus
3046 2878 3328 2940 Sardiniaa,
3377 2875 3637 2932 Eusebius
3672 2873 3793 2931 Ver-

2212 2977 2374 3040 cellis,
2408 2975 2691 3047 Dionysius
2734 2972 3042 3029 Mediolani.
3085 2970 3216 3026 [tem
3245 2969 3369 3039 quia
3413 2965 3793 3024 Constantino-

2210 3070 2510 3142 politanum
2539 3067 2830 3123 concilium
2864 3081 2900 3121 γ
2927 3065 2982 3121 in
3012 3063 3358 3119 damnatione
3407 3060 3572 3115 trium
3599 3059 3793 3131 capitu-

2213 3161 2407 3227 lorum,
2439 3159 2860 3222 condemnamus,
2908 3156 3099 3226 inquit,
3149 3164 3200 3209 et
3228 3152 3790 3208 anathematizamus...

516 3238 613 3295 sie
634 3236 973 3293 tuendorum.
1024 3233 1108 3289 Ad
1132 3234 1275 3290 hanc
1299 3232 1540 3305 respexit
1581 3230 1892 3295 Gratianus,
1935 3228 2109 3285 illius-

2211 3267 2326 3324 qua:
2352 3250 2510 3322 impie
2558 3247 2908 3303 Theodoretus
2946 3245 3254 3317 conscripsit
3293 3251 3477 3299 contra
3514 3251 3700 3297 rectam
3715 3241 3795 3312 ﬁ-

518 3344 627 3401 que
651 3337 949 3387 sectatores
996 3332 1357 3398 respexerunt
1397 3324 1455 3381 in
1493 3323 1671 3379 allatis
1716 3322 1950 3387 casibus,
1994 3336 2109 3380 non

522 3430 702 3477 autem
730 3421 798 3475 ad
822 3422 1117 3491 primorum
1155 3417 1473 3473 saeculorum
1515 3414 1937 3485 simplicitatem.

597 3511 684 3567 75.
721 3510 803 3567 0b
835 3512 1056 3567 citatam
1086 3518 1264 3564 tamen
1302 3506 1543 3563 Gratiani
1588 3506 1966 3563 auctoritatem
2000 3504 2111 3561 Eu-

523 3606 760 3662 stachius
773 3621 806 3659 a
820 3603 878 3659 S.
898 3602 1103 3660 Ubaldo
1123 3601 1474 3657 subirascitur
1491 3598 1658 3656 Felici
1677 3597 1916 3657 Antonio
1933 3598 2109 3657 Guar-

527 3698 700 3754 nierio
722 3736 738 3760 ,
787 3696 1043 3752 tribuenti
1071 3697 1398 3750 anteriorem
1424 3693 1840 3751 Mediolanensis
1885 3693 2114 3756 subscri-

529 3792 730 3846 tionem
766 3790 819 3842 in
856 3787 1100 3844 conciliis
1126 3785 1434 3858 Symmachi
1473 3800 1582 3841 non
1628 3785 2006 3857 praecellentia:
2036 3785 2117 3843 di-

526 3881 764 3952 gnitatis,
790 3880 885 3936 sed
909 3878 1268 3956 auterioritati
1295 3877 1649 3934 ordinationis
1669 3877 1724 3932 in
1753 3877 2109 3948 episcopum:

527 3988 651 4029 cum
678 3971 824 4027 enim
869 3986 936 4026 ea
962 3968 1265 4026 Guarnierii
1306 3970 1446 4024 ratio
1474 3969 1717 4041 apprime
1743 3968 2111 4025 Mediolanen-

524 4065 664 4122 sium
690 4063 990 4121 rationibus
1017 4061 1327 4133 quadraret,
1356 4060 1548 4132 quibus
1576 4069 1766 4117 contra
1795 4058 2109 4131 Aquileien-

525 4175 612 4216 ses
659 4157 861 4229 pr0prii
887 4157 1144 4215 antistitis
1193 4154 1654 4227 praeeminentiam
1695 4153 1986 4211 defendere
2010 4168 2109 4212 co-

526 4259 740 4315 nantur,
771 4259 934 4320 atque
960 4250 1125 4307 etiam
1152 4263 1394 4305 consona
1422 4255 1568 4304 esset
1586 4248 1860 4303 saniorum
1888 4246 2108 4303 critico-

525 4357 646 4397 rum
671 4344 978 4407 sententiae;
1004 4341 1125 4397 ideo
1144 4339 1561 4412 Augustinianus
1585 4348 1769 4396 noster
1788 4337 2110 4395 Guarnierio

524 4434 837 4489 Gratianum
893 4432 1117 4505 opponit
1167 4432 1456 4495 dicentem,
1515 4446 1583 4486 ex
1634 4444 1743 4500 quo
1789 4428 2111 4486 Laurentius

524 4528 839 4598 subscripsit
874 4535 999 4583 ante
1027 4524 1246 4582 Petrum
1287 4524 1677 4591 Ravennatem,
1723 4522 1876 4581 Sedis
1905 4539 2108 4597 puero-

2210 3343 2346 3407 dem,
2378 3350 2428 3397 et
2456 3350 2637 3396 contra
2664 3339 2933 3394 duodecim
2955 3336 3184 3409 capitula
3213 3335 3274 3393 S.
3309 3332 3507 3406 Cyrilli,
3533 3342 3584 3388 et
3605 3340 3794 3387 contra

2210 3432 2530 3506 Ephesinam
2564 3433 2786 3504 primam
2821 3429 3094 3502 synodum,
3138 3436 3268 3495 etc.,
3326 3427 3506 3483 minor
3544 3422 3795 3482 habenda

2200 3526 2317 3583 terit
2368 3525 2553 3581 isthaec
2580 3523 2846 3594 generalis
2892 3521 3161 3593 Ephesina
3208 3519 3447 3593 synodus
3474 3525 3663 3575 sancto
3699 3513 3795 3588 Cy.

2211 3617 2335 3673 rillo
2355 3615 2577 3686 ejusque
2604 3614 2889 3685 capitulis?
2916 3612 3049 3680 Quia
3077 3612 3135 3668 S.
3183 3610 3531 3680 Augustinus,
3569 3609 3656 3665 cui
3693 3622 3793 3679 po-

2211 3709 2321 3765 tior
2346 3707 2637 3764 auctoritas
2655 3719 2818 3775 quam
2847 3703 3185 3760 Theoderico
3215 3701 3494 3757 tribuenda
3523 3707 3629 3763 est,
3662 3709 3791 3764 tunc,

2212 3802 2317 3868 sit,
2358 3807 2566 3872 accepto
2594 3797 2850 3854 bolumine
2874 3795 3103 3869 ejusdem
3149 3794 3353 3849 concilii
3396 3791 3793 3866 (Pseudo-Sar-

2210 3891 2489 3956 dicensis),
2505 3897 2701 3945 statuta
2717 3888 3070 3953 considerans,
3089 3885 3553 3958 legiAthanosium
3574 3883 3796 3938 Alexan—

2211 3984 2421 4041 drinum
2459 3984 2757 4057 episcopum
2810 3979 3139 4043 catholicum,
3198 3985 3249 4031 et
3290 3975 3493 4030 Iulium
3548 3974 3795 4031 Ecclesia

2212 4076 2467 4134 Βοπιωιω
2508 4076 2805 4148 episcopum
2830 4071 3168 4127 nihilominus
3197 4067 3511 4123 catholicum
3564 4067 3657 4122 illo
3688 4081 3796 4121 eos-

2210 4169 2331 4226 cilio
2386 4167 2692 4225 Sardicensi
2742 4166 2903 4239 fuisse
2952 4161 3270 4236 improbam
3311 4160 3555 4233 (August.
3607 4159 3701 4215 lib.
3748 4176 3797 4216 Iv

2211 4268 2349 4315 cont.
2381 4257 2654 4321 Crescon.,
2684 4257 2836 4327 epist.
2881 4253 2952 4308 44
2982 4262 3033 4308 et
3065 4251 3221 4325 165);
3271 4266 3402 4320 ergo
3429 4251 3792 4313 censebimus,

2210 4349 2565 4420 Augustinum
2620 4354 2949 4417 anteponere
2994 4343 3232 4399 voluisse
3278 4340 3521 4412 pontilici
3562 4343 3797 4397 maximo

2209 4440 2352 4497 Julio
2378 4439 2729 4495 Athanasium
2758 4438 2810 4492 in
2833 4436 2979 4493 sedis
3004 4435 3393 4507 prmrogativa?

2284 4531 2372 4586 77.
2412 4528 2612 4585 Verum
2640 4527 2770 4598 quid
2807 4527 3001 4598 plura?
3029 4523 3099 4593 ,ln
3138 4524 3370 4582 concilio
3422 4523 3672 4580 Romano
3700 4524 3798 4580 sui

524 4621 752 4692 gativam
797 4629 917 4672 ante
959 4634 1074 4672 etim
1100 4616 1318 4683 habere;
1361 4633 1425 4674 ac
1458 4625 1613 4673 notat
1655 4613 1971 4672 Gratianum
1997 4631 2108 4674 non
2131 4632 2189 4695 Β
2209 4622 2352 4680 Julia
2378 4621 2420 4689 ι,
2452 4635 2634 4678 nonne
2685 4620 2971 4677 Ravennas
3017 4617 3305 4688 episcopus
3358 4625 3487 4672 ante
3539 4615 3799 4673 Mediola-

522 4712 704 4768 dicerc
735 4709 946 4766 Ordinis
975 4711 1389 4783 prwrogativam,
1442 4709 1538 4766 sed
1566 4708 1757 4775 Sedis;
1788 4723 1896 4765 non
1924 4708 2108 4765 dicere

521 4804 779 4869 habuisse,
828 4803 922 4860 sed
961 4804 1167 4868 habere,
1200 4803 1406 4860 scilicet
1431 4803 1560 4859 dum
1586 4801 1875 4859 Gratianus
1901 4802 2105 4860 scribe-

519 4907 602 4955 ret
628 4917 641 4952 :
672 4897 818 4968 quod
856 4912 963 4953 non
991 4897 1232 4962 dixisset,
1264 4897 1308 4953 si
1356 4897 1681 4953 authenticae
1725 4895 1953 4953 fuissent
1975 4892 2103 4951 Gle-

491 4990 714 5048 .mentis
767 4987 813 5044 ll
859 4990 1081 5057 litterae;
1108 4990 1185 5045 illi
1212 4989 1359 5045 enim
1386 4988 1768 5044 innotuissent.
1817 4986 1933 5058 Ego
1972 5000 2105 5044 vero

513 5081 868 5148 credideram,
918 5081 1229 5152 opinionem
1276 5080 1423 5135 illam
1465 5077 1794 5143 Guarnierii,
1827 5091 1938 5134 non
1963 5075 2103 5134 Gra-

515 5174 645 5229 tiaui
699 5173 1054 5239 auctoritate,
1083 5186 1192 5244 qua
1218 5186 1328 5227 non
1354 5171 1493 5228 adeo
1528 5177 1778 5226 movetur
1821 5177 1955 5227 aetas
1998 5184 2103 5225 uo-

514 5275 615 5330 ara,
662 5266 758 5323 sed
783 5264 1100 5324 fortioribus
1124 5265 1457 5335 argumentis
1501 5262 1866 5318 enervandam
1911 5260 2099 5328 fuisse,

511 5366 606 5413 aut
650 5358 999 5428 quarendum
1038 5373 1110 5414 an
1134 5358 1285 5429 prior
1310 5355 1476 5413 Petro
1503 5356 1877 5429 episcopatum
1906 5354 2104 5412 adierit

513 5447 851 5519 Laurentius,
882 5465 1086 5518 necne;
1116 5464 1243 5505 nam
1265 5449 1314 5507 si
1340 5448 1482 5506 forte
1524 5449 1676 5521 prior
1701 5450 1756 5505 in
1783 5448 2102 5521 episcopatu

513 5540 817 5610 Ravennas,
848 5544 905 5600 id
931 5552 1310 5617 argumentum
1337 5545 1579 5601 omnium
1606 5544 1948 5616 petissimum
1966 5542 2102 5601 fuis-

512 5640 597 5690 set
622 5642 812 5691 contra
856 5634 1253 5694 Guarnierium.
1291 5633 1562 5693 Ceterum
1597 5635 1706 5692 nisi
1747 5632 1991 5693 Gratiani
2015 5650 2102 5694 as-

513 5727 681 5783 sertio
727 5726 952 5785 ﬁrmiori
1005 5731 1208 5787 nitatur
1257 5729 1607 5789 fundamento
1650 5745 1813 5802 quam
1854 5729 2094 5789 subscri-

2211 4729 2436 4773 nensem
2471 4712 2813 4769 nominatur?
2856 4709 3048 4767 Nonne
3101 4710 3154 4766 in
3204 4710 3435 4766 concilio
3489 4709 3799 4766 Sardicensi

2208 4814 2296 4864 ter
2320 4804 2512 4863 eodem
2567 4803 2757 4861 ordine
2808 4800 3138 4871 subscriptus
3177 4799 3404 4871 legimus
3431 4800 3624 4856 ambos
3661 4801 3802 4857 istos

2209 4897 2510 4957 antistites?
2536 4894 2606 4951 Et
2631 4902 2828 4967 praeter
2865 4904 3101 4961 uetitum,
3132 4901 3330 4964 praeter
3354 4892 3503 4947 mille
3523 4900 3797 4957 auctores,

2208 4992 2405 5063 quibus
2432 4990 2800 5046 Ravennatem
2855 4987 3010 5043 libuit
3038 4993 3163 5042 ante
3189 4984 3646 5041 Mediolanensem
3675 4984 3799 5040 lan-

2209 5084 2360 5149 dare,
2391 5098 2573 5140 nonne
2599 5081 2850 5151 Sigonius
2886 5080 3021 5149 ipse,
3052 5092 3212 5148 quem
3240 5076 3563 5136 Eustachius
3587 5076 3639 5132 in
3666 5091 3802 5132 suas

2206 5185 2389 5249 partes
2415 5175 2628 5231 trahere
2647 5180 2895 5236 conatur,
2927 5171 3069 5225 inter
3095 5168 3364 5226 Ecclesias
3401 5167 3568 5225 Italis:
3595 5167 3800 5239 princi-

2206 5283 2304 5339 pes
2329 5264 2713 5323 Mediolanensi
2745 5269 2995 5333 quartum
3047 5259 3387 5316 solummodo
3435 5260 3614 5316 locum
3664 5259 3794 5314 ass‘t

2205 5368 2352 5431 gnat,
2410 5356 2815 5425 Bavennatique
2841 5351 3156 5425 postponit?
3199 5350 3308 5406 Nos
3351 5365 3479 5406 vero
3527 5349 3794 5421 ejusmod;

2202 5451 2503 5509 rationibus
2529 5464 2638 5506 non
2665 5447 2803 5505 adeo
2842 5444 3071 5509 ﬁdimus,
3104 5452 3162 5499 ut
3186 5442 3572 5514 praerogatiua
3598 5440 3795 5499 Ecclea

2204 5546 2299 5604 sire
2343 5551 2544 5601 nostrae
2589 5541 2714 5599 inde
2750 5540 2998 5597 derivare
3041 5553 3312 5594 curemus.
3370 5533 3582 5593 Sullicit
3633 5535 3798 5593 nobis

2196 5636 2447 5711 exempla
2496 5633 2757 5705 exemplis
2809 5645 3104 5704 oppenere,
3144 5628 3250 5684 alia
3297 5628 3429 5684 falsa
3476 5627 3793 5692 ostendere,

2195 5732 2302 5788 alia
2328 5729 2398 5787 ad
2421 5735 2629 5786 rectam
2674 5725 2962 5789 rationem,
2987 5736 3185 5784 mores,
3230 5720 3572 5789 disciplinam
3610 5721 3793 5792 expli-

512 5820 785 5892 Ριίουῦω
810 5820 1254 5893 Symmachianum
1276 5838 1401 5883 eam
1424 5823 1567 5884 inter
1602 5822 1917 5881 innumeras
1962 5824 2095 5883 alias
2193 5838 2342 5891 care,
2371 5829 2431 5883 ut
2473 5819 2746 5893 levitatem
2793 5822 3236 5890 argumentorum
3284 5812 3481 5884 quibus
3521 5813 3793 5874 Mediola.
