3964 6350
42 5695 50 5844 ᾧ

175 246 254 306 ιδτ
386 209 900 301 restitantes"
943 234 1396 298 DlSSERTA'l‘lO
1437 235 1524 295 os
1563 231 1776 295 nam

1880 232 1960 294 ιιι
1999 229 2534 296 ECCLESIASTICA
2574 231 3134 296 RAVENNATENSI.

3311 242 3413 298 158

171 371 338 418 penses
379 361 604 410 utuntur
643 361 835 410 contra
870 352 1164 410 Clementis
1204 349 1249 408 ll
1292 351 1528 422 diploma
1570 349 1725 404 dete-
1753 348 1806 408 Α
1833 345 2259 403 Mediolanenses
2304 347 2502 404 docent
2549 346 2840 415 Prwlatos,
2871 367 2969 423 quo
3009 352 3323 416 sanctiores,
3354 365 3416 408 eo

169 467 345 524 gamm.

226 543 296 598 78.
339 539 592 596 Nondum
641 547 826 595 tamen
881 537 1012 593 illud
1068 550 1382 608 oppugnare
1435 533 1690 589 desinunt
1715 572 1729 596 ,

172 641 362 710 ejusque
393 650 588 691 sensus
601 643 658 689 et
695 633 859 689 verba
879 632 1189 687 medullitus
1221 637 1637 700 perscrutantes,
1669 643 1736 682 ex

171 729 410 804 principio
459 729 553 782 illo
583 726 816 782 Clemens
854 726 1124 797 episcopus
1149 741 1322 779 servus
1352 738 1612 776 servorum
1640 719 1740 773 Dei

173 819 378 878 omnibus
422 816 680 875 Ecclesia:
721 818 868 888 ﬁliis,
909 825 1071 885 atque
1100 815 1264 869 etiam
1302 830 1372 869 ex
1417 812 1741 868 salutatione

172 911 284 968 Bene
327 909 519 972 valete,
578 922 720 962 nova
773 907 1034 976 colligunt
1062 904 1310 961 falsitatis
1357 904 1572 958 indicia.
1624 901 1742 957 Non

173 1001 424 1071 agebatur,
477 1000 747 1069 inquiunt,
780 998 846 1053 de
875 998 1058 1068 aliquo
1107 997 1232 1052 lidei
1267 995 1515 1060 articulo,
1548 1002 1608 1049 ut
1635 1009 1745 1050 om-

175 1094 300 1151 nibus
325 1090 591 1147 Ecclesia:
620 1088 742 1144 filiis
770 1089 961 1144 litteras
990 1089 1107 1142 ista:
1137 1087 1559 1142 inscriberentur
1584 1103 1596 1138 :
1620 1083 1743 1139 uni-

175 1184 312 1240 versis
361 1191 552 1238 autem
578 1179 837 1237 Ecclesia:
877 1179 1000 1234 ﬁliis
1041 1179 1293 1234 salutatio
1322 1179 1444 1240 ista,
1479 1176 1618 1230 Bene
1658 1191 1748 1229 oa-

177 1284 268 1341 lete,
294 1276 524 1330 minime
552 1275 825 1330 convenit.
870 1273 1063 1342 Nugm!
1097 1271 1218 1328 Non
1246 1271 1504 1340 agebatur
1529 1268 1748 1339 quidem

177 1371 230 1424 de
253 1367 369 1421 ﬁdei
399 1366 633 1421 articulo
666 1383 679 1418 :
713 1379 900 1420 verum
929 1379 992 1419 ea
1033 1372 1152 1418 erat
1178 1361 1406 1432 quaestio
1424 1401 1439 1427 ,
1471 1359 1625 1429 cujus
1651 1359 1749 1414 de-

181 1462 457 1517 ﬁnitionem
486 1473 677 1517 omnes
706 1456 961 1514 Ecclesia:
989 1455 1128 1511 ﬁlios
1167 1471 1277 1510 non
1307 1455 1476 1508 latere
1503 1451 1746 1514 decebat,

181 1569 275 1608 cum
299 1552 484 1605 bonus
506 1549 642 1605 ordo
665 1547 1040 1615 conciliorum,
1073 1563 1137 1602 ac
1179 1545 1399 1601 Patrum
1429 1545 1752 1599 unanimitas

182 1654 224 1701 et
237 1641 550 1706 concordia,
592 1640 1024 1696 Christianorum
1052 1640 1292 1694 omnium
1334 1638 1619 1694 :edilicatio
1646 1639 1749 1701 sit;

1834 437 2036 508 ﬁrmius
2067 456 2160 510 pro
2188 455 2400 494 suarum
2439 438 2794 496 Ecclesiarum
2816 442 3021 513 juribus
3049 444 3283 509 stetisse;
3313 460 3416 499 non

1836 531 2003 585 locum
2057 531 2251 596 cedere,
2283 532 2373 585 sed
2399 531 2499 588 sibi
2527 533 2752 587 debitum
2781 534 3053 598 sustinere,
3086 535 3246 588 uirtus
3291 537 3420 606 {uis-

1837 623 1955 677 set?
1999 622 2126 678 Haec
2153 634 2334 680 autem
2381 635 2505 680 sunt
2527 625 2587 679 Ρ.
2622 625 2896 681 Eustachii
2925 627 3088 682 verba
3117 635 3171 682 et
3218 629 3424 683 morale

1838 716 2238 772 documentum.
2269 717 2327 772 Si
2361 733 2489 788 ergo
2530 719 2655 788 quia
2683 719 2877 774 littera:
2904 720 3254 776 Clementina:
3276 736 3426 777 asse-

1839 817 1965 864 runt
1989 807 2208 864 Petrum
2237 809 2528 866 Laurentio
2557 811 2784 866 cessisse
2828 811 3133 866 humilitatis
3161 815 3336 884 gratia
3373 813 3430 869 in

1843 903 2062 974 synodis
2103 901 2548 974 Symmachianis,
2602 906 2924 976 apocrypha:
2970 904 3233 958 habenda:
3271 913 3430 969 sunt;

1845 995 1940 1050 tali
1969 995 2130 1050 etiam
2153 1002 2280 1050 nota
2308 995 2575 1051 laborabit
2600 994 2865 1065 Arnulphi
2892 996 3147 1062 narratio,
3181 1011 3300 1064 quae
3321 994 3431 1050 He-

1844 1090 2106 1144 ribertum
2128 1087 2585 1144 Mediolanensem
2611 1089 2816 1159 templo
2844 1089 3088 1154 cessisse,
3132 1087 3436 1144 Ravennati

1849 1198 1956 1237 non
1981 1182 2245 1239 restitisse
2272 1181 2591 1236 humilitatis
2612 1183 2784 1250 gratia
2806 1181 3108 1236 luculenter
3127 1183 3370 1251 exponit.

1919 1275 2008 1330 80.
2048 1275 2154 1332 Sed
2176 1282 2332 1345 urget
2369 1283 2524 1344 pater
2559 1273 2882 1330 Eustachius
2917 1293 2929 1326 :
2959 1273 3025 1328 At
3053 1291 3151 1347 quo
3179 1276 3303 1346 ﬁne,
3335 1292 3439 1348 qua

1853 1371 2168 1434 necessitate,
2214 1378 2304 1422 aut
2348 1369 2487 1440 quod
2527 1368 2590 1422 ob
2639 1368 2828 1423 bonum
2883 1367 3167 1422 exercenda
3216 1377 3333 1423 tunc
3357 1369 3440 1424 illi

1855 1459 2041 1532 (Petro
2065 1458 2362 1514 Ravennati
2392 1460 2446 1513 in
2469 1459 2688 1530 synodis
2716 1459 3043 1530 Symmachi)
3073 1461 3245 1532 quoad
3273 1461 3440 1516 locum

1856 1552 2154 1607 humilitas?
2180 1550 2338 1607 Petat
2365 1566 2495 1622 ergo
2525 1552 2613 1606 ille
2640 1551 2708 1606 ab
2737 1549 3016 1622 Arnulpho
3044 1567 3143 1606 suo
3163 1567 3272 1621 quo
3301 1553 3439 1615 ﬁne,

1855 1658 1960 1714 qua
1994 1645 2334 1708 necessitate,
2367 1653 2459 1699 aut
2485 1645 2631 1714 quod
2658 1645 2728 1699 ob
2755 1644 2957 1699 bonum
2989 1643 3303 1700 Heribertus
3327 1644 3444 1701 Me«-

182 1744 404 1793 econtra
460 1749 595 1790 vero
641 1731 861 1788 Patrum
915 1731 1318 1795 altercationes,
1353 1730 1605 1796 ambitus,
1648 1728 1757 1783 dis-
1785 1728 1832 1788 B
1859 1737 2186 1792 diolanensis
2225 1737 2280 1792 in
2305 1738 2658 1793 coronatione
2697 1735 2929 1791 Conradi
2970 1736 3260 1793 declinavit
3302 1753 3332 1791 a
3361 1747 3446 1792 tu-

184 1828 346 1884 cordia:
403 1826 665 1881 omnibus
692 1827 801 1880 sint
828 1825 1084 1880 seandalo
1113 1831 1169 1878 et
1197 1823 1454 1878 irrisioni.
1487 1820 1760 1891 Agebatur

186 1921 314 1974 etiam
337 1917 414 1972 de
468 1918 536 1973 iis
577 1916 745 1971 Italia:
773 1915 1223 1985 metropolitanis,
1254 1915 1346 1984 qui
1375 1921 1597 1984 propter
1647 1927 1761 1966 am-

188 2009 484 2081 plitudinem
530 2007 675 2064 sedis
703 2023 767 2062 ac
793 2007 1068 2076 dignitatis
1109 2006 1180 2062 ob
1208 2007 1395 2062 oculos
1437 2014 1594 2061 erant
1639 2004 1761 2058 uni-

190 2119 314 2159 verso
355 2100 680 2156 Christiano
709 2100 848 2164 orbi,
881 2098 1300 2155 Mediolanensis
1328 2103 1541 2168 nempe,
1573 2111 1638 2152 ac
1665 2094 1766 2150 Ra-

190 2211 380 2252 vennas.
431 2193 662 2250 Accedit
688 2192 834 2262 quod
880 2191 1184 2247 istiusmodi
1212 2189 1584 2246 controversia
1614 2188 1763 2244 exci-

187 2290 270 2344 tari
301 2288 582 2360 potuisset
619 2287 675 2341 in
703 2286 1130 2356 quibuscumque
1163 2283 1385 2357 synodis
1411 2283 1575 2339 etiam
1603 2297 1768 2350 gene-

189 2381 384 2444 ralibus,
447 2393 571 2450 qua:
617 2377 916 2434 Ecclesiam
960 2379 1269 2433 universam
1315 2383 1706 2447 repraesentant
1751 2391 1764 2429 :

188 2484 503 2546 quapropter
531 2471 857 2543 expediebat
906 2471 1080 2540 legem
1112 2478 1371 2537 statuere,
1421 2483 1651 2538 eamque
1679 2481 1770 2522 so-

189 2568 420 2624 lemniter
447 2566 748 2638 publicare,
772 2579 893 2634 qua:
921 2565 1121 2633 ubique
1142 2564 1524 2629 innotesceret,
1548 2574 1768 2616 omnes-

189 2677 280 2733 que
305 2662 594 2730 obligaret.
652 2656 920 2712 Caeterum
947 2644 1200 2710 universis
1251 2653 1502 2709 Ecclesia:
1535 2653 1660 2725 ﬁliis
1690 2653 1772 2708 in-

191 2757 402 2826 scriptas
425 2753 658 2822 legimus
691 2748 888 2805 Urbani
914 2747 980 2802 II
1008 2747 1237 2803 Romani
1266 2743 1536 2816 pontiﬁcis
1567 2745 1774 2800 litteras

192 2865 280 2921 pro
307 2845 609 2903 Turonensi
649 2843 706 2899 S.
759 2841 976 2897 Martini
1003 2839 1266 2905 Ecclesia,
1315 2837 1560 2908 quamvis
1599 2851 1775 2906 neque

193 2949 405 3011 agerent
431 2937 712 3008 negotium
759 2934 902 3001 ﬁdei,
934 2947 1110 3003 neque
1143 2931 1439 3002 disciplinae
1467 2929 1534 2983 ad
1562 2928 1777 2983 univer-

195 3049 309 3090 sam
331 3030 626 3087 Ecclesiam
684 3026 997 3098 spectantis.
1056 3024 1202 3079 Idem
1252 3023 1417 3077 dicito
1445 3021 1514 3076 de
1541 3019 1778 3074 millibus

201 3125 322 3179 aliis
367 3136 682 3178 summorum
724 3117 1044 3190 pontiﬁcum
1080 3115 1482 3186 diplomatibus,
1532 3127 1652 3167 eam
1697 3112 1779 3166 in-

196 3217 548 3286 scriptionem
561 3211 986 3284 praeferentibus.
1001 3208 1156 3275 Quod
1182 3214 1391 3277 spectat
1409 3205 1476 3259 ad
1497 3203 1782 3258 salutatio-

195 3323 314 3363 nem
343 3305 481 3360 Bene
508 3304 692 3368 valete,
723 3304 770 3357 si
797 3303 976 3356 minus
1012 3298 1278 3354 universis
1305 3294 1507 3351 Christi
1541 3293 1786 3348 lidelibus

198 3398 457 3462 convenit,
483 3395 721 3450 doceant
747 3407 876 3462 ergo
905 3390 1336 3446 Mediolanenses
1363 3387 1541 3458 aptius
1579 3385 1785 3441 saluta—

199 3492 354 3546 tionis
370 3505 542 3560 genus
577 3507 589 3541 :
621 3489 827 3542 interea
854 3501 955 3541 nos
983 3485 1107 3540 illos
1145 3498 1450 3548 monemus,
1482 3481 1642 3551 plena
1669 3493 1789 3534 esse

195 3582 350 3636 medii
387 3581 492 3636 arvi
540 3579 836 3649 diplomata
885 3577 1148 3633 similibus
1188 3573 1603 3630 salutationibus
1652 3571 1790 3627 Bene

195 3677 364 3740 valete,
396 3677 528 3731 licet
557 3673 814 3744 inscripta
844 3673 952 3726 sint
979 3671 1230 3726 omnibus
1253 3668 1512 3724 Ecclesia:
1539 3666 1678 3722 ﬁliis.

185 3791 190 3832 ι
257 3767 340 3822 79.
385 3767 776 3838 Apocryphum
799 3773 884 3819 est
903 3763 1087 3827 etiam,
1109 3762 1314 3818 addunt
1333 3761 1787 3825 Mediolanenses,

193 3870 602 3917 monumentum
633 3858 774 3914 istud
805 3855 1316 3919 Ravennatensium,
1341 3855 1466 3924 quia
1499 3852 1665 3908 refert
1685 3851 1790 3908 Pe-

196 3961 326 4007 trum
350 3953 730 4008 Ravennatem
747 3950 977 4004 cessisse
999 3947 1293 4002 Laurentio
1322 3945 1707 4001 Mediolanensi
1737 3945 1794 4000 in

193 4045 627 4118 Symmachianis
650 4042 912 4106 conciliis,
944 4057 1049 4095 non
1085 4041 1258 4112 aliquo
1281 4041 1420 4110 jure,
1452 4039 1542 4092 sed
1584 4036 1793 4091 humili-

197 4141 308 4192 tatis
328 4139 530 4208 gratia,
563 4151 689 4191 cum
729 4134 961 4200 virtutis,
991 4141 1047 4187 et
1075 4131 1313 4186 muneris
1342 4141 1524 4200 partes
1565 4130 1794 4185 fuissent

195 4228 446 4285 Ecclesia:
476 4243 590 4283 sua:
609 4227 730 4296 jura
766 4225 923 4292 tueri,
953 4239 1062 4278 non
1089 4221 1304 4277 cedere.
1338 4220 1646 4276 Levissima:
1667 4221 1794 4276 huic

195 4323 494 4393 objectioni
537 4319 866 4390 respondeat
889 4316 1304 4372 Mediolanensis
1332 4313 1642 4384 Arnulphus
1670 4329 1793 4370 cum

193 4433 282 4472 suo
325 4418 424 4471 illo
455 4413 749 4468 Heriberto
778 4409 1214 4479 archiepiscopo;
1247 4408 1372 4462 dum
1402 4407 1544 4461 enim
1575 4407 1791 4462 Raven-

1860 1829 2049 1894 multu,
2095 1829 2357 1900 templum
2381 1829 2620 1898 reliquit,
2651 1829 3002 1900 coepiscopos
3029 1829 3337 1898 redarguit?
3361 1827 3446 1884 Ne

1862 1922 1996 1992 forte
2037 1921 2350 1992 (respondet
2398 1919 2660 1990 scriptura
2698 1920 2790 1974 illa
2838 1936 2908 1975 ex
2945 1935 3052 1990 qua
3081 1922 3448 1978 narrationem

1862 2027 2015 2067 suam
2039 2011 2390 2082 descripsisse
2431 2011 2630 2067 dicitur
2652 2011 2977 2082 Arnulphus,
3005 2020 3236 2068 testante
3256 2012 3448 2068 Berol.

1863 2105 1952 2171 do,
1977 2113 2035 2160 et
2060 2104 2128 2160 de
2155 2117 2261 2174 qua
2279 2103 2547 2173 scriptura
2573 2104 2871 2159 omittimus
2891 2105 3157 2160 rationem
3181 2112 3448 2176 repetere,

1865 2214 1989 2255 cum
2040 2199 2275 2268 pretium
2318 2196 2436 2266 ejus
2476 2195 2634 2252 facile
2686 2196 2990 2265 legentibus
3034 2198 3348 2267 appareat),
3389 2213 3455 2250 ne

1868 2295 2020 2364 forte,
2053 2291 2292 2360 inquam,
2321 2291 2379 2344 in
2417 2289 2606 2361 populo
2634 2289 2783 2360 fieret
2809 2289 3116 2345 tumultus...
3154 2288 3455 2343 utscanda-

1868 2384 1975 2439 lum
2008 2383 2331 2439 humiliando
2363 2385 2604 2445 vitarent,
2654 2399 2749 2438 nec
2791 2391 2937 2436 tanta
2976 2381 3120 2454 plebe
3171 2383 3456 2452 impetuou

1868 2477 2052 2532 seditio
2105 2484 2374 2540 cresceret,
2433 2491 2500 2529 ne
2544 2472 2780 2528 diabolus
2821 2475 2974 2528 totius
3020 2475 3212 2528 erroris
3253 2482 3454 2536 auctor,

1873 2570 2006 2626 bono
2032 2571 2178 2642 pacis
2226 2576 2431 2640 raperet
2478 2567 2543 2622 de
2585 2568 2850 2638 proposito
2898 2567 3274 2637 episcoporum,
3321 2564 3460 2636 quod

1872 2661 2100 2718 moribus
2131 2660 2275 2715 decet
2299 2661 2467 2714 inesse
2491 2659 2761 2713 laicorum.
2785 2655 2964 2712 Verba
2989 2665 3170 2711 autem
3200 2657 3313 2710 hinc
3341 2655 3459 2710 lau-

1873 2754 2012 2810 datae
2058 2755 2339 2824 scriptura:
2386 2761 2598 2823 patrem
2641 2749 2986 2806 Eustachium
3013 2749 3211 2805 docere
3235 2755 3466 2820 possunt

1877 2845 2058 2913 linem,
2109 2846 2508 2912 necessitatem,
2554 2852 2610 2900 et
2654 2843 2857 2900 bonum
2893 2843 2963 2898 ob
2991 2843 3134 2912 quod
3163 2840 3466 2898 exercenda

1876 2938 1977 2994 fuit
2027 2938 2188 2994 Petro
2244 2937 2545 2994 Ravennati
2591 2937 2648 2990 in
2683 2934 2926 2991 conciliis
2952 2933 3260 3007 Symmachi
3288 2931 3468 3002 quoad

1881 3030 2334 3100 subscriptionem
2362 3038 2436 3092 et,
2483 3029 2530 3083 si
2555 3027 2747 3094 mavis,
2771 3025 2949 3096 quoad
2990 3025 3170 3082 locum
3213 3023 3470 3079 sessionis

1805 3105 1849 3166 (ἶ
1882 3124 2174 3180 humilitas.

1956 3214 2044 3269 8L
2086 3213 2384 3270 Humilitati
2413 3221 2594 3268 tamen
2613 3212 2765 3268 locus
2786 3225 2894 3266 non
2915 3217 3052 3274 erat,
3083 3208 3279 3263 iterum
3307 3207 3474 3261 instat

1887 3306 1947 3361 P.
1977 3305 2316 3371 Eustachius,
2350 3312 2466 3359 tum
2487 3304 2615 3373 quia
2642 3303 2848 3357 nullum
2875 3303 3266 3355 monimentum
3294 3296 3476 3352 δῦθι-ιδὶ

1886 3405 2087 3468 potest,
2119 3396 2268 3466 quod
2304 3394 2564 3470 probetur
2588 3400 2717 3448 ante
2759 3389 3069 3463 Symmachi
3097 3389 3334 3461 synodos
3362 3387 3473 3442 Ra-

1887 3497 2274 3546 vennatensem
2305 3488 2620 3558 episcopum
2660 3485 2951 3554 aliquando
2993 3483 3383 3538 Mediolanensi
3420 3481 3476 3536 in

1889 3582 2134 3639 conciliis
2161 3580 2520 3651 praecessisse,
2554 3586 2614 3633 ut
2639 3593 2707 3632 ex
2733 3576 3036 3632 humilitate
3059 3575 3164 3631 dici
3191 3575 3364 3646 possit
3389 3587 3480 3628 re.

1892 3677 2136 3732 nuntiata
2189 3675 2290 3730 sub
2348 3671 2674 3745 Symmacho
2727 3670 2832 3726 loci
2877 3669 3308 3740 prmeminentia;
3365 3675 3480 3720 tum

1892 3771 2056 3826 etiam
2085 3769 2211 3837 quia
2241 3766 2523 3821 Laurentio
2567 3763 2968 3826 Mediolanensi,
2999 3771 3056 3814 ut
3097 3760 3482 3816 consecratione

1893 3862 2196 3933 antiquiori,
2254 3858 2423 3912 adhuc
2452 3857 2673 3928 prtecisa
2739 3855 2966 3926 praprite
3025 3853 3292 3925 dignitatis
3345 3867 3482 3922 prte-

1893 3954 2195 4016 eminentia,
2223 3949 2501 4006 debebatur
2527 3947 2874 4020 prtecedentia
2894 3945 3060 4000 :unde
3077 3962 3196 4016 ergo
3221 3945 3299 3998 illi
3315 3945 3484 3998 locum

1895 4047 2046 4100 cessit
2081 4044 2270 4098 Petrus
2320 4041 2627 4096 humilitatis
2654 4037 2862 4110 gratia?
2907 4036 3237 4091 Monimenta
3285 4041 3484 4088 nostra:

1893 4136 2266 4209 praecedentia:
2305 4141 2432 4188 ante
2458 4131 2766 4204 Symmachi
2815 4138 3056 4198 tempora
3085 4126 3240 4181 nobis
3267 4131 3488 4195 praestat

1896 4230 2188 4285 concilium
2233 4227 2541 4283 Romanum
2595 4224 2694 4278 sub
2721 4221 2862 4276 Julio
2891 4221 2912 4274 ι
2941 4230 2999 4276 et
3040 4219 3380 4284 Sardicense,
3431 4217 3489 4271 in

1897 4324 2092 4394 quibus
2137 4321 2486 4392 praepositum
2516 4317 2887 4372 Ravennatem
2935 4314 3324 4370 Mediolanensi
3351 4311 3489 4382 legi-

1899 4431 2036 4470 mus.
2062 4413 2304 4468 Alterum
2329 4410 2721 4466 monimentum
2751 4416 2851 4472 est,
2885 4406 3075 4461 nullibi
3118 4404 3348 4461 inveniri
3389 4418 3490 4458 an-

196 4523 284 4562 nas
307 4507 546 4562 antistes
577 4504 655 4572 (et
680 4503 793 4572 ipse
831 4499 1145 4554 Heribertus
1175 4497 1532 4568 nuncupatus)
1564 4505 1776 4552 conten-

1899 4507 2190 4577 tepositum
2233 4506 2289 4560 in
2317 4501 2561 4559 conciliis
2605 4508 2732 4556 ante
2759 4498 3144 4572 Symmachum
3191 4495 3494 4551 Ravennati

195 4600 340 4656 deret
371 4613 505 4656 cum
533 4594 932 4650 Metliolanense
975 4591 1137 4660 Regis
1179 4589 1474 4645 coronandi
1507 4597 1797 4659 praesenta-

196 4692 399 4746 tionem
440 4704 574 4742 ann.
618 4683 774 4750 1027,
823 4681 1058 4737 Domnus
1103 4681 1406 4736 Heribertus
1447 4690 1644 4736 sancta:
1685 4679 1800 4734 Me-

199 4781 526 4837 diolanensis
543 4776 794 4831 Ecclesia:
814 4775 952 4828 venit
979 4774 1415 4844 archiepiscopus,
1450 4774 1797 4838 virstrenuus,

199 4884 244 4927 et
267 4875 566 4935 modestus,
596 4870 754 4922 immo
799 4876 849 4919 et
877 4867 1303 4936 patientissimus,
1336 4882 1401 4918 ne
1447 4867 1582 4936 forte
1619 4865 1675 4917 in
1704 4881 1800 4935 po-

197 4966 314 5036 pulo
337 4966 498 5035 ﬁeret
519 4959 786 5022 tumultus,
815 4957 1058 5012 adversus
1085 4958 1196 5028 ejus
1216 4956 1573 5028 (Ravennatis
1593 4957 1804 5012 archie-

199 5059 434 5129 piscopi)
466 5054 641 5108 diram
666 5052 932 5106 insaniam
961 5050 1200 5121 opposuit
1232 5058 1470 5103 sanctam
1504 5057 1801 5120 temperan-

203 5153 347 5218 tiam,
383 5169 419 5204 α
451 5155 620 5202 tanta
645 5145 914 5200 seditionis
951 5143 1152 5197 turbine
1198 5142 1459 5198 humiliter
1509 5143 1804 5212 declinavit,

199 5253 247 5296 et
272 5243 642 5314 coepiscopos,
690 5246 739 5291 et
765 5251 940 5291 omnes
987 5251 1106 5291 suos
1145 5235 1279 5290 hanc
1309 5236 1646 5294 temeritatem
1693 5253 1812 5291 con-

204 5335 544 5398 demnantes,
576 5339 628 5385 et
653 5329 734 5384 illi
760 5330 816 5383 in
849 5329 1037 5400 faciem
1079 5329 1314 5383 resistere
1340 5327 1585 5395 volentes,
1617 5329 1810 5384 blanda

201 5426 557 5496 persuasione
598 5422 888 5487 admonuit,
918 5429 976 5474 ut
1003 5419 1309 5474 scandalum
1335 5422 1448 5494 ejus
1489 5420 1810 5476 humiliando

204 5519 462 5571 citarent.
508 5513 619 5569 Cur
648 5529 776 5584 ergo
805 5513 1239 5582 archiepiscopus
1269 5511 1684 5570 Mediolanensis
1713 5515 1814 5571 hu-

201 5609 466 5663 militatis
509 5607 684 5676 gratia
727 5612 855 5660 tunc
902 5604 1192 5660 declinavit
1226 5619 1258 5658 a
1287 5605 1538 5672 tumultu,
1567 5621 1817 5677 egressus

205 5709 292 5757 est
337 5699 580 5768 templo,
640 5697 993 5768 coepiscopos
1047 5713 1172 5754 suos
1217 5700 1582 5769 compescuit?
1627 5699 1817 5759 Nonne

555 5791 831 5856 ΡΛτιιοι..
878 5790 1008 5854 Lll.

1903 4599 2358 4654 Mediolanensem
2383 4595 2716 4665 episcopum.
2749 4591 2881 4659 Qua:
2899 4590 3172 4662 prioribus
3195 4589 3496 4644 monimen-

1903 4694 1973 4748 tis
2019 4691 2280 4760 objiciunt
2309 4696 2560 4744 auctores
2601 4685 2794 4750 nostri,
2850 4684 3073 4739 inferius
3099 4681 3492 4746 indicabimus;

1906 4801 2026 4856 qua:
2069 4801 2201 4840 vero
2229 4781 2467 4839 secundo
2513 4779 2777 4848 objiciunt
2817 4777 3069 4846 negativo
3118 4782 3492 4836 monumento,

1907 4879 2068 4950 plane
2095 4878 2422 4945 ignoramus.
2447 4873 2562 4928 Dici
2589 4871 2750 4941 igitur
2773 4867 2896 4938 jure
2917 4867 3112 4940 potuit,
3149 4865 3368 4922 Petrum
3397 4865 3497 4916 hu-

1905 4969 2140 5025 militatis
2169 4967 2342 5040 gratia
2387 4963 2676 5020 Laurentio
2723 4961 2952 5018 cessisse
2980 4960 3035 5014 in
3071 4959 3316 5015 conciliis
3338 4954 3496 5025 Sym-

1908 5061 2107 5117 machi.
2154 5058 2312 5126 Quod
2355 5065 2534 5112 autem
2582 5055 2894 5119 Laurentio,
2927 5053 3096 5108 adhuc
3123 5051 3344 5123 priscisa
3372 5063 3498 5116 pro-

1908 5157 2039 5228 pria:
2065 5153 2334 5227 dignitatis
2363 5152 2768 5224 praeminentia,
2801 5146 3162 5220 praecedentia
3186 5143 3498 5206 deberetur,

1909 5249 2032 5318 quia
2057 5247 2209 5319 prior
2235 5246 2289 5300 in
2315 5245 2628 5316 episcopum
2666 5249 3014 5298 consecratus
3053 5241 3246 5303 fuerat,
3273 5243 3502 5307 praeter--

1914 5340 2054 5395 imus
2082 5338 2513 5393 animadvertere
2539 5350 2785 5406 quamam
2815 5332 2975 5388 fuerit
3007 5331 3186 5402 propri
3231 5329 3506 5401 dignitatis

1915 5432 2326 5505 prweminentia,
2363 5429 2505 5485 unde
2533 5443 2696 5500 supra
2735 5425 3104 5481 Ravennatem
3144 5421 3506 5492 archiepisco-

1916 5541 2046 5597 pum
2077 5543 2091 5592 ;
2136 5524 2406 5595 praecipue
2445 5519 2752 5594 Symmachi
2784 5515 3134 5589 temporibus,
3166 5529 3286 5571 sese
3315 5510 3510 5568 efferre

1915 5624 2132 5688 poterat
2160 5615 2592 5672 Mediolanensis.
2641 5612 2841 5666 Durum
2870 5609 3099 5665 fortasse
3127 5609 3232 5664 erit
3269 5603 3510 5660 auctori-

1919 5709 2020 5766 bus
2057 5708 2175 5764 istis
2215 5710 2446 5778 prabare
2472 5708 2612 5762 hanc
2650 5704 2926 5776 dignitatis
2948 5700 3432 5774 prmeminentiam,
3461 5696 3510 5758 si

2943 5793 2992 5872 ,5
