3964 6350
495 337 603 398 ιω

1321 326 1391 384 ΙΝ
1427 327 1483 383 S.
1525 322 1812 382 PETRUM
1847 319 2378 380 CHRY‘SQLOGUM
2419 319 2955 380 PROLEGOMBNA.

3680 324 3789 383 ut

493 453 767 512 civitatem
789 456 1092 516 utramque,
1113 443 1164 498 si
1175 442 1478 506 Ecclesias,
1501 442 1553 496 si
1569 447 1767 496 earnm
1796 439 2081 510 originem,
2112 444 2168 506 Α
2189 443 2401 511 quiunt,
2427 451 2693 514 apparent
2719 442 2918 499 indicia
2946 438 3162 511 repetiti
3189 435 3347 526 hujus
3367 423 3645 509 jurgiilrln
3675 437 3795 500 sola

493 539 890 614 amplitudines,
911 533 1324 608 praerogativa,
1355 532 1618 604 praisules
1662 533 1730 587 ad
1757 537 1922 588 merae
1946 531 2089 588 veri-

494 637 622 691 tatis
647 631 920 689 historicae
943 629 1144 696 lumen,
1186 625 1414 683 seclusis
1433 624 1648 692 fabulis,
1672 624 2016 682 conferemus
2035 632 2092 680 et

493 725 882 797 expendemus.
924 720 987 776 In
1032 718 1258 790 reliquis
1285 727 1516 775 caveant
1554 718 1854 774 doctissimi
1882 715 2090 772 Medio-

495 820 747 878 lanenses
773 832 860 881 ne,
891 814 1020 870 dum
1046 813 1116 868 ab
1142 813 1416 869 anteriore
1459 813 1818 868 ordinationis
1846 820 2093 882 tempore

495 929 698 972 novum
739 917 1114 982 argumentum
1139 908 1443 963 instaurare
1469 914 1724 976 satagunt
1751 914 1943 963 contra
1964 902 2092 959 Cle-

496 1007 763 1064 mentinas
791 1006 1020 1070 litteras,
1047 1017 1165 1059 rem
1207 1010 1466 1068 nostram,
1498 1001 1602 1068 etsi
1643 1000 1800 1055 inviti
1828 1007 1882 1054 et
1912 999 2096 1053 nolen-

497 1109 600 1164 tes,
631 1107 821 1168 agant;
871 1099 920 1152 si
958 1098 1124 1162 enim,
1156 1110 1266 1151 non
1306 1095 1558 1150 obstante
1583 1094 1769 1164 priore
1817 1088 2096 1146 Laurentii

497 1192 927 1258 consecratione,
983 1190 1178 1246 Petrus
1221 1203 1292 1244 ex
1334 1188 1638 1244 humilitate
1683 1187 1886 1258 primas
1914 1191 2096 1257 partes

499 1284 553 1340 ei
579 1283 791 1351 detulit,
820 1282 964 1338 aliud
992 1291 1372 1351 argumentum
1413 1281 1572 1336 nobis
1621 1279 1679 1334 in
1707 1275 1961 1350 proni'ptu
1991 1284 2092 1343 est,

500 1382 561 1432 ut
587 1374 979 1430 Ravennatium
1007 1374 1539 1444 archiepiscoporum
1557 1371 1945 1427 excellentiam
1978 1383 2098 1440 pro-

499 1467 693 1524 bemus
719 1484 832 1539 praa
861 1467 1361 1523 Mediolanensium.

569 1558 659 1613 82.
699 1557 925 1614 Prmstat
951 1567 1133 1614 autem
1151 1571 1323 1630 super
1334 1559 1420 1614 his
1446 1573 1557 1613 non
1586 1553 1885 1623 immorari,
1901 1562 1971 1611 ut
1997 1569 2097 1609 an-

499 1647 709 1705 diamus
737 1649 952 1704 ultimas
977 1647 1230 1705 falsitatis
1257 1657 1416 1704 notas
1449 1659 1587 1718 quas
1616 1647 1861 1702 invenire
1889 1648 1942 1700 in
1971 1644 2099 1700 Cle-

498 1740 743 1796 mentino
769 1739 1064 1810 diplomate
1089 1741 1192 1795 sibi
1218 1741 1472 1796 videntur
1498 1738 1797 1795 Puricellus
1824 1741 1879 1794 ct
1903 1736 2102 1791 Eusta-

2191 534 2548 591 coronatione
2575 533 2812 590 Conradi
2850 531 3017 589 Salici
3062 529 3288 601 legimus
3334 528 3464 584 iilud
3493 527 3797 586 excitatum

2193 645 2282 685 an.
2334 627 2499 695 1027,
2532 643 2654 686 cum
2692 625 3109 683 Mediolanensis
3157 622 3546 694 archiepiscopi
3595 637 3800 677 munus

2193 723 2296 778 sibi
2344 729 2653 792 arrogasset
2697 719 3018 776 Heribertus
3073 716 3383 771 Ravennas.
3413 713 3589 772 Immo
3635 729 3798 781 vero,

2196 831 2296 873 nos
2324 815 2588 881 addimus,
2640 827 2816 883 neque
2863 811 2916 866 in
2948 809 3174 879 Augusti
3204 805 3346 863 illius
3377 806 3802 878 inauguratione

2195 908 2263 964 de
2286 909 2409 979 jure
2437 909 2489 965 in
2511 907 2754 965 conciliis
2781 904 3120 979 pmcedendi
3141 893 3458 959 altercatum
3479 900 3802 958 est.Verum

2195 1003 2326 1072 quid
2355 1003 2514 1058 inde?
2541 1001 2759 1072 Ergone
2804 1001 2859 1055 in
2889 997 3050 1054 nullis
3088 995 3209 1052 aliis
3235 979 3478 1052 conciliis
3517 995 3803 1051 contentio

2197 1095 2385 1152 isthacc
2412 1110 2689 1165 emergere
2717 1100 2970 1165 potuerat
3005 1100 3132 1147 ante
3161 1107 3249 1146 an.
3283 1077 3455 1145 ’10272
3483 1075 3686 1145 Nonne
3703 1103 3805 1165 p05

2191 1181 2376 1245 "tuerat
2398 1189 2451 1244 in
2477 1163 2927 1263 Symmachianis,
2959 1185 3137 1266 sopita
3158 1171 3338 1264 tamen
3359 1182 3673 1266 humilitate

2197 1284 2483 1339 vcnnatis?
2528 1283 2719 1338 Nonne
2767 1281 3054 1336 subsecuta
3097 1265 3323 1337 loannis
3399 1276 3726 1350 .dcclaratio
3754 1275 3807 1332 id

2200 1391 2310 1431 non
2341 1373 2570 1431 obscure
2600 1373 2834 1429 indicat?
2863 1372 2944 1426 An
2975 1379 3058 1427 tot
3085 1371 3205 1426 aliis
3241 1370 3295 1426 in
3336 1355 3576 1442 synodis,
3611 1367 3808 1437 quibus

2200 1466 2364 1522 modo
2393 1465 2788 1533 Ravennatem,
2838 1464 3002 1518 modo
3052 1461 3514 1518 Mcdiolancnsem
3560 1459 3804 1515 subscri-

2201 1566 2355 1631 ptum
2398 1557 2641 1614 videmus
2687 1564 2811 1628 post
2843 1553 3153 1610 Romanum
3198 1552 3539 1623 pontiﬁcem,
3574 1551 3809 1621 qumstio

2201 1653 2319 1708 haec
2339 1651 2532 1721 agitari
2554 1649 2908 1721 nequiverat?
2937 1646 3080 1717 Ergo
3118 1647 3247 1716 quia
3274 1645 3546 1714 Puricello
3579 1653 3643 1700 et
3671 1645 3810 1718 patri

2185 1734 2497 1801 _Eustachio
2527 1745 2709 1815 ignota
2731 1752 2858 1800 sunt
2884 1743 2999 1799 haec
3014 1741 3210 1814 jurgia,
3234 1754 3411 1811 neque
3437 1747 3568 1796 nota
3593 1737 3811 1813 fuerunt

499 1832 653 1890 chius
672 1849 704 1888 a
725 1830 780 1888 S.
799 1809 1026 1890 Ubaldo.
1049 1833 1249 1890 Earum
1269 1833 1496 1890 alteram
1515 1834 1866 1899 arbitrantur,
1889 1831 2100 1887 dictum
2132 1847 2179 1906 Β
2203 1809 2632 1906 Ρῃιτῑυιιε,ἐιῆιε
2661 1844 2786 1893 octo
2815 1809 3096 1892 seculan
3111 1809 3416 1892 Clementis
3441 1809 3810 1904 synodo‘con-

496 1921 664 1978 fuisse
689 1924 747 1979 in
773 1939 842 1980 eo
869 1925 1185 1995 diplomate,
1216 1924 1438 1980 Petrum
1465 1924 1842 1980 Ravennatem
1867 1921 2102 1978 cessiSSe

497 2013 890 2074 Mediolanensi
915 2017 1008 2073 illo
1033 2037 1036 2042 '
1057 2017 1415 2073 tantummodo
1441 2031 1587 2072 casu.
1617 2016 1748 2081 Res,
1773 2015 1963 2079 aiunt,
1989 2031 2102 2069 non

495 2110 601 2166 sibi
625 2119 870 2178 constat;
917 2111 1092 2166 tribus
1119 2111 1267 2167 enim
1303 2111 1370 2165 'in
1403 2105 2102 2182 ’synotli'sisy‘mmach‘ianis

495 2198 764 2256 Sevindus
790 2217 824 2256 a
850 2199 1254 2258 Mediolanense
1279 2199 1439 2268 sedit,
1472 2216 1536 2257 ac
1559 2200 1880 2269 lsubscripsit
1907 2197 2100 2254 Petrus

496 2289 814 2359 Ravenuas;
845 2293 936 2350 hic
981 2303 1163 2349 autem
1203 2293 1407 2350 dicitur
1447 2293 1542 2348 illo
1574 2291 1946 2346 mmtum'moda
1976 2293 2100 2344 c‘ltsu

494 2382 621 2440 huic
647 2385 882 2440 cessioni
925 2383 1627 2451 mdtdsime..Quam'bene
1663 2381 2094 2437 ratiocinantur!

495 2477 652 2546 quasi
679 2480 740 2532 τὸ
767 2477 860 2532 illo
907 2477 1310 2548 casu'apprime
1353 2474 1687 2546 signiﬁcaret
1713 2491 1810 2548 pro
1835 2485 1944 2529 una
1970 2475 2095 2542 vita,

493 2569 644 2626 nullo
673 2578 855 2626 autem
881 2570 1044 2625 modo
1072 2565 1635 2640 interpretari-posset
1681 2569 1908 2641 promis
1937 2577 2098 2640 syno-

496 2659 576 2714 di;
604 2675 724 2729 qua:
771 2662 827 2716 in
865 2677 1004 2717 casu
1047 2661 1360 2733 Symmachi
1375 2660 1677 2716 "celebratae
1723 2658 1970 2726 fuerunt;
2001 2659 2099 2713 séu

494 2752 754 2820 quoniam
783 2753 838 2806 in
867 2767 974 2807 tina
995 2760 1214 2807 samum
1241 2767 1312 2806 ex
1339 2753 1407 2807 iis
1423 2758 1662 2820 egerunt
1705 2757 1937 2819 uterque
1969 2761 2100 2820 per-

493 2856 686 2898 sonam
714 2843 976 2910 praesidis,
1003 2844 1278 2914 quasi-pro
1303 2843 1400 2897 illa
1429 2851 1630 2896 tantum
1647 2839 1850 2914 synodo
1871 2839 2097 2910 intelligi

493 2946 603 2988 non
626 2932 798 3005 possit
815 2934 1174 3010 praecedentia
1201 2933 1872 2990 Mediolanensiconcessa
1900 2947 1968 2988 ex
1990 2930 2096 2987 Pe-

493 3025 566 3080 tri
610 3026 933 3082 humilitate.
948 3023 1297 3095 Quamquam
1331 3034 1522 3080 autem
1559 3023 1901 3081 Ciementina
1929 3023 2096 3080 verba

493 3117 812 3189 explicanda
859 3124 1042 3174 essent
1085 3135 1180 3190 pro
1226 3117 1322 3172 illa
1352 3125 1552 3171 tantum
1588 3118 1726 3183 vice,
1765 3131 1865 3172 cur
1889 3115 2095 3171 intelli-

2203 1933 2476 2003 grcgatis?
3099 2001 3104 2006 _
3459 1993 3466 1998 _
3769 1999 3776 2008 ρ

2275 2024 2361 2078 84.
2405 2021 2586 2090 Quare
2633 2037 2783 2092 ergo,
2817 2021 3145 2096 exclamant,
3195 2019 3252 2086 in
3296 2015 3508 2092 synodo
3553 2014 3671 2080 ista
3703 2028 3810 2088 τμη

2204 2113 2452 2170 omnibus
2473 2111 2891 2169 Mediolanensis
2912 2099 3170 2182 Ecclesia:
3186 2108 3393 2180 juribus
3413 2107 3562 2184 solus
3587 2105 3810 2162 omnino

2203 2207 2402 2263 dicitur
2456 2221 2575 2261 esse
2611 2225 2628 2258 ι
2666 2203 2900 2278 prolatus
2957 2203 3167 2277 quidam
3223 2200 3488 2272 catalogus
3537 2198 3810 2254 nominum

2203 2317 2380 2356 eorum
2409 2299 2915 2370 archiepiscoporum
2932 2297 3016 2369 qui
3044 2295 3388 2370 interfuerunt
3413 2289 3625 2363 synodo
3659 2286 3810 2366 81m-

2189 2371 2372 2448 :machi
2383 2408 2552 2464 papaz,
2573 2389 2661 2443 ubi
2683 2391 3016 2461 praescriptus
3037 2395 3150 2441 erat
3171 2382 3582 2440 Mediolanensis
3605 2380 3810 2436 archie-

2195 2473 2484 2558 piscopus?
2510 2479 2619 2538 Cu'r
2648 2482 2795 2536 mille
2825 2481 2931 2536 alia
2960 2480 3162 2535 omissa
3191 2475 3694 2533 Mediolanensium
3717 2489 3808 2546 po-

2191 2569 2342 2632 tiora
2366 2575 2524 2646 jura?
2553 2571 2658 2630 Ubi
2686 2572 3007 2643 metrOpolis
3036 2567 3415 2626 anterioritas?
3443 2565 3540 2623 ubi
3585 2566 3809 2636 antiqua

2195 2659 2600 2725 Ravennatium
2630 2667 2930 2737 subjectio?
2959 2663 3228 2732 Quorsum
3254 2660 3501 2732 neglecta
3530 2658 3808 2729 acquisita!

2200 2761 2364 2816 toties
2393 2777 2555 2832 supra
2585 2757 2931 2814 Ravennates
2977 2755 3350 2828 praecedentia:
3397 2751 3678 2822 exempla,
3717 2749 3810 2806 sub

2201 2853 2486 2924 Agathone
2507 2869 2596 2906 an.
2623 2847 2746 2918 680,
2772 2858 2827 2906 et
2846 2849 2945 2906 sub
2965 2847 3173 2905 Joanne
3199 2833 3296 2902 X11
3316 2863 3406 2904 an.
3431 2846 3556 2912 9G5,
3589 2845 3666 2901 de
3691 2844 3808 2916 qui-

2199 2948 2301 3002 bus
2328 2946 2528 3016 supra?
2556 2943 2724 3001 Hisne
2754 2943 2807 2999 in
2835 2959 2897 3000 re
2925 2945 3062 3008 tanti
3111 2942 3374 2998 momenti
3401 2937 3805 3013 praetermissis,

2200 3038 2318 3094 sola
2355 3033 2634 3091 Laurentii
2661 3036 2761 3090 sub
2789 3033 3112 3107 Symmacho
3141 3034 3310 3090 sessio
3355 3032 3563 3106 (dicito
3599 3031 3804 3104 potius,

2199 3125 2576 3202 praescriptio)
2608 3128 2943 3184 memorata?
2980 3147 2998 3179 ›
3033 3127 3184 3184 Bona
3232 3125 3417 3194 verba,
3449 3139 3658 3202 quaeso,
3689 3123 3806 3180 Me-

491 3222 622 3280 gere
648 3225 716 3265 ea
741 3209 1062 3268 deberemus
1079 3225 1176 3282 pro
1195 3226 1303 3264 una
1322 3218 1524 3264 tantum
1549 3207 1786 3280 synodo?
1811 3207 1944 3276 Quis
1970 3223 2093 3262 um-

2198 3223 2561 3278 diolancnses.
2595 3219 2865 3287 Quorsum
2893 3235 2989 3276 vos
3034 3218 3252 3290 quidem
3294 3217 3566 3288 jactabitis
3589 3225 3804 3272 metm-

491 3314 657 3371 quam
682 3301 1065 3370 grammaticus
1103 3301 1210 3356 tiro
1237 3301 1313 3355 ita
1360 3301 1845 3371 interpretaretur?
1874 3302 2095 3370 Aliquot

491 3395 668 3461 annis,
699 3395 876 3464 iisque
901 3394 1173 3451 coutinuis
1199 3393 1418 3450 fuerunt
1463 3396 1548 3449 hae
1594 3393 1788 3466 synodi
1823 3395 2090 3464 repetitae,

491 3494 550 3545 et
575 3484 715 3544 forte
741 3484 1348 3556 Patres'nunquam'ea
1383 3499 1550 3542 causa
1597 3486 1670 3542 ab
1717 3484 1864 3542 Urbe
1891 3486 2096 3543 disces-

489 3585 698 3645 serunt,
728 3593 853 3634 cum
895 3578 1164 3634 tumultus
1201 3594 1311 3634 non
1358 3579 1732 3648 acquiesceret
1771 3578 1942 3634 etiam
1961 3587 2096 3649 “post

488 3671 687 3729 iterata
712 3670 963 3738 concilia,
989 3680 1050 3727 et
1075 3671 1294 3728 decreta
1319 3679 1513 3728 contra
1531 3672 1801 3742 antipapte
1830 3669 2089 3740 fautores,

489 3764 630 3821 adeo
655 3771 718 3820 ut
743 3779 908 3822 unmn
935 3763 1277 3820 solummodo
1303 3771 1391 3821 tot
1425 3767 1584 3820 annis
1618 3766 1996 3822 continuatum
2024 3780 2091 3822 ea

488 3855 720 3912 concilia
739 3856 809 3911 ab
829 3856 1095 3926 aliquibus
1139 3863 1474 3928 reputentur.
1507 3856 1855 3930 Quapropter
1883 3859 2090 3929 optimo

485 3945 607 4017 jure
632 3949 812 4019 potuit
833 3946 1072 4005 Joannes
1106 3948 1132 4004 Ι
1158 3947 1469 4021 Symmachi
1493 3959 1780 4007 successor
1816 3949 1872 4004 in
1901 3949 2089 4006 decla-

486 4038 701 4094 ratione
727 4039 873 4096 edita
897 4055 1000 4112 pro
1028 4039 1365 4108 Ravennate,
1387 4041 1767 4110 quam'litterm
1793 4038 2090 4096 Clementi—

485 4147 570 4188 ιη
588 4133 970 4200 meminerunt,
1001 4141 1303 4190 conventus
1329 4133 1454 4188 illos
1479 4145 1673 4190 omnes
1699 4133 2010 4204 complecti,
2033 4139 2090 4188 et

482 4224 726 4282 indicare
761 4226 830 4282 iis
847 4226 1048 4292 verbis,
1077 4225 1174 4282 illo
1205 4225 1562 4282 tantummodo
1604 4241 1750 4294 casu,
1781 4239 1881 4282 seu
1919 4226 2086 4280 etiam

483 4315 576 4372 illa
605 4316 980 4373 tantummodo
1005 4317 1145 4372 vice.
1175 4315 1424 4373 Admissa
1451 4314 1616 4388 igitur
1651 4317 1909 4388 opinione
1927 4315 2085 4372 Puri-

480 4408 626 4477 celli,
655 4409 804 4479 quod
830 4408 1002 4464 tribus
1026 4408 1238 4465 vicibus
1283 4409 1680 4479 praescripserit
1724 4407 1889 4466 Petro
1937 4408 2082 4464 Lau-

479 4502 707 4568 rentius,
737 4498 1229 4557 contradictionem
1245 4500 1469 4555 minime
1487 4507 1688 4555 sonant
1713 4502 1880 4557 verba
1909 4501 2084 4572 diplo-

2197 3313 2339 3386 polis
2389 3313 2838 3378 anten’oritatem,
2895 3310 3114 3382 quando
3160 3309 3260 3374 sub
3294 3307 3476 3378 judice
3515 3306 3698 3362 adhuc
3733 3305 3802 3362 lis

2198 3414 2300 3474 est,
2333 3420 2402 3458 an
2431 3403 2581 3476 prior
2611 3402 2930 3458 Ravennate
2976 3410 3097 3458 orta
3147 3398 3308 3458 fuerit
3348 3397 3804 3455 Mediolanensis?

2197 3491 2540 3565 Argumenta
2558 3508 2688 3548 sane
2716 3509 2836 3564 qum
2863 3493 3042 3564 capite
3070 3493 3105 3548 5
3131 3491 3378 3562 sequenti
3411 3490 3728 3568 producent
3749 3490 3802 3546 iu

2195 3573 2432 3643 medium
2477 3587 2946 3654 Ravennatenses,
2988 3601 3100 3642 non
3137 3585 3214 3640 ita
3243 3584 3384 3640 levia
3421 3591 3570 3650 sunt,
3600 3591 3670 3637 ut
3698 3589 3800 3638 tam

2194 3679 2409 3736 facilem
2437 3680 2715 3752 patiantur
2740 3679 3168 3750 reSponsionem.
3192 3677 3270 3734 De
3298 3678 3522 3746 antiqua
3542 3693 3681 3734 vero
3709 3693 3804 3752 uo-

2194 3780 2321 3829 stra:
2375 3771 2637 3829 Ecclesiae
2683 3769 3019 3842 subjectione
3063 3778 3284 3841 praestat
3325 3769 3438 3840 jam
3485 3771 3802 3842 opinionem

2193 3873 2431 3923 vestram
2460 3864 2751 3920 moderari.
2785 3861 2934 3932 Esto,
2968 3864 3328 3935 amplissimus
3355 3863 3674 3920 Insubrium
3700 3879 3804 3920 me-

2193 3953 2452 4032 tropolita
2472 3959 2669 4014 saeculo
2699 3957 2927 4013 cadente
2955 3964 3169 4028 quarto,
3194 3965 3379 4014 noster
3398 3966 3580 4014 autem
3599 3957 3804 4016 saeculo

2192 4043 2406 4106 tantum
2453 4050 2678 4105 ineunte
2725 4049 2917 4120 quinto
2967 4057 3146 4105 ortum
3195 4051 3570 4119 cognoverint,
3621 4051 3804 4116 adhuc

2190 4141 2538 4197 falsissimum
2566 4152 2650 4197 est
2679 4157 2746 4222 ne
2774 4140 2861 4196 die
2889 4140 3108 4211 quidem
3135 4157 3245 4198 uno
3265 4142 3350 4198 vel
3379 4143 3552 4198 altero
3579 4141 3803 4200 Raven-

2191 4243 2448 4290 natenses
2494 4233 2887 4290 Mediolanensi
2934 4235 3190 4306 episcopo
3245 4233 3610 4292 obedientiam
3665 4251 3804 4308 pra:-

2189 4334 2384 4396 stasse,
2417 4326 2561 4397 quod
2587 4326 2700 4398 jam
2730 4327 3161 4384 demonstratum
3198 4336 3333 4398 puto
3373 4329 3553 4400 capite
3588 4344 3805 4402 praece-

2188 4419 2358 4475 denti.
2389 4415 2485 4473 Jus
2514 4418 2747 4488 eligendi
2795 4419 3208 4490 coronandique
3235 4433 3394 4488 reges
3420 4419 3588 4476 Italia;
3617 4418 3803 4493 (illud

2189 4513 2334 4570 enim
2360 4513 2450 4569 hic
2469 4528 2686 4583 quoque
2706 4513 2951 4583 repetitis
2972 4509 3012 4584 ),
3045 4511 3175 4581 quid
3196 4511 3335 4582 juris
3355 4511 3562 4568 addidit
3583 4510 3802 4568 Medio-

479 4593 644 4648 malis
669 4589 1016 4648 οιθηιθιιιίηίο
1044 4588 1190 4646 ΝΜ
1223 4601 1358 4647 vero
1401 4592 1620 4659 mirum,
1651 4591 1699 4648 εί
1725 4603 1987 4648 οοηοθεδα
2013 4603 2082 4647 εἰ
2106 4611 2161 4671 D
2189 4605 2398 4661 lanensi
2419 4605 2678 4676 episc0po
2707 4606 2762 4659 in
2801 4603 3186 4660 ecclesiasticis
3213 4604 3484 4674 negotiis?
3507 4602 3603 4659 Jus
3631 4619 3802 4661 coro-

479 4683 786 4741 humilitate
808 4681 1170 4754 pmcedentia
1200 4683 1255 4738 in
1279 4683 1457 4754 prima
1483 4684 1722 4757 synodo,
1753 4683 1944 4741 eadem
1971 4685 2078 4740 bu-

479 4777 682 4832 niiitas
707 4776 1211 4833 concedere'suasit
1236 4776 1296 4833 in
1319 4778 1796 4849 subsequentibus,
1827 4793 1898 4836 ne
1937 4779 2078 4836 forte

478 4870 714 4942 repetita
740 4869 1023 4927 altercatio
1049 4871 1365 4928 scandalum
1387 4873 1674 4943 excitaret,
1704 4887 1815 4931 neu
1838 4875 1934 4945 qui
1959 4873 2076 4931 Ro-

477 4980 626 5021 mam
644 4973 909 5022 venerant
921 4964 1160 5022 schisma
1178 4968 1515 5026 ωῑθιτὶωιιιιι
1534 4967 1906 5041 compositmi,
1932 4968 2077 5024 aliud

476 5056 583 5129 ipsi
619 5059 1060 5130 propterinaues
1083 5059 1458 5132 ρηῳάωιίω
1483 5059 1671 5120 titulos
1695 5047 1964 5120 renovare
1993 5059 2076 5118 di-

476 5158 753 5208 cerentur.

546 5243 636 5300 85.
678 5243 854 5302 Pudet
869 5245 1072 5301 diutius
1097 5246 1154 5300 in
1181 5246 1502 5305 hisce’trlcis
1517 5249 1830 5318 immorari,
1849 5244 1930 5306 eo
1954 5243 2076 5304 ina-

473 5337 558 5406 gis
584 5337 713 5406 quia
738 5346 1091 5408 perseverant
1132 5346 1388 5396 auctores
1414 5340 1618 5397 laudati
1665 5342 1802 5398 alias
1827 5337 2073 5413 ejusdem

473 5427 666 5485 farinae
692 5439 849 5486 notas
869 5431 1098 5502 jactare.
1129 5431 1313 5489 Altera
1340 5447 1469 5503 ergo
1507 5443 1616 5501 est,
1649 5430 1934 5492 dixisse'i'n
1961 5433 2075 5490 Suis

474 5519 672 5579 litteris
723 5520 1057 5582 Clementem
1109 5525 1156 5580 ll
1203 5526 1468 5583 multaties
1523 5529 1824 5584 ventitatum
1871 5547 1902 5583 α
1932 5541 2071 5586 retro

475 5616 808 5687 pontiﬁcibus
836 5619 1295 5688 pmdeceuoribus
1340 5624 1535 5679 nostris
1573 5631 1666 5678 aut
1691 5625 1781 5680 vix
1807 5635 1897 5679 aut
1922 5625 2078 5680 nullo

2185 4696 2352 4752 nandi
2373 4691 2658 4768 pontiﬁces
2677 4711 2917 4752 summos
2926 4695 3055 4766 quid
3069 4694 3208 4766 juris
3227 4695 3513 4767 acquisivit
3531 4711 3799 4766 umquam

2187 4790 2446 4860 episcopo
2468 4786 2704 4844 Ostiensi
2733 4790 2787 4843 in
2810 4788 3208 4856 Ravennatem,
3235 4788 3658 4859 Aquileiensem,
3683 4789 3798 4846 lle-

2184 4883 2558 4939 diolanensem
2588 4883 2890 4938 antistites?

2257 4974 2344 5030 85.
2388 4975 2743 5032 Mcmoratam
2770 4974 2988 5032 demum
3016 4975 3438 5048 praecedentiam
3459 4978 3540 5042 ,in
3566 4979 3795 5050 synodis

2185 5069 2504 5140 Agathonis,
2528 5075 2583 5124 et
2607 5067 2831 5126 Joannis
2859 5067 2954 5122 ΧΗ
2971 5069 3204 5138 vidimus
3223 5069 3340 5139 jam
3367 5070 3612 5141 superius
3633 5086 3790 5138 num.

2183 5160 2272 5229 44,
2316 5159 2387 5214 45
2432 5169 2488 5216 et
2513 5158 2603 5228 46,
2637 5161 2866 5216 alteram
2893 5160 3042 5239 nullo
3069 5161 3235 5220 modo
3281 5162 3522 5234 probari,
3555 5160 3788 5216 alteram

2183 5253 2404 5310 omnino
2452 5268 2571 5310 esse
2617 5251 2828 5310 falsam.
2880 5251 3022 5320 Quid
3067 5253 3114 5310 si
3162 5253 3787 5324 Ravennates-carm

2181 5343 2462 5418 proferent
2488 5345 2814 5402 documenta
2842 5345 3078 5420 obtentu:
3095 5345 3476 5417 praecedentia:
3493 5361 3654 5417 supra
3675 5343 3785 5408 He-

2179 5438 2553 5495 diolanensem
2600 5438 2655 5494 in
2700 5438 2962 5506 conciliis,
2993 5445 3121 5510 post
3165 5436 3475 5511 Symmachi
3513 5435 3776 5510 synodos,

2182 5542 2310 5590 ante
2339 5533 2750 5590 coronationem
2773 5531 2955 5599 Salici,
2981 5540 3108 5589 ante
3121 5530 3480 5589 Clementis-ll
3503 5529 3783 5602 diploma?

2179 5627 2418 5681 Primum
2466 5625 2868 5691 documentum,
2919 5632 2976 5681 et
3020 5623 3239 5694 quidem
3293 5622 3780 5682 luculentissimum

474 5707 584 5778 ﬁne
608 5710 832 5780 sopitum
857 5718 937 5764 est
963 5727 981 5764 :
1004 5723 1200 5783 nempe
1223 5712 1458 5784 iurgium
1480 5717 1550 5773 ob
1572 5715 1990 5787 przecedentiam
2014 5717 2070 5772 in
2175 5719 2334 5772 nobis
2382 5718 2747 5788 suppeditavit
2806 5716 2875 5773 cl.
2925 5714 3128 5787 Ioseph
3187 5713 3510 5790 Garampius
3554 5714 3781 5784 insuper

474 5799 697 5880 synodis
723 5801 864 5860 inter
893 5809 1002 5859 tres
1030 5803 1151 5860 illos
1197 5809 1604 5868 contendentes.
1639 5809 1742 5868 Ubi
1780 5811 1944 5879 enim,
1980 5811 2068 5868 in-
2173 5810 2339 5868 allata
2367 5809 2746 5867 dissertatione
2767 5809 2830 5866 de
2851 5825 3061 5866 nummo
3085 5818 3333 5885 argenteo
3356 5806 3620 5865 Benedicti
3638 5802 3767 5876 111,
