3964 6350
783 303 850 318 ._..,
865 303 926 324 ..μ
949 302 961 310 .
983 301 1054 322 ηρπ.

519 363 627 432 its
983 325 1138 432 ’δίθ-έέτε.

519 597 663 647 esse,
695 587 751 636 et
775 578 882 634 dici
908 584 1124 648 poterat
1149 574 1372 631 Joannis
1399 573 1422 627 ι
1449 572 1747 637 attestatio,
1780 586 1812 624 a
1839 568 2120 623 Clemente

518 674 567 732 ll
597 675 787 728 relata.
821 671 991 728 Porro
1037 671 1154 724 haec
1181 669 1298 739 ipsa
1326 666 1604 722 attestatio
1631 665 1738 720 hoc
1782 661 1926 718 idem
1954 659 2124 731 privi-

521 767 722 836 legium
750 780 870 820 esse
896 768 1112 833 poterat
1139 761 1354 833 antiqua
1382 759 1478 814 illa
1523 756 1840 819 constitutio,
1874 753 1941 808 ad
1968 751 2122 821 cujus

520 861 900 917 auctoritatem
927 855 1163 928 synodus
1193 855 1437 910 Romana
1466 867 1589 908 cum
1615 848 1895 904 Clemente
1920 844 1964 900 ll
1993 859 2122 900 sen-

521 951 750 1006 tentiam
796 949 930 1003 dixit
968 963 1069 1018 pro
1097 947 1444 1010 Ravennate;
1473 941 1580 997 nisi
1618 941 1674 994 in
1719 937 1957 992 medium
2001 935 2124 1004 quis

522 1042 790 1114 proferret
837 1041 1200 1109 antiquiorum
1249 1039 1413 1094 etiam
1458 1032 1774 1106 pontiﬁcum
1819 1029 2118 1100 privilegia,

523 1134 826 1190 Ravennati
871 1133 1149 1199 Ecclesiae,
1199 1130 1512 1202 apostolicae
1559 1127 1702 1182 sedis
1749 1122 2122 1194 primogenitae

521 1241 805 1291 concessa,
836 1239 958 1294 qua:
986 1241 1018 1279 a
1046 1223 1104 1279 S.
1136 1221 1400 1292 Gregorio
1428 1219 1622 1288 Magno
1660 1223 2047 1272 memorantur.

596 1314 684 1370 89.
717 1315 858 1383 Quid
889 1322 1089 1378 autem,
1107 1313 1250 1368 Deus
1276 1313 1438 1376 bone,
1457 1307 1905 1378 respondebimus
1933 1304 2125 1358 dilem—

521 1409 659 1465 mati
705 1409 814 1474 illi,
845 1424 954 1477 quo
995 1423 1094 1462 nos
1133 1405 1332 1461 irretiri
1380 1402 1686 1470 arctarique
1725 1400 2028 1455 sentimus:
2062 1395 2124 1450 Si

525 1499 775 1555 Clementi
807 1499 871 1552 II
900 1509 1026 1555 nota
1052 1508 1164 1552 erat
1185 1500 1399 1569 antiqua
1421 1512 1514 1566 pro
1549 1493 1848 1547 Ravennate
1875 1489 2123 1543 constitu-

528 1592 624 1658 tio,
656 1591 910 1662 quomodo
959 1607 1063 1645 non
1109 1589 1211 1661 ipsi
1260 1595 1473 1652 certum,
1525 1586 1608 1639 cui
1655 1583 1815 1637 sessio
1853 1597 1887 1635 a
1929 1579 2124 1633 dextris

525 1683 789 1754 pontiﬁcis
816 1683 936 1753 jure
961 1681 1269 1736 deberetur?
1296 1690 1346 1734 et
1370 1681 1416 1733 si
1447 1679 1550 1750 ipsi
1581 1679 1857 1740 incertum,
1889 1688 2128 1746 quaenam

527 1776 604 1830 vel
626 1776 772 1846 cujus
792 1776 1117 1830 auctoritatis
1151 1771 1451 1844 ltujusmodi
1479 1767 1818 1824 constitutio?
1846 1765 1940 1822 Va:
1968 1764 2127 1818 nobis

1339 364 1406 422 ΙΝ
1448 361 1506 421 S.
1547 355 1832 420 PETRUM
1872 352 2384 418 CHRYSOLOGUM
2425 349 2963 416 PROLEGOMENA.

518 473 766 560 quolibet
818 490 1001 540 autem
1045 494 1206 539 sensu
1259 481 1612 536 constitutum
1666 485 1721 532 et
1776 473 2116 547 privilegium
2145 479 2194 538 Α
2223 469 2436 529 initium
2477 471 2637 544 hujus
2677 473 2955 541 dignitatis
2995 467 3329 538 derivantes;
3376 475 3469 528 aut
3504 483 3830 544 supponunt
3896 509 3906 560 ξ

3171 294 3186 314 τ
3215 295 3496 334 “fat-7"-

3257 331 3266 348 -·
3335 327 3430 364 .2}:
3451 333 3454 337 ·

3713 359 3820 420 ιιι

2227 569 2466 624 nondum
2495 569 2563 624 ad
2597 569 2648 624 id
2682 568 2906 624 honoris
2931 575 3266 638 assumptum
3299 564 3677 623 Ravennatem
3705 571 3828 640 epi.
3890 564 3898 618 ἐ

2225 679 2450 733 scopum
2477 670 2724 732 tempore
2751 661 3104 716 conciliorum
3123 659 3355 715 Romani
3379 667 3436 716 et
3461 659 3827 728 Sardicensis,

2227 772 2352 814 cum
2390 771 2500 812 non
2537 755 2717 812 desint
2754 754 3093 810 celeberrimi
3138 753 3449 824 scriptores,
3494 769 3607 809 non
3649 754 3835 810 desint

2229 850 2410 920 magni
2437 848 2694 921 ponderis
2713 849 2974 915 rationes,
2997 863 3118 918 quae
3135 849 3469 905 contrarium
3497 848 3753 905 indicant
3774 867 3835 906 ac

2229 959 2370 1016 pene
2401 943 2793 1000 demonstrant.
2827 942 2983 1011 Quod
3014 943 3062 998 si
3093 943 3260 998 etiam
3287 942 3540 999 daremus
3557 943 3835 999 Mediola-

2231 1053 2458 1094 nensem
2485 1037 2800 1109 episcopum
2842 1039 3050 1092 honore
3081 1043 3212 1093 tunc
3250 1038 3661 1108 metropolitani
3697 1039 3835 1094 insi-

2228 1133 2454 1201 gnitum,
2479 1131 2779 1202 simplicem
2799 1139 2983 1187 autem
3003 1131 3325 1202 episcopum
3352 1129 3518 1186 fuisse
3540 1130 3840 1187 Ravenna-

2227 1229 2358 1289 tem,
2399 1237 2583 1278 nonne
2619 1223 2784 1278 etiam
2828 1223 3020 1278 volunt
3057 1223 3203 1278 hunc
3245 1222 3322 1276 illi
3349 1222 3541 1278 eodem
3579 1231 3841 1294 tempore

2229 1315 2472 1385 paruisse
2501 1322 2777 1385 tamquam
2803 1313 3236 1384 suffraganeum?
3270 1313 3402 1382 Quis
3430 1324 3614 1372 autem
3632 1316 3844 1372 dixerit

2232 1384 2374 1461 inter
2399 1384 2724 1474 insigniores
2747 1405 3132 1475 principalium
3159 1403 3527 1462 Ecclesiarum
3547 1407 3841 1478 prmsules,

2233 1497 2515 1552 minimum
2543 1497 2857 1567 episcOpum
2875 1537 2890 1562 ,
2923 1495 2989 1550 iis
3017 1497 3378 1567 temporibus,
3411 1500 3846 1570 metropolitano
3899 1501 3906 1506 ’

2234 1605 2333 1644 suo
2363 1589 2640 1658 anteponi,
2665 1595 2829 1658 prout
2854 1587 2910 1640 in
2940 1587 3106 1642 allato
3129 1587 3375 1643 Romano
3395 1590 3666 1645 concilio?
3689 1588 3847 1644 Resi—

2237 1683 2473 1737 dentibus
2501 1682 2660 1735 etiam
2699 1682 2824 1735 viris
2868 1681 3264 1748 uenerabilibus,
3297 1684 3596 1756 pariterque
3623 1701 3749 1739 cum
3791 1702 3848 1739 eo

2240 1773 2413 1847 (Jul-io
2434 1773 2684 1829 Romano
2704 1771 2986 1845 pontiﬁce)
3011 1773 3342 1828 audientibus
3367 1773 3653 1830 Benedicto
3679 1777 3850 1849 Aqui-

527 1867 598 1921 ab
625 1866 933 1937 hujusmodi
959 1863 1393 1920 dilemmatibus!
1425 1859 1558 1917 Orta
1583 1859 1883 1930 quaestione
1901 1857 1970 1912 de
1989 1870 2129 1970 plne-
2163 1908 2209 1970 Β
2238 1867 2420 1923 (densi
2438 1867 2700 1936 episcopo,
2735 1863 2876 1936 Rufo
2905 1863 3304 1938 Carthaginensi
3329 1869 3590 1940 episcopo,
3615 1870 3850 1941 Agapito

527 1958 776 2015 cedentia
796 1960 1053 2015 sessionis
1074 1959 1215 2013 inter
1235 1957 1694 2026 archiepiscopos,
1719 1952 1893 2008 nescit
1911 1949 2132 2019 quidem

2243 1957 2562 2013 Ravennatis
2581 1955 2834 2011 Ecclesiae
2852 1959 3112 2028 episcopo,
3135 1956 3282 2013 Julia
3316 1957 3714 2016 Mediolaneusi
3739 1964 3850 2032 epi-

525 2049 790 2120 pontil‘ex,
813 2049 1116 2105 Germanus
1135 2050 1322 2115 homo,
1347 2062 1530 2102 rerum
1556 2045 1870 2100 Italicarum
1899 2042 2137 2096 fortasse
2239 2068 2415 2122 πορθ,
2446 2050 2683 2107 Lucium
2713 2048 3102 2117 Maurianemi,
3149 2060 3201 2105 ει
3239 2051 3450 2124 reliqui;
3489 2069 3606 2110 cum
3634 2056 3715 2110 ά,
3749 2053 3849 2109 “6

527 2142 698 2208 rudis,
729 2143 818 2196 cui
858 2141 1167 2205 deberetur,
1211 2141 1339 2209 quia
1378 2139 1620 2194 nondum
1667 2137 1809 2196 lecta
1857 2133 2034 2188 fuerat
2079 2131 2135 2185 in

528 2234 738 2304 synodo
777 2234 895 2288 haec
935 2233 1156 2301 antiqua
1199 2231 1514 2287 constitutio
1553 2243 1674 2298 quae
1714 2228 1865 2282 illum
1906 2224 2132 2280 latebat.

529 2321 696 2378 Lecta
724 2323 923 2379 deinde
951 2323 1174 2392 antiqua
1216 2323 1320 2377 hac
1360 2320 1788 2383 constitutione,
1822 2324 1879 2372 et
1908 2315 2140 2386 probata

531 2418 586 2470 in
615 2417 844 2488 synodo,
870 2432 998 2472 ecce
1017 2424 1148 2472 nota
1169 2416 1352 2472 evadit
1371 2413 1658 2479 Clementi,
1684 2426 1814 2468 ecce
1834 2410 2132 2466 secundum

531 2521 654 2561 eam
681 2507 997 2577 pronuntiat
1022 2522 1124 2578 pro
1166 2505 1502 2561 Ravennate.
1535 2504 1672 2558 Dum
1712 2509 1831 2557 erat
1871 2501 2049 2556 adhuc
2079 2499 2134 2554 in

531 2598 741 2654 incerto
761 2599 1095 2665 constitutio,
1115 2599 1260 2653 nulla
1281 2597 1501 2666 quidem
1519 2595 1764 2666 pollebat
1784 2591 2132 2656 auctoritate;

532 2690 750 2760 quando
779 2700 960 2747 autem
987 2699 1138 2746 certa
1167 2691 1341 2746 evasit
1375 2704 1474 2761 per
1500 2688 1794 2744 lectionem
1822 2694 1878 2741 et
1905 2698 2136 2740 examen

535 2781 591 2834 in
637 2783 844 2852 synodo
893 2782 961 2838 de
1011 2783 1127 2852 ipsa
1174 2782 1438 2848 habitum,
1492 2779 1872 2836 auctoritatem
1919 2790 2136 2832 omnem

535 2872 746 2928 obtinet
792 2873 937 2943 apud
973 2872 1308 2928 Clementem
1348 2879 1403 2927 et
1442 2871 1725 2926 universos
1765 2867 1974 2924 Patres.
2017 2867 2138 2922 Vah

535 2959 708 3018 facilis
736 2979 767 3018 e
795 2963 1102 3036 labyrintho
1132 2964 1382 3035 eruptio!
1427 2963 1743 3018 Sulliciebat
1778 2963 1976 3016 seriem
2014 2959 2138 3014 Cle-

536 3055 898 3109 mentinarum
919 3055 1220 3110 litterarum
1240 3054 1538 3120 attendere,
1562 3067 1728 3122 quam
1755 3051 1928 3107 nostri
1949 3058 2137 3106 aucto-

531 3162 625 3202 res
652 3155 872 3203 strenue
901 3148 1339 3204 interverterunt.
1371 3149 1566 3204 Dicant
1603 3161 1734 3215 ergo
1767 3164 1780 3199 :
1815 3146 2030 3217 Opusne
2055 3152 2133 3198 est

534 3240 685 3305 aliis,
716 3249 774 3293 ut
793 3257 868 3294 eae
889 3241 1075 3295 litterae
1095 3241 1394 3311 ejiciantur,
1421 3239 1782 3310 argumentis?

607 3329 695 3385 90.
727 3329 837 3387 Sed
855 3349 966 3387 non
986 3333 1310 3401 ignorabant
1329 3331 1749 3388 Mediolanensis
1770 3330 2138 3402 metropoleos

536 3425 754 3495 patroni
791 3425 960 3480 multa
987 3423 1169 3479 aﬁ‘erri
1209 3440 1310 3494 pro
1352 3424 1670 3480 Ravennate
1709 3423 1950 3480 Ecclesia
1969 3465 1984 3489 ,
2016 3439 2136 3494 qua:

536 3517 680 3570 male
729 3523 935 3570 sartam
991 3530 1183 3571 eorum
1237 3515 1585 3587 hypothesim
1639 3515 1936 3586 plurimum
1989 3515 2138 3570 labe-

537 3605 764 3674 factare,
795 3607 960 3660 immo
988 3607 1149 3677 plane
1177 3605 1492 3662 subvertere
1522 3607 1750 3676 possint.
1783 3606 1971 3675 Itaque
1999 3621 2136 3662 non-

537 3697 684 3752 nulla
707 3713 776 3752 ex
796 3697 880 3752 his
899 3697 1004 3751 sibi
1023 3697 1125 3768 ipsi
1147 3695 1489 3766 objecerunt,
1514 3711 1688 3765 eaque
1715 3696 1924 3752 diluere
1952 3697 2136 3758 conati

535 3799 690 3856 sunt,
721 3789 817 3844 sed
843 3789 998 3844 irrito
1029 3797 1248 3844 conatu.
1279 3788 1436 3856 Quod
1469 3789 1651 3857 itaque
1679 3788 1734 3842 in
1762 3787 1996 3843 concilio
2019 3786 2134 3843 Ro-

536 3896 699 3937 mano
727 3881 826 3936 sub
853 3880 994 3936 Julio
1023 3881 1044 3934 l
1073 3882 1127 3936 in
1155 3881 1532 3952 episcoporum
1552 3880 1762 3951 syllabo
1781 3888 1908 3935 ante
1929 3879 2134 3935 Medio-

537 3972 814 4028 lanensem
852 3973 1140 4042 episcopus
1181 3970 1469 4027 Ravennas
1509 3972 1848 4038 nominetur,
1901 3972 1956 4028 id
1999 3987 2132 4028 vero

536 4066 689 4120 aiunt
716 4065 914 4120 nullius
940 4064 1200 4119 momenti
1230 4077 1349 4119 esse
1377 4065 1443 4118 ad
1473 4062 1890 4134 prmcedeutiam
1919 4062 2135 4120 Raven-

535 4157 676 4210 natis
697 4157 952 4212 antistitis
981 4155 1346 4222 astruendam,
1379 4155 1506 4224 quia
1535 4155 1581 4208 is
1608 4170 1707 4225 per
1735 4171 1831 4211 eos
1858 4155 1974 4210 dies
1995 4171 2134 4212 non-

535 4249 664 4303 dum
693 4257 812 4304 erat
837 4247 1205 4318 metropolita,
1238 4248 1335 4303 sed
1364 4247 1599 4318 simplex
1628 4247 1950 4318 episcopus;
1982 4264 2012 4302 a
2041 4248 2136 4304 de-

535 4341 909 4395 nominatione
936 4347 1117 4394 autem
1145 4340 1404 4408 simplicis
1438 4340 1680 4410 episcopi
1710 4348 1838 4396 ante
1867 4341 2137 4411 archiepi-

2167 3214 2214 3278 C

2241 2144 2515 2215 episcopis.
2562 2139 2681 2196 Non
2727 2141 3000 2210 loquimur
3042 2141 3112 2196 de
3157 2140 3496 2210 Sardicensi,
3546 2145 3680 2214 quia
3723 2160 3852 2204 cum

2242 2237 2674 2293 Mediolanenses
2693 2243 3010 2306 premantur
3029 2251 3060 2291 a
3082 2235 3477 2307 subscriptione
3497 2239 3666 2294 etiam
3683 2241 3856 2312 Aqui.

2243 2330 2462 2386 leiensis
2491 2328 2752 2400 episcopi,
2775 2328 3107 2400 respondent
3126 2329 3318 2385 ordine
3345 2329 3694 2400 alphabetico
3719 2344 3857 2388 com

2243 2430 2422 2492 gestas
2451 2421 2617 2476 fuisse
2645 2421 3077 2490 subscriptiones
3103 2418 3266 2488 hujus
3305 2420 3554 2486 concilii,
3585 2427 3647 2474 et
3679 2419 3856 2476 citant

2245 2515 2460 2570 Binium
2492 2532 2504 2566 :
2537 2513 2804 2583 quamvis,
2828 2527 2889 2568 re
2908 2513 3048 2569 bene
3066 2527 3356 2583 perpensa,
3387 2512 3597 2582 puerile
3618 2523 3708 2569 est
3727 2527 3855 2568 cre—

2243 2609 2394 2676 dere,
2427 2609 2483 2663 in
2511 2615 2622 2661 tam
2643 2613 2871 2676 augusto
2901 2621 2964 2662 ac
2997 2621 3288 2661 numeroso
3315 2621 3595 2672 consessu,
3629 2607 3854 2678 episco-

2241 2715 2341 2772 pos
2362 2699 2698 2770 alphabetice
2716 2706 2942 2754 vocatos
2961 2696 3030 2752 ad
3049 2697 3510 2764 subscribendum,
3528 2713 3641 2753 non
3663 2707 3855 2753 autem

2243 2794 2424 2864 potius
2470 2793 2556 2847 vel
2601 2791 2898 2846 secundum
2943 2789 3261 2859 dignitatem
3306 2789 3708 2858 Ecclesiarum,
3767 2791 3854 2847 vel

2219 2891 2222 2894 '
2245 2882 2542 2939 secundum
2566 2882 2931 2951 antiquiorem
2959 2883 3427 2937 consecrationem
3445 2923 3459 2949 ,
3495 2881 3585 2938 vel
3615 2882 3858 2939 fortasse

2249 2976 2518 3032 interdum
2564 2975 2635 3031 ob
2682 2974 2908 3045 alicujus
2955 2974 3198 3045 episcopi
3226 2973 3444 3043 famam,
3476 2977 3855 3044 sanctitatem,

2247 3073 2554 3138 scientiam,
2580 3078 2745 3142 atque
2765 3070 2822 3124 in
2843 3063 3225 3126 ecclesiasticis
3247 3070 3477 3138 negotiis
3497 3069 3859 3140 expediendis

2242 3166 2513 3238 peritiam.
2536 3164 2646 3219 Nos
2666 3171 2847 3218 autem
2875 3162 3247 3232 dedignamur,
3267 3161 3419 3230 juxta
3449 3161 3672 3217 uberius
3700 3162 3860 3218 dicta

2244 3260 2299 3313 in
2327 3257 2699 3328 superioribus
2725 3254 3101 3326 paragraphis,
3135 3269 3204 3309 ex
3225 3261 3336 3308 tam
3365 3253 3576 3309 turbido
3594 3254 3862 3310 subscri-

2240 3350 2487 3420 ptionum
2513 3346 2890 3402 conciliarium
2910 3344 3061 3400 fonte
3089 3353 3407 3414 argumenta
3435 3352 3589 3402 certae
3624 3360 3863 3415 prmi-o-

2240 3442 2434 3511 gativae
2461 3440 2730 3495 derivare.

2310 3533 2399 3588 9l.
2440 3531 2713 3602 Eginardo
2756 3531 2812 3587 in
2851 3531 3231 3587 distributione
3270 3532 3618 3602 largitionum
3659 3530 3857 3590 Caroli

2239 3627 2420 3698 Magni
2451 3626 2825 3682 Ravennatem
2853 3623 3154 3682 Ecclesiam
3186 3624 3573 3682 Mediolanensi
3615 3634 3854 3698 antepo~

2241 3729 2435 3786 nente,
2477 3719 2872 3790 qmeritandum
2916 3719 3108 3774 volunt
3151 3727 3402 3774 auctores
3445 3719 3621 3774 nostri
3665 3728 3856 3776 utrum

2241 3815 2466 3887 speciali
2508 3815 2624 3885 ipse
2673 3812 2904 3868 Carolus
2952 3812 3367 3878 benevolentia,
3409 3812 3496 3867 vel
3537 3810 3858 3882 Eginardus

2241 3911 2364 3966 vitae
2389 3909 2506 3979 ejus
2533 3908 2826 3964 historicus
2855 3922 2954 3962 suo
2995 3915 3170 3961 marte
3202 3905 3257 3961 id
3292 3905 3508 3972 fecerit;
3538 3906 3672 3975 quia
3701 3903 3860 3962 Otho

2239 4001 2597 4070 Frisingensis
2616 4000 2807 4054 ultimo
2827 3998 2951 4053 loco
2986 3998 3128 4053 inter
3158 3996 3328 4053 Italiae
3356 3997 3634 4069 principes
3655 3995 3862 4054 Eccle-

2239 4095 2348 4149 sias
2375 4098 2644 4148 memorat
2671 4089 3132 4146 Mediolanensem
3159 4108 3170 4142 :
3196 4089 3367 4154 aiunt,
3399 4089 3681 4144 hominem
3703 4090 3861 4145 ultra

2238 4195 2450 4242 montes
2470 4185 2754 4254 degentem
2775 4182 3062 4254 incmpisse
3095 4183 3426 4238 mentionem
3455 4199 3484 4237 a
3515 4184 3862 4254 metropoli-

2237 4282 2337 4334 bus
2365 4278 2466 4333 sibi
2499 4276 2868 4344 vicinioribus,
2905 4275 3252 4345 Aquileiense
3285 4275 3491 4332 scilicet
3523 4290 3588 4330 ac
3619 4275 3864 4333 Raven-

2239 4378 2482 4435 natense,
2507 4376 2563 4424 et
2582 4369 2637 4423 in
2656 4367 3034 4436 longinquiore
3054 4367 3395 4434 terminasse,
3422 4381 3618 4437 nempe
3641 4365 3868 4422 Medio-

536 4447 763 4504 scopum
791 4449 900 4487 non
929 4433 1171 4503 arguitur
1198 4432 1316 4501 ejus
1335 4433 1718 4502 praecedentia,
1753 4449 1876 4488 cum
1903 4435 2134 4504 quaestio

2238 4432 2498 4514 lanensei:
2529 4459 2587 4512 in
2624 4472 2734 4527 quo
2754 4432 2956 4513 intr—um
2990 4457 3058 4512 ad
3091 4465 3272 4512 rectas
3291 4432 3636 4528 geographiae
3665 4457 3867 4514 lineas

535 4527 606 4582 sit
633 4525 754 4594 quis
782 4525 988 4594 primus
1019 4531 1144 4594 post
1174 4539 1373 4594 papam
1415 4524 1888 4596 archiepiscopus?
1917 4525 2131 4582 Addere
2161 4519 2213 4580 D

535 4618 702 4671 etiam
729 4617 979 4686 quiverat
1006 4614 1331 4670 Eustachius
1350 4617 1638 4672 concilium
1669 4617 2012 4686 Sardicense,
2037 4619 2129 4675 ubi

534 4715 798 4770 habemus
830 4713 1199 4768 Ravennatem
1221 4719 1304 4766 ter
1321 4713 1692 4782 prtescriptlun
1720 4712 2126 4778 Mediolanensi,

535 4815 700 4875 atque
728 4805 918 4860 eadem
947 4804 1199 4860 facillima
1240 4805 1498 4859 evasione
1528 4806 1638 4859 vim
1667 4806 1858 4860 harum
1887 4806 2128 4861 subscri-

532 4900 780 4971 ptionum
811 4895 1120 4966 infringere.
1152 4897 1418 4951 Caeterum
1447 4911 1516 4950 an
1537 4897 1592 4951 in
1625 4897 1926 4952 ratiociniis
1952 4898 2129 4952 maxi-

534 5006 684 5044 mum
712 4990 901 5044 vitium
929 4989 1031 5056 sit,
1063 4988 1281 5058 aliquod
1311 4990 1574 5043 incertum
1608 4989 1830 5058 probari
1859 5005 1959 5060 per
1986 4989 2130 5045 aliud

533 5097 687 5151 aeque
715 5081 1002 5148 incertum,
1033 5094 1130 5134 seu
1167 5079 1312 5148 quod
1341 5078 1494 5148 pejus
1533 5088 1633 5144 est,
1667 5080 1884 5149 aliquod
1923 5089 2131 5136 certum

2238 4554 2413 4609 metiti
2434 4553 2542 4607 sint
2561 4553 2812 4620 regiones
2841 4558 3093 4608 auctores
3114 4552 3306 4618 nostri,
3332 4559 3494 4620 atque
3515 4560 3700 4606 utrum
3725 4552 3868 4610 Fri-

2238 4647 2390 4716 singa
2419 4643 2662 4699 Bavaria:
2683 4642 2894 4709 civitas,
2919 4642 3074 4712 cujus
3095 4641 3469 4712 episcopatum
3495 4643 3668 4710 gessit
3696 4641 3866 4700 Otho

2239 4740 2360 4805 iste,
2398 4752 2492 4792 seu
2525 4734 2708 4805 potius
2737 4732 3174 4788 Morimundense
3211 4729 3586 4787 Cisterciensis
3627 4733 3867 4790 ordinis

2237 4827 2626 4886 monasterium
2645 4825 2702 4880 in
2722 4823 2894 4880 Gallia
2924 4823 3173 4879 dioecesis
3205 4821 3578 4892 Lingonensis,
3616 4825 3716 4878 ubi
3755 4826 3872 4884 diu

2238 4931 2366 4978 ante
2413 4921 2818 4992 episcopatum,
2862 4924 2918 4972 et
2954 4917 3152 4971 multos
3191 4931 3364 4972 annos
3403 4925 3529 4972 ante
3577 4925 3866 4986 mortem,

2235 5029 2398 5084 quam
2437 5012 2510 5067 ibi
2549 5011 2797 5084 oppetiit,
2833 5016 3082 5084 ploratus
3119 5008 3525 5084 est,_vici_niora
3565 5009 3678 5063 sint
3697 5011 3868 5084 _loca

2235 5079 2524 5150 Ravennae,
2549 5079 2710 5152 quam
2733 5080 3056 5144 Mediolano,
3081 5079 3315 5134 viderint
3335 5079 3454 5146 alii;
3477 5079 3872 5148 quemadmo—

535 5175 830 5245 improbari
851 5189 948 5244 per
977 5171 1142 5237 aliud,
1172 5171 1315 5240 quod
1343 5171 1566 5226 dubium
1594 5180 1678 5226 est
1705 5181 1869 5242 atque
1897 5173 1951 5227 in
1980 5187 2130 5242 quae-
2234 5175 2362 5230 dum
2383 5175 2547 5230 etiam
2568 5172 2802 5228 viderint
2833 5170 2920 5226 cui
2949 5168 3152 5225 Gelasii
3178 5168 3201 5222 Ι
3231 5167 3532 5224 doctissimi
3560 5169 3870 5239 pontificis

533 5267 712 5322 stione
739 5267 1004 5336 positum;
1037 5263 1242 5332 logicos
1266 5263 1512 5318 alumnos
1541 5263 1846 5334 appellabo,
1871 5272 2032 5334 atque
2061 5264 2135 5319 ad
2232 5267 2366 5323 vitio
2393 5264 2629 5320 dandum
2667 5264 2765 5330 sit,
2809 5269 2936 5317 ante
2963 5259 3326 5316 Mediolanum
3359 5259 3681 5314 Ravennam
3717 5261 3869 5316 lau-

535 5373 632 5413 eos
685 5356 998 5428 provocabo
1045 5354 1477 5410 Mediolanenses
1523 5364 1758 5413 nostros.
1809 5356 2140 5427 Supponunt.
2231 5359 2422 5425 dasse,
2481 5357 2574 5412 ubi
2619 5363 2812 5411 contra
2861 5352 3118 5408 Acacium
3163 5349 3871 5422 Constantinopolitanum

535 5453 682 5506 enim
709 5461 958 5521 tempore
999 5449 1353 5506 conciliorum
1396 5449 1627 5504 Romani
1672 5458 1729 5504 et
1768 5447 2125 5518 Sardicensis,
2230 5450 2502 5508 scribebat
2535 5447 2607 5503 ad
2636 5446 2926 5518 episcopos
2960 5444 3276 5514 Dardaniae,
3308 5445 3536 5502 dicens:
3560 5439 3874 5516 Numquid

534 5553 629 5599 aut
655 5542 1114 5600 Mediolanensem
1155 5544 1470 5614 episcopum
1493 5542 1606 5612 jam
1647 5544 2128 5615 metropolitanum
2233 5545 2374 5619 apud
2413 5542 2736 5608 Ravennam,
2769 5539 2910 5613 apud
2938 5538 3314 5606 Mediolanum,
3359 5537 3500 5611 apud
3539 5534 3868 5608 Syrmium,

531 5635 720 5704 fuisse,
741 5637 888 5706 quod
916 5637 984 5692 ab
1013 5637 1244 5693 veritate
1277 5637 1438 5704 longe
1466 5636 1701 5704 positum
1731 5651 1850 5691 esse
1879 5645 2130 5696 auctores
2200 5637 2206 5642 “
2231 5639 2372 5712 apud
2395 5637 2628 5692 Treviros
2657 5635 2834 5690 multis
2865 5634 3175 5707 temporibus
3196 5652 3301 5690 non
3336 5634 3569 5690 constitit
3601 5634 3872 5706 impera-

532 5732 833 5789 doctissimi
860 5731 1191 5803 probarunt,
1229 5732 1321 5786 vix
1352 5731 1421 5784 ab
1463 5727 1733 5784 Ambrosii
1772 5731 2125 5801 temporibus,
2232 5735 2348 5790 tor?
2387 5729 2657 5804 Numquid
2695 5729 2881 5784 harum
2907 5727 3113 5784 urbium
3140 5728 3434 5785 sacerdotes
3452 5726 3595 5782 ultra
3619 5743 3874 5783 manus

533 5825 860 5900 Sardicensl.
879 5834 934 5884 et
956 5826 1199 5884 Romana
1221 5826 1321 5894 sub
1342 5822 1484 5892 Jullo
1507 5823 1715 5894 synodo
1735 5824 2130 5896 posterioribus
2230 5843 2345 5888 ram
2365 5823 2464 5882 sibi
2489 5821 2774 5896 antiquitus
2796 5819 3094 5892 deputatam
3114 5819 3382 5894 quidpiam
3416 5818 3527 5876 suis
3555 5815 3872 5886 diqnitatiq

3894 545 3903 596 ἐ
