3964 6350
168 421 276 478 με

465 420 606 490 «108,
639 420 970 481 AMADESII
1004 423 1462 482 DlSSER'l‘ATlO
1493 424 1584 480 DE
1614 421 2010 480 METROPOLI
2040 423 2584 482 ECCLESIASTICA
2615 427 3170 486 RAVENNATENSI.

3358 437 3462 492 HO

165 541 261 596 his
287 542 656 614 usurparunt?
673 541 920 600 Viderint
940 545 1143 615 pariter
1173 547 1262 603 cui
1295 546 1586 603 cardinalis
1613 544 1776 600 Bome
1801 547 1856 606 Α
1877 556 1992 598 rem
2016 542 2262 610 fatemur,
2295 545 2362 600 ab
2390 545 2580 614 quinto
2607 546 2805 602 szeculo
2834 547 2976 602 hanc
3004 548 3267 618 originem
3300 565 3464 622 repe-

165 633 304 688 titio
336 633 583 690 dandum
615 635 706 701 sit,
735 634 1194 694 Mediolanensem
1227 640 1542 710 episcopum
1575 639 1643 692 ab
1675 653 1774 692 usu

164 727 319 798 pallii
353 729 660 786 exclusisse
689 745 791 802 per
820 733 976 802 plura
1009 735 1226 803 saecula,
1249 736 1460 805 solique
1486 735 1773 790 Ravenna-

163 822 307 877 tensi
329 822 386 877 in
407 821 569 878 Italia
591 824 875 881 tribuisse:
901 845 920 878 ‹
947 824 1232 897 Cteterum,
1257 829 1449 899 inquit,
1473 845 1582 885 non
1603 829 1776 885 omni-

162 915 265 970 bus
315 915 753 990 archiepiscopis
784 919 928 976 hunc
965 919 1229 978 honorem
1267 922 1545 990 tributum,
1575 922 1673 980 sed
1708 922 1775 978 iis

162 1005 518 1062 solummodo
563 1008 660 1076 qui
708 1008 849 1064 inter
895 1009 1042 1080 ipsos
1085 1013 1344 1082 praecipui
1391 1021 1564 1080 erant,
1613 1029 1774 1070 nemo

163 1098 384 1167 ignorat
420 1099 520 1168 qui
558 1097 616 1154 in
654 1101 830 1156 veteri
869 1101 1098 1158 historia
1135 1112 1386 1159 versatus
1424 1103 1522 1170 sit;
1564 1119 1690 1159 nam
1717 1103 1774 1159 in

162 1188 338 1244 Gallia
363 1189 577 1246 nemini
605 1191 940 1260 mittebatur,
963 1193 1069 1249 nisi
1097 1194 1200 1250 soli
1232 1194 1555 1262 Arelatensi,
1579 1195 1646 1251 de
1665 1209 1772 1266 qua

163 1297 222 1336 re
241 1288 474 1337 exstant
495 1283 742 1354 epistolae
760 1285 942 1356 Vigilii
971 1287 1040 1342 ad
1067 1287 1390 1356 Auxanium,
1414 1287 1617 1359 Pelagii
1648 1290 1672 1344 ι
1704 1289 1774 1345 ad

167 1369 502 1444 Sapaudum,
526 1383 586 1431 et
602 1375 848 1446 Gregorii
869 1377 1048 1448 Magni
1070 1379 1137 1434 ad
1155 1378 1556 1436 Childebertum
1591 1397 1772 1452 regem

169 1464 507 1523 Francorum
548 1469 643 1524 lib.
667 1487 722 1526 iv
759 1471 920 1541 epist.
945 1471 1030 1527 55.
1053 1472 1112 1528 In
1144 1473 1404 1544 Hispania
1441 1475 1542 1530 soli
1581 1474 1773 1546 Hispa-

170 1555 318 1622 lensi,
342 1558 401 1612 in
423 1557 700 1615 Dalmatia
719 1559 1058 1629 Salonitano,
1094 1565 1148 1618 in
1185 1562 1348 1618 Italia
1374 1564 1684 1633 Ravennati,
1715 1566 1771 1622 in

170 1646 343 1705 Sicilia
363 1648 742 1722 Syracusano,
766 1653 826 1714 in
851 1651 1100 1708 Sardinia
1133 1653 1463 1723 Calaritano,
1488 1664 1548 1712 ut
1569 1672 1635 1712 ex
1657 1658 1772 1728 epi-

171 1741 312 1796 stolis
331 1739 598 1812 Gregorii
618 1744 810 1814 liquet,
835 1752 974 1800 etc.»
1004 1743 1182 1816 (Bona
1203 1744 1407 1818 Liturg.
1433 1746 1522 1801 lib.
1547 1765 1584 1816 ι,
1609 1765 1654 1802 c.
1677 1748 1766 1817 24,

171 1847 220 1886 ιι.
241 1830 350 1904 l6.)
372 1832 635 1890 Viderint
668 1850 886 1905 quoque
909 1835 996 1891 cui
1024 1834 1230 1906 Sigonii
1261 1837 1394 1892 vitio
1422 1837 1656 1894 dandum
1677 1841 1764 1907 sit,

1875 636 1967 703 tit;
1993 636 2184 700 altera,
2217 651 2337 706 quin
2353 637 2670 706 pauciorum
2701 645 2812 706 est,
2843 638 2971 694 licet
3004 631 3113 694 nOn
3143 643 3462 711 aspernandi

1876 729 2109 784 nominis
2139 735 2438 794 auctorum,
2471 729 2621 783 initia
2658 729 2846 786 isthaic
2871 731 2927 786 in
2954 731 3130 803 primo
3157 747 3280 788 αξη
3303 732 3464 790 Chri-

1873 820 2061 874 stianae
2081 819 2278 874 sacculo
2307 819 2556 874 collocat.
2591 813 2834 874 Priorem
2862 820 3172 890 opinionem
3193 822 3262 877 ad
3302 824 3462 880 truti-

1875 926 2001 966 nam
2028 925 2366 966 revocemus.

1873 1022 1900 1086 §
1923 1021 1961 1074 Ι.
1989 1021 2256 1087 Exponitur
2280 1023 2448 1086 opinio
2471 1022 2535 1073 de
2555 1023 2752 1136 082g}:
2774 1023 2919 1087 hujus
2938 1022 3192 1086 dignitatis
3220 1027 3270 1074 in
3293 1029 3462 1089 quinto

1944 1186 2031 1242 92.
2072 1186 2390 1244 Emmanuel
2428 1184 2847 1253 Schelstratius,
2906 1189 3257 1247 Sebastianus
3295 1191 3460 1248 Tille-

1872 1281 2141 1350 montius,
2172 1281 2407 1339 Iacobus
2435 1283 2785 1350 Sirmondus,
2816 1282 3090 1350 Norisius,
3121 1283 3457 1352 Bacchinius,

1871 1383 2198 1445 centumque
2225 1375 2337 1442 alii,
2355 1377 2447 1446 qui
2465 1376 2668 1446 primas
2689 1377 2831 1431 inter
2851 1376 3070 1432 criticos
3093 1383 3298 1441 tenent,
3321 1377 3460 1433 hanc

1870 1467 2184 1536 opinionem
2223 1467 2372 1522 omni
2413 1475 2613 1523 conatu
2661 1466 2948 1536 studioque
3007 1466 3154 1521 omni
3217 1474 3456 1522 tuentur.

1869 1558 2171 1615 Commune
2191 1559 2483 1629 unicuique
2512 1574 2701 1614 eorum
2730 1568 3105 1628 argumentum
3135 1566 3234 1625 est,
3254 1559 3459 1614 nullum

1868 1664 2093 1720 prorsus
2126 1657 2256 1706 ante
2287 1651 2542 1706 saeculum
2575 1650 2822 1719 quintum
2861 1650 3090 1720 reperiri
3129 1651 3182 1704 in
3218 1648 3459 1705 Ecclesia

1870 1742 2184 1799 Ravennate
2211 1743 2366 1800 istius
2397 1743 2620 1798 honoris
2651 1741 2938 1806 indicium,
2970 1743 3313 1812 primumque
3350 1740 3459 1796 Ra-

1869 1840 2180 1895 vennatium
2209 1840 2587 1911 episcoporum
2610 1838 3005 1910 metropolitica
3039 1836 3206 1892 infula
3239 1835 3457 1908 praeful-

169 1925 637 1982 accuratissimum
700 1929 846 1984 hunc
897 1927 1064 1983 Italiae
1117 1929 1507 2000 descriptorem
1565 1933 1765 2004 primas
1794 1921 1841 1982 Β
1868 1931 2020 1998 sisse,
2044 1939 2209 2001 atque
2235 1931 2353 2001 ejus
2377 1932 2652 2000 dignitatis
2667 1931 2788 2000 jura
2811 1932 3116 1986 exercuisse
3143 1929 3326 1985 divum
3354 1928 3456 1985 Pe-

173 2013 434 2072 Ravenna:
464 2025 654 2088 partes
682 2017 912 2086 dedisse,
943 2027 1249 2090 postremas
1271 2020 1596 2092 Mediolano,
1619 2024 1767 2093 quod

173 2112 252 2160 aut
283 2122 396 2162 non
428 2108 572 2164 vidit
599 2107 918 2175 Puricellus,
965 2118 1060 2166 aut
1095 2127 1206 2166 non
1245 2111 1445 2167 vidisse
1471 2113 1762 2170 simulavit.

169 2196 283 2252 Item
300 2199 438 2268 quia
476 2199 846 2272 Luitprandus
870 2201 1240 2258 Ravennatem
1275 2203 1760 2274 archiepiscopum,

167 2291 455 2346 seclmdtln
470 2308 502 2348 a
516 2293 768 2350 Romano
780 2293 1092 2364 perltaliam
1103 2295 1398 2351 antistitem
1409 2296 1760 2368 nuncupavit,

168 2391 441 2440 autumant
463 2385 902 2443 Mediolanenses
929 2386 1317 2458 Luitprandum
1336 2388 1577 2444 locutum
1599 2387 1764 2444 fuisse

164 2476 225 2530 de
241 2491 334 2532 sua
363 2479 755 2535 tantummodo
775 2486 954 2546 aetate,
978 2479 1195 2550 quando
1217 2481 1566 2550 praepotentis
1586 2479 1764 2536 Theo-

165 2564 298 2622 dora:
310 2566 652 2624 factionibus
665 2570 956 2640 plurimum
971 2569 1210 2627 Joannes
1225 2569 1274 2625 X
1289 2571 1576 2627 Ravennas
1591 2571 1646 2626 in
1663 2569 1764 2626 Ita-

163 2656 225 2712 lia
239 2659 486 2729 pollebat
509 2679 522 2713 :
549 2662 607 2716 in
627 2676 736 2732 qua
758 2663 1207 2734 interpretatione
1240 2663 1396 2720 facile
1409 2665 1757 2736 vapulabunt,

163 2751 202 2805 si
229 2753 685 2820 grammaticulus
723 2754 919 2825 aliquis
957 2755 1124 2812 verba
1161 2755 1478 2826 Luitprandi
1518 2755 1762 2813 exactius

163 2843 296 2913 legat
324 2863 338 2898 :
375 2845 488 2901 Per
514 2846 658 2902 idem
688 2857 886 2921 tempus
916 2848 1236 2905 Ravennatis
1269 2851 1428 2915 sedis,
1463 2851 1552 2924 qui
1577 2867 1762 2906 secun-

161 2934 251 2991 dus
272 2946 396 3008 post
434 2936 728 2993 Romanum
769 2940 1076 2996 Archierum
1117 2941 1575 3013 arcltiprtesulatus
1603 2941 1762 2998 habe-

162 3028 338 3091 batur,
379 3027 571 3083 Petrus
606 3031 968 3102 pontiﬁcatum
1012 3033 1246 3099 tenebat;
1277 3049 1438 3090 nemo
1466 3034 1611 3090 enim
1648 3049 1759 3090 non

162 3119 318 3174 videt
338 3121 402 3175 τὸ
423 3137 516 3190 per
540 3121 668 3176 idem
693 3130 892 3194 tempus
922 3140 1030 3180 non
1059 3124 1252 3182 referri
1286 3127 1354 3182 ad
1399 3127 1758 3184 existimatio-

158 3225 283 3264 nem
327 3210 562 3266 secundi
604 3213 1092 3284 archipraesulatus,
1129 3216 1225 3272 sed
1265 3217 1334 3272 ad
1373 3216 1595 3274 Petrum
1630 3226 1761 3273 tunc

1867 2033 2009 2079 trum
2032 2022 2425 2096 Chrysologum
2453 2025 2596 2080 circa
2625 2025 2780 2079 istius
2814 2023 2996 2079 saeculi
3036 2023 3290 2078 medium.
3335 2021 3456 2077 Non

1865 2132 2054 2174 omnes
2081 2125 2264 2172 tamen
2287 2117 2342 2171 in
2370 2115 2707 2189 Chrysologo
2730 2117 2850 2186 pari
2887 2131 3051 2170 sensu
3083 2114 3452 2179 conveniunt;

1864 2224 2098 2278 namque
2120 2208 2442 2265 Bacchinius
2465 2208 2659 2281 (quem
2674 2215 2893 2264 secutus
2915 2216 3000 2262 est
3027 2205 3317 2262 Pastrizius
3344 2207 3456 2276 qui-

1862 2299 2017 2366 dam,
2052 2306 2243 2354 auctor
2275 2299 2671 2356 dissertationis
2710 2299 2778 2354 de
2818 2296 3022 2354 Patena
3056 2305 3310 2367 argentea
3347 2296 3457 2352 divi

1861 2389 2220 2464 Chrysologi)
2261 2407 2290 2445 a
2331 2391 2690 2448 communiori
2727 2391 3018 2457 recedens,
3062 2389 3296 2460 primum
3329 2389 3455 2459 qui-

1860 2483 1985 2540 dem
2023 2484 2564 2554 metropolitanorum
2593 2483 2794 2554 jurium
2837 2482 3157 2539 exercitium
3189 2479 3316 2536 huic
3350 2494 3454 2534 no-

1860 2583 1976 2633 stro
2017 2574 2275 2633 Ecclesiae
2317 2575 2528 2631 doctori
2569 2575 2844 2641 attribuit,
2889 2572 2985 2628 sed
3023 2579 3185 2641 negat
3221 2570 3454 2640 primum

1861 2668 2338 2738 metropolitanum
2361 2667 2511 2722 illum
2540 2651 2735 2731 fuisse,
2765 2663 3100 2734 distinguens
3134 2661 3284 2716 initia
3313 2676 3345 2714 a
3367 2659 3452 2714 di-

1859 2761 2079 2829 gnitatis
2109 2759 2389 2816 exercitio.
2425 2757 2664 2813 Primum
2706 2764 2884 2812 autem
2919 2755 3011 2824 qui
3051 2752 3120 2808 ad
3160 2768 3284 2808 eum
3324 2765 3451 2821 gra-

1859 2853 1988 2909 dum
2010 2853 2335 2918 ascenderit,
2367 2851 2648 2908 constituit
2672 2847 2994 2905 Bacchinius
3020 2845 3286 2901 Joannem
3319 2857 3450 2914 cog-

1859 2947 2080 3002 nomine
2107 2945 2484 3014 Angeloptem,
2514 2941 2884 2998 immediatnm
2929 2935 3250 3010 Chrysologi
3295 2945 3452 2991 antc-

1859 3051 2132 3094 cessorem
2162 3037 2216 3091 in
2237 3035 2496 3092 cathedra
2527 3029 2946 3088 Ravennatensi.

1931 3127 2020 3183 93.
2061 3126 2494 3182 Fundamentum
2541 3120 2930 3179 communioris
2971 3117 3281 3189 opinionis,
3329 3129 3452 3184 quin

1859 3219 2186 3290 principium
2231 3225 2345 3272 tum
2391 3215 2686 3285 dignitatis,
2731 3220 2846 3268 tum
2889 3208 3137 3267 exercitii
3183 3206 3239 3262 in
3286 3204 3450 3260 Petro

161 3301 437 3357 Ravennae
477 3303 858 3374 pontificatum
904 3315 1211 3376 tenentem,
1263 3309 1350 3365 cui
1401 3308 1564 3366 Petro
1620 3309 1756 3365 nihil
1784 3294 1830 3358 C
1858 3309 2192 3383 Chrysologo
2212 3308 2574 3378 recognoscit,
2603 3304 2904 3362 desumitur
2938 3300 3161 3358 omnino
3209 3314 3278 3354 ex
3307 3297 3452 3352 illius

164 3394 378 3448 omnino
407 3403 534 3450 erat
574 3411 698 3452 cum
738 3396 986 3455 Romana
1026 3401 1492 3472 impudentissima
1531 3401 1750 3459 femina.

165 3483 222 3539 Si
244 3492 420 3540 autem
451 3501 790 3544 summorum
817 3490 1138 3560 pontificum
1178 3493 1490 3548 testimonia
1518 3494 1757 3550 adduxe-

162 3577 343 3640 rimus,
369 3579 694 3634 vocantium
733 3579 1146 3656 Primogenitam
1173 3584 1316 3641 inter
1351 3583 1609 3642 Romamn
1647 3585 1756 3643 Ec-

164 3668 333 3724 clesiae
361 3669 525 3737 filias,
559 3669 934 3728 Ravennatem
960 3673 1286 3742 Ecclesiam;
1330 3677 1376 3732 si
1403 3677 1758 3747 imperatores

163 3777 276 3816 eam
299 3763 647 3833 appellantes
675 3765 964 3820 maximam
975 3774 1101 3836 post
1113 3766 1413 3822 Romanam
1425 3766 1724 3824 Ecclesiam
1739 3785 1754 3835 ;

164 3870 289 3924 quas
329 3855 544 3922 turbas,
591 3855 736 3912 Deus
766 3857 938 3913 bone!
984 3859 1288 3914 excitarent
1325 3858 1757 3916 Mediolanenses

165 3953 346 4001 contra
374 3945 697 4015 hujusmodi
723 3947 1082 4005 documenta?
1109 3948 1310 4005 Verum
1349 3949 1433 4005 his
1474 3965 1579 4005 non
1622 3951 1757 4005 insi-

163 4038 366 4093 stimus.
389 4037 644 4094 Sulliciat
667 4038 1032 4096 Clementinas
1060 4041 1270 4098 litteras
1298 4057 1330 4096 a
1358 4040 1608 4098 falsitatis
1629 4051 1757 4098 nota

166 4128 469 4185 vindicasse
490 4171 507 4196 ,
543 4129 779 4186 sufliciat
819 4131 875 4186 in
908 4131 1150 4188 Romana
1185 4132 1394 4205 synodo
1435 4149 1466 4188 a
1499 4149 1755 4204 supremo

165 4219 416 4291 pontiﬁce
444 4222 808 4292 praebabitum
828 4222 994 4280 fuisse
1020 4224 1391 4282 Ravennatem
1411 4241 1526 4298 prae
1557 4225 1757 4282 Medio-

161 4313 364 4372 lanensi
391 4315 693 4388 episcopo,
725 4315 968 4372 fortassis
1008 4318 1076 4373 ad
1110 4318 1438 4376 evidentiam
1467 4319 1748 4391 probasse.

776 4428 1006 4486 CAPUT
1041 4431 1127 4486 Ill.

167 4515 300 4582 Quid
324 4521 546 4592 opinari
575 4520 729 4598 liceat
750 4520 815 4598 de
839 4523 1038 4598 origine
1065 4525 1455 4596 metropolitica:
1482 4525 1751 4598 dignitatis

583 4593 642 4644 in
660 4589 901 4647 Ecclesia
920 4589 1345 4650 'Ravennate'nse.

1859 3403 2084 3460 homilia
2115 3401 2238 3469 175,
2272 3416 2435 3471 quam
2467 3402 2521 3455 in
2565 3397 2978 3455 consecratione
3023 3391 3322 3448 Marcellini
3351 3389 3451 3444 Vi-

1861 3495 2199 3551 cohabentiie
2227 3493 2431 3565 (modo
2474 3488 2773 3559 Ferrarite)
2804 3487 3046 3560 episcopi
3075 3485 3145 3540 ad
3186 3483 3449 3556 populum

1861 3587 2233 3642 Ravennatem
2261 3585 2469 3641 habuit.
2500 3584 2664 3639 Aiunt
2692 3581 2836 3637 enim
2877 3577 3141 3648 ejusmodi
3170 3575 3453 3632 sententia

1859 3677 2100 3732 fautores
2122 3675 2353 3731 laudatae
2380 3673 2612 3729 homilia:
2631 3672 2795 3728 verba
2817 3685 2924 3726 non
2947 3668 3193 3734 obscure,
3210 3681 3318 3720 non
3347 3663 3450 3719 du-

1859 3769 1968 3833 bie,
1997 3769 2092 3826 sed
2121 3768 2458 3840 apertissime
2485 3767 2722 3822 indicare
2744 3805 2760 3828 ,
2809 3762 3177 3818 Marcellinum
3215 3759 3451 3832 primum

1857 3862 2026 3919 fuisse
2053 3863 2146 3931 qui
2175 3877 2206 3916 a
2232 3860 2548 3916 Ravennate
2587 3857 2830 3914 Ecclesia
2858 3853 3284 3912 consecrationis
3325 3865 3449 3905 mu-

1860 3971 1961 4010 nus
1989 3954 2263 4023 acciperet
2307 3968 2375 4008 ex
2403 3951 2623 4006 decreto
2651 3951 2794 4005 sedis
2839 3947 3148 4020 apostolicae
3165 3987 3180 4012 ,
3211 3946 3450 4000 interce-

1858 4046 2018 4102 dente
2064 4046 2410 4114 imperatore.
2458 4042 2527 4096 Et
2571 4057 2641 4097 ne
2683 4042 2839 4096 aliter
2865 4035 3257 4108 interpretandi
3295 4033 3450 4090 locus

1858 4141 2188 4199 remaneret,
2222 4141 2521 4205 comparat,
2548 4133 2717 4199 aiunt,
2745 4131 2939 4186 Petrus
2957 4127 3320 4200 Chrysologus
3338 4123 3450 4196 pri-

1858 4242 2004 4280 mam
2032 4226 2174 4282 hanc
2197 4225 2264 4280 ab
2285 4224 2528 4280 Ecclesia
2558 4222 2871 4278 Ravennate
2899 4218 3226 4290 impertitam
3255 4229 3448 4272 conse-

1858 4320 2156 4375 crationem
2184 4319 2549 4374 sacratissimo
2577 4317 2759 4371 Maria}.
2777 4315 2971 4386 partui,
2990 4314 3046 4369 in
3071 4311 3225 4382 cujus
3251 4311 3423 4367 solem
3449 4339 3456 4350 λ

1859 4413 1964 4466 niis
2003 4419 2309 4482 opportune
2353 4411 2468 4465 litec
2513 4408 2848 4464 consecratio
2903 4406 3172 4462 ceciderat
3221 4422 3234 4457 :
3285 4404 3430 4460 sicut

1858 4505 2003 4559 enim
2047 4511 2170 4572 post
2215 4502 2448 4558 edictum
2493 4500 2720 4556 Cmsaris
2763 4498 3002 4569 pagani,
3036 4497 3206 4552 Maria
3252 4495 3452 4551 Filium

1858 4610 2014 4650 suum
2042 4594 2460 4665 primogenitum
2478 4597 2790 4663 pepererat,
2822 4591 2895 4644 ita
2921 4595 3146 4660 propter
3170 4586 3452 4642 decretum

227 4680 512 4739 Hactenus
546 4697 650 4754 pro
675 4682 1011 4739 vindicandis
1046 4682 1374 4740 Ravennatis
1399 4685 1653 4742 Ecclesiae
1684 4687 1752 4740 li-
1778 4680 1832 4742 D
1857 4687 1967 4743 divi
1997 4685 2178 4752 Petri,
2211 4693 2267 4740 et
2303 4685 2529 4740 Caesaris
2555 4683 2849 4738 Christiani
2876 4683 3108 4752 primum
3137 4680 3192 4734 iu
3223 4678 3453 4736 Marcel—

166 4774 368 4832 bertate
397 4784 461 4832 et
480 4777 743 4833 sessionis
757 4779 1131 4849 praerogativa,
1146 4779 1388 4835 cominus
1417 4779 1753 4835 decertatum

167 4874 242 4921 est
265 4883 390 4922 cum
420 4867 936 4924 Mediolanensibus.
969 4867 1131 4924 Modo
1159 4878 1340 4924 autem
1377 4884 1539 4940 super
1563 4869 1749 4936 initiis,

165 4972 251 5012 seu
283 4958 502 5027 origine
536 4957 654 5027 ejus
692 4959 1105 5030 metropoliticae
1139 4959 1415 5029 dignitatis
1447 4953 1752 5017 sermonem

163 5049 390 5105 habituri
421 5050 662 5121 partium
703 5053 878 5108 studia
917 5052 1267 5123 deponimus;
1299 5069 1578 5109 versamur
1605 5055 1752 5110 enim

164 5140 212 5195 in
239 5158 302 5197 re
342 5141 488 5197 adeo
529 5143 770 5214 ancipiti,
813 5151 978 5214 atque
1017 5143 1072 5199 in
1115 5151 1264 5198 tanta
1305 5145 1754 5201 documentorum

161 5233 440 5296 charitate,
461 5240 523 5288 ut
553 5234 684 5289 nihil
704 5235 858 5302 certi,
881 5235 1014 5290 nihil
1041 5234 1186 5304 quod
1215 5235 1446 5290 indubia:
1473 5232 1595 5289 ﬁdei
1625 5250 1751 5306 spe-

162 5325 286 5379 ciem
312 5341 431 5397 prte
461 5341 523 5382 se
548 5323 705 5392 ferat,
724 5326 865 5382 inter
890 5335 972 5382 tot
997 5327 1196 5382 densas
1222 5327 1448 5382 nebulas
1475 5326 1636 5381 liceat
1662 5326 1747 5381 in-

160 5419 472 5489 trospicere.
516 5415 631 5474 Nos
671 5417 836 5486 igitur
874 5418 1114 5474 diversas
1147 5425 1429 5473 auctorum
1468 5417 1752 5488 opiniones

160 5522 450 5582 earumque
477 5510 727 5566 rationes
755 5509 1095 5566 solummodo
1138 5507 1345 5564 referre
1375 5516 1537 5579 atque
1564 5509 1752 5579 expla-

159 5614 278 5656 nare
301 5600 553 5658 contenti
599 5599 831 5667 erimus;
867 5600 1068 5655 nullam
1096 5615 1228 5656 vero
1262 5615 1570 5670 sequemur,
1614 5616 1746 5670 pru-

160 5690 456 5748 dentiorum
497 5692 710 5763 judicio
742 5691 1052 5746 alterutrius
1090 5691 1460 5761 praestantiam
1499 5691 1750 5746 commit-

159 5791 328 5842 tentes
351 5785 769 5842 declarandam.
805 5782 973 5839 Porro
1001 5785 1136 5839 duas
1165 5799 1284 5839 esse
1317 5785 1385 5838 de
1413 5785 1517 5838 hac
1545 5785 1752 5854 origine

163 5879 433 5947 opiniones
455 5879 740 5937 neminem
767 5877 900 5936 latet
934 5897 945 5936 :
985 5879 1184 5947 altera,
1221 5893 1382 5947 quain
1416 5879 1751 5936 communio-

1854 4779 1969 4834 lino
1998 4779 2167 4833 lilium
2198 4777 2445 4848 pariebat
2470 4775 2713 4832 Ecclesia
2740 4773 3062 4838 Ravennas;
3093 4779 3150 4827 et
3196 4769 3454 4840 quemad-

1854 4869 2078 4926 modum
2122 4870 2298 4940 primo
2345 4867 2525 4922 Maria:
2565 4882 2702 4938 opus
2746 4866 2847 4920 fuit
2883 4863 3078 4936 Sponsi
3119 4860 3449 4918 sanctissimi

1853 4961 2160 5016 dubietates
2180 4973 2437 5028 superare
2461 4999 2475 5024 ,
2499 4957 2693 5012 deinde
2711 4959 2872 5026 longe
2899 4972 2931 5010 a
2959 4955 3194 5026 propriis
3220 4952 3446 5016 laribus,

1855 5054 1998 5108 inter
2024 5052 2218 5108 hiemis
2237 5052 2461 5119 rigores,
2504 5065 2789 5118 rerumque
2817 5048 3058 5103 omnium
3086 5043 3448 5107 difficultates,

1852 5145 2092 5200 divinum
2122 5150 2337 5213 partum
2367 5143 2421 5196 in
2460 5142 2636 5197 lucem
2664 5141 2930 5204 emittere,
2962 5136 3329 5209 pariformiter
3356 5132 3445 5186 in-

1853 5244 1938 5290 ter
1966 5233 2442 5298 contradictiones,
2473 5247 2592 5301 quin
2621 5232 2876 5302 episc0po
2906 5223 3290 5282 Mediolanensi
3319 5233 3453 5277 tunc

1853 5326 2256 5382 Vicoliabentite
2283 5325 2702 5394 metropolitano
2725 5324 3049 5386 tribuuntur,
3073 5318 3278 5388 primos
3293 5329 3456 5370 nova:

1849 5415 2240 5487 iurisdictionis
2263 5422 2435 5480 actus,
2449 5417 2678 5485 primam
2694 5427 2887 5482 nempe
2907 5407 3320 5465 consecratione
3335 5408 3464 5477 epi-

1853 5509 2006 5580 scopi
2032 5507 2358 5577 suffraganei
2389 5522 2527 5560 nova
2572 5513 2746 5560 mater
2773 5500 3047 5573 produxit.
3093 5497 3214 5553 Tali
3249 5511 3452 5568 prope-

1853 5600 2074 5656 modum
2096 5599 2457 5670 explicatione
2484 5597 2762 5652 declarant
2788 5592 3086 5649 doctissimi
3129 5591 3304 5648 critici
3333 5590 3452 5644 haec

1853 5692 2019 5749 verba
2055 5689 2377 5764 Chrysologi
2422 5709 2434 5743 :
2477 5688 2667 5743 Omnia
2709 5685 2916 5759 quidem
2943 5703 3116 5741 rerum
3167 5681 3457 5756 primordia

1852 5792 1974 5839 sunt
2008 5783 2165 5848 dura,
2220 5783 2312 5838 sed
2367 5782 2578 5835 duriora
2619 5790 2740 5833 sunt
2788 5777 3080 5851 primordia
3133 5774 3449 5849 generantis.

1855 5879 2055 5934 Sancta
2090 5876 2326 5930 Ecclesia
2366 5873 2640 5932 Ravenna:
2659 5915 2674 5946 ,
2706 5883 2762 5929 ut
2785 5876 3014 5942 primum
3044 5878 3288 5941 pareret,
3324 5869 3455 5925 viam
