3964 6350
1375 421 1443 476 ΙΝ
1483 421 1541 476 S.
1587 417 1865 474 PETBUM
1903 414 2418 477 CllRYSOLOGUM
2456 416 2990 476 PBOLEGOMENA.

3738 421 3845 478 155

555 526 653 590 lini
681 535 1178 602 consecrationem;
1210 537 1253 591 si
1277 535 1420 590 enim
1440 549 1629 590 verum
1659 541 1771 599 est,
1814 540 1875 588 ut
1901 548 2028 588 mox
2057 531 2140 587 di-
2165 535 2218 592 Α
2243 532 2465 601 quidem
2504 533 2750 604 opinioni
2789 549 2900 589 non
2941 533 3266 590 assentimur
3306 549 3426 590 cum
3467 535 3843 603 Tillemontio,

553 629 759 695 ceruus,
787 645 1001 685 sacram
1029 631 1171 685 hanc
1209 627 1647 684 benedictionem
1694 626 1946 682 collatam
1979 625 2140 679 Vico-

551 721 849 776 habentino
897 720 1061 777 fuisse
1099 721 1154 775 in
1199 720 1472 775 Natalitiis
1523 719 1741 775 Domini
1794 717 1965 774 nostri
2011 715 2138 771 Jesu

549 809 750 867 Christi
780 828 868 867 an.
898 809 1021 877 450,
1053 811 1140 866 vel
1166 811 1348 882 potius
1375 809 1497 878 449,
1521 811 1711 882 paucis
1739 817 1865 866 ante
1901 801 2137 880 Chryse-'-

549 903 658 972 logi
686 903 888 958 obitum
916 902 1189 958 mensibus
1213 920 1226 968 ;
1257 917 1460 957 verone
1487 901 1663 956 simile
1689 900 1796 956 dici
1817 906 1996 970 potest
2019 907 2136 954 tan-

548 1001 604 1048 to
634 1009 897 1049 annorum
935 994 1222 1050 intervallo
1263 994 1468 1049 nullum
1509 993 1674 1048 alium
1721 1007 1832 1048 sua
1859 991 2135 1061 dignitatis

545 1099 738 1140 munus
767 1083 1075 1142 exercuisse
1116 1086 1172 1141 in
1222 1085 1503 1155 provincia
1517 1085 1548 1138 τ’
1581 1083 1838 1147 Vacavit,
1883 1083 2010 1138 dum
2044 1083 2135 1137 ille

544 1177 776 1243 sederet,
802 1177 1116 1234 Placentina
1144 1176 1406 1244 Ecclesia,
1438 1185 1495 1233 et
1521 1177 1728 1234 electus
1755 1193 1844 1232 an.
1876 1175 1982 1231 459
2008 1175 2133 1230 Flo-

543 1270 744 1324 rianus.
769 1269 995 1326 Vacavit
1021 1270 1410 1336 Bononiensis,
1441 1278 1774 1340 vocatusque
1821 1269 1890 1324 ad
1918 1269 2130 1339 episce-

541 1369 728 1432 patum
750 1361 1036 1429 Adrianus,
1060 1363 1145 1418 vel
1174 1363 1220 1419 si
1241 1364 1362 1432 quis
1382 1363 1523 1418 alter
1533 1370 1724 1419 sancto
1737 1361 1996 1417 Petronio
2010 1375 2131 1416 suc-

542 1454 704 1511 cessit
761 1455 906 1510 circa
960 1470 1160 1509 annum
1213 1452 1338 1508 450.
1391 1455 1526 1510 Item
1566 1454 1785 1510 vacavit
1827 1452 2131 1523 Foropopi-

541 1545 724 1601 liensis
753 1544 1013 1613 Ecclesia,
1047 1547 1176 1602 item
1203 1545 1558 1606 Arimineusis
1589 1545 1733 1618 (non
1761 1544 1958 1600 desunt
1985 1544 2130 1599 enim

541 1639 634 1708 qui
662 1640 803 1694 hanc
831 1653 1051 1710 quoque
1089 1641 1233 1696 inter
1259 1639 1535 1696 Ravennae
1582 1638 1952 1709 sulfraganeas
1992 1639 2133 1694 anti-

539 1731 723 1802 quitus
742 1743 1080 1789 numeratam
1108 1734 1330 1806 velint),
1360 1734 1581 1790 tandem
1608 1733 1692 1788 bis
1724 1732 1940 1788 vacavit
1985 1731 2129 1786 lmo-

540 1821 725 1883 lensis.
757 1825 984 1892 Quando
1013 1826 1176 1895 igitur
1203 1825 1419 1880 illorum
1446 1824 1765 1882 saeculorum
1792 1823 2131 1894 disciplinam

2243 625 2459 681 Baronii
2477 664 2492 691 ,
2535 626 2787 696 inquam,
2818 628 3058 698 putantis
3086 625 3394 697 Projectum
3423 627 3568 684 hunc
3607 627 3844 686 lmolen-

2241 733 2357 774 sem
2387 718 2551 776 fuisse
2578 720 2728 775 illum
2757 721 2930 791 ipsum
2959 735 3118 790 quem
3148 719 3432 791 Ephesium
3462 720 3674 793 synodo
3705 737 3844 791 prte-

2241 811 2444 868 sedisse
2470 812 2697 881 legimus
2736 811 2892 868 Sedis
2931 813 3241 882 apostolicae
3279 813 3544 882 legatum;
3591 820 3844 883 tempore

2242 904 2384 958 enim
2413 903 2572 974 hujus
2600 904 2834 968 concilii,
2859 920 3002 958 anno
3021 903 3228 958 scilicet
3253 903 3375 967 451,
3402 903 3646 959 nondum
3665 902 3842 975 Chry-

2239 995 2476 1064 sologus,
2508 996 2598 1065 qui
2629 994 2938 1066 Projectum
2979 995 3301 1050 lmolensem
3339 996 3645 1050 certissime
3689 995 3842 1050 ordi-

2236 1089 2404 1154 navit,
2429 1089 2680 1144 inuoctus
2707 1087 2883 1144 fuerat
2915 1087 3309 1143 Ravennatium
3337 1087 3580 1143 antistes.
3633 1087 3843 1148 Verum

2235 1178 2367 1232 nihil
2408 1179 2661 1248 prohibet
2698 1179 2828 1248 quin
2868 1193 3049 1235 rerum
3090 1177 3371 1234 lmolensis
3403 1177 3663 1235 Ecclesia:
3705 1179 3844 1234 scri-

2234 1269 2483 1341 ptoribus
2517 1270 2903 1337 adhzereamus,
2936 1270 3328 1326 affirmantibus
3363 1271 3842 1327 consecrationem

2235 1360 2470 1431 Projecti
2493 1361 2688 1418 factam
2710 1377 2854 1418 anno
2887 1361 2991 1417 446
3007 1401 3023 1428 ,
3058 1370 3254 1432 quarto
3281 1371 3408 1420 ante
3433 1360 3842 1436 Chrysologum

2235 1453 2544 1510 defunctum
2555 1496 2568 1508 .

2312 1544 2433 1600 104.
2474 1546 2756 1612 Quomodo
2803 1560 2968 1616 ergo,
3015 1543 3156 1602 forte
3204 1546 3557 1616 redargueret
3606 1546 3843 1602 Bacchi-

2239 1636 2379 1702 nius,
2409 1638 2625 1692 vocavit
2653 1637 2742 1694 hic
2761 1635 2818 1692 S.
2852 1637 3048 1693 doctor
3061 1637 3427 1693 Marcellinum
3454 1635 3720 1694 Ecclesiae
3741 1637 3844 1694 Ra-

2237 1729 2485 1784 vennatis
2518 1729 2753 1800 primum
2783 1726 2950 1784 tilium
2979 1737 3036 1783 et
3063 1727 3518 1799 primogenitum?
3547 1727 3842 1795 Quomodo

2241 1829 2346 1877 toto
2373 1821 2604 1875 veritatis
2647 1821 2851 1874 tramite
2887 1819 3122 1874 ordinem
3150 1830 3331 1891 partus
3359 1820 3520 1874 divini
3557 1819 3843 1876 custodiuit

539 1920 914 1986 attendamus,
939 1919 1008 1974 ad
1044 1916 1439 1991 Chrysologum
1485 1924 1787 1989 spectasset
1825 1924 1882 1972 et
1927 1917 2132 1972 electos
2163 1920 2211 1981 Β
2236 1923 2420 1970 nostra
2447 1912 2686 1969 Ecclesia
2707 1951 2722 1976 ,
2752 1913 2800 1966 si
2833 1911 3179 1967 Marcellinus
3205 1926 3277 1967 ex
3305 1911 3526 1968 decreto
3557 1913 3712 1970 beati
3747 1911 3842 1968 Pe-

537 2013 861 2085 approbare,
885 2020 942 2068 et
968 2013 1016 2069 si
1043 2013 1309 2079 libuisset,
1341 2027 1665 2070 consecrare
1693 2012 1877 2067 etiam.
1907 2009 2135 2081 insuper

537 2113 734 2175 praeter
761 2105 1139 2175 episcoporum
1160 2104 1607 2173 approbationem
1629 2110 1685 2157 et
1711 2101 2128 2168 ordinationem,

536 2212 720 2252 nonne
740 2204 822 2251 tot
849 2211 1116 2251 annorum
1155 2194 1425 2250 curriculo
1457 2194 1666 2264 potuit,
1713 2208 1782 2248 ne
1823 2192 2000 2248 dicam
2029 2192 2129 2248 de-

536 2287 656 2343 buit
681 2286 1045 2359 Chrysologus
1072 2285 1408 2356 provinciale
1429 2284 1649 2354 aliquod
1678 2283 1966 2339 concilium
1986 2283 2131 2339 cele-

535 2378 734 2436 brare?
786 2377 1176 2434 Sacrosanctos
1217 2392 1456 2433 canones
1503 2377 1705 2448 Spiritu
1748 2376 1847 2431 Dei
1880 2376 2130 2432 conditos

537 2471 607 2527 de
632 2469 943 2541 hujusmodi
972 2471 1194 2542 synodis
1214 2470 1428 2538 singulo
1454 2483 1672 2538 quoque
1701 2483 1848 2523 anno
1877 2468 2046 2523 semel
2074 2475 2132 2524 et

535 2565 733 2620 iterum
762 2563 1142 2629 convocandis,
1166 2576 1343 2632 neque
1370 2563 1640 2631 ignorare,
1660 2577 1834 2632 neque
1862 2563 2131 2632 negligere

533 2665 752 2728 poterat
815 2656 1044 2712 eximius
1101 2653 1357 2711 Ecclesia:
1398 2654 1610 2710 doctor.
1657 2654 1878 2709 Demum
1933 2654 1980 2709 si
2032 2669 2131 2725 per

535 2749 741 2806 Italiam
769 2752 1155 2819 universasque
1185 2746 1491 2804 Occidentis
1518 2748 1786 2817 regiones,
1813 2746 1966 2816 jussu
1993 2745 2131 2803 Leo-

535 2843 621 2898 nis
640 2842 837 2912 Magni,
869 2841 1225 2912 provincialia
1266 2840 1496 2895 concilia
1525 2847 1582 2894 et
1614 2838 1908 2894 nationalia
1937 2847 2127 2895 coacta

535 2933 772 2998 fuerunt,
806 2940 866 2986 ut
894 2932 1182 3002 epistolam
1210 2931 1350 2986 tanti
1378 2928 1654 3001 pontiﬁcis
1682 2929 1751 2984 ad
1786 2927 2123 2996 Flavianum,

533 3039 654 3094 quae
685 3039 875 3078 norma
917 3023 1016 3078 fuit
1043 3021 1295 3079 Patribus
1334 3020 1796 3078 Chalcedonensis
1838 3023 2029 3094 synodi
2070 3023 2126 3078 in

534 3116 638 3172 ﬁde
667 3115 988 3182 deﬁnienda,
1021 3117 1388 3187 approbarent
1415 3124 1471 3172 et
1489 3116 1889 3172 subscriberent
1916 3118 2126 3187 episco-

534 3209 589 3279 pi
611 3217 665 3262 et
690 3207 947 3264 Ecclesiae
976 3223 1196 3275 omnes;
1229 3208 1579 3264 inverisimile
1599 3215 1682 3264 est
1699 3207 1946 3278 profecto
1972 3223 2126 3264 man-

2237 2005 2302 2060 tri
2342 2017 2398 2060 et
2436 2004 2657 2061 decreto
2712 2003 2969 2074 principis
3006 2003 3298 2059 Christiani
3335 2003 3542 2074 primus
3573 2020 3690 2060 non
3741 2003 3843 2059 fuit

2231 2097 2324 2168 qui
2353 2113 2384 2152 a
2412 2095 2814 2151 Ravennatensi
2835 2096 3254 2168 metropolitano
3282 2096 3727 2154 benedictionem
3751 2112 3841 2153 ac-

2233 2192 2459 2264 ciperet,
2485 2192 2682 2248 frustra
2711 2193 3112 2250 contranitente
3137 2210 3282 2248 servo
3307 2194 3505 2267 aliqua,
3536 2208 3704 2263 quem
3725 2192 3841 2248 He-

2234 2285 2606 2342 diolauensem
2634 2288 2944 2357 episcopum
2969 2287 3430 2357 interpretantur?
3458 2285 3528 2340 Et
3552 2284 3839 2356 quomodo

2229 2376 2614 2444 verillcabitur,
2640 2378 2776 2435 dura
2804 2394 2923 2435 esse
2951 2379 3104 2434 initia
3131 2395 3312 2435 rerum
3328 2419 3343 2445 ,
3372 2378 3470 2434 sed
3497 2379 3721 2434 duriora
3749 2395 3842 2450 ge-

2231 2472 2462 2526 nerantia
2491 2471 2821 2541 primordia?
2847 2469 3072 2538 Quando
3101 2485 3230 2540 ergo
3259 2472 3317 2526 hi
3344 2468 3670 2543 Chrysologi
3713 2484 3841 2526 sen-

2229 2577 2323 2618 sus
2351 2578 2460 2618 non
2490 2563 2646 2619 aliter
2666 2563 2998 2633 intelligendi
3017 2565 3260 2628 veniunt,
3286 2565 3391 2620 nisi
3419 2563 3488 2619 de
3515 2563 3695 2635 prima
3717 2580 3839 2619 om-

2231 2655 2361 2711 nino
2405 2656 2816 2712 consecratione
2855 2657 3129 2728 episcopi,
3176 2672 3338 2725 quam
3386 2656 3838 2715 Ravennatenses

2232 2750 2498 2805 antistites
2538 2758 2863 2820 peregerunt
2901 2759 3027 2820 post
3067 2749 3319 2821 adeptum
3348 2750 3604 2821 pallium,
3652 2751 3838 2820 potius

2229 2840 2516 2897 dicendum
2547 2851 2690 2898 esset
2711 2857 2922 2900 errasse
2950 2842 3241 2912 scriptores
3269 2843 3358 2899 vel
3376 2844 3468 2913 qui
3490 2843 3560 2899 ad
3580 2842 3838 2898 Natalem

2229 2934 2355 2988 anni
2385 2931 2489 2988 450
2518 2942 2611 2988 aut
2637 2932 2742 2986 449
2779 2933 3148 2989 Marcellinum
3191 2933 3498 2989 ordinatum
3537 2942 3836 3004 protraxe-

2228 3033 2375 3087 runt,
2405 3023 2612 3080 scilicet
2640 3032 2764 3095 post
2792 3023 3121 3094 Projectum,
3158 3025 3246 3080 vel
3273 3025 3365 3093 qui
3394 3023 3711 3094 Proiectum
3741 3040 3832 3079 an.

2229 3115 2333 3170 446
2360 3125 2738 3172 consecratum
2765 3116 2968 3171 dicunt.
3003 3115 3258 3171 Fatemur
3289 3115 3524 3186 ingenue
3551 3131 3664 3171 non
3694 3115 3838 3172 levis

2225 3207 2487 3262 momenti
2527 3222 2648 3263 esse
2681 3207 2958 3263 Bacchinii
2997 3216 3402 3276 argumentum,
3449 3207 3838 3262 universorum

533 3297 658 3351 data
689 3296 886 3353 Leonis
915 3297 984 3352 ad
1001 3296 1394 3369 Chrysologum
1423 3313 1532 3354 non
1561 3299 1906 3368 pervenisse,
1951 3298 2123 3353 viru‘n
2151 3322 2198 3384 ρ
2229 3314 2368 3371 pene
2397 3299 2708 3356 criticorum
2735 3300 3170 3370 interpretationi
3198 3300 3475 3364 innixum,
3507 3315 3610 3368 qua
3644 3297 3838 3371 Chry-

533 3387 676 3457 apud
729 3389 1035 3443 universam
1077 3387 1372 3444 Ecclesium
1426 3389 1691 3460 sapientia
1737 3398 1795 3445 et
1842 3390 2130 3446 sanctitate
2230 3390 2404 3460 sologi
2433 3390 2600 3445 verba
2628 3391 2890 3461 explicari
2928 3389 3119 3445 volunt
3157 3389 3226 3445 de
3252 3389 3427 3461 prima
3463 3389 3682 3445 omnino
3713 3390 3837 3460 epi-

533 3480 1143 3548 commendatissimum;
1167 3497 1397 3551 eumque
1416 3483 1580 3537 etiam
1594 3481 1827 3538 Emiliaa
1846 3498 1912 3538 ac
1929 3481 2128 3538 Flami-

533 3571 635 3628 nia:
654 3571 845 3627 Patres
872 3587 971 3642 pro
1000 3581 1110 3626 tam
1137 3572 1337 3628 celebri
1365 3588 1529 3630 causa
1559 3589 1668 3628 non
1695 3573 2049 3629 coadunasse.

2228 3481 2379 3552 scopi
2399 3483 2830 3537 consecratione.

2299 3570 2422 3626 105.
2463 3573 2746 3637 Attamen,
2797 3573 2996 3629 omissa
3036 3574 3390 3645 responsione
3429 3570 3610 3642 quod,
3656 3570 3832 3626 etiam

602 3665 724 3720 105.
768 3664 952 3720 Tertio
974 3667 1100 3735 quia
1138 3666 1349 3721 etiamsi
1383 3667 1722 3722 consecratio
1759 3667 2002 3738 episcopi
2027 3681 2130 3738 per
2226 3663 2533 3733 hujusmodi
2562 3664 3008 3735 interpretatione
3035 3679 3315 3729 concessa,
3341 3663 3516 3719 adhuc
3536 3670 3831 3718 remanent

529 3756 728 3812 malam
782 3756 1123 3828 hypothesim
1172 3757 1362 3813 unicus
1412 3756 1787 3813 admitteretur
1839 3760 2124 3829 potestatis
2220 3754 2548 3810 inconcussa
2594 3770 2716 3825 quae
2747 3755 2911 3826 paulo
2944 3756 3194 3826 superius
3227 3770 3377 3810 num.
3424 3753 3526 3808 100
3567 3762 3626 3809 et
3666 3768 3828 3825 seqq.

528 3848 938 3919 metropoliticae
978 3857 1162 3914 actus,
1206 3857 1390 3905 tamen
1431 3850 1772 3906 Marcellinus
1800 3867 1909 3907 non
1937 3851 2124 3908 fuisset
2224 3848 2702 3904 animadvertimus
2725 3887 2740 3913 ,
2772 3849 2818 3903 si
2847 3848 3044 3920 stylum
3072 3847 3420 3921 Chrysologi,
3472 3849 3518 3903 si
3563 3845 3832 3918 ﬁguratas

527 3942 734 4015 primus
761 3944 1046 4014 episcopus
1086 3958 1117 3998 a
1156 3941 1491 4016 Chrysologo
1531 3951 1900 4016 consecratus.
1945 3944 2121 4000 Adea-
2221 3939 2512 4010 eloquendi
2539 3938 2818 4004 formulas,
2850 3955 3147 4011 sensusque
3175 3939 3590 4012 perpendimus,
3625 3939 3833 4009 quibus

525 4014 668 4081 inus,
698 4028 902 4084 quaeso,
940 4022 1191 4071 auctores
1212 4014 1304 4084 qui
1330 4014 1398 4070 de
1427 4015 1520 4070 illo
1552 4015 1955 4072 Vicohabentia:
1980 4032 2121 4087 pne-

2237 4039 2280 4086 tt
2301 4032 2590 4101 plurimum
2619 4032 2804 4097 utitur,
2836 4031 3069 4088 fortasse
3097 4033 3154 4087 in
3181 4040 3298 4086 toto
3329 4032 3509 4100 rigore
3534 4045 3648 4086 non
3676 4031 3833 4086 vide-

523 4105 642 4162 διιιθ
664 4106 830 4162 verba
855 4105 1058 4162 ίπίιιηι
1085 4124 1098 4161 ³
1130 4122 1256 4162 eum
1285 4122 1474 4162 omnes
1501 4108 1793 4178 opinamur
1826 4124 2117 4165 εοηεθεΐθ·
2219 4123 2420 4178 buntur
2447 4122 2850 4192 interpretanda
2879 4123 3039 4178 allata
3066 4122 3185 4193 ejus
3211 4121 3394 4178 verba.
3417 4121 3539 4176 Filii
3558 4121 3834 4178 Ecclesiae

520 4205 640 4253 tum
669 4197 830 4254 fuisse
863 4205 1096 4254 exeunte
1129 4213 1273 4254 anno
1301 4196 1438 4263 450,
1480 4200 1534 4254 in
1568 4199 1836 4255 Natalitiis
1869 4200 2114 4264 Domini;

2237 4213 2377 4268 )runi
2400 4220 2455 4267 et
2481 4212 2825 4282 primogeniti
2853 4221 2980 4268 sunt
3011 4212 3285 4284 episcopi,
3321 4227 3458 4282 quos
3485 4212 3666 4284 primo
3697 4228 3832 4268 om-

518 4288 689 4345 immo
731 4287 990 4359 Ughellus
1031 4290 1299 4361 protrahit
1344 4291 1412 4346 ad
1457 4307 1547 4346 an.
1594 4290 1717 4354 451,
1760 4293 1904 4361 quod
1933 4299 2114 4348 tamen
2218 4303 2368 4358 nium
2401 4301 2641 4358 Ecclesia
2681 4309 2855 4359 mater
2892 4303 3070 4374 parit:
3103 4303 3228 4359 inde
3256 4310 3436 4358 autem
3468 4317 3565 4374 per
3593 4319 3693 4359 eos
3725 4304 3833 4359 ha-

520 4383 865 4451 comprobari
887 4399 994 4438 non
1023 4392 1223 4452 potest,
1256 4384 1358 4439 nisi
1385 4384 1594 4440 initium
1623 4385 1752 4439 anni
1777 4383 1874 4438 451
1907 4385 1975 4441 ab
1997 4385 2115 4456 ipso
2217 4395 2346 4450 bent
2366 4395 2456 4450 alii
2484 4411 2674 4451 omnes
2701 4411 2823 4452 esse
2854 4394 2992 4453 ﬁlios
3023 4405 3186 4452 tantae
3205 4397 3412 4452 matris.
3437 4395 3496 4450 ln
3517 4395 3621 4451 hoc
3650 4412 3833 4454 sensu

517 4471 733 4528 Domini
749 4473 836 4529 die
859 4474 1024 4529 natali
1033 4474 1184 4544 juxta
1207 4476 1587 4531 nonnullorum
1604 4485 1886 4533 auctorum
1907 4493 2114 4534 morem
2216 4487 2506 4557 explicavi;
2531 4487 2861 4557 Augustinus
2882 4488 3049 4545 verba
3069 4487 3158 4542 illa
3180 4486 3374 4558 psalmi
3392 4502 3514 4541 χιιν
3540 4504 3553 4538 ;
3587 4485 3700 4540 Pro
3725 4504 3834 4557 ρα..

515 4574 826 4636 repetatur;
859 4582 968 4623 non
989 4569 1134 4624 enim
1162 4568 1398 4624 dubitari
1425 4577 1606 4640 potest
1637 4571 1766 4640 quin
1801 4571 1962 4641 longe
1989 4581 2117 4628 ante
2219 4577 2379 4632 tribus
2411 4579 2510 4632 tuis
2531 4580 2643 4633 nati
2677 4588 2799 4633 sunt
2823 4579 2914 4633 tibi
2942 4579 3043 4649 ﬁlii
3073 4595 3091 4632 :
3122 4578 3401 4632 constitues
3435 4594 3521 4632 eos
3546 4578 3832 4648 principes

517 4657 682 4714 tinem
702 4660 830 4714 anni
851 4658 949 4713 451
971 4660 1037 4714 ad
1053 4661 1220 4716 caelos
1239 4661 1536 4716 evolaverit
1554 4659 1938 4732 Chrysologus,
1955 4664 2114 4734 eique
2148 4726 2190 4740 _
2216 4683 2371 4738 super
2392 4684 2596 4722 omnem
2625 4677 2834 4723 terram.
2865 4668 3142 4739 Scriptura
3167 4669 3283 4738 ipsa
3311 4685 3418 4723 non
3455 4683 3673 4738 semper
3701 4672 3831 4740 pri-

515 4748 627 4820 jam
655 4751 975 4806 Successerit
1010 4752 1066 4807 in
1105 4752 1420 4822 episcopatu
1447 4751 1632 4816 Neon,
1665 4753 1709 4808 si
1740 4753 2020 4822 epistolam
2050 4755 2106 4811 S.
2139 4726 2195 4786 Β
2218 4726 2462 4832 mogeniti
2501 4777 2696 4816 nomen
2733 4726 3347 4830 intelligit-strictissime
3376 4726 3652 4832 sumptum
3678 4726 3834 4818 εὐί-

513 4838 720 4896 Leonis
741 4842 807 4897 ad
832 4843 976 4898 hunc
1001 4843 1313 4914 episcopum
1341 4857 1428 4898 an.
1455 4841 1552 4896 451
1579 4843 1892 4913 inscriptam
1919 4845 2104 4901 admit-
2218 4870 2399 4925 cesque
2427 4854 2496 4907 ad
2521 4871 2635 4908 eum
2665 4854 3048 4926 (Pharaonem)
3076 4873 3088 4908 :
3120 4854 3290 4910 Filius
3319 4873 3460 4910 meus
3493 4855 3834 4928 primogeni-

511 4944 714 4999 tamus,
745 4935 814 4991 de
840 4951 947 5005 qua
975 4937 1091 4991 sine
1112 4936 1420 4996 rationabili
1454 4934 1837 5003 fundamento,
1876 4945 1936 4991 ut
1975 4939 2106 4994 mihi
2218 4951 2297 4996 tus
2322 4941 2520 5007 Israel;
2551 4943 2662 4998 dixi
2691 4942 2800 5006 tibi,
2835 4943 3052 4998 Dimitte
3085 4944 3252 5014 filium
3290 4962 3490 5008 meum,
3534 4955 3590 4998 ut
3620 4948 3835 5000 seruiat

511 5027 732 5096 quidem
775 5027 1008 5090 videtur,
1053 5028 1318 5085 dubitavit
1359 5029 1699 5085 Bacchinius.
1750 5028 2018 5086 Caeterum
2065 5033 2112 5089 si
2212 5037 2375 5100 mihi,
2408 5045 2458 5090 et
2484 5037 2698 5091 noluisti
2729 5037 2987 5092 dimittere
3025 5055 3171 5104 eum;
3211 5055 3328 5093 ecce
3359 5055 3452 5110 ego
3491 5039 3832 5109 interﬁciant

511 5135 631 5189 qute
659 5128 909 5176 auctores
945 5120 1237 5177 lmolenses
1273 5122 1471 5192 aliique
1491 5123 1724 5193 probant
1751 5124 1950 5194 aliquid
1971 5141 2108 5196 pon-
2213 5130 2379 5200 ﬁlium
2410 5138 2549 5182 tuum
2579 5130 2995 5201 primogenitum.
3026 5129 3122 5185 liis
3150 5138 3331 5185 autem
3365 5130 3546 5186 verbis
3581 5146 3694 5185 non
3728 5148 3832 5190 so-

509 5209 656 5265 dcris
695 5211 930 5277 habent,
983 5219 1202 5268 sanctus
1240 5213 1344 5268 iste
1383 5213 1576 5269 doctor
1614 5223 1918 5272 extremum
1959 5218 2102 5273 diem
2207 5221 2318 5274 lum
2355 5221 2590 5291 appellat
2620 5221 2762 5276 Deus
2790 5219 3047 5276 lsraelem
3072 5222 3291 5277 nomine
3329 5222 3420 5276 lilii
3451 5224 3825 5294 primogeniti,
3915 5249 3917 5261 ι

461 5301 467 5306 ’
509 5301 646 5357 obiit
674 5303 893 5360 ineunte
923 5304 1204 5360 Decembri
1227 5321 1316 5360 an.
1343 5304 1479 5371 450;
1507 5315 1839 5379 quapropter
1881 5309 2106 5364 Marcel-
2208 5312 2304 5367 sed
2345 5321 2405 5366 ut
2443 5311 2694 5367 ostendat
2734 5312 2882 5366 illum
2927 5312 3128 5367 habere
3168 5319 3443 5381 tamquam
3471 5312 3828 5382 primogeni-

507 5391 602 5447 lini
628 5397 966 5451 consecratio
993 5405 1240 5468 spectare
1261 5398 1487 5454 dicenda
1507 5407 1592 5454 est
1617 5399 1684 5455 ad
1720 5399 1972 5456 Natalitia
1995 5402 2104 5458 Do-
2206 5410 2339 5469 tum,
2371 5403 2606 5457 minatur
2631 5404 2916 5466 Pharaoni,
2947 5403 3204 5460 lsraelem
3233 5420 3340 5459 non
3371 5403 3690 5468 dimittenti,
3719 5420 3830 5460 ex-

510 5485 643 5541 mini
671 5502 759 5540 an.
785 5486 908 5553 449,
939 5489 1393 5558 quemadmodum
1417 5491 1564 5548 allati
1598 5501 1847 5550 auctores
1874 5495 2102 5566 opinan-

511 5584 619 5629 tur.
675 5573 874 5631 Contra
932 5595 1064 5634 vero
1111 5581 1158 5636 si
1185 5596 1306 5650 quas
1342 5582 1411 5638 de
1450 5582 1506 5638 S.
1553 5582 1804 5654 Projeeto
1845 5585 2097 5640 lmolensi

510 5667 764 5736 episcopo
793 5668 991 5738 scripta
1020 5679 1162 5735 sunt,
1192 5670 1349 5728 ﬁdem
1379 5685 1674 5742 merentur,
1709 5693 1830 5732 eum
1875 5678 2095 5732 ordina-

510 5758 657 5814 tione
677 5759 834 5828 longe
855 5763 1192 5830 praecessisse
1213 5764 1596 5832 Marcellinum,
1625 5769 1853 5838 ideoque
1877 5785 1902 5821 a
1927 5768 2096 5838 Chry—

431 5889 480 5967 ᾧ
503 5851 695 5920 sologo
726 5853 875 5925 prius
905 5866 1277 5916 consecratum
1306 5862 1549 5929 cogimur
1579 5875 1840 5918 asserere.
1881 5860 2094 5916 Baronii

2207 5585 2308 5646 nis.
2341 5585 2680 5654 primogeniti
2718 5601 2816 5654 pro
2853 5585 3228 5654 primogenito.
3273 5585 3406 5653 Quis
3447 5595 3631 5642 autem
3663 5586 3826 5643 dicat

2206 5775 2288 5820 tas
2316 5767 2441 5820 Jesn
2470 5766 2668 5822 Christi
2699 5768 2866 5822 solius
2891 5783 3019 5823 vere
3049 5771 3267 5839 propria
3297 5770 3510 5836 dicitur,
3536 5779 3593 5824 et
3621 5782 3820 5840 quate-

2207 5495 2514 5550 terminium
2544 5495 2637 5548 lilii
2663 5493 2778 5564 ejus
2806 5495 3149 5565 primogeniti
3168 5537 3182 5563 ,
3216 5497 3369 5566 quasi
3398 5511 3616 5566 poenam
3648 5497 3828 5552 talio-
3913 5477 3915 5523 ξ

2205 5676 2455 5730 lsraelem
2489 5692 2668 5730 verum
2702 5677 2796 5730 Dei
2825 5676 3280 5746 primogenitum?
3309 5677 3432 5732 lla-.c
3456 5693 3586 5732 sane
3629 5678 3824 5748 quali-
3911 5691 3913 5748 ξ

2207 5875 2306 5916 nus
2336 5859 2568 5916 Verbum
2593 5859 2764 5917 Patris
2795 5871 2893 5926 est,
2928 5870 2981 5918 ct
3009 5870 3275 5931 quatenus
3303 5863 3466 5920 homo
3496 5873 3579 5921 est
3600 5904 3613 5928 ,
3650 5873 3712 5920 ut
3741 5879 3817 5924 ex
3909 5921 3911 5936 ,
