3964 6350
221 410 322 467 155

497 405 636 464 105.
675 399 1006 460 AMADESII
1044 397 1496 458 DISSERTATIO
1535 397 1625 453 DE
1664 395 2060 454 METROPOLI
2102 399 2634 460 ECL‘LESIASTICA
2675 399 3233 459 BAVENNATENSI.

3408 401 3512 455 {Si}

218 523 389 580 Paulo
419 523 728 586 didicimus,
763 520 848 575 vel
874 534 998 575 cum
1027 517 1201 586 inquit
1219 516 1286 570 ab
1309 514 1596 571 Hebraeos:
1623 513 1823 567 Etcum
1849 515 1906 576 Α
1927 512 2094 570 filium
2121 515 2536 586 primogenitum
2560 519 2772 589 peperit
2799 517 2986 583 Maria,
3011 518 3084 572 ita
3107 516 3269 572 etiam
3303 514 3514 584 episco-

215 623 406 674 iterum
431 616 720 672 introducit
747 613 1143 686 primogenitum
1174 611 1230 664 in
1259 609 1432 665 orbem
1462 618 1641 673 terraz,
1673 607 1817 673 dicit,

211 721 259 764 et
284 708 514 764 adorent
542 724 658 762 eum
681 722 856 760 omnes
885 703 1058 776 angeli
1079 702 1177 758 Dei
1200 701 1387 773 (Hebr.
1411 719 1448 767 ι,
1474 700 1564 772 6);
1592 701 1679 756 vel
1698 715 1822 756 cum

211 802 396 871 inquit
419 801 492 856 ad
515 799 792 856 Romanos
817 818 830 852 :
859 798 1246 870 Primogenitus
1267 798 1323 851 in
1350 796 1526 852 multis
1549 795 1818 870 fratribus,

211 902 260 946 et
292 892 675 963 primogenitus
704 890 870 945 omnis
893 897 1145 944 creatura:
1175 888 1350 960 (Rom.
1383 904 1500 954 vni,
1535 887 1611 959 9).
1645 887 1824 955 Quare

215 985 349 1040 illud
377 985 718 1057 primoyeniti
759 997 958 1038 nomen
992 981 1177 1037 lsraeli
1219 981 1480 1037 tributum
1513 996 1614 1037 nec
1640 989 1822 1052 potest

215 1092 318 1132 nec
335 1077 505 1133 debet
519 1076 748 1146 intelligi
774 1075 829 1130 in
850 1075 1074 1146 proprio
1096 1081 1153 1130 et
1174 1074 1406 1129 naturali
1430 1089 1611 1130 sensu.
1639 1072 1824 1143 Neque

218 1183 283 1224 eo
324 1175 495 1239 pacto
534 1167 669 1222 illud
714 1166 992 1236 usurpavit
1035 1163 1092 1219 S.
1123 1163 1361 1221 Joannes
1385 1163 1818 1236 Chrysostomus,

217 1275 343 1316 cum
384 1259 530 1314 dixit
560 1277 576 1313 :
606 1258 678 1313 Et
716 1259 976 1331 digressus
1019 1257 1083 1312 ab
1125 1257 1223 1311 hac
1263 1255 1534 1320 Ecclesia,
1579 1256 1648 1310 ad
1673 1255 1822 1311 illam

219 1351 453 1423 per-uenit
476 1389 493 1416 ,
546 1365 663 1423 qua:
711 1358 790 1405 est
837 1349 1302 1421 primogenitorum
1342 1347 1718 1418 descriptorum
1765 1347 1823 1400 in

222 1441 379 1496 caelis.

285 1531 414 1588 106.
457 1530 612 1588 Idem
633 1532 797 1588 dicito
825 1532 894 1587 de
919 1532 1170 1604 unigeniti
1190 1531 1475 1595 vocabulo,
1499 1530 1645 1600 quod
1665 1529 1824 1585 unico

223 1623 329 1678 ﬁlio
357 1624 770 1680 accommodari
803 1623 975 1688 solet,
1017 1630 1072 1678 et
1099 1631 1279 1678 tamen
1315 1621 1623 1677 Abrahamo
1652 1637 1684 1676 a
1711 1621 1825 1676 Deo

221 1714 510 1770 intimatur
535 1733 549 1769 :
578 1713 726 1770 Tolle
745 1714 916 1786 ﬁlium
946 1724 1087 1770 tuum
1113 1715 1457 1786 unigenitum,
1482 1729 1632 1786 quem
1653 1713 1828 1786 diligis

225 1807 450 1862 Isaac...
510 1816 565 1864 et
601 1825 709 1864 non
737 1809 1008 1881 pepercisti
1037 1809 1306 1880 unigenito
1339 1808 1451 1880 ﬁlio
1494 1815 1579 1864 tuo
1620 1817 1829 1880 propter

223 1917 300 1955 me
328 1898 494 1972 (Gen.
526 1917 661 1968 xm,
684 1900 736 1966 ἓ,
771 1900 880 1972 12);
913 1901 986 1966 id,
1011 1901 1250 1971 inquam,
1277 1901 1585 1957 Abrahamo
1609 1899 1824 1966 dicitur,

224 2004 326 2060 quo
352 1999 614 2061 tempore
654 2007 763 2046 non
802 1991 951 2048 lsaac
987 1992 1161 2047 solum
1180 2031 1194 2055 ,
1227 1991 1322 2047 sed
1349 1991 1632 2047 lsmaelem
1659 1989 1832 2061 majo-

223 2097 334 2138 rem
362 2090 503 2138 natu
525 2083 716 2147 filium,
748 2084 875 2138 licet
901 2099 970 2139 ex
995 2083 1100 2138 alia
1141 2082 1375 2153 conjuge
1416 2083 1614 2149 habet,
1657 2082 1731 2136 ita
1771 2089 1833 2136 ut

223 2175 532 2246 respective
579 2175 650 2230 ad
695 2175 1059 2230 Abrahamum
1088 2190 1218 2231 vere
1245 2183 1302 2230 et
1327 2175 1645 2230 naturaliter
1681 2173 1834 2229 Isaac

226 2281 325 2322 non
345 2267 426 2322 sit
453 2267 788 2336 unigenitus.
813 2265 1144 2322 Referuntur
1167 2281 1300 2336 ergo
1327 2266 1656 2338 primogeniti
1681 2280 1835 2320 voca-

226 2357 342 2413 bula
386 2358 450 2413 in
498 2358 682 2414 allatis
721 2357 780 2414 S.
827 2357 1120 2428 Scripturae
1146 2357 1328 2413 verbis
1365 2357 1433 2412 ad
1460 2358 1825 2426 nescioquam

227 2451 491 2521 majorem
513 2452 835 2522 dignitatem
862 2461 919 2506 et
941 2452 1328 2523 praestantiam,
1353 2465 1460 2521 qua
1480 2465 1592 2521 pne
1619 2448 1829 2505 caeteris

228 2546 541 2602 nationibus
567 2546 734 2602 Israel
755 2545 1027 2601 eminebat
1055 2545 1110 2599 in
1129 2544 1438 2614 cognitione
1465 2551 1522 2599 et
1540 2543 1687 2598 cultu
1707 2541 1823 2607 Dei,

227 2653 319 2694 seu
363 2637 434 2692 ad
481 2637 752 2706 majorem
794 2637 892 2692 Dei
935 2651 1178 2692 amorem
1217 2643 1273 2691 et
1307 2635 1693 2704 benignitatem
1721 2648 1828 2703 qua

229 2728 480 2786 lsraelem
505 2744 622 2800 prae
651 2729 770 2784 aliis
795 2728 1052 2798 diligebat
1089 2737 1145 2784 et
1180 2727 1516 2784 custodiebat
1557 2734 1829 2796 tamquam

230 2823 651 2893 primogenitum.
684 2819 868 2876 Potuit
895 2821 1078 2890 itaque
1117 2821 1280 2875 etiam
1312 2817 1679 2891 Chrysologus
1712 2817 1825 2888 pri-

230 2929 376 2968 mum
397 2923 454 2970 et
473 2913 897 2984 primogenitum
918 2911 1176 2968 Ecclesia:
1196 2911 1468 2967 Ravenna:
1488 2910 1677 2973 filium,
1704 2909 1832 2978 figu-

233 3013 354 3060 rate
377 3003 669 3074 loquendo,
693 3019 892 3060 vocare
918 3003 1288 3059 Marcellinum
1306 3041 1322 3067 ,
1365 3001 1733 3073 comparative
1761 2999 1830 3055 ad

245 3097 480 3152 minores
497 3097 824 3162 sacerdotes,
857 3105 913 3153 et
934 3097 1003 3152 ad
1029 3097 1270 3168 reliquos
1291 3096 1359 3152 de
1387 3095 1609 3166 populo,
1639 3101 1696 3150 et
1719 3108 1830 3148 non

238 3190 394 3259 quasi
419 3190 474 3243 in
498 3191 588 3244 illo
619 3191 878 3262 episcopo
905 3188 1147 3246 Ecclesia
1183 3188 1471 3244 Ravennas
1510 3188 1684 3258 prima
1709 3186 1831 3242 vice

1923 624 2072 682 pum,
2095 609 2302 666 scilicet
2322 609 2488 665 lilium
2518 610 2776 680 dignitate
2814 610 3230 682 primogenitum
3257 605 3514 663 Ecclesiae

1923 704 2134 760 inunxit
2178 702 2464 760 Ravennas
2499 706 2954 777 archiepiscopus.
2997 703 3108 762 Cur
3147 711 3327 760 autem
3369 702 3515 760 credi

1923 815 2034 856 non
2081 806 2262 870 potest
2308 799 2761 856 contradictiones
2798 800 2868 856 de
2907 800 3104 870 quibus
3148 796 3516 870 Chrysologns

1922 892 2163 962 loquitur
2209 893 2480 964 respicere
2510 909 2620 948 non
2662 892 3146 950 consecrationem.
3178 889 3512 961 simpliciter,

1923 985 2016 1041 sed
2036 1000 2326 1056 personam
2346 983 2661 1052 Marcellini,
2687 985 2761 1040 ita
2781 992 2842 1040 ιιι
2862 997 3082 1040 necesse
3105 981 3267 1038 fuerit
3287 979 3356 1034 ad
3378 994 3515 1050 pon-

1925 1075 2124 1133 tificem
2153 1085 2315 1148 atque
2339 1078 2408 1132 ad
2444 1074 2710 1132 Caesarem
2758 1073 3071 1146 confugere,
3111 1079 3172 1128 ut
3217 1071 3393 1126 electo
3438 1068 3515 1124 illi

1922 1169 2229 1227 benedictio
2281 1168 2608 1241 episcopalis
2654 1167 2919 1239 impertiri
2963 1163 3239 1236 potuerit?
3295 1160 3518 1216 Licetne

1922 1263 2183 1333 suspicari
2206 1269 2299 1316 aut
2336 1261 2608 1330 conjicere
2638 1258 3096 1315 contradictiones
3123 1255 3272 1318 illas,
3303 1251 3518 1324 quales-

1924 1369 2155 1424 cumque
2182 1353 2399 1418 fuerint,
2425 1368 2493 1408 ex
2512 1352 2701 1407 humili
2727 1348 3025 1406 Marcelliani
3047 1345 3357 1403 conditione
3376 1341 3519 1398 deri-

1925 1461 2102 1510 vasse,
2133 1461 2293 1516 quem
2337 1461 2446 1501 non
2480 1445 2583 1500 nisi
2615 1443 2940 1514 piscatorem
2965 1447 3022 1496 et
3057 1437 3198 1494 forte
3231 1443 3519 1491 nxoratum

1923 1541 2090 1596 verba
2110 1539 2427 1612 Chrysologi
2457 1539 2695 1596 indicare
2720 1537 2992 1601 videntur,
3023 1541 3186 1604 atque
3213 1531 3350 1588 adeo
3371 1531 3518 1586 clero

1927 1640 1983 1689 et
2006 1632 2445 1692 Vicohabentinis
2467 1630 2820 1702 despectum?

1999 1723 2125 1780 108.
2164 1723 2222 1780 Si
2249 1731 2431 1779 autem
2459 1738 2558 1778 nos
2583 1728 2801 1791 urgeret
2819 1718 3160 1782 Baccbinius,
3183 1712 3522 1772 strictissime

1931 1825 1987 1872 et
2023 1817 2080 1872 in
2119 1815 2368 1871 omnibus
2407 1812 2824 1871 circumstantiis
2851 1817 3064 1882 partum
3091 1807 3271 1880 partui
3302 1817 3522 1874 compa-

1931 1924 2072 1974 rare,
2103 1907 2332 1965 fortasse
2360 1906 2823 1979 comparationem
2844 1904 3002 1960 istam
3024 1908 3213 1958 contra
3234 1897 3378 1954 illius
3405 1894 3522 1966 opi-

1933 2001 2151 2056 nionem
2200 2015 2480 2070 possemus
2519 1999 2858 2068 aliquatenus
2905 2003 3240 2064 retorquere.
3291 1989 3426 2044 Nam
3479 1985 3523 2042 si

1935 2104 2039 2151 toto
2067 2097 2296 2151 ueritatis
2336 2095 2539 2149 tramite
2581 2091 2815 2147 ordinent
2851 2098 3031 2163 partus
3069 2086 3230 2141 divini
3267 2079 3524 2137 custodire

1932 2189 2165 2244 debebat
2208 2187 2452 2243 Ecclesia
2499 2185 2815 2250 Ravennas,
2869 2180 3051 2236 videat
3091 2173 3410 2232 Bacchinius
3455 2185 3526 2225 ne

1932 2283 2267 2354 Hieronymo
2294 2279 2484 2334 Rubeo
2511 2277 2736 2348 ejusque
2763 2273 3062 2330 fautoribus
3087 2270 3229 2325 viam
3256 2265 3436 2328 faciat,
3459 2261 3528 2354 ad

1931 2371 2238 2430 revocanda
2275 2386 2376 2441 per
2419 2385 2540 2425 eam
2581 2365 3045 2438 comparationem
3085 2361 3409 2430 impugnata:
3445 2353 3530 2409 di-

1933 2465 2155 2536 gnitatis
2180 2463 2333 2518 initia
2358 2461 2425 2516 ad
2447 2469 2694 2531 tempora
2715 2456 3031 2529 apostolica.
3058 2452 3127 2507 Et
3153 2465 3342 2507 revera
3370 2445 3529 2503 sicuti

1933 2560 2192 2614 decretum
2221 2555 2443 2612 Caesaris
2461 2555 2657 2626 pagani
2678 2567 2787 2608 non
2809 2548 2996 2604 tribuit
3015 2545 3197 2601 Mariae
3220 2541 3530 2599 facultatem

1932 2651 2176 2724 pariendi
2205 2648 2630 2722 primogenitum,
2660 2659 2824 2715 quem
2843 2640 3130 2714 purissima
3166 2638 3284 2707 ejus
3321 2634 3530 2690 viscera

1929 2745 2042 2814 jam
2071 2757 2267 2798 novem
2296 2754 2508 2796 menses
2527 2737 2830 2808 gestabant,
2861 2732 3121 2803 cujusque
3146 2734 3321 2782 mater
3357 2736 3528 2792 usque

1933 2837 2002 2892 ab
2022 2835 2240 2891 aeternis
2267 2834 2478 2889 saeculis
2503 2832 2678 2888 electa
2711 2828 2918 2894 fuerat,
2959 2826 3032 2880 ita
3062 2837 3238 2893 neque
3272 2819 3531 2875 decretum

1937 2929 2001 2984 B.
2035 2927 2215 2993 Petri,
2260 2927 2519 2982 decretum
2559 2924 2812 2996 principis
2840 2918 3123 2977 Christiani
3150 2913 3404 2970 Ecclesia:
3432 2909 3532 2964 Ra-

1935 3021 2159 3078 vennati
2189 3019 2417 3075 contulit
2455 3017 2766 3073 facultatem
2805 3014 2980 3084 prima
3027 3010 3145 3065 vice
3180 2999 3531 3063 consecrandi

1938 3116 2252 3186 episcopum
2279 3111 2676 3181 suifraganeum
2698 3111 2753 3164 in
2783 3105 3128 3169 Marcellino;
3159 3117 3225 3158 ea
3245 3099 3388 3156 enim
3411 3095 3532 3168 pol-

1937 3209 2084 3264 lebat
2112 3223 2142 3261 a
2171 3207 2360 3276 primis
2388 3203 2644 3259 Ecclesiae
2671 3199 3026 3271 temporibus.
3056 3196 3227 3250 Immo
3265 3207 3331 3247 eo
3367 3187 3532 3245 modo

235 3279 400 3335 ﬁlium
441 3283 775 3353 peperisset,
825 3281 922 3338 sed
959 3282 1116 3350 quasi
1155 3282 1211 3336 in
1239 3296 1306 3336 eo
1338 3279 1640 3370 peperisset
1666 3293 1832 3334 unum
1859 3297 1908 3362 ρ
1935 3315 2044 3370 quo
2087 3297 2312 3367 Augusti
2354 3296 2552 3368 pagani
2593 3294 2868 3350 decretum
2906 3291 2960 3344 in
2990 3287 3171 3343 Mariae
3198 3291 3412 3356 panum
3449 3280 3519 3335 in.

236 3388 302 3428 ex
319 3373 512 3443 primis
530 3415 546 3439 ,
577 3389 676 3428 seu
705 3372 1001 3442 majoribus
1029 3379 1085 3428 et
1110 3371 1486 3444 primogenitis
1516 3367 1658 3425 filiis.

307 3462 422 3517 107.
467 3462 661 3534 Neque
701 3463 858 3518 nobis
905 3463 1179 3532 negotium
1235 3461 1452 3518 facessit
1498 3461 1832 3531 comparatio

235 3555 662 3610 consecrationis
689 3554 984 3610 Marcellini
1005 3569 1128 3609 cum
1163 3552 1344 3608 Maria:
1366 3561 1544 3625 partu,
1568 3559 1833 3622 quatenus

233 3649 366 3702 sicut
391 3647 570 3702 Maria
597 3647 810 3718 peperit
843 3647 1077 3717 primum
1107 3645 1273 3701 ﬁlium
1293 3685 1308 3710 ,
1341 3647 1414 3700 ita
1444 3643 1686 3700 Ecclesia
1724 3642 1834 3697 Ra-

231 3757 434 3796 vennas
459 3740 803 3796 consecravit
826 3741 1054 3811 primum
1076 3743 1388 3810 episcopum
1409 3737 1666 3794 :dicimus
1687 3735 1833 3792 enim

232 3834 672 3905 comparationes
692 3848 883 3888 omnes
911 3839 967 3888 et
985 3832 1285 3904 praesertim
1311 3831 1451 3887 hanc
1477 3829 1534 3885 S.
1573 3829 1829 3896 doctoris,

233 3942 335 3982 non
371 3927 452 3981 ita
473 3927 666 3982 stricte
692 3926 891 3982 debere
923 3927 1096 3998 accipi
1136 3933 1197 3982 ut
1227 3926 1283 3982 in
1331 3925 1580 3980 omnibus
1613 3922 1834 3980 omnino

231 4017 657 4072 circumstantiis
679 4033 767 4073 res
790 4025 1118 4088 comparatae
1139 4017 1281 4072 inter
1300 4031 1360 4072 se
1381 4015 1724 4082 conveniant,
1747 4022 1832 4069 at—

230 4126 332 4180 que
347 4111 427 4165 ita
444 4111 699 4165 omnibus
713 4110 878 4165 divini
899 4109 1080 4165 Marize
1101 4117 1289 4182 partus
1308 4109 1726 4166 circumstantiis
1745 4123 1836 4164 ae-

231 4205 652 4258 commodentur
705 4201 1118 4258 circumstantiae
1175 4217 1365 4258 omnes
1411 4201 1836 4258 consecrationis

232 4294 553 4350 Marcellini.
576 4293 785 4350 Sufficit
808 4303 986 4351 autem
1007 4296 1053 4350 si
1081 4295 1136 4350 hi
1169 4295 1276 4351 duo
1312 4302 1531 4366 partus,
1575 4295 1836 4349 naturalis

231 4402 387 4450 unus,
412 4387 716 4456 spiritualis
744 4387 898 4451 alter,
924 4387 1320 4443 conveniantin
1336 4394 1602 4456 tempore,
1629 4385 1836 4441 scilicet

231 4493 334 4547 quo
355 4479 453 4534 die
473 4487 634 4535 natus
655 4487 741 4534 est
769 4477 1011 4535 Christus
1038 4479 1298 4534 Dominus
1313 4518 1328 4542 ,
1367 4478 1835 4536 consecrationem

231 4571 585 4629 Marcellinus
612 4573 875 4627 obtinuit:
909 4580 1022 4627 tum
1047 4571 1373 4627 conveniant
1394 4571 1446 4625 in
1475 4577 1710 4624 matrum
1738 4583 1835 4622 an-

231 4668 444 4736 gustiis,
477 4675 542 4740 ιιι
565 4665 703 4721 filios
728 4674 1000 4736 parerent,
1025 4681 1219 4736 nempe
1238 4663 1691 4734 quemadmodum
1720 4662 1834 4716 Ma-

232 4761 309 4814 ria
338 4761 580 4832 patriam
606 4760 964 4831 propriosque
993 4759 1133 4814 lares
1160 4757 1476 4826 dereliquit,
1514 4757 1618 4810 iter
1649 4755 1838 4810 habuit

233 4854 596 4910 crudescente
621 4853 818 4916 hieme,
857 4853 912 4906 in
948 4850 1355 4906 Bethleemitico
1393 4848 1654 4919 praesepio
1691 4847 1839 4918 pari-

233 4955 373 5010 tura,
405 4953 467 5000 et
493 4945 549 4999 in
570 4944 806 4998 maxima
835 4943 1016 5014 inopia
1041 4962 1054 4997 :
1085 4943 1159 4998 ita
1186 4941 1428 4998 Ecclesia
1458 4941 1746 4997 Ravennas
1767 4941 1838 4996 ob

234 5037 709 5094 consecrationem
753 5034 1047 5089 Marcelliani
1088 5034 1640 5100 contradictionibus,
1689 5031 1840 5087 velut

235 5137 426 5200 partus
467 5128 793 5197 angoribus,
839 5125 938 5181 fuit
971 5125 1234 5190 obnoxia,
1267 5125 1411 5180 viam
1438 5124 1614 5180 facere
1647 5132 1838 5180 coacta

234 5231 338 5286 est,
373 5237 577 5292 nempe
605 5220 674 5275 ad
694 5219 994 5275 Romanam
1026 5218 1209 5274 sedem
1227 5258 1241 5284 ,
1275 5226 1437 5288 atque
1465 5219 1533 5274 ad
1563 5217 1840 5289 imperiale
1886 5257 1888 5260 μ

235 5315 605 5386 patrocinium
636 5312 944 5383 confugere.
977 5311 1159 5368 Tertio
1187 5309 1384 5368 sufﬁcit
1414 5319 1475 5367 ut
1503 5312 1557 5366 hi
1585 5311 1694 5366 duo
1716 5326 1841 5382 par-

237 5417 324 5462 tus
344 5406 676 5462 conveniant
696 5405 750 5460 in
772 5405 946 5460 edicto
961 5419 1334 5474 supremorum
1355 5402 1690 5474 principum;
1712 5416 1838 5457 nam

237 5499 468 5568 Augusti
496 5497 675 5553 edicto
705 5506 765 5552 ut
785 5497 1028 5553 obediret
1049 5497 1235 5562 Maria,
1258 5496 1439 5552 Jesum
1465 5496 1676 5568 peperit
1697 5497 1837 5567 apud

236 5589 556 5655 Bethleem;
586 5598 642 5645 et
660 5606 758 5662 per
781 5589 1011 5645 Romani
1031 5589 1301 5661 pontificis
1322 5597 1378 5646 et
1397 5590 1624 5646 Caesaris
1649 5589 1838 5646 decre-

239 5692 354 5737 tum
401 5682 645 5738 Ecclesia
691 5681 976 5737 Ravennas
1018 5684 1283 5754 superatis
1323 5682 1838 5738 contradictionibus

181 5779 186 5784 '
243 5773 613 5829 Marcellinum
640 5775 998 5830 consecravit.
1042 5774 1278 5830 Tandem
1316 5775 1513 5831 sufficit
1548 5784 1606 5830 ut
1633 5791 1835 5832 conve-

245 5867 400 5922 niant
429 5867 609 5938 aliquo
646 5866 808 5926 modo
835 5869 892 5929 in
947 5869 1206 5940 qualitate
1244 5876 1461 5944 partus;
1507 5869 1647 5932 sicut
1693 5871 1837 5936 enim

1935 3389 2105 3446 ﬂuere
2134 3405 2242 3444 non
2266 3388 2464 3460 potuit,
2500 3386 2603 3440 nisi
2636 3392 2696 3441 ut
2723 3383 2978 3440 ederetur
3005 3381 3059 3434 in
3088 3393 3254 3448 specu
3282 3372 3534 3430 Bethlee-

1936 3483 2122 3539 mitico
2147 3481 2215 3536 ad
2239 3480 2644 3551 prOphetiarum
2667 3473 3161 3544 adimplementum,
3197 3481 3318 3537 quae
3347 3463 3534 3519 Jesum

1936 3575 2012 3630 ibi
2053 3573 2384 3628 nasciturum
2427 3579 2506 3626 tot
2541 3576 2669 3624 ante
2711 3565 2910 3622 saecula
2955 3559 3382 3634 praenuntiarant
3415 3573 3427 3607 :
3459 3554 3533 3608 ita

1938 3669 2218 3724 decretum
2251 3680 2406 3736 papa:
2439 3671 2496 3719 et
2527 3659 2872 3732 imperatoris
2903 3653 3196 3712 Christiani
3217 3650 3349 3706 nihil
3380 3647 3536 3703 aliter

1938 3758 2153 3816 influxit
2209 3758 2263 3812 in
2309 3753 2776 3812 consecrationem
2822 3747 3152 3814 Marcellini,
3213 3743 3318 3799 nisi
3361 3749 3423 3796 ut
3466 3738 3535 3794 de

1933 3852 2117 3909 medio
2151 3851 2476 3910 tollerentur
2509 3846 2884 3909 difficultates,
2921 3857 3072 3912 quae,
3110 3853 3179 3893 ne
3216 3836 3388 3898 fieret,
3432 3831 3532 3887 ob—

1931 3943 2321 4007 versabantur;
2359 3954 2467 3994 non
2501 3944 2684 3993 autem
2716 3943 2777 3990 ut
2810 3932 3054 3989 Ecclesia
3090 3929 3380 3985 Ravennas
3407 3931 3536 3978 tunc

1894 4055 1898 4059 ν
1932 4034 2170 4105 primum
2202 4028 2600 4101 metropolitica
2632 4025 2885 4082 facultate
2917 4023 2997 4078 uti
3043 4021 3336 4090 inciperet,
3372 4028 3533 4084 quam

1935 4124 2078 4182 forte
2109 4131 2344 4194 quatuor
2377 4129 2503 4176 ante
2547 4119 2742 4175 Saecula
2788 4116 2865 4170 illi
2912 4112 3217 4170 contulerat
3249 4125 3317 4164 ex
3348 4105 3536 4161 volun-

1938 4223 2053 4272 tate
2084 4215 2228 4270 beati
2261 4213 2410 4270 Petri
2440 4210 2810 4267 sanctissimus
2832 4203 3176 4276 Apollinaris.

2012 4306 2132 4362 109.
2175 4308 2253 4362 Ita
2290 4306 2510 4362 Rubeus
2543 4299 2908 4372 argumentari
2938 4303 3126 4368 posset
3164 4302 3354 4350 contra
3400 4291 3536 4346 Bac-

1938 4399 2196 4465 chinium,
2233 4397 2348 4468 ipse
2380 4409 2600 4464 quoque
2631 4389 2895 4447 beneficio
2915 4396 3076 4444 utens
3110 4385 3291 4440 allatae
3310 4396 3534 4452 compa-

1937 4492 2184 4547 rationis.
2253 4487 2554 4543 Primordia
2608 4501 2740 4541 vero
2803 4482 2898 4538 illa
2957 4481 3170 4535 duriora
3220 4475 3534 4550 generantia,

1938 4600 2060 4656 quae
2123 4582 2487 4655 Chrysologus
2543 4583 2838 4643 memorat,
2912 4573 3040 4644 quid
3113 4569 3259 4625 aliud
3328 4567 3542 4623 fuerant

1859 4677 2046 4767 Dnisi
2093 4691 2171 4731 em
2218 4673 2599 4738 difficultates,
2649 4685 2729 4725 ea:
2779 4665 3234 4724 contradictiones
3286 4661 3354 4717 ad
3404 4673 3542 4729 quas

1943 4768 2167 4827 offendit
2197 4768 2290 4822 ubi
2317 4767 2403 4836 agi
2435 4771 2674 4836 coeptum
2706 4769 2790 4818 est
2823 4761 2892 4816 de
2924 4757 3222 4815 Marcellini
3254 4768 3538 4812 consecra-

1941 4863 2119 4927 tione,
2157 4868 2212 4916 et
2242 4874 2364 4928 qum
2395 4873 2463 4913 eo
2494 4856 2733 4927 majores
2765 4855 2908 4911 forte
2939 4853 3186 4918 fuerant,
3221 4866 3332 4920 quo
3363 4847 3540 4918 majo-

1941 4968 2060 5008 rem
2091 4951 2387 5007 emissurus
2419 4956 2536 5004 erat
2567 4955 2799 5019 partum,
2836 4945 3042 5002 scilicet
3073 4943 3240 4997 filium
3272 4941 3412 4995 inter
3443 4951 3543 4992 na-

1944 5053 2030 5099 tos
2081 5042 2336 5098 Ecclesize
2383 5040 2675 5110 dignitate,
2739 5045 2794 5094 et
2854 5036 3044 5092 ordine
3090 5028 3542 5104 primogenitum?

1943 5136 2105 5192 Certe
2124 5134 2342 5204 quidem
2364 5135 2546 5188 omnia
2566 5147 2884 5202 magnarum
2903 5143 3086 5184 rerum
3106 5125 3256 5181 initia
3277 5121 3542 5191 mqualem

1939 5237 2004 5284 ut
2023 5227 2311 5300 plurimum
2331 5240 2514 5281 secum
2535 5224 2737 5280 habent
2755 5219 3156 5283 difﬁcultatem;
3187 5229 3296 5268 non
3316 5211 3440 5268 ideo
3459 5219 3543 5266 ta-

1943 5336 2066 5376 men
2088 5319 2194 5374 dici
2214 5325 2441 5389 possunt
2460 5325 2590 5372 tunc
2607 5315 2840 5386 primum
2859 5317 3140 5380 susceptae,
3163 5306 3291 5376 quia
3311 5319 3409 5376 per
3425 5317 3543 5358 me-

1945 5414 2065 5469 dios
2082 5413 2296 5468 labores
2309 5411 2693 5481 suscipiuntur.
2707 5408 2852 5462 Idem
2867 5419 3002 5476 opus
3014 5401 3216 5474 pluries
3227 5398 3540 5471 repetitum,

1946 5502 2195 5559 eumdem
2209 5502 2450 5558 laborem
2465 5499 2658 5557 afferre
2670 5511 2883 5568 semper
2891 5502 2985 5550 aut
2997 5493 3109 5550 fere
3118 5507 3332 5564 semper
3339 5496 3538 5564 potest,

1944 5596 2070 5652 dum
2093 5595 2265 5666 repeti
2285 5594 2572 5666 incipitur;
2593 5605 2764 5662 quare
2784 5589 2926 5644 illius
2944 5586 3237 5659 primordia
3253 5586 3385 5641 dura
3407 5599 3542 5642 sem-

1945 5703 2045 5759 per
2060 5687 2184 5757 jure
2204 5686 2470 5742 dicuntur.
2509 5683 2854 5753 Quapropter
2885 5679 3311 5738 concludendum
3346 5693 3412 5734 ex
3435 5677 3540 5733 huc

1945 5796 2116 5850 usque
2136 5779 2292 5835 dictis
2312 5779 2540 5843 videtur,
2565 5775 2885 5848 Chrysologi
2905 5775 3090 5840 verba,
3114 5773 3309 5830 nedum
3337 5772 3541 5843 primos

1941 5872 2328 5946 iurisdictionis
2367 5869 2777 5941 metropolitica:
2817 5875 2968 5932 actus
2989 5882 3099 5928 non
3135 5864 3392 5936 indicare,
3417 5875 3536 5922 cum
