3964 6350
463 427 568 488 159
1286 421 1354 479 IN
1392 421 1450 477 S.
1491 417 1774 476 PETRUM
1809 411 2321 475 CHRYSOLOGUM
2361 412 2902 472 PROLEGOMENA.
3650 421 3750 476 £60

459 541 770 599 ambitionis
797 538 1006 597 facinus
1033 535 1370 603 admiserint,
1412 535 1478 590 iis
1505 532 1842 605 temporibus
1868 529 2058 588 Eccle-
2082 533 2140 594 Α
2161 543 2505 586 successores
2543 528 2829 601 pontiﬁces
2877 544 3148 598 summos,
3197 531 3444 602 neglecto
3489 533 3754 590 universa

459 637 555 692 site
581 635 834 701 invisum,
864 632 1175 688 damnatum
1213 645 1244 683 a
1283 628 1527 684 conciliis
1566 635 1728 697 atque
1769 641 1800 681 a
1829 623 2052 682 summis
2154 620 2412 679 Ecclesia:
2438 629 2766 694 systemate,
2798 621 2946 678 aliud
2971 638 3198 694 prorsus
3222 622 3485 681 dissimile
3509 639 3613 695 pro
3641 624 3756 681 sola

460 724 824 800 pontificibus,
856 725 926 779 ab
953 721 1173 778 Oriente
1218 727 1336 776 toto
1381 720 1686 776 maledictis
1725 717 2048 788 impetitum,
2153 715 2322 772 Italia:
2349 715 2679 787 amplissima
2707 717 2930 786 regione
2955 717 3294 787 excogitasse
3313 725 3370 774 et
3387 718 3754 777 constituisse.

461 821 592 876 diris
621 817 869 876 omnibus
905 813 1196 870 devotum?
1225 811 1554 883 Augeloptes
1591 818 1647 867 et
1689 808 2056 882 Chrysologus
2155 807 2227 863 Et
2251 824 2442 864 revera
2463 824 2573 864 non
2600 809 2783 879 exigui
2809 810 3072 866 momenti
3102 811 3220 866 visa
3248 819 3333 868 est
3355 811 3474 868 haec
3511 811 3759 868 animad-

461 909 880 984 pulcherrimum
905 903 1166 962 Ecclesia:
1193 903 1469 971 ordinem,
1516 902 1882 968 harmoniam,
1921 916 2054 972 apo-
2156 901 2337 957 versio
2364 901 2433 958 cl.
2465 900 2804 958 Emmanueli
2825 917 2857 957 a
2876 901 3228 970 Schelstrate,
3247 904 3458 974 sibique
3483 919 3610 960 eam
3632 919 3762 976 pro-

462 1003 682 1058 stolicas
710 999 924 1068 regulas
970 997 1439 1069 perturbaverint,
1473 997 1648 1050 aliena
1674 994 1794 1065 jura
1823 995 2056 1050 miscue-
2161 993 2317 1065 ponit
2343 992 2731 1050 enucleandam
2761 1009 2827 1050 ac
2852 993 3180 1050 diluendam.
3221 992 3413 1051 Verum
3440 995 3538 1051 hoc
3563 996 3759 1068 ipsum,

461 1094 587 1158 rint,
620 1089 1007 1161 occupaverint
1028 1088 1479 1158 jurisdictionem,
1503 1086 1772 1144 Ecclesias
1803 1086 2061 1143 sciderint
2164 1085 2260 1153 ait,
2291 1085 2559 1158 quatritur,
2596 1102 2699 1158 qua
2742 1087 2946 1141 ratione
2975 1089 3173 1158 factum
3210 1095 3268 1140 ut
3297 1089 3356 1142 in
3386 1087 3602 1160 reliquis
3623 1086 3765 1142 orbis

462 1193 516 1241 et
545 1183 968 1255 usurpaverint?
1008 1181 1114 1236 Vix
1142 1181 1463 1238 crediderim
1510 1179 1673 1236 fuisse
1712 1179 1806 1250 qui
1834 1179 1963 1234 talia
1991 1179 2061 1237 de
2166 1175 2452 1232 Christiani
2481 1178 2762 1249 provinciis
2789 1179 3179 1251 metropolitani
3217 1180 3504 1252 apostolico
3524 1182 3767 1236 instituto

463 1278 569 1333 illis
590 1277 852 1348 suspicati
888 1282 1088 1332 essent.
1119 1273 1366 1330 Gelasius
1383 1274 1604 1344 quidem
1642 1275 1799 1345 hujus
1828 1273 2062 1332 nominis

466 1371 674 1442 primus
701 1370 980 1426 Romanus
1023 1367 1268 1441 pontifex
1314 1367 1384 1423 ab
1421 1369 1732 1438 hujusmodi
1776 1379 1907 1425 nota
1935 1383 2062 1425 san-

469 1463 741 1519 ctissimos
761 1463 1032 1519 antistites
1056 1461 1272 1517 videtur
1288 1460 1589 1517 luculenter
1608 1462 1907 1530 absolvere,
1938 1461 2066 1518 dum

471 1555 677 1624 inquit:
711 1552 981 1628 Numquid
1009 1557 1148 1629 apud
1177 1557 1500 1620 Ravennam,
1519 1554 1659 1626 apud
1685 1553 2062 1622 Mediolanum,

470 1647 612 1720 apud
640 1647 938 1720 Syrmium,
979 1649 1120 1721 apud
1149 1649 1384 1704 Treviros
1411 1647 1588 1703 multis
1619 1646 1930 1718 temporibus
1960 1662 2067 1701 non

473 1741 705 1795 constitit
730 1741 1051 1812 imperator?
1071 1738 1341 1814 Numquid
1374 1739 1560 1793 harum
1585 1735 1791 1792 urbium
1817 1735 2067 1791 sacerdo-

475 1841 549 1889 tes
563 1833 702 1888 ultra
721 1850 1016 1889 mensuram
1045 1834 1144 1888 sibi
1167 1835 1448 1907 antiquitus
1478 1832 1776 1905 deputatam
1799 1831 2068 1904 quidpiam

469 1925 579 1979 suis
607 1923 944 1996 dignitatibus
970 1925 1328 1996 usurparunt?

471 2036 498 2101 §
522 2036 610 2089 lll.
632 2037 902 2110 Exponitur
919 2039 1085 2110 opinio
1103 2037 1168 2110 de
1191 2038 1341 2086 initiis
1358 2035 1730 2110 metrOpoliticfe
1750 2035 1894 2100 hujus
1909 2035 2068 2098 digni-

767 2101 882 2150 tatis
905 2099 966 2148 ab
984 2099 1314 2161 apostolorum
1332 2111 1437 2148 aevo
1458 2099 1764 2162 repetendis.

545 2181 665 2236 119.
708 2181 1066 2254 Hieronymus
1095 2181 1314 2238 Rubeus
1343 2181 1738 2236 Ravennatium
1776 2180 2066 2237 historicus

477 2275 619 2331 hanc
646 2275 960 2346 opinionem
989 2281 1208 2332 secutus
1234 2273 1412 2330 fuerat
1449 2273 1648 2328 εωειιιο
1675 2289 1783 2338 xvr,
1818 2272 1907 2328 cui
1935 2273 2067 2328 asti-

475 2366 647 2437 pulati
667 2373 794 2422 sunt
819 2364 1013 2422 Petrus
1041 2365 1108 2422 de
1136 2364 1337 2432 Marca,
1369 2363 1684 2432 Salmasius,
1715 2371 1770 2423 et
1797 2363 1907 2430 alii,
1931 2377 2068 2432 quos

477 2458 611 2513 citat
649 2457 988 2516 Bacchinius.
1019 2457 1221 2516 Eorum
1268 2458 1446 2515 omnis
1495 2448 1656 2525 ratio,
1689 2471 1812 2512 meo
1848 2456 2067 2528 quidem

478 2566 657 2617 sensu,
688 2551 902 2607 ducitur
920 2560 1033 2606 tum
1053 2552 1122 2606 ab
1142 2551 1435 2608 universali
1463 2549 1842 2606 ecclesiastica:
1861 2549 2069 2606 hierar-

478 2643 614 2699 chiae
642 2643 849 2712 ordine,
872 2651 987 2700 tum
1014 2660 1046 2700 a
1072 2645 1385 2716 prtestantia
1421 2644 1570 2700 urbis
1615 2643 1888 2699 Ravenna:
1931 2657 2067 2715 apo-

480 2735 744 2791 stolorum
763 2752 899 2792 aevo.
933 2735 1091 2804 Quod
1109 2739 1304 2793 attinet
1331 2737 1399 2792 ad
1420 2737 1672 2807 primum,
1704 2743 1911 2792 certum
1948 2736 2070 2806 qni-

481 2827 604 2884 dem
632 2836 716 2883 est
735 2829 980 2885 eamdem
1012 2829 1177 2886 fuisse
1209 2829 1262 2884 in
1293 2828 1534 2886 Ecclesia
1555 2828 1704 2884 omni
1723 2829 2070 2884 constitutam

483 2920 760 2990 regiminis
779 2921 1155 2989 hierarchiam,
1180 2937 1286 2992 qua
1324 2921 1532 2977 scilicet
1557 2921 1754 2990 cuique
1779 2920 2072 2992 provinciae

482 3026 608 3066 suus
636 3012 1002 3082 assignaretur
1021 3012 1488 3083 mctropolitanus,
1521 3012 1608 3068 cui
1646 3011 2075 3083 comprovincia-

483 3103 615 3157 lium
643 3104 854 3158 urbium
891 3104 1132 3175 episcopi
1177 3104 1462 3160 subessent
1492 3121 1506 3156 :
1537 3105 1680 3160 hanc
1707 3103 1776 3158 ab
1817 3103 2077 3176 apostolis

2095 1873 2144 1935 B

2165 1271 2396 1327 ordinati
2433 1273 2572 1337 sint;
2605 1273 2662 1326 in
2708 1270 2871 1326 Italia
2904 1289 3052 1339 vero,
3093 1270 3180 1327 ubi
3209 1271 3409 1328 Paulus
3437 1273 3764 1345 pradicavit,

2165 1363 2251 1418 ubi
2292 1363 2482 1419 Petrus
2523 1363 2790 1419 Ecclesias
2829 1364 3086 1430 instituit,
3131 1364 3219 1417 ubi
3268 1363 3415 1419 sedes
3471 1365 3768 1437 apostolica

2167 1456 2350 1528 primis
2380 1453 2631 1510 Ecclesia;
2661 1453 2973 1528 temporibus
3000 1465 3133 1523 erat,
3163 1456 3458 1511 institutum
3494 1455 3632 1512 illud
3655 1463 3768 1510 sta-

2171 1547 2262 1600 tim
2289 1562 2395 1600 non
2423 1543 2686 1601 obtinuit?

2241 1635 2365 1691 121.
2425 1636 2678 1693 Tentavit
2717 1638 2936 1708 quidem
2976 1639 3365 1696 Schelstratius
3410 1639 3571 1710 hujus
3601 1654 3770 1710 argu-

2167 1728 2338 1783 menti
2365 1727 2580 1799 pondus
2610 1742 2897 1792 enervare,
2927 1726 3293 1798 confugiendo
3335 1730 3405 1785 ad
3442 1729 3772 1785 divisionem

2167 1818 2335 1874 Italiae
2362 1819 2416 1874 in
2446 1819 2584 1875 duos
2602 1819 2896 1875 vicariatus
2913 1818 3152 1891 praefecti
3171 1821 3447 1891 praetorio,
3479 1821 3550 1876 de
3567 1821 3774 1891 quibus

2170 1912 2226 1970 in
2262 1927 2384 1984 cap.
2418 1911 2445 1965 1
2491 1911 2660 1969 locuti
2699 1927 2887 1968 sumus
2919 1931 2933 1966 :
2991 1927 3100 1982 qua
3146 1912 3418 1970 divisione
3461 1913 3771 1984 supposita,

2167 2004 2592 2074 constitutisque
2618 2004 2831 2060 duobus
2852 2004 3290 2075 metropolitanis
3309 2005 3403 2076 qui
3422 2006 3645 2061 vicariis
3665 2005 3775 2061 illis

2165 2096 2590 2169 responderent,
2643 2096 2952 2152 Romanum
2995 2111 3192 2167 nempe
3220 2105 3277 2152 et
3301 2095 3775 2153 Mediolanensem

2166 2191 2481 2262 episcopum
2501 2231 2516 2255 ,
2565 2190 2781 2260 quibus.
2810 2191 2994 2246 caeteri
3019 2189 3331 2246 Italicarum
3357 2189 3775 2261 provinciarum

2164 2281 2564 2348 subderentur;
2625 2281 2994 2337 arbitrabatur
3038 2282 3520 2352 praestantissimus
3547 2291 3768 2349 auctor,

2167 2372 2332 2427 etiam
2360 2373 2416 2427 in
2443 2371 2596 2427 Italia
2626 2387 2686 2428 se
2713 2373 3012 2443 reperisse,
3045 2379 3208 2444 atque
3241 2373 3550 2430 ostendisse
3577 2373 3775 2431 obser-

2165 2476 2349 2522 vatam
2377 2466 2648 2536 prioribus
2695 2467 2906 2522 saeculis
2953 2466 3311 2538 apostolicam
3356 2467 3506 2522 illam
3554 2466 3775 2522 hierar-

2169 2559 2368 2624 chiam,
2392 2573 2513 2628 quae
2528 2559 2582 2614 in
2603 2559 2812 2629 reliquo
2821 2557 3134 2615 Christiano
3155 2560 3288 2616 orbe
3305 2559 3542 2629 vigebat.
3561 2559 3776 2615 Verum

2166 2649 2368 2707 infelici
2398 2657 2600 2707 conatu
2633 2669 2646 2703 :
2679 2666 2807 2706 nam
2835 2651 3014 2721 primo
3035 2650 3317 2706 indubium
3341 2659 3446 2718 est,
3464 2659 3594 2706 ante
3621 2649 3774 2707 Con-

2171 2743 2468 2799 stantinum
2483 2741 2731 2812 Magnum
2746 2743 3031 2798 recensita:
3051 2741 3303 2799 divisioni
3315 2741 3526 2798 Italiam
3540 2742 3777 2798 minime

2172 2836 2340 2892 fuisse
2377 2835 2670 2891 obnoxiam
2689 2876 2704 2901 ,
2755 2834 2852 2890 sed
2889 2834 3052 2891 modo
3087 2850 3258 2889 unum
3286 2842 3656 2891 correctorem
3683 2833 3774 2890 vel

2173 2928 2487 3000 praefectum
2505 2967 2520 2992 ,
2552 2925 2716 2983 modo
2743 2934 2980 2996 quatuor
3005 2927 3319 2983 consulares
3345 2927 3488 2982 illius
3515 2927 3772 2997 regimini

2175 3021 2472 3093 praefuisse.
2505 3019 2684 3087 Quare
2703 3036 2750 3076 sn
2770 3019 3110 3076 Schelstratii
3137 3028 3378 3093 systema
3395 3019 3577 3076 locum
3598 3019 3774 3075 habe-

2177 3123 2292 3183 ret,
2324 3115 2568 3171 Ecclesia
2596 3113 2784 3171 ltalica
2812 3113 2978 3170 modo
3005 3129 3175 3170 unum
3201 3112 3571 3181 solummodo,
3601 3111 3775 3170 modo

484 3195 786 3251 institutam
831 3195 1038 3252 ordinis
1083 3194 1311 3252 formam
1355 3211 1478 3266 qua
1515 3195 1772 3253 Ecclesiae
1809 3196 2074 3252 universae
2099 3245 2145 3307 C
2177 3208 2414 3278 quatuar
2440 3206 2892 3278 metropolitano;
2937 3221 3224 3262 numerare
3250 3206 3553 3274 debuisset,
3599 3221 3772 3260 num-

483 3288 784 3344 communis
810 3297 984 3356 esset;
1015 3289 1492 3359 metropolitanum
1517 3305 1649 3345 vero
1678 3289 1828 3344 illum
1865 3304 1932 3344 ex
1960 3288 2076 3360 epi—
2101 3288 2145 3307 “
2177 3314 2339 3370 quam
2380 3314 2512 3355 vero
2551 3298 2690 3354 duos
2711 3340 2728 3366 ,
2785 3297 2960 3354 tribus
3004 3312 3128 3354 ζει-ω
3168 3305 3370 3358 nostra;
3397 3296 3768 3370 superioribus

485 3380 665 3452 smpis
683 3381 1241 3451 voluisseapostolos,
1265 3382 1359 3452 qui
1387 3383 1442 3437 in
1480 3383 1728 3453 principe
1757 3383 1920 3438 totius
1946 3399 2076 3454 pro-

485 3473 677 3530 vinciae
705 3475 926 3530 civitate
952 3474 1136 3530 sedem
1157 3475 1446 3542 obtineret,
1477 3475 1566 3530 vel
1593 3475 1721 3545 quia
1749 3490 1950 3545 praeses
1978 3491 2075 3531 seu

485 3573 666 3620 rector
703 3566 879 3625 civilis
924 3567 999 3620 ibi
1046 3567 1348 3633 resideret,
1375 3567 1607 3638 iuraque
1652 3568 1810 3623 daret
1852 3569 2076 3626 urbibus

486 3655 761 3726 subjectis,
793 3657 878 3712 vel
903 3658 1029 3726 quia
1071 3664 1127 3713 et
1171 3656 1473 3728 frequentia
1513 3659 1718 3729 populi,
1749 3667 1806 3715 et
1851 3660 1934 3715 sui
1961 3675 2078 3715 ama

488 3748 770 3819 plitudine,
800 3756 858 3804 et
885 3750 1096 3820 opibus,
1129 3750 1314 3817 armis,
1345 3751 1671 3807 commercio
1699 3752 1966 3808 celebrior
1991 3769 2079 3810 es-

488 3848 603 3906 set;
632 3841 717 3896 vel
748 3841 876 3911 quia
916 3841 990 3897 ibi
1037 3841 1435 3912 superstitionis
1479 3841 1830 3900 idololatricae
1855 3844 2076 3916 pontifi-

489 3947 579 3988 ces
602 3974 617 3999 ,
665 3949 762 3988 seu
821 3933 1219 3990 archillamines
1265 3933 1462 3990 divinis
1507 3943 1820 4006 praeessent.
1871 3935 2080 3992 Floruit

490 4040 621 4095 ergo
646 4025 951 4096 hujusmodi
979 4028 1280 4084 hierarchia
1308 4027 1496 4098 primis
1522 4028 1684 4083 etiam
1708 4027 1960 4086 Ecclesiae
1978 4046 2080 4087 sre-

489 4119 643 4186 culis,
670 4120 834 4175 etiam
862 4122 1194 4194 temporibus
1213 4121 1552 4195 apostolicis;
1579 4131 1742 4192 atque
1769 4140 1876 4180 non
1904 4141 2076 4196 pauca

490 4221 779 4283 supersunt
804 4213 978 4270 adhuc
1004 4216 1228 4284 vestigia
1257 4215 1744 4272 ecclesiasticarum
1775 4217 2080 4286 provincia-

495 4319 634 4370 rum,
656 4305 1059 4376 primorumque
1085 4306 1345 4378 cujusque
1364 4307 1654 4379 provincia:
1679 4308 2074 4379 episcoporum,

492 4395 688 4451 nedum
712 4411 812 4467 per
843 4396 1024 4453 Asiam
1052 4407 1108 4454 et
1144 4398 1400 4468 Africam,
1430 4415 1620 4456 verum
1657 4401 1819 4456 etiam
1846 4415 1945 4472 per
1970 4399 2080 4457 Eu-

492 4500 699 4558 ropam,
732 4489 924 4558 siqua:
961 4490 1029 4545 de
1057 4489 1372 4558 Gallianun,
1404 4491 1802 4562 Hispaniarum,
1833 4500 1996 4561 atque
2012 4491 2082 4546 l-l-

2175 3389 2405 3447 saeculis.

2251 3482 2370 3536 122.
2422 3480 2706 3549 Secundo,
2755 3482 2970 3538 etiamsi
3014 3481 3373 3540 Schelstratio
3409 3482 3778 3553 omnibusque

2177 3575 2421 3646 ejusdem
2451 3575 2725 3646 opinionis
2767 3574 3082 3632 auctoribus
3126 3574 3520 3631 concederetur
3556 3572 3777 3629 Italiam

2178 3667 2245 3723 iis
2271 3667 2483 3723 saeculis
2510 3666 2565 3722 in
2595 3665 2736 3722 duos
2763 3665 3060 3722 vicariatus
3079 3666 3334 3736 partitam
3363 3664 3528 3723 fuisse
3544 3705 3560 3730 ,
3591 3666 3780 3723 adhuc

2179 3761 2388 3831 vigeret
2424 3766 2808 3830 argumentum
2841 3757 2911 3814 de
2947 3758 3245 3814 universali
3271 3759 3578 3816 hierarchia
3620 3758 3680 3813 in
3707 3772 3780 3814 ea

2178 3849 2658 3921 quoque'regione
2693 3849 3094 3906 constituenda.
3145 3849 3452 3906 Vicariatus
3481 3849 3630 3906 enim
3659 3849 3780 3914 isti,

2180 3943 2396 3999 etiamsi
2424 3943 2793 4010 exstitissent,
2824 3958 2936 3998 non
2963 3941 3318 3999 exclusissent
3344 3941 3669 3998 divisionem
3695 3940 3783 3997 ci-

2178 4035 2366 4090 vilium
2407 4034 2806 4106 provinciarum
2847 4048 2916 4090 ex
2943 4033 3140 4104 quibus
3186 4033 3289 4104 ipsi
3318 4033 3611 4090 vicariatus
3640 4048 3785 4089 con—

2179 4128 2417 4192 stabant,
2450 4142 2627 4196 neque
2653 4128 2822 4182 etiam
2847 4127 3204 4182 exclusissent
3224 4125 3555 4198 peculiarem
3581 4125 3786 4181 unius-

2178 4219 2438 4288 cujusque
2465 4217 2761 4289 provincite
2787 4216 3183 4288 prafecturam,
3209 4217 3610 4287 magistratum,
3637 4231 3787 4272 con-

2176 4318 2400 4375 ventus,
2432 4310 2622 4365 urbem
2648 4309 2882 4379 denique
2909 4308 3027 4378 ejus
3047 4309 3424 4380 principalem,
3456 4308 3789 4378 ethnicique

2179 4404 2374 4471 etiam,
2411 4403 2457 4458 si
2485 4403 2762 4471 volumus,
2804 4402 3094 4459 sacerdotii
3122 4409 3304 4473 caput.
3355 4399 3622 4471 Elemplo
3661 4400 3791 4456 sint

2180 4503 2390 4551 caetera:
2420 4494 2654 4550 Romani
2693 4495 2906 4565 imperii
2943 4493 3279 4564 praefectura:
3307 4493 3564 4564 praetorio
3581 4530 3598 4556 ,
3650 4506 3792 4562 qua:

493 4578 646 4650 lyrici
669 4581 1058 4650 metropolibus
1091 4582 1470 4637 ecclesiasticis
1489 4583 1730 4652 priorum
1760 4581 2076 4637 samulorum
2103 4650 2146 4655 _
2180 4601 2302 4640 cum
2325 4585 2668 4655 amplissimis
2687 4585 3042 4655 plurimisque
3055 4584 3353 4655 provinciis
3372 4597 3791 4654 componeren-

493 4669 956 4738 circumferuntur,
987 4672 1150 4728 ullam
1179 4671 1338 4728 ﬁdem
1364 4681 1656 4729 merentur.

566 4759 686 4814 l20.
728 4759 955 4828 Quando
984 4778 1114 4834 ergo
1139 4765 1567 4834 praestantissimi
1593 4764 1751 4834 hujus
1779 4765 1984 4821 ordinis
2021 4774 2078 4823 et

497 4855 810 4910 hierarchia:
836 4857 1019 4924 regula
1042 4858 1095 4912 in
1123 4858 1220 4913 Dei
1258 4857 1500 4914 Ecclesia
1527 4873 1644 4914 esse
1671 4857 1931 4914 debuerat
1949 4859 2073 4914 uni-

500 4947 739 5013 versalis,
768 4954 828 5002 ut
869 4948 1120 5016 quaslibet
1157 4949 1438 5020 provincia
1483 4965 1640 5004 suum
1679 4948 1949 5006 obtineret
1973 4950 2079 5020 pri-

2101 4650 2158 4712 Ῑ)
2181 4686 2288 4745 tur,
2311 4677 2396 4732 ha:
2417 4650 2645 4747 singulae
2673 4650 2894 4748 proprio
2921 4650 3199 4748 praefecto,
3231 4691 3330 4733 seu
3349 4650 3647 4740 consulari,
3671 4691 3789 4732 seu

2180 4770 2416 4842 praesidi,
2449 4785 2547 4825 seu
2563 4770 2764 4826 rectori
2777 4769 3165 4837 subdebantur,
3197 4769 3451 4841 proprios
3469 4777 3794 4825 conventus

2182 4863 2445 4932 agebant,
2477 4863 2752 4918 habebant
2778 4863 3055 4933 propriam
3082 4862 3428 4933 metropolim
3451 4904 3466 4929 ,
3498 4861 3586 4916 cui
3615 4877 3796 4918 com-

2179 4954 2545 5027 provinciales
2571 4955 2735 5010 urbes
2763 4955 3085 5010 contributas
3113 4962 3272 5010 erant
3302 4972 3316 5007 :
3366 4961 3530 5024 atque
3569 4953 3695 5009 haec
3727 4953 3796 5010 in

495 5052 637 5093 mum
686 5039 998 5110 episcopum
1043 5055 1138 5096 seu
1185 5041 1614 5111 metropolitam,
1664 5040 1794 5110 quid
1822 5041 2078 5111 estquod
2181 5049 2593 5118 temporalibus.
2635 5047 2693 5104 Si
2723 5056 2903 5104 autem
2932 5049 3214 5121 spirituale
3243 5049 3482 5119 regimen
3512 5049 3796 5120 inspicia-

495 5145 592 5186 nos
611 5129 896 5200 prohibeat
915 5129 1046 5200 Quin
1067 5146 1187 5186 eam
1216 5131 1388 5202 ipsam
1407 5131 1648 5200 regulam
1678 5131 1732 5186 in
1759 5131 1924 5187 Italiae
1947 5147 2080 5202 quo-
2182 5155 2304 5196 mus
2324 5181 2340 5206 ,
2387 5139 2517 5195 licet
2560 5139 2616 5194 in
2667 5139 2927 5210 primates
2970 5140 3368 5196 ecclesiasticos
3403 5148 3461 5196 et
3504 5142 3799 5200 exarcbos

496 5235 601 5288 que
630 5221 922 5292 provinciis
950 5222 1292 5277 observatam
1337 5222 1503 5278 fuisse
1548 5222 1738 5278 iisdem
1765 5223 1952 5294 primis
1977 5237 2080 5280 εω-
2181 5228 2390 5297 Oriens,
2415 5229 2702 5303 Egyptus,
2734 5228 2935 5298 Africa,
2957 5230 3151 5299 Gallia,
3174 5231 3445 5304 Illyricum
3459 5229 3798 5287 divideren-

495 5313 630 5368 culis
675 5313 1058 5370 admittamus?
1104 5313 1303 5370 Nullibi
1349 5329 1518 5384 usque
1547 5315 1723 5372 adhuc
1769 5316 1966 5372 lectum
1995 5325 2081 5374 est
2179 5327 2286 5390 tur,
2317 5322 2411 5392 qui
2430 5322 2751 5379 vastissimis
2778 5322 2846 5378 iis
2871 5323 2928 5378 in
2953 5323 3270 5392 regionibus
3281 5320 3604 5378 Christianis
3635 5339 3800 5394 pra:-

496 5413 887 5474 argumentum,
919 5423 1014 5462 seu
1041 5407 1200 5477 ratio,
1225 5421 1322 5461 seu
1349 5406 1456 5471 lex,
1488 5421 1585 5462 seu
1613 5423 1787 5464 canon
1807 5449 1822 5474 ,
1845 5422 2078 5477 quorum
2182 5420 2365 5478 erant,
2397 5413 2520 5482 quis
2556 5420 2719 5482 neget
2757 5420 2942 5469 tamen
2981 5413 3096 5470 fere
3131 5414 3187 5468 in
3223 5413 3451 5482 singulis
3477 5412 3800 5483 provinciis

497 5495 688 5550 intuitu
717 5511 823 5552 non
852 5498 1088 5567 potuerit
1108 5498 1273 5553 ltalize
1293 5512 1510 5568 quoque
1539 5513 1658 5553 esse
1686 5501 1986 5556 communis
2014 5516 2079 5556 ea
2181 5503 2494 5558 earumdem
2509 5503 2790 5573 regionum
2806 5504 3082 5575 proprium
3093 5502 3794 5575 fuissemetropolitanum,

497 5589 604 5657 ipsa
634 5601 753 5656 qua:
772 5589 890 5646 aliis
909 5592 1158 5647 omnibus
1177 5590 1432 5647 Ecclesize
1451 5591 1758 5661 regionibus
1778 5595 2077 5651 communis
2182 5593 2483 5665 subjectum
2510 5597 2853 5667 patriarchae,
2887 5604 2982 5652 aut
3008 5597 3248 5668 primati,
3281 5603 3377 5652 aut
3400 5594 3659 5662 exareho,
3690 5611 3797 5651 su-

496 5687 608 5733 erat
639 5679 956 5736 hierarchia.
991 5682 1177 5737 Nullus
1215 5683 1390 5738 adhuc
1417 5699 1484 5739 ex
1515 5684 1809 5741 innumeris
1855 5693 2075 5743 contra—
2181 5687 2453 5759 periorem
2490 5695 2673 5744 tamen
2712 5688 2963 5744 omnibus
2989 5688 3292 5744 minoribus
3317 5702 3430 5743 sum
3475 5685 3798 5758 provincia:

493 5772 625 5826 riam
646 5773 964 5827 sententiam
995 5774 1263 5830 tuentibus
1290 5775 1490 5832 criticis
1518 5777 1779 5832 rationem
1800 5778 1886 5831 vel
1915 5793 2074 5832 unam
2181 5779 2486 5850 episcopis?
2539 5777 2741 5836 Omitto
2790 5779 3212 5836 Alexandrinum
3267 5788 3324 5836 et
3371 5778 3794 5836 Antiochenam

493 5861 672 5925 edidit,
705 5879 820 5930 quae
868 5865 1023 5923 nobis
1061 5865 1386 5938 persuadeat
1433 5869 1706 5941 apostolos
1753 5869 2074 5942 illorumquc
2181 5872 2640 5945 patriarcbatum,
2672 5874 2738 5933 de
2768 5873 2964 5945 quibus
2991 5888 3152 5933 nemo
3181 5871 3424 5941 dubitat,
3466 5879 3521 5929 et
3547 5868 3792 5964 vigiliis:

3011 5960 3082 5967 -_..
3107 5961 3120 5965 _
3153 5959 3248 5966 --.ω
3265 5962 3281 5964 ν.
3299 5957 3514 5966 Mm...“
3531 5950 3724 5966 .-ης-υ*
