3964 6350
218 363 306 424 161

487 354 630 420 JOS.
670 353 1000 417 AMADESII
1039 351 1490 415 DISSERTA'I‘IO
1527 355 1616 414 DE
1655 353 2053 417 METROPOLI
2089 352 2629 424 ECCLIESIASTICA
2668 361 3222 424 RAVENNA'I‘ENSI.

3387 366 3495 426 162

217 495 324 540 rem
353 479 597 535 Alrrcam
625 476 842 547 appello
874 494 887 529 :
938 487 1118 529 nonne
1145 471 1560 544 Carthaginensi
1587 473 1807 546 primati
1831 475 1886 537 A
1911 491 2012 546 pus
2040 477 2428 538 Antiochenus.
2455 481 2586 550 Qua:
2613 497 2744 553 ergo
2771 484 3073 540 minoribus
3092 483 3242 541 hisce
3261 485 3496 556 patriar.

216 575 467 632 Africana
495 570 674 629 omnis
700 567 946 626 Ecclesia
974 567 1249 638 parebat?
1288 574 1528 622 attamen
1554 565 1808 637 quaelibet

214 667 410 724 Africae
441 662 726 736 provincia
755 677 856 718 suo
874 660 1300 732 metropolitano
1342 660 1652 718 immediate
1688 660 1812 717 sub-

213 768 352 826 erat,
385 759 484 829 qui
503 759 704 831 primus
722 757 992 828 episcopus
1020 754 1321 810 dicebatur.

282 851 406 907 123.
442 848 700 918 Quamvis
727 847 890 918 igitur
915 861 1014 917 per
1041 845 1146 901 tria
1174 846 1358 916 priora
1379 845 1575 902 saecula
1597 843 1811 900 Italiam

212 946 614 1016 gnbernassent
638 939 747 997 duo
783 939 861 995 illi
897 939 1116 1007 vicarii,
1154 939 1402 1009 quamvis
1443 939 1554 994 duo
1591 945 1807 994 tantum

212 1037 315 1093 illis
343 1033 756 1108 respondissent
791 1031 1050 1102 primates
1091 1030 1479 1097 ecclesiastici,
1531 1044 1639 1086 non
1683 1029 1807 1085 ideo

213 1126 450 1198 negandi
476 1123 708 1181 fuissent
719 1122 1133 1196 particularibus
1152 1121 1320 1177 Italiae
1333 1122 1630 1194 provinciis
1648 1120 1812 1194 primi

213 1218 499 1290 episcopi,
532 1232 629 1273 seu
655 1215 1078 1286 metropolitani,
1109 1215 1204 1284 qui
1233 1215 1289 1270 in
1316 1215 1538 1271 civitate
1565 1215 1813 1287 principe

212 1310 534 1368 cathedram
553 1316 815 1376 tenerent,
845 1308 1238 1379 respondentes
1264 1309 1499 1380 principi
1519 1309 1812 1380 provincia:

213 1402 582 1474 magistratui,
612 1409 778 1471 atque
803 1401 989 1465 etiam,
1022 1409 1080 1455 ut
1100 1400 1368 1470 aliquibus
1389 1401 1586 1472 placet,
1618 1401 1816 1472 prima-

215 1498 298 1552 rio
326 1496 498 1553 totius
517 1495 814 1566 provincia:
843 1495 1063 1550 ethnico
1091 1494 1399 1551 sacerdotio
1426 1513 1438 1549 :
1471 1496 1526 1550 in
1553 1510 1664 1565 quo
1684 1510 1816 1551 casu

218 1587 632 1659 metropolitani
667 1587 758 1642 isti
795 1585 931 1641 nihil
975 1586 1044 1642 de
1085 1585 1208 1656 jure
1244 1586 1509 1656 primatire
1556 1587 1816 1642 Romanas

217 1689 311 1736 aut
338 1680 769 1736 Mediolanensis
800 1681 871 1752 (si
898 1680 1014 1735 haec
1042 1679 1099 1734 in
1144 1693 1328 1734 rerum
1356 1686 1553 1735 natura
1581 1679 1680 1735 fuit
1706 1695 1822 1736 um-

1913 567 2030 624 chis
2056 568 2293 627 licebant
2330 573 2387 628 in
2421 575 2719 644 provinciis
2754 575 3044 645 cujuslibet
3073 577 3496 648 patriarchatus,

1913 661 2160 729 quamvis
2177 663 2430 734 proprios
2455 667 2908 738 metropolitanos
2936 667 3042 724 illas
3061 669 3360 737 haberent,
3390 687 3502 728 ma-

1914 752 2062 808 ximo
2090 755 2332 811 omnium
2357 757 2711 827 patriarchae,
2744 758 2993 816 Romano
3021 761 3280 834 episcopo
3307 778 3417 819 non
3445 764 3504 832 li:-

1917 847 2090 902 cuerit
2125 847 2179 902 in
2215 850 2508 920 provinciis
2546 850 2745 921 Italiaa,
2788 853 2954 908 etiam
2990 853 3302 911 immediato
3341 856 3504 912 alicui

1915 939 2336 1010 metropolitano
2364 940 2669 1011 subjectis?
2713 942 2957 1012 Accedit,
2991 944 3268 1002 Romanos
3295 945 3506 1018 pontifi-

1915 1046 2007 1088 ces
2034 1031 2341 1102 hujusmodi
2379 1034 2758 1105 jurisdictione
2784 1051 2915 1093 vere
2943 1054 3072 1096 usos
3101 1055 3218 1096 esse
3247 1041 3315 1096 iis
3343 1042 3397 1096 in
3427 1054 3508 1095 re-

1916 1123 2166 1192 gionibus
2185 1126 2268 1180 sui
2294 1127 2695 1197 patriarchatus
2713 1129 2908 1198 quibus
2935 1131 3142 1186 nullum
3170 1133 3312 1203 apud
3345 1135 3508 1204 scrip-

1918 1221 2066 1270 tores
2090 1214 2311 1272 dubium
2330 1219 2458 1288 quin
2481 1221 2688 1291 proprii
2706 1223 3112 1292 metropolitani
3137 1224 3250 1294 jam
3295 1226 3504 1297 pridem

1920 1305 2034 1362 dati
2061 1306 2304 1375 fuissent,
2338 1319 2503 1382 atque
2531 1313 2641 1369 illic
2667 1329 2778 1370 non
2811 1315 2988 1370 solum
3017 1318 3165 1388 ipsos
3193 1319 3508 1389 metropoli-

1918 1404 2095 1463 tanos,
2127 1400 2223 1454 sed
2250 1401 2414 1455 etiam
2443 1404 2680 1460 minores
2708 1406 2997 1476 episcopos
3025 1409 3338 1477 promiscue
3368 1409 3510 1464 ordi-

1921 1503 2118 1545 nasse:
2167 1493 2624 1560 quemadmodum
2652 1496 2904 1566 probavit
2931 1497 3135 1552 Natalis
3181 1498 3506 1565 Alexander,

1921 1582 2137 1639 tertiam
2166 1582 2471 1654 Symmachi
2501 1601 2654 1656 papaa
2683 1588 2970 1658 epistolam
3017 1591 3190 1645 citans
3213 1630 3230 1655 ,
3279 1592 3510 1662 primam

1924 1671 2130 1730 Nicolai
2158 1673 2180 1729 I
2208 1675 2277 1731 ad
2305 1675 2620 1733 Michaelem
2648 1676 2960 1737 Graecorum
2986 1682 3391 1754 imperatorem,
3423 1685 3513 1740 tri-

219 1770 401 1841 quam)
435 1770 687 1841 profecto
714 1749 1112 1841 dempsissent:
1147 1784 1215 1825 eo
1246 1769 1356 1824 fere
1381 1771 1546 1827 modo
1574 1786 1682 1840 quo
1711 1787 1821 1826 me-
1851 1791 1903 1854 Β
1926 1767 2186 1834 gesimam
2209 1777 2457 1838 quartam
2488 1770 2580 1825 lib.
2610 1787 2679 1827 IV.
2713 1779 2769 1827 et
2814 1749 3080 1829 decimam
3112 1776 3329 1830 tertiam
3362 1775 3456 1831 lib.
3481 1791 3514 1832 ν
3601 1749 3618 1766 ⁸

219 1863 542 1934 tropolitani
567 1862 1038 1934 patriarchatuum
1065 1861 1412 1925 Antiocheni,
1444 1861 1818 1930 Alexandrini,

221 1955 464 2010 Africani
502 1953 716 2008 nullum
738 1952 948 2024 juribus
976 1953 1271 2022 primatum
1309 1966 1533 2007 suorum
1574 1951 1822 2022 prejudi-

221 2050 360 2104 cium
389 2046 724 2114 inferebant,
755 2047 887 2116 quin
914 2047 1079 2101 immo
1107 2045 1456 2116 splendorem
1484 2044 1825 2115 dignitatem-

221 2154 320 2210 que
348 2153 561 2208 augere
587 2138 928 2194 videbantur.
959 2136 1162 2192 Verum
1189 2137 1306 2192 haec
1334 2135 1457 2192 ideo
1473 2151 1504 2190 a
1525 2136 1682 2192 nobis
1702 2150 1826 2207 sup-

221 2232 394 2302 posita
423 2239 578 2297 sunt,
610 2238 670 2284 ut
689 2229 1047 2286 Schelstratio
1062 2230 1384 2299 casterisque
1405 2230 1458 2284 ei
1485 2231 1826 2286 consentien-

223 2326 359 2380 tibus
406 2323 675 2394 eﬂ‘ugium
722 2338 882 2379 omne
935 2322 1328 2394 praecludamus
1376 2323 1442 2378 ad
1497 2323 1823 2379 eludendum

225 2424 607 2486 argumentum
635 2414 703 2471 de
731 2415 1034 2470 hierarchia
1065 2415 1228 2470 totius
1265 2414 1540 2482 Ecclesim,
1573 2415 1737 2470 etiam
1767 2415 1822 2470 in

225 2507 518 2578 provinciis
547 2505 716 2561 Italize
744 2504 1097 2561 admittenda.
1157 2503 1329 2561 Porro
1348 2544 1362 2570 ,
1394 2520 1518 2562 cum
1546 2504 1682 2562 falsa
1711 2522 1824 2562 om-

229 2601 350 2654 nino
376 2598 550 2653 luerit
591 2597 786 2653 divisio
826 2596 994 2652 Italiae
1041 2597 1097 2651 in
1142 2597 1437 2654 vicariatus
1484 2597 1658 2652 tribus
1701 2611 1824 2652 uerte

229 2696 424 2744 nostra:
449 2687 731 2759 prioribus
759 2687 1002 2754 sacculis,
1033 2684 1168 2742 falsa
1194 2687 1401 2758 pariter
1429 2694 1514 2742 est
1542 2687 1736 2743 divisio
1765 2687 1823 2742 in

227 2779 359 2835 duos
387 2779 516 2835 illos
541 2778 1016 2850 metropolitanos,
1048 2777 1352 2833 Romanum
1380 2785 1436 2835 et
1462 2777 1824 2834 Mediolanen-

226 2888 371 2941 sem;
404 2881 574 2943 atque
602 2872 759 2939 adeo,
790 2879 1036 2943 spectata
1065 2872 1360 2928 universali
1391 2871 1711 2927 hierarchiac
1739 2886 1826 2927 ec-

228 2965 548 3020 clesiastica:
583 2965 799 3034 regula,
849 2971 1099 3034 superest
1134 2972 1194 3018 ut
1227 2963 1372 3033 juste
1418 2963 1822 3034 prudenterque

235 3055 586 3125 conjiciamus
608 3070 708 3128 per
734 3055 946 3110 Italiam
973 3069 1192 3124 quoque
1223 3054 1474 3111 eumdem
1500 3055 1592 3124 qui
1621 3056 1675 3109 in
1702 3055 1824 3110 reli-
1849 3095 1898 3163 Ο

237 3162 351 3217 qua
371 3148 519 3202 omni
529 3146 763 3203 Ecclesia
791 3147 1110 3202 hierarchiaa
1137 3146 1384 3203 ordinem
1401 3144 1566 3202 fuisse
1586 3161 1685 3217 per
1699 3161 1826 3217 apo-

228 3239 412 3296 stolos
443 3239 801 3296 distributum.

301 3329 430 3386 134.
483 3330 621 3388 Sunt
647 3333 812 3388 etiam
840 3331 934 3402 qui
961 3331 1268 3388 concedunt
1308 3330 1512 3386 nullam
1551 3331 1716 3387 fuisse
1751 3330 1827 3386 vi-

231 3423 506 3480 cariorum
532 3424 770 3480 civilium
799 3438 974 3494 neque
1002 3423 1550 3495 metropolitanorum
1577 3422 1644 3477 iis
1663 3436 1826 3477 saecu-

232 3516 300 3570 lis
327 3515 382 3570 in
406 3513 564 3569 Italia
592 3514 946 3581 divisionem;
996 3522 1199 3583 negant
1227 3528 1357 3568 vero
1397 3513 1561 3567 alium
1590 3513 1666 3567 ibi
1694 3526 1828 3582 prae-

225 3610 445 3664 l'ulsisse
457 3609 935 3679 metropolitanum
949 3614 1149 3678 praeter
1158 3605 1464 3663 Romanum
1479 3606 1792 3676 episcopum
1807 3621 1822 3670 ;

219 3699 516 3755 silentibus
543 3699 687 3754 enim
713 3697 992 3754 veteribus
1019 3696 1386 3753 monumentis
1413 3695 1482 3752 de
1500 3695 1696 3765 quovis
1717 3695 1825 3750 alio

219 3790 688 3861 metropolitano,
737 3789 884 3844 solus
909 3786 1155 3860 pontifex
1182 3788 1407 3858 legitur,
1453 3795 1509 3842 et
1537 3788 1826 3858 episc0pos

217 3895 604 3946 consecrasse,
635 3889 894 3950 actusque
921 3895 1018 3936 eos
1038 3894 1228 3936 omnes
1258 3880 1311 3934 in
1339 3879 1540 3935 Italicis
1567 3879 1826 3936 Ecclesiis

217 3975 542 4032 exercuisse
561 4015 576 4040 ,
620 3975 714 4044 qui
743 3972 1067 4028 immediatis
1093 3973 1530 4042 metropolitanis
1557 3980 1828 4042 compete-

218 4077 360 4125 rent
380 4111 396 4136 ,
442 4076 765 4138 centumque
803 4066 1177 4138 producuntur
1221 4066 1470 4136 exempla
1509 4067 1652 4136 apud
1692 4067 1824 4122 istos

217 4169 490 4218 auctores
515 4159 863 4217 consulenda.
923 4158 1176 4214 Attamen
1217 4158 1272 4213 id
1312 4159 1617 4228 argumenti
1653 4172 1826 4228 genus

217 4253 376 4310 nihil
399 4252 612 4325 probat,
643 4254 770 4323 quia
799 4251 1024 4307 nimium
1037 4251 1253 4322 probat,
1286 4258 1348 4306 ut
1362 4251 1514 4306 aiunt
1532 4250 1819 4305 dialectici.

216 4346 568 4402 Patriarchae
604 4346 770 4402 etiam
813 4343 1211 4400 Alexandrinus
1249 4350 1306 4398 et
1353 4341 1723 4399 Antiochenus
1759 4357 1826 4397 ea

215 4439 424 4496 omnia
457 4437 577 4510 jura
605 4440 707 4496 sibi
748 4438 1077 4508 arrogabant
1113 4437 1168 4492 in
1203 4437 1498 4508 provinciis
1545 4436 1820 4506 subjectis,
1850 4473 1905 4535 Β

215 4543 280 4589 et
309 4533 594 4605 praecipue
620 4532 997 4602 episcoporum
1023 4529 1398 4586 ordinationes
1425 4544 1526 4600 per
1552 4528 1826 4586 Ecclesias

216 4624 478 4680 Orientis
505 4631 558 4679 et
585 4621 802 4695 Egypti
827 4640 842 4689 ;
902 4635 1078 4691 neque
1106 4621 1232 4677 ideo
1259 4621 1666 4692 respondebunt
1696 4637 1828 4692 pras-

215 4717 445 4772 laudati
474 4723 718 4772 auctores
739 4715 915 4770 nullos
929 4714 1382 4784 metropolitanos
1402 4721 1532 4769 tunc
1553 4715 1828 4770 exstitisse

216 4826 329 4882 per
360 4804 665 4863 Orientales
693 4815 854 4877 atque
883 4804 1229 4877 Egyptiacas
1265 4805 1558 4872 dicaceses,
1609 4805 1705 4864 sed
1733 4821 1829 4862 eos

216 4912 395 4958 actus
417 4900 805 4970 iurisdictionis
833 4899 904 4955 ad
930 4899 1271 4969 patriarchas
1298 4907 1576 4969 spectasse
1595 4901 1832 4955 cumula-

217 4998 378 5061 live,
409 5002 571 5066 prout
595 4994 796 5064 legist'e
824 4993 1097 5056 dicerent,
1131 5008 1254 5048 cum
1274 4992 1604 5048 subalternis
1631 5001 1828 5050 metro-

216 5087 534 5161 politanis,
589 5088 800 5142 ratione
836 5100 1027 5141 eorum
1071 5087 1335 5156 primatus
1385 5093 1549 5155 atque
1595 5086 1830 5143 inductae

217 5177 663 5235 consuetudinis.
695 5177 825 5245 Qum
851 5177 1134 5248 responsio
1161 5177 1624 5247 opportunissima
1651 5185 1736 5234 est
1763 5181 1830 5234 ad

217 5286 351 5326 rem
371 5275 630 5336 nostram,
661 5269 925 5340 siquidem
940 5267 1374 5325 animadvertere
1388 5269 1688 5325 debuerant
1702 5285 1833 5342 prac-

216 5359 561 5416 stantissimi
595 5360 696 5415 viri
734 5359 1135 5432 patriarchatus
1171 5358 1596 5415 Alexandrinum
1637 5368 1694 5417 et
1730 5361 1836 5417 An-

215 5450 556 5507 tiochenam
582 5450 651 5506 ad
677 5450 905 5507 formam
943 5449 1177 5508 Romani
1218 5467 1317 5507 seu
1353 5449 1720 5508 Occidentalis
1758 5455 1834 5509 in-

217 5545 463 5602 stitutos
482 5558 619 5612 esse,
649 5543 698 5600 si
723 5543 953 5600 Niczente
979 5545 1174 5617 synodi
1193 5552 1380 5601 sextus
1399 5561 1575 5602 canon
1601 5547 1656 5602 in
1671 5561 1836 5602 sensu

220 5635 417 5708 magis
442 5635 606 5691 obvio
633 5636 978 5704 attendatur;
1035 5636 1111 5692 ita
1137 5643 1199 5692 ut
1224 5650 1348 5706 qua:
1374 5646 1564 5708 posset
1591 5639 1646 5693 in
1689 5635 1839 5694 Occi-

221 5729 409 5787 dente
443 5725 722 5783 Romanus
756 5725 1004 5799 pontifex
1038 5728 1252 5785 ratione
1287 5729 1373 5785 sui
1410 5729 1834 5805 patriarchatus,

221 5827 471 5902 possunt
496 5819 553 5880 in
581 5816 818 5894 Ennio
846 5819 1260 5895 Alexandrinus,
1291 5821 1348 5886 in
1375 5818 1598 5882 Oriente
1626 5824 1834 5898 episco~

1927 1858 1984 1914 S.
2007 1858 2253 1929 Gregorii
2272 1860 2472 1931 Magni,
2510 1864 2722 1918 tertiam
2755 1863 3037 1922 leestini
3067 1866 3090 1921 I
3125 1867 3194 1922 ad
3226 1870 3514 1939 episcopos

1923 1947 2187 2007 Calabriae
2219 1960 2275 2007 et
2294 1951 2508 2019 Siciliae,
2547 1970 2612 2010 ac
2632 1957 3002 2012 testimonium
3034 1956 3261 2015 Joannis
3298 1945 3515 2017 diaconi

1925 2041 1981 2096 in
2001 2041 2121 2096 Vita
2143 2042 2320 2113 Magni
2339 2042 2606 2114 Gregorii.
2631 2044 2994 2118 Quapropter,
3017 2064 3086 2104 ex
3107 2065 3174 2106 eo
3195 2049 3344 2120 quod
3366 2051 3515 2120 lega-

1927 2142 2016 2189 tur
2030 2134 2306 2191 Romanos
2325 2135 2606 2208 pontiﬁces
2620 2136 3049 2206 jurisdictiouem
3063 2141 3516 2212 metropoliticam

1926 2225 2235 2281 exercuisse
2267 2226 2320 2281 in
2353 2227 2766 2298 particularibus
2803 2229 2969 2285 Italia:
3006 2233 3322 2302 provinciis,
3368 2241 3424 2288 et
3461 2233 3518 2291 in

1924 2315 2339 2386 particularibus
2359 2317 2634 2384 Ecclesiis,
2679 2321 2890 2376 desumi
2910 2324 3098 2393 nequit
3137 2332 3518 2395 argumentum

1926 2421 2122 2478 papam
2159 2407 2326 2465 fuisse
2363 2411 2542 2466 solum
2579 2421 2635 2467 et
2673 2413 3047 2470 immediatum
3085 2415 3374 2481 undecim,
3421 2431 3518 2472 seu

1928 2499 2117 2557 decem
2161 2511 2217 2558 et
2267 2511 2477 2575 septem
2529 2506 2933 2576 provinciarum
2982 2507 3152 2563 Italia:
3201 2507 3517 2579 metropoli«

1929 2597 2132 2647 tanum.

2000 2682 2120 2737 19.5.
2163 2683 2351 2755 Neque
2391 2687 2554 2742 etiam
2592 2687 2789 2744 desunt
2826 2690 2919 2761 qui
2959 2691 3185 2746 avaritia
3236 2699 3293 2747 et
3343 2690 3518 2746 ambi-

1926 2773 2074 2830 tione
2112 2775 2480 2834 Romanorum
2529 2771 2847 2850 pontiﬁcum
2900 2782 3179 2838 exclusam
3230 2782 3402 2838 velint
3451 2782 3519 2835 ab

1924 2865 2076 2922 Italia
2097 2869 2292 2938 reliqui
2325 2871 2473 2926 orbis
2511 2871 2870 2928 hierarchiam
2904 2874 2960 2928 in
2993 2872 3248 2930 Ecclesia;
3286 2874 3521 2945 primor-

1925 2957 2058 3025 diis;
2098 2961 2185 3015 vel
2207 2961 2251 3015 si
2291 2962 2384 3032 qui
2414 2961 2645 3019 fuissent
2676 2966 3103 3036 metropolitani,
3148 2966 3254 3020 illis
3274 2972 3520 3021 asserant

1927 3053 2174 3123 ereptum
2221 3053 2615 3122 iurisdictionis
2668 3057 2832 3111 etiam
2871 3057 3196 3112 immediatzc
3247 3071 3404 3112 usum
3445 3056 3515 3111 ab

1926 3143 2059 3214 ipsis
2097 3144 2462 3215 pontiﬁcibus,
2507 3145 2741 3217 ideoque
2781 3147 3149 3204 innominatos
3169 3147 3512 3202 remansisse.

1927 3232 2057 3301 Quae
2094 3235 2313 3304 quidem
2345 3236 2753 3293 criminationes
2773 3238 2904 3293 satis
2923 3253 3025 3310 per
3056 3238 3376 3308 semetipsas
3397 3237 3520 3292 irri-

1927 3333 2142 3391 tantur,
2203 3327 2250 3382 si
2289 3325 2510 3382 Petrum
2549 3335 2606 3382 et
2643 3326 2868 3384 Paulum
2908 3330 3116 3400 primos
3155 3327 3520 3384 Ecclesiarum

1925 3415 2233 3472 Italicarum
2266 3417 2641 3483 aedificatores,
2684 3420 2731 3475 si
2769 3420 3140 3476 sanctissimos
3173 3434 3366 3476 eorum
3396 3434 3520 3474 suc-

1927 3523 2175 3565 cessores
2193 3510 2438 3580 priorum
2471 3511 2792 3566 saeculorum
2825 3510 3108 3588 pontiﬁces
3141 3511 3520 3567 ecclesiasticae

1926 3604 2242 3675 disciplinaa,
2285 3603 2707 3674 apostolicarum
2727 3604 3099 3667 traditionum,
3144 3604 3522 3674 integerrimo-

1926 3712 2050 3752 rum
2081 3697 2208 3753 vitae
2243 3712 2460 3752 morum
2499 3697 2894 3762 tenacissimos,
2937 3698 3058 3767 quis
3096 3712 3228 3752 sana
3264 3704 3448 3752 mente
3466 3704 3522 3751 ct

1925 3791 2009 3846 sui
2031 3806 2253 3861 compos
2273 3792 2600 3847 meminerit.
2643 3789 2932 3846 Contraria
2964 3791 3148 3862 potius
3181 3790 3517 3861 conjectura,

1927 3884 2344 3956 oppositumque
2365 3899 2433 3938 ex
2468 3883 2736 3940 diametro
2774 3891 3150 3952 argumentum
3183 3883 3308 3938 inde
3342 3897 3521 3938 emer-

1925 3976 2004 4045 git
2029 3993 2041 4028 :
2086 3975 2132 4030 si
2153 3975 2298 4030 enim
2318 3973 2514 4030 Petrus
2534 3983 2591 4030 et
2611 3974 2812 4030 Paulus
2831 3970 3197 4030 Ecclesiarum
3215 3973 3522 4030 Italicarum

1925 4068 2239 4124 fundatores
2277 4067 2516 4133 fuerunt,
2557 4068 2604 4124 si
2642 4068 2969 4124 sanctissimi
3009 4083 3200 4123 eorum
3239 4081 3520 4122 successo-

1925 4173 2016 4213 res
2055 4157 2192 4213 adeo
2227 4165 2446 4214 tenaces
2480 4157 2902 4228 apostolicarum
2941 4155 3314 4220 traditionum,
3356 4163 3522 4225 atque

1927 4251 2288 4320 integerrimas
2327 4251 2394 4305 ab
2433 4251 2514 4306 eis
2553 4255 2786 4320 acceptae
2826 4247 3188 4304 Ecclesiarum
3241 4246 3429 4303 formae
3467 4257 3525 4302 et

1927 4342 2244 4414 disciplinae,
2285 4343 2742 4413 quemadmodum
2783 4342 2930 4396 nulla
2966 4342 3108 4398 ratio
3149 4342 3390 4412 suppetit
3427 4355 3524 4396 ne-

1927 4436 2089 4504 gandi
2127 4437 2405 4507 apostolos
2441 4437 2804 4492 hierarchiam
2841 4435 3082 4491 Italicam
3121 4435 3190 4490 ad
3230 4435 3400 4490 totius
3419 4433 3523 4490 Ec-

1928 4529 2108 4584 clesia:
2129 4529 2375 4585 ordinem
2414 4528 2804 4593 conformasse,
2847 4529 2922 4583 ita
2955 4542 3145 4584 eorum
3181 4541 3525 4584 successores

1929 4623 2076 4678 omni
2113 4637 2255 4693 pene
2292 4621 2472 4676 studio
2511 4636 2576 4676 ac
2595 4620 2959 4677 sollicitudine
2992 4620 3243 4676 eumdem
3278 4635 3526 4676 servasse

1931 4722 2094 4784 atque
2150 4713 2352 4782 ubique
2408 4712 2664 4768 dilatasse
2729 4711 2987 4768 censendi
3057 4719 3184 4767 sunt
3252 4711 3528 4782 prioribus

1931 4807 2164 4862 seculis.

2004 4897 2124 4952 126.
2172 4896 2299 4953 Haec
2335 4912 2436 4968 pro
2474 4895 2733 4967 opinione
2773 4893 2949 4951 Rubei
2983 4894 3323 4964 aliorumque
3355 4893 3406 4948 ei
3440 4891 3532 4946 ad-

1919 4992 2252 5052 .hazrentium
2290 4991 2620 5060 generaliter
2656 5003 2948 5059 suggerere
2987 4997 3170 5060 potest
3208 4985 3529 5044 universalis

1934 5085 2190 5143 Ecclesia:
2229 5085 2530 5156 disciplina.
2593 5083 2754 5140 Modo
2795 5082 2998 5154 aliquid
3049 5081 3375 5154 peculiarius
3413 5078 3528 5133 dis-

1935 5182 2224 5239 serendum
2280 5197 2381 5252 pro
2439 5179 2630 5236 eadem
2681 5177 2940 5248 opinione
2964 5216 2978 5240 ,
3043 5181 3533 5243 argumentumque

1939 5272 2326 5330 desumendum
2348 5286 2378 5325 a
2399 5270 2712 5342 praestantia
2750 5269 2901 5325 urbis
2936 5267 3222 5322 Ravennae.
3264 5262 3366 5318 Vel
3399 5277 3534 5331 ergo

1939 5365 2326 5436 amplectamur
2359 5378 2550 5419 eorum
2587 5361 2912 5418 sententiam
2951 5358 3045 5427 qui
3086 5355 3279 5411 volunt
3317 5362 3533 5425 aposto-

1935 5458 2020 5513 los
2057 5458 2112 5511 in
2151 5454 2546 5512 constituendis
2583 5452 2840 5508 Ecclesiis
2892 5445 3325 5518 metropolitanis
3363 5444 3524 5500 ratio-

1937 5563 2064 5604 nem
2084 5547 2336 5603 habuisse
2357 5545 2427 5602 ad
2465 5545 2716 5602 civitates
2751 5539 3154 5613 provinciarum
3175 5537 3526 5608 metropoles,

1939 5639 2059 5696 illas
2097 5654 2294 5711 nempe
2333 5638 2548 5714 quibus,
2604 5643 2666 5690 ut
2704 5635 2779 5688 ait
2819 5631 3014 5686 Petrus
3052 5629 3120 5685 d‘e
3159 5629 3373 5693 Marca,
3417 5642 3536 5682 con-

1943 5733 2150 5792 tributae
2187 5741 2342 5787 erant
2379 5728 2663 5804 provincia:
2697 5723 2936 5797 imperii,
2991 5721 3134 5794 apud
3185 5736 3316 5796 quas
3365 5715 3536 5790 magi.

1942 5836 2135 5886 atratus
2175 5823 2520 5894 subjeclomm
2559 5833 2744 5875 causa:
2763 5810 3056 5892 judicabat,
3096 5820 3267 5892 etquo
3300 5816 3494 5886 proptr

1921 5967 2019 5992 ἰιισ
2099 5983 2108 5985 η
