3976 6352
563 329 665 388 187

1385 319 1453 379 ΙΝ
1489 319 1545 378 S.
1587 315 1868 376 PETRUM
1905 312 2422 374 CHRYSOLOGUM
2464 285 3016 374 PROLEGOMENA:
3400 297 3403 299 ’
3731 321 3815 376 168

561 439 902 508 civitatibus,
951 435 1043 494 tibi
1087 434 1296 492 minora
1339 433 1623 506 synedria,
1671 434 1911 487 minores
1955 429 2145 486 Eccle-
2175 437 2226 494 Α
2251 431 2390 486 ciam
2420 447 2516 486 seu
2549 432 2841 498 civitatem,
2878 440 2939 486 ut
2970 428 3042 486 ibi
3075 428 3346 502 propriam
3378 430 3482 488 sibi
3512 431 3812 503 Ecclesiam,

561 539 685 604 siae,
734 532 824 588 ubi
870 531 1076 601 majora
1120 527 1401 600 synedria,
1456 526 1692 595 majores
1735 523 1991 580 Ecclesia:
2025 521 2144 578 fun-

559 631 699 687 data:
732 635 888 694 sunt;
929 634 985 682 et
1015 624 1171 681 sicuti
1206 624 1262 678 in
1294 621 1520 692 singulis
1539 620 1887 676 Hebraeorum
1920 619 2142 690 provin-

557 720 656 777 ciis
707 717 976 784 Samaria,
1025 713 1280 781 Galilaea,
1328 711 1512 768 Judrea
1556 712 1768 766 minora
1814 725 1846 765 a
1891 723 2142 780 supremo

558 811 976 881 uniuscujusque
1007 806 1300 879 provinciae
1331 804 1582 877 synedrio
1617 803 1936 874 pendebant,
1961 800 2141 857 omnia

556 906 624 961 ab
665 900 1184 974 Hierosolymitano,
1232 900 1308 952 ita
1353 897 1554 952 factum
1599 903 1684 950 est
1728 902 1788 949 ut
1818 893 2139 948 Christiana:

554 996 804 1052 Ecclesiae
836 994 1075 1048 minores
1108 1007 1140 1045 a
1171 989 1377 1058 majore
1410 987 1795 1057 cujuscumque
1826 985 2136 1056 provinciae,

551 1102 740 1144 omnes
773 1093 956 1140 autem
988 1084 1056 1138 ab
1090 1080 1579 1152 Hierosolymitana
1611 1077 1930 1148 penderent.
1971 1075 2028 1129 In
2050 1089 2138 1130 se-

549 1180 723 1235 cunda
756 1194 888 1234 vero
921 1176 1146 1248 periodo
1178 1180 1439 1230 exeuntes
1472 1173 1540 1228 ab
1559 1170 1756 1226 Iudam
1790 1171 1984 1224 ﬁnibus
2016 1184 2142 1240 apo-

549 1274 705 1368 stpli,
754 1288 848 1328 eas
893 1273 1146 1341 regiones
1191 1269 1575 1324 circumierunt
1633 1267 1688 1320 in
1744 1265 1941 1368 quibus
1983 1262 2140 1368 mi‘xti

550 1355 707 1421 erant
737 1364 1025 1433 gentilibus
1055 1362 1297 1428 Hebraei,
1350 1369 1405 1415 et
1440 1372 1738 1432 synagogas
1770 1373 1868 1428 per
1898 1355 2136 1426 singulas

551 1459 828 1523 civitates,
863 1455 1170 1528 synedrium
1221 1461 1399 1508 autem
1443 1452 1715 1506 habebant
1757 1465 1856 1520 per
1899 1448 2137 1518 singulas

495 1608 499 1613 _
551 1549 887 1619 provincias,
926 1562 1021 1602 seu
1052 1561 1152 1616 per
1182 1544 1448 1614 quosdam
1481 1542 1719 1612 regionis
1739 1548 1960 1596 tractus.
1997 1537 2134 1606 Quia

551 1655 682 1695 vero
728 1637 984 1693 ineffabili
1028 1636 1124 1692 Dei
1169 1634 1507 1706 providentia
1551 1641 1767 1688 cautum
1800 1640 1917 1687 erat
1959 1639 2021 1685 ut
2066 1630 2134 1684 ad

550 1732 792 1802 gentium
825 1730 1235 1786 conversionem
1267 1727 1548 1800 Synagoga
1583 1727 1699 1796 ipsa
1730 1725 1874 1780 viam
1907 1723 2130 1788 faceret,

2244 523 2532 594 praedicato
2583 523 2878 594 Evangelio
2902 566 2916 592 ,
2973 522 3320 579 eiformarent
3341 566 3358 593 ,
3413 526 3816 598 cathedramque

2243 615 2604 682 collocarent;
2639 617 2726 672 vel
2758 616 2827 672 ad
2852 615 3051 672 nullam
3075 615 3338 686 designati
3354 618 3686 675 individuam
3708 637 3816 691 pro-

2242 707 2470 762 vinciam
2502 723 2598 762 seu
2630 708 2932 776 civitatem,
2980 709 3075 764 sed
3119 717 3178 764 ut
3222 710 3544 782 ubicumque
3588 729 3710 769 sors
3739 723 3816 771 aut

2241 800 2422 871 potius
2454 801 2636 856 divina
2679 799 3023 857 Providentia
3067 801 3171 856 illis
3211 803 3356 858 viam
3401 803 3643 874 aperiret
3673 804 3814 862 ﬁdem

2241 893 2654 961 disseminandi,
2690 894 2764 950 ibi
2806 896 3194 961 consisterent,
3263 897 3475 966 sibique
3532 896 3813 954 Ecclesiam

2243 1001 2310 1040 ex
2343 1001 2606 1042 converso
2637 987 2840 1057 populo
2872 995 3278 1057 componerent.
3331 987 3522 1057 itaque
3567 991 3815 1044 alterutro

2241 1077 2404 1131 modo
2424 1077 2668 1147 discipuli
2702 1078 2788 1132 isti
2823 1086 2878 1133 et
2910 1078 3147 1148 episcopi
3179 1078 3246 1132 ad
3277 1087 3466 1147 gentes
3496 1080 3672 1147 missi,
3708 1095 3814 1135 cum

2235 1167 2349 1236 jam
2400 1166 2698 1224 Ecclesiam
2751 1170 2985 1239 aliquam
3030 1170 3286 1239 praeclara
3330 1171 3384 1224 in
3428 1172 3564 1227 urbe
3609 1171 3815 1228 fundas-

2240 1272 2381 1327 sent,
2416 1262 2541 1316 hinc
2573 1260 2810 1318 ﬁnitimis
2853 1263 3158 1318 civitatibus
3191 1280 3254 1319 ac
3294 1265 3508 1334 populis
3551 1263 3813 1322 Christum

2241 1355 2664 1422 annuntiabant,
2713 1373 2880 1412 novas
2923 1356 3189 1412 Ecclesias
3221 1358 3275 1412 in
3319 1358 3547 1416 circuitu
3591 1362 3814 1416 sanctiﬁ-

2239 1455 2455 1514 cantes,
2512 1449 2697 1518 eisque
2749 1449 2912 1504 etiam
2954 1449 3257 1514 interdum,
3305 1451 3351 1504 si
3385 1451 3646 1521 expedire
3679 1452 3813 1507 vide-

2237 1549 2406 1604 retur,
2444 1540 2728 1609 episcopos
2762 1547 3161 1595 consecrantes.

2308 1629 2428 1684 138.
2472 1629 2551 1685 Ex
2584 1631 2684 1686 hac
2715 1639 2896 1686 autem
2916 1631 3305 1702 sapientissima
3339 1630 3669 1699 evangelicm
3687 1647 3812 1702 pra:-

2234 1719 2520 1777 dicationis
2548 1723 2847 1778 meonomia
2881 1739 2989 1777 non
3008 1723 3182 1778 solum
3217 1721 3529 1790 intelligitur
3547 1723 3812 1791 quomodo

550 1834 605 1880 et
635 1824 805 1880 Judaei
835 1822 1035 1878 Christi
1068 1821 1358 1891 discipulos
1393 1821 1446 1874 in
1479 1819 1758 1890 gentilium
1790 1817 2038 1873 notitiam
2071 1831 2134 1871 ac
2162 1803 2211 1864 Β
2235 1815 2468 1884 apostoli
2502 1816 2555 1869 in
2588 1815 2816 1870 ethnicis
2847 1815 3159 1883 regionibus
3191 1823 3271 1868 tot
3315 1813 3586 1869 Ecclesias
3629 1814 3811 1870 funda-

547 1915 966 1971 familiaritatem
1000 1914 1333 1978 inducerent,
1372 1919 1433 1966 ut
1465 1926 1530 1966 eo
1563 1909 1793 1965 naturali
1825 1908 2004 1963 medio
2037 1923 2131 1963 su-

545 2007 944 2079 peruaturalem
979 2005 1137 2058 fidem
1169 2009 1574 2071 cognoscerent,
1610 1999 1678 2055 ad
1709 2013 1869 2068 quam
1885 1997 1998 2060 ,Dei
2031 1997 2132 2051 mi-

547 2099 839 2155 sericordia
871 2098 1220 2162 vocabantur,
1256 2096 1381 2150 hinc
1413 2103 1496 2150 est
1526 2095 1672 2164 quod
1703 2109 1803 2164 per
1833 2093 1886 2148 id
1920 2100 2132 2163 tempus

546 2198 630 2245 tot
674 2191 729 2244 in
775 2189 933 2255 Asia,
983 2186 1190 2252 Africa,
1239 2185 1453 2255 Europa
1499 2184 1799 2248 Ecclesias,
1836 2198 1904 2238 ex
1935 2181 2131 2237 Judzeis

547 2288 604 2336 et
647 2280 935 2348 gentilibus
981 2277 1341 2344 coadunatas,
1375 2276 1658 2331 didicimus
1691 2275 1966 2346 apostolos
2010 2273 2132 2329 fun-

507 2369 732 2437 '-dasse,
781 2370 962 2439 ibique
1007 2365 1344 2424 Christianas
1387 2367 1718 2438 metropoles
1763 2367 2127 2433 constituisse,

545 2463 636 2517 ubi
683 2461 1080 2533 provinciarum
1123 2459 1406 2532 synedria,
1453 2458 1811 2530 Ephesinam,
1847 2457 2132 2514 Sardicen-

543 2573 690 2622 sem,
729 2564 910 2626 atque,
948 2562 1011 2610 ut
1042 2553 1174 2609 alias
1209 2561 1448 2622 taceam,
1495 2552 1887 2608 Antiochenam
1918 2559 1974 2608 et
2004 2551 2130 2608 Ale-

543 2647 877 2701 xandrinam.

614 2737 734 2791 156.
778 2735 977 2791 Ultima
1022 2744 1203 2792 autem
1246 2735 1502 2807 periodus
1534 2735 1841 2807 apostolicae
1872 2734 2128 2805 pradica-

543 2828 724 2893 tionis,
761 2843 828 2883 ex
861 2829 1158 2884 doctissimi
1191 2827 1461 2882 Bacchinii
1493 2827 1834 2897 conjecturis,
1871 2827 1938 2882 ad
1970 2826 2129 2882 ﬁdem

540 2919 791 2988 perduxit
822 2917 1090 2972 Ecclesias
1121 2918 1379 2988 gentium,
1403 2917 1544 2971 inter
1571 2931 1705 2985 quas
1737 2930 1838 2970 nec
1856 2915 2125 2987 synedria,

539 3025 637 3064 nec
683 3007 820 3064 forte
865 3022 1165 3080 synagogas
1212 3007 1482 3062 habebant
1513 3005 1702 3061 Judaei.
1745 3003 1979 3059 Primam
2011 3021 2129 3062 om—

2236 1906 2431 1973 verint,
2467 1915 2550 1961 tot
2581 1907 2924 1977 episcopatus
2957 1906 3258 1970 erexerint,
3294 1920 3482 1960 verum
3515 1906 3686 1960 etiam
3714 1920 3811 1975 qua

2235 1997 2446 2052 ratione
2479 1997 2665 2066 prima:
2709 1998 2949 2052 omnium
2980 1997 3287 2053 constitutae
3331 1995 3534 2052 fuerint
3567 1998 3810 2053 ecclesia-

2232 2090 2381 2144 sticae
2414 2091 2758 2160 metmpoles.
2800 2090 2894 2145 Illa
2928 2091 3071 2145 enim
3103 2092 3292 2146 civitas
3321 2091 3460 2145 hanc
3504 2090 3809 2160 dignitatem

2233 2180 2650 2250 adipiscebatur,
2697 2182 2788 2236 ubi
2834 2182 3202 2252 apostolorum
3246 2181 3491 2252 discipuli
3527 2182 3598 2236 ad
3630 2182 3810 2252 pradi-

2234 2273 2462 2328 candum
2508 2274 2658 2329 missi
2703 2275 3013 2330 cathedram
3055 2273 3370 2340 firmabant,
3431 2289 3500 2328 ex
3545 2289 3657 2343 qua
3700 2288 3808 2330 cum

2234 2362 2486 2418 ﬁnitimas
2507 2366 2670 2420 etiam
2701 2374 2889 2434 gentes
2920 2374 3083 2435 atque
3115 2365 3275 2420 urbes
3306 2365 3553 2421 docendo
3585 2366 3807 2420 circnm-

2232 2455 2393 2521 irent,
2442 2455 2824 2526 conversisque
2868 2457 3203 2525 evangelicas
3262 2456 3408 2525 leges
3454 2455 3804 2526 imponerent,

2232 2545 2501 2603 Ecclesias
2534 2547 2882 2604 efl'ormarent
2913 2548 3124 2618 illisque
3157 2548 3442 2618 episcopos
3471 2546 3688 2612 darent;
3711 2563 3809 2604 cte-

2230 2647 2431 2710 perunt
2474 2640 2725 2695 conversi
2768 2640 2955 2710 populi
3010 2641 3132 2695 illos
3177 2639 3470 2710 discipulos
3515 2647 3572 2695 et
3626 2641 3808 2695 missos

2230 2730 2400 2785 veluti
2431 2738 2617 2802 patres
2648 2739 2704 2785 et
2747 2730 2999 2787 doctores
3031 2731 3447 2802 superioresque
3479 2731 3536 2786 in
3569 2731 3810 2802 spiritua-

2230 2821 2372 2878 libus
2403 2824 2634 2893 negotiis
2669 2824 2939 2894 respicere
2984 2831 3041 2879 et
3083 2825 3350 2891 venerari,
3393 2840 3696 2895 eorumque
3724 2841 3806 2881 ca-

2230 2914 2450 2970 thedras
2467 2957 2482 2982 ,
2530 2915 2673 2970 unde
2717 2915 2891 2985 primo
2936 2915 3041 2971 illis
3084 2915 3461 2972 derivaverant
3505 2915 3630 2972 fidei
3675 2917 3810 2973 rudi-

2231 3015 2431 3074 menta,
2469 3016 2526 3063 et
2557 3009 2803 3078 proprias
2835 3007 3102 3065 Ecclesias
3145 3011 3506 3081 pr0priosque
3539 3012 3809 3082 episcopa-

537 3102 686 3157 nium
718 3100 961 3156 fundavit
1008 3097 1201 3155 Petrus
1234 3099 1606 3169 apostolorum
1639 3097 1892 3168 princeps
1924 3096 2126 3152 lloma-
2152 3102 2198 3167 ε
2229 3106 2316 3154 tus
2361 3100 2571 3154 initium
2615 3101 2866 3155 habuisse
2897 3099 3222 3167 fatebantur,
3272 3111 3546 3170 tamquam
3587 3111 3808 3157 matrem

535 3211 658 3249 nam
682 3235 696 3258 ,
734 3195 788 3248 in
822 3210 888 3250 ea
920 3194 1124 3249 scilicet
1157 3196 1290 3248 urbe
1305 3194 1472 3248 totius
1504 3192 1651 3248 orbis
1683 3190 2002 3262 metropoli,
2039 3191 2127 3246 cui

535 3300 655 3338 cum
707 3299 860 3353 teque
912 3284 1236 3338 subderetur
1287 3281 1543 3338 Hebraeus
1596 3296 1659 3337 ac
1707 3281 1942 3350 gentilis,
1998 3296 2128 3336 con-

535 3389 725 3443 gruum
756 3382 873 3429 erat
904 3373 978 3427 ibi
1009 3371 1373 3428 Ecclesiarum
1416 3371 1709 3425 maximam
1740 3370 1875 3438 erigi
1907 3384 1970 3424 ac
2005 3367 2127 3423 fun-

535 3465 682 3530 dari,
719 3478 838 3532 qua
871 3479 940 3520 ex
971 3472 1202 3532 utroque
1246 3461 1450 3532 populo
1494 3461 1801 3516 coalescere
1846 3460 2126 3529 componi-

535 3572 641 3628 que
673 3557 922 3612 debebat.
959 3555 1040 3609 Ab
1074 3556 1174 3610 hac
1204 3556 1366 3624 igitur
1397 3555 1639 3625 principe
1670 3552 1926 3618 Ecclesia,
1963 3567 2124 3622 quam

533 3646 728 3702 Petrus
773 3655 828 3702 et
873 3645 1072 3701 Paulus
1115 3645 1448 3700 aedificarunt
1493 3645 1823 3714 proprioque
1866 3645 2127 3713 sanguine

535 3740 894 3804 stabilierunt,
930 3737 1080 3792 missi
1115 3747 1240 3791 sunt
1266 3751 1698 3806 quaquaversum
1729 3737 1821 3806 qui
1841 3737 2129 3805 gentilibus

533 3831 805 3886 Christum
837 3831 1147 3885 nuntiarent
1181 3836 1237 3884 et
1255 3827 1590 3883 Christianas
1618 3829 1818 3897 ubique
1856 3828 2126 3884 Ecclesias

531 3922 916 3978 coadunarent.
959 3920 1038 3974 Ex
1059 3921 1161 3975 hoc
1183 3919 1330 3975 fonte
1350 3920 1404 3973 in
1425 3919 1646 3985 Italiam,
1664 3917 1908 3988 Galliam,
1935 3920 2124 3991 Hispa-

532 4015 694 4081 niam,
719 4012 1006 4084 lllyricum,
1041 4011 1293 4076 Africam,
1331 4011 1472 4075 ﬁdei,
1496 4011 1848 4082 baptismatis,
1874 4012 2120 4068 traditio-

529 4119 657 4158 num
679 4103 834 4158 rivuli
855 4101 1081 4158 feliciter
1100 4101 1445 4167 derivarunt;
1473 4101 1608 4156 adeo
1629 4108 1688 4154 ut
1702 4101 1824 4169 jure
1845 4102 2121 4171 scripserit

531 4195 599 4249 ad
642 4195 980 4263 Eugubinum
1023 4195 1336 4264 episcopum
1380 4191 1797 4247 lnnocentiusl:
1845 4192 2044 4264 Legam
2075 4196 2120 4248 si

531 4289 584 4340 in
606 4287 669 4339 iis
699 4288 974 4357 provinciis
1004 4287 1136 4340 alius
1180 4285 1528 4356 apostolorum
1549 4286 1808 4338 invenitur
1827 4294 1917 4339 aut
1937 4284 2120 4356 legitur

2231 3191 2463 3258 habere,
2500 3191 2567 3246 ab
2601 3206 2666 3246 ea
2711 3191 3057 3259 traditiones,
3107 3192 3176 3247 ab
3220 3208 3286 3248 ea
3332 3194 3387 3247 in
3432 3193 3600 3248 dubiis
3633 3194 3811 3248 consi-

2231 3282 2400 3347 lium,
2437 3283 2504 3337 ab
2553 3297 2616 3337 ea
2661 3281 2986 3353 disciplinae,
3035 3284 3270 3350 rituum,
3321 3298 3520 3339 morum
3564 3283 3811 3350 regulas,

2232 3374 2606 3443 episcoporum
2638 3389 2858 3429 suorum
2890 3373 2977 3429 vel
3008 3375 3469 3430 consecrationem
3493 3372 3578 3427 vel
3609 3388 3814 3444 appro-

2231 3467 2505 3520 bationem
2551 3465 2817 3532 mutuari,
2879 3467 3178 3536 praesertim
3223 3466 3483 3537 apostolis
3523 3464 3807 3528 defunctis,

2232 3572 2463 3626 quorum
2511 3557 2938 3626 prudentissimae
2985 3557 3309 3614 institutioni
3353 3566 3630 3628 acceptam
3676 3557 3809 3611 refe-

2224 3657 2353 3704 runt
2387 3650 2543 3704 istam
2577 3650 2924 3706 ecclesiastici
2954 3650 3230 3720 regiminis
3263 3649 3524 3720 politiam.

2298 3740 2417 3795 159.
2451 3740 2510 3796 ld
2535 3756 2667 3797 vero
2694 3741 2974 3811 probabile
2992 3783 3007 3808 ,
3052 3741 3218 3796 immo
3257 3755 3480 3810 prorsus
3508 3737 3807 3808 innegabile

2223 3833 2510 3897 videbitur,
2535 3833 2580 3886 si
2603 3831 3002 3888 animadvertas
3030 3833 3206 3902 primo
3240 3830 3521 3901 apostolos
3560 3846 3688 3885 eam
3725 3844 3808 3884 re-

2226 3925 2443 3993 giminis
2486 3923 2713 3979 formam
2747 3925 2852 3979 sibi
2891 3925 3269 3994 proposuisse,
3305 3937 3427 3993 quae
3455 3931 3513 3978 et
3535 3925 3809 3992 Eperpetua

2221 4015 2366 4070 foret
2406 4022 2462 4070 et
2494 4015 2673 4084 aptior
2713 4016 2782 4071 ad
2816 4030 3005 4070 omnes
3046 4015 3276 4085 populos
3317 4013 3515 4083 ubique
3541 4023 3809 4068 terrai-mn

2221 4105 2607 4162 coadunandos
2635 4107 2690 4162 in
2719 4123 2884 4161 unum
2905 4121 3106 4176 corpus
3134 4115 3297 4174 atque
3338 4106 3392 4159 in
3433 4120 3602 4159 unum
3649 4105 3807 4166 ovile,

2221 4206 2276 4252 et
2305 4196 2515 4252 facilius
2541 4199 2808 4268 regendos
2841 4205 2898 4254 et
2925 4197 3297 4262 instruendos;
3335 4196 3572 4252 secundo
3613 4212 3722 4267 per
3756 4210 3812 4250 se

2222 4291 2369 4361 ipsos
2383 4307 2693 4361 paucosque
2721 4306 2907 4347 eorum
2924 4291 3213 4361 discipulos
3233 4298 3444 4344 tantum
3464 4304 3600 4360 opus
3633 4290 3814 4345 absol-

531 4378 792 4443 docuisse;
827 4378 960 4450 quod
984 4380 1151 4432 sinon
1180 4379 1379 4450 legant,
1411 4379 1529 4450 quia
1558 4395 1808 4450 nusquam
1838 4379 2114 4445 invenitur,
2143 4403 2200 4465 Β
2222 4400 2351 4438 vere
2373 4400 2479 4438 non
2509 4385 2754 4451 licuisse;
2787 4391 2941 4439 erant
2961 4384 3104 4438 enim
3136 4382 3366 4453 paucula
3393 4382 3485 4435 illa
3513 4396 3691 4450 grana
3719 4396 3814 4453 per

531 4477 729 4541 oportet
775 4487 859 4524 eos
903 4470 998 4524 hoc
1038 4472 1180 4542 sequi
1223 4470 1357 4541 quod
1401 4469 1639 4524 Romana
1675 4470 1910 4524 Ecclesia
1944 4480 2115 4526 custo-

531 4563 637 4625 dit,
677 4581 708 4616 a
742 4580 842 4635 qua
875 4581 960 4617 eos
994 4564 1306 4636 principium
1340 4565 1595 4634 accepisse
1635 4580 1740 4617 non
1775 4562 1984 4618 dubium
2015 4575 2110 4619 est.

533 4655 671 4710 Hinc
689 4657 781 4724 qui
802 4657 1084 4712 emersisse
1106 4657 1297 4712 volunt
1313 4655 1432 4725 jura
1469 4655 1700 4710 Romani
1721 4656 2116 4724 patriarchatus

529 4749 586 4802 in
610 4763 826 4802 omnem
846 4748 1188 4803 Occidentem
1204 4788 1218 4814 ,
1256 4763 1366 4802 non
1386 4747 1544 4815 longe
1564 4761 1595 4800 a
1614 4747 1842 4801 veritate
1863 4746 2114 4804 aberrare

528 4840 868 4895 arbitramur.

599 4932 718 4987 157.
764 4931 934 4988 Porro
955 4931 1487 4988 animadvertendum
1519 4934 1608 4989 hic
1638 4933 1786 4989 venit
1807 4935 1989 5003 inquo
2009 4934 2111 4989 dif-

525 5025 729 5081 ferrent
762 5027 903 5079 inter
934 5041 993 5079 se
1038 5023 1376 5079 fundationes
1421 5024 1780 5081 Ecclesiarum
1823 5026 2008 5097 prima:
2054 5033 2111 5082 et

524 5117 774 5173 secunda:
818 5116 1060 5186 periodi,
1108 5124 1163 5170 et
1205 5113 1550 5172 fundationes
1593 5115 1955 5172 Eoclesiarum
2000 5126 2109 5173 ter-

524 5210 612 5264 titc
639 5228 650 5262 :
693 5224 816 5262 nam
849 5207 1029 5277 quoad
1061 5207 1290 5277 primas,
1327 5223 1437 5264 non
1470 5219 1627 5264 antea
1667 5209 1722 5263 in
1755 5210 1859 5264 illis
1892 5209 2110 5264 ordina-

525 5299 722 5354 bantur
768 5300 1010 5371 episcopi
1055 5313 1220 5368 quam
1277 5297 1532 5354 Ecclesiae
1577 5301 1708 5370 ipsae
1739 5301 1824 5354 vel
1868 5315 1931 5355 ex
1980 5301 2110 5356 solis

525 5391 792 5459 Hebmis,
847 5393 934 5447 vel
979 5407 1047 5446 ex
1092 5390 1330 5446 Hebrasis
1375 5392 1533 5446 simul
1578 5399 1634 5447 et
1677 5392 1964 5460 gentilibus
1992 5392 2103 5461 jam

2221 4476 2584 4530 vastissimum
2613 4476 2850 4530 universi
2878 4491 3128 4545 campum
3161 4473 3588 4538 disseminanda,
3625 4473 3816 4544 pauci-

2217 4581 2323 4636 que
2352 4566 2428 4620 illi
2456 4567 2510 4620 in
2539 4567 2708 4620 multa
2737 4565 3012 4635 Evangelii
3059 4580 3234 4621 messe
3275 4565 3530 4635 operarii.
3559 4563 3814 4637 Quapro-

2214 4667 2336 4729 pter
2363 4673 2584 4713 necesse
2610 4656 2709 4711 fuit
2738 4658 2946 4726 aliquot
2974 4656 3184 4712 fundari
3205 4672 3304 4727 per
3325 4655 3474 4712 orbis
3493 4658 3817 4726 provincias

2216 4752 2488 4823 principes
2515 4751 2802 4817 Ecclesias,
2835 4760 2996 4820 atque
3026 4752 3078 4804 in
3109 4751 3174 4806 iis
3203 4758 3293 4805 aut
3320 4750 3701 4820 apostolorum
3721 4761 3818 4806 aut

2215 4844 2621 4913 discipulorum,
2654 4843 2820 4897 veluti
2843 4843 3067 4898 totidem
3099 4843 3567 4912 metropolitarum
3611 4845 3817 4900 cathe-

2211 4936 2359 5000 dras,
2393 4933 2622 5003 ﬁdeique
2651 4951 2715 4990 ac
2751 4935 3060 4990 traditionis
3101 4934 3407 5004 depositum
3446 4935 3752 5003 collocare,
3785 4953 3817 4990 a

2211 5028 2408 5097 quibus
2426 5027 2760 5097 principibus
2788 5025 3044 5082 Ecclesiis
3064 5042 3163 5096 per
3176 5027 3642 5097 pucdicationem,
3677 5045 3818 5100 pro-

2212 5134 2400 5188 gressu
2429 5120 2707 5189 temporis,
2740 5119 2859 5174 alia:
2887 5118 3141 5175 Ecclesiae
3161 5127 3216 5175 et
3244 5127 3598 5175 nascerentur
3636 5130 3700 5176 et
3724 5137 3820 5177 re—

2210 5218 2483 5279 gerentur.
2517 5210 2608 5265 lla:
2638 5219 2817 5266 autem
2845 5211 3258 5282 principaliores
3276 5210 3532 5267 Ecclesiae
3558 5211 3634 5266 ab
3677 5229 3822 5284 apo-

2208 5303 2364 5357 stolis
2392 5303 2477 5358 vel
2508 5302 2575 5357 ab
2603 5304 2972 5374 apostolorum
3000 5303 3275 5374 discipulis
3294 5311 3508 5368 erectae,
3541 5307 3824 5374 apostoli-

2209 5411 2287 5452 cae
2315 5396 2665 5462 vocabantur,
2697 5411 2923 5464 quarum
2950 5395 3368 5465 pulcherrimam
3395 5395 3825 5452 distinctionem

2209 5488 2529 5545 Bacchinius
2547 5487 2714 5544 refert
2740 5502 2808 5542 ex
2835 5487 3191 5544 Tertulliano.

524 5497 826 5550 conversae,
863 5492 919 5540 et
948 5484 1129 5553 aliquo
1171 5483 1334 5540 modo
1367 5481 1607 5538 formatae
1638 5482 1881 5540 fuissent.
1917 5483 2106 5551 Quoad

524 5576 721 5631 alteras
775 5593 937 5645 vero,
999 5587 1289 5649 antequam
1346 5585 1810 5647 converterentur,
1857 5586 1950 5632 aut
1993 5577 2103 5634 ullo

521 5667 684 5723 modo
717 5666 1092 5736 formarentur,
1128 5670 1518 5726 ordinabantur
1548 5669 1804 5741 episcopi,
1839 5678 1895 5726 et
1925 5669 2103 5727 mitte—

521 5755 738 5824 bantur,
774 5758 862 5816 vel
893 5758 1155 5829 designati
1188 5762 1256 5818 ad
1289 5763 1525 5836 aliquam
1555 5763 1845 5836 specialem
1881 5765 2100 5840 provin-

2281 5579 2403 5634 140.
2433 5579 2670 5649 lngenue
2699 5593 2828 5648 ergo
2854 5578 3118 5646 fatemur,
3163 5580 3305 5634 hanc
3343 5579 3416 5636 cl.
3456 5577 3830 5638 Cassinensis

2209 5673 2520 5744 opinionem
2547 5672 2616 5728 de
2655 5673 3142 5727 ecclesiasticarum
3182 5673 3559 5743 metropoleon
3586 5674 3831 5744 origine

2208 5765 2366 5820 nobis
2404 5779 2516 5836 pra:
2563 5764 2772 5820 ueteris
2810 5763 3068 5821 arridere.
3115 5761 3249 5818 Eam
3286 5765 3621 5834 gravissimis
3673 5767 3836 5832 viris
