3964 6350
159 409 252 469 169
421 407 559 466 .IOS.
599 405 924 464 AMADESII
963 400 1416 462 DISSERTA'I‘IO
1455 400 1544 455 DE
1582 397 1973 456 METROPOLI
2015 397 2544 460 ECCLESIASTICA
2583 397 3137 462 RAVENNATENSI.
3319 409 3425 468 I70

156 521 431 598 probatam
457 535 582 578 esse
609 535 717 576 non
745 519 1071 591 ignoramus,
1093 513 1355 587 quidquid
1376 513 1486 581 alii,
1515 527 1742 584 pmser-
1767 518 1818 577 Α
1843 527 2033 570 eorum
2060 512 2233 571 altero
2260 515 2596 573 solummodo
2626 515 2820 591 (aiunt)
2850 524 3129 590 coeperunt
3166 517 3272 590 legi
3308 521 3430 593 qui-

156 619 240 674 tim
265 615 433 684 Galli,
455 615 514 671 in
543 612 874 671 contrarium
901 609 1227 675 effutierint;
1250 607 1499 676 congruit
1518 605 1662 661 enim
1682 612 1744 660 ut

155 723 266 766 cum
291 705 538 762 maxime
565 704 701 761 idem
727 718 892 774 quam
919 700 1174 758 cordatus
1200 699 1431 770 quisque
1457 696 1744 768 concipere

153 799 306 858 debet
331 798 403 854 de
442 796 723 867 Evangelii
749 793 1157 868 propagatione,
1188 786 1746 862 incomprehensibili-

154 904 247 961 ter,
277 909 345 950 ac
371 906 489 948 non
520 891 702 946 minus
726 887 940 945 fortiter
969 901 1134 958 quam
1179 884 1418 941 suaviter
1456 897 1556 956 per
1590 896 1746 937 mun-

153 989 272 1044 dum
297 985 621 1042 universum
650 980 916 1038 absoluta.
959 978 1213 1034 Attamen
1253 975 1528 1033 nescimus
1566 981 1748 1029 utrum

155 1096 214 1136 ea
253 1078 446 1150 opinio
488 1073 772 1131 Bacchinii
811 1071 986 1142 magis
1025 1077 1242 1137 noceat,
1275 1085 1344 1124 an
1370 1067 1553 1124 faveat
1577 1065 1749 1136 magis

154 1166 654 1226 Bavennatensium
690 1163 892 1236 placito
930 1162 999 1218 de
1040 1160 1344 1232 apostolica
1380 1159 1592 1228 origine
1632 1171 1749 1212 me-

156 1263 476 1336 tropoliticte
503 1273 697 1318 eorum
737 1255 1034 1328 dignitatis.

490 1364 520 1429 ε
552 1361 615 1413 ν.
650 1359 1006 1413 Ravennatium
1039 1355 1408 1420 responsiones.

223 1451 344 1506 NI.
374 1449 478 1517 Ne,
511 1463 634 1520 qua:
659 1451 890 1519 possunt
921 1442 1209 1498 allatarum
1234 1436 1614 1496 difficultatum
1644 1434 1754 1502 vjm

160 1543 500 1606 imminuere,
511 1540 797 1597 videamur
811 1535 1084 1606 negligere
1103 1530 1501 1588 Ravennatium
1526 1542 1755 1598 respon—

162 1639 356 1701 siones,
387 1646 753 1704 qumcumque
781 1644 862 1685 eae
879 1628 1010 1694 sint,
1039 1624 1360 1682 brevissime
1398 1622 1489 1680 hic
1515 1633 1757 1692 expone-

163 1743 288 1784 mus.
321 1724 394 1780 Et
419 1725 603 1797 primo
630 1721 848 1793 quidem
887 1719 994 1775 illis
1021 1717 1244 1773 minime
1271 1713 1548 1786 negotium
1577 1710 1755 1767 faces-

165 1820 228 1875 sit
250 1816 593 1875 contrariam
621 1813 935 1886 opinionem
965 1825 1086 1867 esse
1113 1807 1562 1873 communiorem,
1592 1804 1757 1860 immo

1843 603 1970 660 dam
1997 612 2150 661 actus
2177 606 2590 678 metropoliticm
2608 609 2953 679 postestatis!
2985 607 3320 669 Possiblleue
3347 621 3433 670 est

1845 695 2111 767 ejusmodi
2139 698 2426 755 ratiocinio
2453 706 2536 755 tot
2561 699 2998 759 doctissimorum
3023 702 3260 760 virorum
3287 719 3432 762 men-

1846 797 1931 848 tes
1958 792 2339 864 acquievisse?

1920 884 2044 940 I45.
2088 885 2267 956 Atque
2319 901 2387 943 eo
2425 885 2604 958 major
2643 889 2879 960 negativi
2930 889 3093 962 hujus
3133 893 3436 963 argumenti

1849 977 2189 1034 imbecillitas
2215 986 2461 1050 apparet,
2493 995 2601 1050 quo
2629 979 2960 1052 probabilior
2987 990 3070 1039 est
3097 999 3283 1040 eorum
3311 1000 3436 1042 sen-

1849 1068 2019 1124 tentia
2043 1070 2138 1139 qui
2166 1069 2407 1140 regulam
2435 1071 2814 1128 ecclesiastico
2850 1072 3166 1131 hierarchia:
3191 1083 3438 1132 asserunt

1851 1159 2210 1216 universalem
2255 1175 2378 1217 esse
2417 1159 2668 1219 debuisse
2712 1178 2812 1234 per
2852 1171 3025 1220 totum
3074 1163 3440 1223 Christianum

1853 1253 2059 1319 orbem,
2085 1253 2393 1325 nullamque
2413 1255 2635 1311 omnino
2648 1255 2916 1312 rationem
2937 1256 3222 1313 adductam
3250 1258 3438 1325 fuisse,

1855 1360 2030 1416 neque
2083 1345 2278 1402 adduci
2330 1361 2524 1418 posse,
2569 1362 2738 1418 quare
2785 1347 3090 1404 hierarchia
3134 1348 3442 1406 Italicarum

1853 1437 2258 1510 provinciarum
2276 1437 2492 1495 differre
2512 1438 2787 1496 debuisset
2805 1441 2874 1496 ab
2894 1441 3195 1498 hierarchia
3221 1443 3444 1513 reliqum

1856 1529 2023 1586 totius
2063 1527 2342 1584 Ecclesiae.
2384 1529 2630 1600 Apostoli
2657 1529 2927 1601 primique
2966 1531 3294 1588 sanctissimi
3335 1531 3446 1588 Ro-

1857 1620 2002 1676 mani
2028 1620 2333 1691 pontifices,
2363 1621 2692 1694 disciplinae,
2724 1624 3108 1694 traditionum,
3139 1626 3448 1696 regularum

1859 1715 2282 1785 apostolicarum
2300 1723 2520 1772 tenaces
2535 1715 2825 1772 admodum
2839 1758 2854 1784 ,
2879 1733 2975 1774 eas
3005 1717 3367 1788 neglexissent
3393 1719 3448 1778 in

1855 1807 2009 1865 Italia
2038 1810 2457 1866 tantummodo?
2483 1808 2656 1880 Leges
2683 1811 2752 1866 ad
2773 1810 3169 1868 firmamentum
3190 1812 3449 1869 ecclesia--

166 1911 689 1974 communissimam,
720 1921 883 1978 quam
922 1918 1118 1975 nempe
1144 1909 1438 1972 sequantur
1464 1907 1522 1956 et
1555 1912 1759 1970 propu—
1785 1912 1834 1974 Β
1859 1901 1981 1957 stici
1999 1901 2222 1969 ordinis,
2239 1909 2546 1973 sanctasque
2559 1902 3013 1976 fideimorumque
3025 1901 3451 1961 Christianorum

168 2013 320 2075 gnent
338 2017 490 2075 pene
509 2015 701 2058 omnes
721 1997 1154 2066 celebrioresque
1173 1993 1486 2064 scriptores,
1509 1991 1564 2046 in
1586 1989 1762 2046 eccle-

171 2099 379 2155 siastica
422 2095 657 2151 historia
675 2135 692 2159 ,
753 2091 1068 2161 disciplina,
1114 2087 1358 2143 moribus
1410 2083 1758 2157 peritissimi;

173 2192 357 2247 veritas
386 2187 542 2245 enim
563 2186 880 2257 opinionum
905 2180 1216 2252 hujusmodi
1244 2195 1357 2235 non
1385 2194 1418 2234 a
1459 2175 1786 2233 multitudi-'

169 2299 232 2339 ne
257 2295 443 2352 neque
482 2296 514 2335 a
544 2277 783 2334 nominis
809 2275 1076 2340 claritate,
1108 2272 1206 2329 sed
1232 2287 1263 2327 a
1292 2269 1765 2327 fundamentorum

169 2375 420 2429 firmitate
469 2369 824 2440 dignoscitur.
871 2366 1173 2421 Innumeras
1212 2361 1605 2435 propemodum
1644 2359 1765 2431 opi-

170 2467 355 2522 niones
380 2461 615 2533 singulis
640 2459 890 2516 aetatibus
917 2463 1232 2528 regnarunt,
1255 2470 1391 2526 quas
1409 2452 1621 2509 foverat
1648 2451 1768 2507 uni-

169 2559 393 2615 versalis
439 2569 774 2620 consensus;
831 2551 994 2607 modo
1049 2558 1234 2606 autem
1274 2547 1424 2605 falsa:
1463 2553 1591 2602 sunt
1627 2543 1770 2616 apud

170 2667 378 2708 omnes.
407 2647 485 2704 Et
511 2662 583 2704 ne
615 2644 831 2715 longius
859 2641 1110 2713 exempla
1158 2639 1538 2710 quaeritemus,
1587 2650 1771 2692 nonne

171 2743 359 2815 opinio
386 2741 458 2797 de
485 2735 876 2795 Mediolanensi
901 2732 1357 2804 metropolitano,
1401 2744 1565 2801 super
1601 2727 1771 2783 Italim

172 2835 444 2892 divisione
471 2832 527 2887 in
554 2830 693 2886 duos
719 2828 1013 2884 vicariatus
1040 2823 1280 2891 fundata,
1315 2819 1774 2879 universalissima

171 2928 461 2996 hucusque
495 2914 610 2991 fuit,
664 2917 849 2990 illique
875 2918 1192 2990 plauserunt
1216 2916 1390 2972 critici
1417 2913 1529 2970 fere
1560 2911 1774 2969 omnes?

175 3019 570 3074 Verumtamen
595 3013 873 3070 destructo
902 3008 1038 3065 falso
1068 3009 1160 3064 illo
1188 3007 1558 3072 fundamento,
1590 3019 1774 3060 aman-

175 3111 450 3180 datisque
476 3108 544 3163 ad
568 3105 770 3162 fabulas
811 3110 896 3160 tot
933 3101 1259 3159 commentis
1299 3114 1420 3168 quae
1438 3113 1540 3169 pro
1577 3111 1773 3152 monu-

171 3203 393 3259 mentis
417 3199 640 3257 indubiis
658 3196 1017 3263 habebantur,
1047 3191 1317 3251 sententia
1344 3189 1529 3246 isthmc
1556 3188 1624 3243 ab
1653 3187 1776 3242 aula

173 3293 396 3351 recedit
420 3299 478 3348 et
495 3289 788 3348 evanescit.

251 3385 382 3439 με.
411 3382 662 3440 Secundo
690 3396 798 3437 non
824 3377 1008 3450 magni
1053 3375 1258 3434 faciunt
1303 3373 1646 3430 Ravennates
1684 3385 1774 3426 ar-

174 3485 500 3549 gumentum
527 3474 840 3544 negativum
869 3469 1323 3528 adversariorum.
1355 3464 1468 3532 Vae,
1501 3464 1548 3520 si
1575 3463 1644 3518 ab
1675 3462 1778 3517 hu-

172 3566 419 3642 iusmodi
463 3565 756 3621 ratiocinio
787 3561 1083 3618 timendum
1123 3565 1300 3616 esset:
1345 3553 1474 3612 Non
1525 3553 1779 3610 invenitur

176 3661 468 3732 scriptum,
526 3673 649 3728 ergo
689 3671 795 3710 non
836 3651 971 3726 fuit!
1011 3649 1207 3705 Actum
1260 3645 1481 3704 omnino
1527 3642 1668 3700 foret
1712 3642 1780 3698 de

173 3751 434 3823 plurimis
459 3763 583 3817 quae
609 3745 774 3802 modo
799 3759 900 3816 pro
921 3742 1086 3798 certis
1113 3739 1336 3796 omnino
1365 3737 1636 3793 habentur
1665 3743 1781 3790 tum

177 3844 234 3898 in
253 3842 434 3899 sacris
460 3849 574 3894 tum
602 3839 659 3893 in
687 3835 959 3908 profanis;
991 3842 1167 3890 actum
1199 3831 1342 3888 foret
1380 3830 1449 3886 de
1477 3838 1562 3886 tot
1587 3827 1780 3886 Eccle-

177 3936 394 3990 siarum
431 3931 774 4000 antiquitate,
821 3935 878 3983 et
914 3926 1004 3982 vel
1042 3941 1152 3981 non
1197 3924 1426 3980 exstisse
1472 3921 1784 3978 dicerentur

179 4023 463 4096 prioribus
481 4021 709 4088 seculis,
739 4019 828 4075 vel
857 4017 1143 4088 episcopos
1162 4030 1272 4071 non
1302 4013 1576 4081 habuisse,
1608 4013 1655 4068 si
1683 4029 1781 4068 au-

179 4127 404 4176 ctorum
430 4115 664 4179 silentio,
697 4117 743 4168 si
769 4117 1244 4167 monumentorum
1271 4107 1467 4179 in0pim
1504 4105 1779 4162 fidendum

179 4219 354 4267 esset.
389 4208 526 4276 Quia
545 4220 673 4276 ergo
701 4211 897 4275 quarto
922 4203 1011 4259 vel
1037 4202 1229 4272 quinto
1257 4199 1595 4257 solummodo
1615 4214 1785 4255 saecu-

179 4301 236 4356 lo
255 4301 332 4358 de
364 4296 594 4368 alicujus
620 4295 877 4352 Ecclesia:
896 4294 1156 4366 episcopo
1183 4292 1447 4348 memoria
1474 4291 1564 4347 vel
1591 4290 1783 4346 notitia

181 4403 318 4450 tunc
344 4393 586 4465 primum
612 4389 852 4456 emersit,
884 4389 1061 4444 nullus
1081 4387 1219 4443 alter
1238 4394 1364 4444 ante
1385 4387 1548 4443 istum
1575 4386 1786 4458 cpisco-

181 4503 316 4559 pum
346 4484 610 4542 Ecclesia:
629 4484 706 4540 illi
717 4481 997 4554 pmfuisse
1009 4481 1311 4539 credendus
1332 4481 1477 4536 erit?
1498 4479 1635 4546 Quia
1657 4493 1785 4549 ergo

181 4579 254 4635 de
281 4579 475 4648 aliqua
502 4575 744 4634 Ecclesia
763 4575 936 4632 serius
962 4574 1129 4631 locuti
1157 4581 1283 4630 sunt
1309 4575 1623 4644 scriptores,
1656 4580 1786 4629 tunc

182 4672 370 4730 solum
392 4686 515 4726 eam
533 4670 819 4741 incmpisse
849 4668 1264 4724 arbitrabimur?
1304 4665 1602 4733 Undenam,
1639 4682 1788 4722 ama—
1817 4699 1869 4760 ι)

181 4765 276 4831 ho,
309 4771 697 4832 argumentum
726 4761 1015 4818 desumunt
1041 4761 1216 4816 critici
1246 4761 1438 4826 nostri,
1470 4769 1531 4816 ut
1557 4761 1790 4832 probent

185 4865 352 4913 natas
384 4863 583 4926 quarto
610 4854 808 4910 saaculo
849 4853 1272 4923 Aquileiensium
1313 4868 1379 4909 ac
1417 4852 1788 4908 Mediolanen-

184 4950 333 5006 sium
360 4939 740 5018 inetropoles?
766 4944 848 5001 Ex
887 4945 1104 5000 silentio
1147 4944 1620 5018 (respondebunt)
1651 4946 1793 5000 anti-

185 5043 455 5114 quiorum
481 5046 971 5103 monumentorum,
1004 5045 1061 5093 et
1085 5037 1214 5106 quia
1241 5052 1308 5093 eo
1345 5044 1554 5092 tantum
1594 5036 1793 5093 sacculo

185 5139 484 5197 vertente,
517 5129 753 5200 aliquem
791 5137 971 5184 actum
1011 5128 1193 5198 legere
1236 5128 1502 5198 incipiunt
1540 5129 1792 5184 exercite

189 5228 260 5282 ab
287 5226 411 5281 illis
437 5223 708 5294 episcopis
733 5222 1144 5293 metropoliticm
1160 5221 1570 5292 jurisdictionis.
1601 5221 1792 5278 Infelix

189 5318 488 5372 enimvero
515 5313 897 5370 ratiocinium!
931 5312 1070 5380 Quia
1100 5314 1314 5370 initium
1356 5330 1466 5369 non
1498 5314 1789 5382 invenitur,

185 5407 328 5464 illud
359 5406 532 5476 igitur
558 5404 796 5476 pendere
821 5405 1106 5463 dicendum
1133 5414 1216 5463 est
1244 5406 1314 5462 ab
1354 5405 1632 5462 hominum
1659 5421 1793 5462 con-

189 5497 431 5556 iecturis
454 5505 515 5553 et
541 5497 816 5568 opinione.
837 5496 898 5552 In
917 5507 1106 5556 nostro
1135 5508 1316 5555 autem
1341 5514 1473 5556 casu
1501 5499 1555 5555 id
1574 5514 1798 5570 prorsus

499 5603 672 5660 genus
710 5589 1008 5661 praevalere
1045 5589 1236 5648 volunt
1264 5601 1515 5648 auctores
1543 5593 1715 5648 nostri
1742 5600 1800 5648 et

189 5684 327 5754 quia
355 5695 544 5752 neque
567 5681 625 5736 in
650 5678 1006 5755 Chrysologo,
1037 5697 1214 5755 neque
1240 5683 1296 5738 in
1323 5682 1623 5755 Angelopte
1649 5684 1800 5740 dete—

192 5779 250 5846 gi
275 5781 522 5850 possunt
561 5773 723 5846 hujus
757 5775 1037 5847 dignitatis
1081 5776 1376 5850 primordia
1394 5817 1409 5844 ,
1453 5777 1800 5834 nihilominus

195 5883 437 5927 necesse
462 5874 550 5925 est
576 5867 634 5922 in
659 5883 852 5925 eorum
879 5869 1054 5928 altero
1083 5869 1230 5929 illam
1250 5869 1558 5942 incapisse,
1577 5869 1702 5942 quia
1731 5871 1800 5927 de

236 5968 246 5974 ”
498 5961 771 6026 Panos.
820 5963 950 6025 LII.
1783 5977 1792 5984 '

1862 1996 2335 2054 conservationem
2375 1995 2514 2052 adeo
2558 1997 2928 2063 necessarias,
2960 1997 3017 2053 in
3042 1997 3195 2054 Italia
3243 1999 3449 2054 solum-

1864 2087 2026 2143 modo
2048 2087 2442 2150 immutasseut,
2467 2088 2522 2142 in
2535 2086 2707 2156 Italia,
2733 2089 2971 2158 inquam,
2987 2089 3230 2145 universi
3252 2089 3449 2161 capite,

1865 2195 2055 2236 norma
2083 2179 2397 2251 disciplinae,
2427 2195 2662 2248 morum,
2695 2179 2858 2236 ﬁdei?
2886 2180 3029 2249 Quid
3053 2181 3101 2238 si
3142 2181 3370 2237 aliarum
3397 2181 3455 2237 in

1865 2271 2020 2326 Italia
2059 2272 2487 2344 metropoleum,
2533 2279 2590 2329 et
2627 2273 2932 2344 primorum
2967 2273 3184 2344 quidem
3205 2319 3207 2322 .
3227 2274 3455 2331 saeculo-

1865 2378 2004 2429 rum,
2035 2362 2235 2420 indicia
2255 2365 2438 2434 magni
2464 2365 2729 2420 momenti
2757 2380 2868 2422 non
2899 2365 3118 2422 desint?
3145 2365 3285 2434 Quid
3311 2366 3359 2423 si
3389 2366 3484 2443 de.

1868 2453 2180 2526 Syracusis,
2225 2453 2528 2523 Panormo,
2558 2453 2772 2528 Capua,
2816 2456 3026 2529 Rhegio
3067 2455 3208 2514 forte
3253 2473 3362 2514 non
3390 2457 3460 2513 sit

1871 2545 2099 2616 amplius
2124 2546 2526 2603 rationabiliter
2552 2547 2947 2604 dubitandum?
2972 2546 3196 2605 Certum
3222 2557 3306 2605 est
3331 2564 3458 2605 eru-

1871 2639 2161 2695 ditissimas
2206 2655 2370 2711 super
2409 2639 2477 2696 iis
2521 2639 2929 2697 dissertationes
2975 2649 3163 2698 nostro
3200 2641 3307 2698 hoc
3343 2657 3461 2697 mvo

1871 2731 2158 2804 prodiisse,
2200 2747 2322 2803 qua:
2346 2733 2439 2788 vix
2467 2732 2748 2789 dubitandi
2789 2733 2994 2789 aditum
3020 2733 3379 2805 reliquerunt,
3409 2740 3463 2790 et

1874 2825 2222 2897 quaejactatze
2243 2825 2547 2897 negationis
2566 2825 2676 2882 vim
2691 2826 2944 2882 minuunt
2969 2834 3031 2884 ut
3057 2843 3177 2883 cum
3206 2827 3462 2894 maxime,

1875 2936 1975 2992 per
1999 2935 2163 2991 quam
2191 2920 2425 2978 exclusis
2453 2920 2704 2976 omnibus
2731 2921 2955 2976 omnino
2988 2920 3056 2975 ab
3082 2919 3236 2976 Italia
3262 2927 3468 2977 metro—

1875 3012 2152 3084 politanis,
2211 3012 2358 3068 solos
2410 3011 2688 3068 Romanos
2743 3011 3027 3084 pontifices
3081 3027 3180 3083 per
3234 3020 3468 3082 quatuor

1875 3103 2059 3176 priora
2087 3103 2281 3159 saecula
2310 3103 2616 3159 exercuisse
2642 3102 2699 3158 in
2725 3118 2790 3158 ea
2817 3103 3039 3174 regione
3072 3103 3468 3175 metropolitica

1873 3193 1998 3266 jura
2026 3195 2318 3266 perfidiose
2345 3193 2673 3250 afﬁrmatum
2701 3202 2804 3250 est.

1799 3304 1846 3368 ρ
1950 3283 2071 3340 144.
2103 3285 2180 3341 De
2207 3285 2523 3341 Ravennate
2550 3300 2682 3342 vero
2707 3285 2837 3356 quid
2875 3285 3207 3343 dicendum?
3246 3284 3306 3341 Si
3349 3301 3469 3356 quae

1878 3383 2070 3434 contra
2098 3376 2382 3448 opiniones
2409 3375 2478 3432 de
2505 3374 2625 3446 ejus
2673 3377 2874 3444 initiis,
2930 3379 3020 3434 vel
3058 3394 3092 3433 a
3137 3378 3472 3449 temporibus

1878 3467 2101 3525 Joannis
2130 3466 2466 3538 Angeloptis,
2498 3468 2586 3524 vel
2613 3467 2761 3524 Petri
2789 3467 3112 3542 Chrysologi
3140 3471 3469 3542 repetendis,

1880 3558 2101 3630 aliquod
2119 3557 2517 3629 probabilitatis
2536 3559 2812 3629 specimen
2832 3575 2944 3631 plus
2965 3576 3024 3616 se
3045 3559 3242 3627 ferunt,
3260 3562 3472 3618 videtur

1881 3658 2073 3706 neutra
2094 3649 2349 3704 sustineri
2375 3664 2554 3720 posse,
2573 3657 2628 3705 et
2655 3658 2855 3705 nostra:
2874 3650 3151 3720 dignitatis
3179 3652 3473 3722 primordia

1881 3743 2061 3799 neutri
2089 3743 2306 3798 illorum
2333 3750 2644 3798 sanctorum
2672 3744 2958 3814 prmsulum
2988 3759 3108 3801 esse
3128 3778 3130 3780 τ
3147 3747 3472 3818 consignan-

1883 3837 1972 3893 da.
2003 3837 2232 3904 Quando
2253 3845 2435 3892 autem
2463 3853 2559 3893 eos
2586 3837 3039 3908 metropolitanos
3077 3837 3244 3896 fuisse
3284 3841 3475 3896 certis-

1883 3935 2021 3990 sime
2050 3933 2373 3999 invenimus,
2419 3947 2529 3988 non
2569 3932 2874 3988 invenimus
2913 3943 3097 3989 autem
3137 3949 3234 3990 eos
3272 3935 3476 4005 primos

1883 4026 2032 4081 illam
2059 4024 2378 4094 dignitatem
2407 4022 2572 4080 fuisse
2598 4032 2920 4081 consecutos
2936 4065 2951 4091 ,
2983 4040 3084 4097 per
3112 4026 3476 4082 necessariam

1886 4117 2330 4186 consequentiam
2357 4115 2702 4172 statuendum
2729 4116 2879 4172 venit
2898 4124 3044 4184 ante,
3067 4132 3164 4173 eos
3191 4117 3476 4190 episcopos

1887 4209 2261 4266 Ravennatem
2306 4207 2607 4265 Ecclesium
2658 4207 2825 4264 fuisse
2869 4211 3372 4282 metropolitanum,
3422 4220 3477 4267 et

1886 4301 2272 4360 recurrendum
2295 4317 2414 4358 esse
2427 4301 2495 4358 ad
2510 4303 2807 4372 apostolica
2823 4310 3068 4375 tempora
3086 4304 3241 4375 juxta
3262 4306 3478 4363 univer-

1887 4395 2016 4450 salis
2043 4394 2361 4450 hierarchize
2388 4393 2632 4464 regulam
2653 4435 2670 4462 ,
2719 4394 2936 4465 quando
2963 4395 3019 4451 in
3054 4397 3203 4452 nullo
3243 4413 3314 4453 ex
3340 4413 3479 4470 prte-

1889 4486 2268 4544 decessoribus
2313 4483 2663 4556 Angeloptis,
2707 4491 2766 4542 et
2789 4482 3114 4560 Chrysologi
3153 4487 3482 4558 principium

1889 4577 2167 4648 dignitatis
2192 4577 2438 4648 reperire
2464 4576 2662 4633 datur:
2694 4577 3185 4648 quemadmodum,
3216 4588 3278 4637 ut
3315 4596 3482 4652 supra

1892 4671 2234 4736 dicebamus,
2267 4669 2396 4739 quia
2434 4668 2610 4725 solum
2651 4677 2896 4725 extrema
2926 4668 3041 4740 jam
3085 4680 3248 4729 rotate
3286 4673 3483 4744 legitur

1891 4760 2256 4834 Chrysologus
2274 4775 2620 4817 consecrasse
2639 4762 2952 4834 episcopum
2971 4762 3481 4832 Vicohaheutinum.

1893 4853 2079 4924 negari
2109 4853 2356 4908 absolute
2383 4869 2492 4909 non
2521 4861 2721 4924 potest,
2753 4853 2920 4910 immo
2947 4854 3016 4912 de
3043 4864 3196 4914 tanto
3236 4857 3478 4924 doctore.

1891 4945 1958 5000 iis
1985 4943 2241 5001 Ecclesia:
2268 4944 2604 5014 temporibus
2631 4945 2801 5001 asseri
2830 4961 2930 5017 pro
2959 4955 3113 5004 certo
3141 4948 3304 5004 debet
3332 4949 3485 5006 illum

1894 5047 2020 5094 ante
2072 5037 2489 5094 Vicohabentini
2545 5039 2942 5096 ordinationem
3007 5041 3269 5112 plurimos
3331 5051 3486 5100 actus

1896 5130 2206 5186 exercuisse
2233 5129 2501 5199 ejusmodi
2540 5133 2828 5202 potestatis
2855 5147 2954 5202 per
2980 5131 3196 5202 longum
3225 5131 3487 5190 duodevi-

1897 5221 2032 5291 ginti
2063 5236 2328 5276 annorum
2353 5221 2638 5278 decursum
2661 5263 2676 5289 ,
2708 5222 2836 5279 licet
2873 5221 2943 5278 de
2992 5223 3060 5278 iis
3106 5237 3267 5278 nemo
3309 5237 3487 5294 neque

1899 5314 2134 5384 ipsemet
2174 5313 2473 5384 scripserit.

1972 5403 2094 5459 145.
2125 5403 2410 5460 Silentium
2439 5420 2658 5476 quoque
2675 5404 2849 5462 sancti
2875 5401 3035 5472 hujus
3071 5404 3330 5463 antistitis
3356 5421 3491 5464 con-

1902 5503 1988 5552 tra
2014 5511 2112 5553 eos
2138 5511 2247 5552 non
2275 5494 2456 5553 facere
2496 5496 2828 5553 arbitrantur
2868 5494 3341 5568 Ravennatenses,
3373 5506 3491 5554 tum

1905 5589 2032 5661 quia
2060 5604 2170 5645 non
2189 5589 2374 5646 omnia
2401 5587 2521 5661 ejus
2559 5603 2724 5661 opera
2752 5586 2822 5644 ad
2854 5597 3096 5644 nostram
3123 5597 3341 5649 aetatem
3366 5606 3494 5662 per-

1905 5690 2192 5752 venerunt,
2221 5698 2346 5740 cum
2376 5683 2466 5740 ille
2493 5681 2655 5738 fuerit
2672 5683 2951 5736 multorum
2979 5679 3231 5739 librorum
3258 5693 3310 5738 et
3347 5683 3493 5738 volu-

1905 5780 2102 5834 minum
2131 5780 2386 5848 conditor,
2417 5788 2468 5834 et
2493 5777 2647 5834 veluti
2673 5778 2898 5851 irrigua;
2928 5779 3068 5852 fons,
3089 5779 3164 5834 ita
3186 5780 3243 5834 in
3267 5795 3384 5833 eum
3410 5779 3494 5832 di-

1905 5873 2028 5926 vina
2079 5873 2341 5944 sapientia
2393 5871 2616 5945 quotidie
2669 5872 2983 5938 emanabat,
3043 5879 3181 5931 teste
3236 5870 3487 5942 Agnello,

2937 5967 2975 6030 6
