3964 6350
184 435 272 495 175
443 430 584 489 JOS.
630 420 962 487 AMADESll
999 428 1461 490 DlSSER'l'ATlO
1502 426 1590 487 DE
1629 427 2025 493 METROPOLI
2063 414 2605 490 ECCLESIASTICA
2644 424 3203 493 RAVENNATENSI.
3350 438 3454 496 ﬁt

184 552 524 624 obstrepant;
564 568 791 623 quarum
830 555 999 611 altera
1049 568 1170 611 esse
1213 559 1395 625 potest
1448 550 1635 607 titulus
1672 565 1761 603 ar—
1786 551 1838 612 Α
1864 548 1933 605 ab
1960 548 2132 605 civilis
2158 549 2504 625 magistratus
2532 549 2864 623 praestantia,
2895 566 3004 607 non
3033 551 3102 607 ab
3139 565 3327 622 regum
3371 568 3462 609 re-

184 642 504 717 slziepiscopi,
564 638 761 702 saeculo
816 647 1007 717 quinto
1058 663 1091 703 a
1148 644 1465 703 Ravennate
1522 640 1763 699 antistite

184 728 411 794 nondum
460 742 753 810 usurpatos
774 781 791 807 ,
850 739 1019 794 altera
1074 753 1206 795 vero
1262 732 1450 795 titulus
1504 734 1722 810 majoris
1742 777 1758 805 ,

182 842 328 900 quem
408 826 515 884 sibi
572 828 757 886 tribuit
812 824 1242 888 Valentinianus.
1300 820 1537 889 Voculas
1600 822 1765 886 hasce

184 906 430 989 Agneilu‘s
468 935 582 977 non
619 920 870 995 scripsit;
910 916 1247 995 irrepserunt
1293 924 1475 979 autem
1511 904 1766 995 probabi-

183 1009 291 1089 liter
328 1010 389 1067 in
427 1012 740 1086 diplomatis
774 1012 1123 1089 exemplaria,
1160 1014 1568 1075 amanuensiu'm
1587 1015 1761 1088 culpa.

182 1088 279 1162 Nos
314 1113 506 1163 autem
551 1104 876 1165 arbitramur
924 1088 1087 1168 veras
1142 1111 1349 1167 litteras
1402 1104 1768 1167 Valentiniani

184 1192 424 1273 (aliquas
470 1200 618 1257 enim
655 1196 723 1257 ab
761 1190 1004 1271 Augusto
1062 1196 1185 1275 ipso
1238 1200 1396 1259 datas
1446 1199 1615 1260 fuisse
1664 1200 1766 1258 du-

183 1278 350 1348 bitare
370 1308 486 1349 non
506 1294 693 1349 sinunt
710 1290 875 1350 verba
896 1292 1134 1352 bomilia:
1171 1290 1276 1350 175
1311 1295 1420 1352 divi
1450 1290 1770 1369 Chrysologi

183 1380 621 1457 superadducta),
646 1386 735 1442 vel
754 1386 959 1443 archivi
990 1372 1464 1460 archiepiscopalis
1496 1380 1766 1456 incendio,

186 1474 259 1531 vel
312 1475 789 1533 schismaticorum
858 1478 1064 1534 malitia
1131 1488 1511 1552 consumptas,
1569 1478 1659 1536 vel
1714 1479 1769 1536 in

185 1562 392 1638 Georgii
430 1568 826 1641 archiepiscopi
846 1571 1159 1642 captivitate
1181 1568 1507 1644 deperditus,
1541 1571 1635 1645 qui
1668 1568 1770 1629 Ec-

187 1656 349 1716 clesiae
390 1669 597 1718 nostra:
634 1664 946 1733 augustiora
982 1673 1351 1735 monumenta,
1393 1660 1462 1722 ad
1482 1664 1771 1723 ostenden-

186 1748 297 1807 dam
333 1748 458 1823 ejus
497 1752 938 1826 amplitudinem,
980 1757 1036 1813 in
1074 1746 1418 1815 Germaniam
1458 1754 1769 1832 asportave-

187 1852 273 1912 rat,
334 1844 498 1902 scioli
540 1844 766 1918 alicujus
803 1864 972 1921 opera
1010 1857 1068 1907 et
1104 1850 1320 1922 ingenio
1356 1846 1521 1909 fuisse
1539 1868 1769 1910 renova-

1865 634 2119 706 sidentia‘,
2149 640 2343 697 verum
2368 624 2439 697 ab
2464 639 2801 698 institutione
2843 640 3140 714 apostolica
3169 636 3458 701 ferma‘tarn

1862 724 2031 788 inisse
2054 728 2311 788 Ecclesire‘
2335 720 2711 789 bierarchiam.
2744 720 3000 790 Acacium
3038 742 3169 792 vero
3197 736 3459 809 exemptis

1865 816 2020 895 urget
2044 824 2452 896 epismporum',
2496 825 2589 896 qui
2614 816 2742 881 licet
2769 812 3137 897 imperialibus
3164 832 3459 899 prmessent

1865 914 2190 985 civitatibus,
2221 924 2285 975 se‘
2311 918 2493 977 tamen
2515 914 2651 974 infra
2672 918 2923 991 antiquos
2937 917 3329 992 jurisdiction'is
3350 928 3460 980 te‘ré

1865 1010 2042 1068 mines
2070 1004 2454 1069 continuerunt
2486 1031 2500 1068 :
2535 996 2796 1081 Risimus,
2842 1013 3034 1085 inq'u‘it,
3078 1010 3219 1089 quod
3257 1030 3458 1090 pra-ro—

1866 1103 2094 1176 gativain
2120 1102 2296 1160 volunt
2319 1102 2512 1185 Acacic
2541 1104 2853 1178 comparari,
2896 1106 3017 1185 quia
3042 1107 3314 1182 episcopus
3340 1113 3459 1185 [ue-

1867 1194 1939 1251 rit
1976 1196 2131 1268 regia:
2168 1197 2409 1253 civitatis.
2456 1180 2727 1271 Numquid
2762 1182 2905 1271 apud
2946 1180 3276 1275 Haemum,
3320 1180 3461 1275 apud

1870 1278 2259 1360 Mediolanum,
2303 1288 2447 1363 apud
2486 1289 2783 1363 Syrmium,
2828 1288 2969 1365 apud
3002 1274 3239 1348 Treviros
3282 1274 3461 1351 mutua

1872 1380 2182 1451 temporibus
2221 1398 2325 1437 non
2364 1380 2593 1438 constitit
2625 1370 2943 1455 imperator?
2978 1372 3250 1458 Numquid
3275 1384 3461 1443 harum

1869 1466 2074 1529 urbium
2118 1470 2410 1533 sacerdotes
2452 1492 2631 1533 eum
2678 1478 2962 1533 messenii
3002 1480 3100 1537 sunt
3146 1480 3463 1546 invenires

1871 1570 2193 1625 pertinuit
2240 1569 2519 1644 quidquam
2568 1571 2678 1626 suis
2730 1558 3067 1645 dignitatibus
3110 1564 3465 1645 usurparunt?

1871 1654 2024 1717 Licet
2038 1676 2187 1733 ergo,
2211 1662 2364 1719 aiunt
2382 1648 2744 1729 Ravennates,
2770 1662 2951 1719 multis
2971 1652 3304 1743 temporibus
3324 1652 3466 1743 apud

1871 1682 2024 1717 ωοθι
2038 1682 2187 1733 ergo,
2211 1682 2364 1719 alunt
2382 1682 2744 1729 navennates,
2770 1682 2951 1719 [HUIUS
2971 1682 3304 1743 καιροί-ωας
3324 1682 3353 1723 ει
3395 1682 3465 1722 un

1871 1746 2185 1807 Ravennam
2214 1751 2557 1809 constiterint
2583 1752 2962 1823 imperatores,
2996 1738 3127 1808 nihil
3154 1746 3335 1809 tamen
3357 1682 3465 1815 liu-

1866 1838 1956 1910 jus
1984 1840 2131 1898 urbis
2160 1841 2403 1916 episcOpi
2430 1858 2538 1899 suae
2566 1840 2812 1914 dignitati
2840 1836 3123 1912 auxerunt,
3152 1840 3467 1916 nullumque

188 1944 293 2005 tas;
334 1930 397 1993 et
432 1932 666 1996 fortasse
702 1939 864 1996 γειιχ
906 1940 988 1998 γε]
1026 1958 1063 1998 χ
1093 1943 1310 2012 summa,
1352 1950 1482 2000 tunc
1519 1960 1642 2001 cum
1679 1954 1770 2000 αν-
1798 1947 1844 2010 Β
1872 1930 2046 2004 majus
2061 1933 2151 2003 jus
2180 1938 2528 2007 usurparunt,
2561 1950 2631 1992 ex
2656 1933 2856 1992 Gelasii
2890 1930 3255 2006 attestatione,
3286 1928 3382 1994 sed
3410 1936 3467 1995 in

188 2028 491 2104 cﬁepiscopi
524 2031 681 2088 titulo
718 2033 918 2105 passim
955 2034 1245 2092 utebantur
1277 2020 1769 2119 Ravennateasium

189 2122 469 2192 praesules,
526 2138 631 2180 nec
679 2141 790 2181 non
825 2128 885 2184 τὸ
923 2127 1096 2200 major
1134 2127 1189 2183 in
1245 2144 1400 2185 more
1456 2126 1575 2186 erat
1629 2129 1773 2186 inter

190 2212 380 2282 titulos,
425 2214 584 2286 cujus
622 2217 889 2290 exempla,
931 2218 1024 2275 ubi
1063 2235 1199 2292 opus
1236 2226 1409 2291 esset,
1450 2228 1650 2295 prmsto
1686 2218 1772 2279 fo-

188 2313 296 2362 rent
330 2306 395 2363 in
444 2308 792 2381 pergarnenis
851 2310 1059 2370 archivi
1116 2312 1568 2374 Ravennatensis.
1623 2306 1774 2374 Hane

190 2406 358 2457 tamen
398 2400 777 2474 conjecturam
824 2404 1237 2478 prudentiorum
1278 2406 1486 2481 judicio
1541 2394 1774 2467 libenter

191 2493 588 2551 committimus.

253 2582 371 2640 i50.
404 2583 528 2654 Qua
546 2590 731 2644 autem
752 2587 1038 2646 occasione
1055 2582 1420 2648 Valentiniani
1436 2588 1631 2649 litterae
1647 2606 1774 2649 vere

193 2676 577 2747 ernanaverint,
609 2687 789 2736 utrum
816 2676 885 2736 ab
912 2676 1233 2754 Angelopte,
1260 2694 1329 2738 an
1352 2682 1420 2739 ab
1439 2676 1774 2761 Chrysologo

193 2766 503 2840 impetratae,
536 2768 671 2826 nihil
698 2772 831 2843 certi
858 2772 1140 2829 habemus.
1156 2764 1215 2829 Si
1235 2783 1416 2832 autem
1434 2774 1775 2847 conjecturas

194 2868 398 2916 nostras
410 2860 837 2934 qualescumque
853 2864 1065 2936 aperire
1084 2863 1235 2935 licet,
1247 2864 1532 2935 credimus,
1549 2883 1658 2923 non
1672 2878 1774 2940 pro

195 2968 327 3008 nova
353 2952 784 3011 Ravennatensis
803 2952 1122 3030 metropolis
1149 2956 1473 3017 formatione
1500 2972 1593 3017 eas
1620 2954 1776 3020 datas

198 3038 356 3101 fuisse
378 3045 585 3103 litteras
629 3040 697 3103 ab
725 3044 995 3119 Augusto;
1034 3049 1253 3106 obstant
1278 3051 1443 3121 enim,
1476 3068 1543 3109 ne
1572 3044 1625 3109 id
1651 3069 1774 3111 cre-

206 3132 412 3206 damus,
441 3140 744 3209 gravissima
771 3157 892 3212 qum
937 3145 1184 3216 superius
1211 3152 1399 3201 contra
1427 3140 1777 3205 Baccbinium

197 3228 545 3298 explicuimus
583 3242 933 3304 argumenta;
973 3236 1068 3292 sed
1106 3237 1287 3308 potius
1323 3245 1383 3293 ut
1409 3228 1775 3311 Chrysologus

1872 2043 1937 2084 ea
1964 2032 2217 2086 mensura
2255 2028 2531 2100 dignitatis
2563 2036 2620 2085 et
2639 2028 3029 2101 jurisdictionis
3064 2034 3461 2099 remanserunt,

1871 2136 2036 2192 quam
2064 2124 2192 2178 ante
2219 2120 2598 2194 imperatores,
2630 2124 2686 2178 et
2713 2137 2745 2177 a
2772 2121 2964 2195 priscis
2992 2120 3325 2194 temporibus
3370 2120 3468 2179 ha-

1870 2202 2122 2271 buerant.
2145 2206 2347 2270 Verum
2374 2206 2733 2270 indubitatum
2754 2208 2970 2285 quidem
2991 2216 3091 2281 est,
3110 2208 3469 2287 omnibusque

1872 2290 2146 2363 bistoricis
2173 2296 2462 2379 probatum
2480 2349 2495 2375 ,
2524 2302 2869 2365 Ravennates
2898 2306 3166 2364 antistites
3191 2310 3469 2383 metropo-

1873 2394 2018 2456 litica
2047 2384 2307 2471 dignitate
2329 2399 2609 2474 polluisse,
2632 2400 3049 2474 imperatoribus
3076 2400 3131 2459 in
3160 2410 3226 2461 ea
3252 2398 3469 2461 civitate

1873 2490 2266 2563 residentibus;
2298 2494 2463 2566 igitur
2490 2498 2601 2551 non
2627 2490 2774 2551 illam
2802 2484 2986 2569 adepti
3028 2496 3156 2552 sunt
3198 2482 3471 2571 Augusto-

1874 2601 1997 2642 rum
2027 2586 2351 2643 auctoritate
2378 2590 2473 2643 aut
2499 2585 2907 2653 intercessione,
2931 2576 3059 2644 dum
3088 2587 3143 2644 in
3171 2603 3235 2644 ea
3263 2587 3469 2645 reside-

1875 2682 2018 2748 rent,
2049 2676 2145 2737 sed
2173 2674 2319 2735 illam
2339 2674 2655 2752 dignitatem
2683 2678 2736 2735 in
2765 2678 3017 2737 mensura
3046 2678 3148 2737 sibi
3176 2681 3469 2753 antiquitus

1876 2768 2152 2845 deputata,
2167 2768 2299 2827 nihil
2315 2771 2536 2829 ulterius
2550 2768 2896 2842 eiaddentes,
2909 2770 3267 2841 retinuerunt,
3282 2778 3471 2831 etcum

1878 2860 2137 2919 Ravenna
2161 2861 2454 2935 imperialis
2474 2856 2664 2920 civitas
2679 2860 2823 2920 facta
2847 2870 2949 2931 est,
2970 2862 3082 2935 jam
3109 2858 3177 2921 ab
3198 2860 3470 2922 veteribus

1878 2954 2217 3027 temporibus
2245 2954 2402 3012 sedes
2438 2962 2557 3013 erat
2583 2954 2939 3013 ecclesiastici
2972 2950 3398 3030 metropolitani.

1950 3040 2074 3102 152.
2118 3038 2422 3105 Verborum
2449 3040 2652 3104 Gelasii
2680 3051 2737 3104 et
2774 3046 2932 3121 hujus
2968 3046 3239 3107 ratiocinii
3262 3046 3471 3122 pondus

1878 3146 2124 3194 senserat
2149 3126 2491 3206 Bacchinius,
2522 3138 2614 3210 qui
2646 3155 2704 3196 se
2731 3139 2971 3213 primum
2995 3139 3237 3199 omnium
3265 3138 3470 3199 metro-

1879 3230 2088 3303 politici
2119 3224 2516 3289 Ravennatium
2549 3232 2687 3305 juris
2733 3240 3190 3305 prapugnatorum
3220 3220 3351 3291 illud
3378 3234 3471 3291 de~

192 3320 273 3376 vel
299 3316 629 3396 Angeloptes
668 3324 881 3382 illarum
920 3328 1226 3401 patrocinio
1266 3330 1523 3413 ecclesias
1547 3346 1778 3406 recupe.
1802 3338 1851 3405 ε
1880 3316 2233 3413 prehendisse
2267 3324 2343 3380 a'it
2372 3322 2487 3397 (ubi
2515 3332 2697 3413 autem
2725 3320 2793 3381 de
2830 3318 3248 3413 metropolitana
3275 3323 3470 3400 Syrmii

194 3419 323 3481 rent,
350 3429 490 3484 quas
526 3414 759 3473 diximus
805 3416 874 3474 ab
914 3410 1129 3477 Arianis
1169 3418 1310 3478 forte
1355 3410 1669 3492 distractos,
1719 3432 1776 3481 et

290 3506 527 3577 tmodum
554 3526 656 3582 per
683 3509 952 3569 Ambrosii
991 3514 1434 3585 praedicationem
1462 3514 1516 3571 in
1545 3514 1774 3576 cliente-

212 3614 291 3653 am
331 3594 814 3658 Hediolanensium
857 3603 1237 3677 episcoporum
1276 3615 1524 3679 receptas
1545 3649 1560 3676 ,
1606 3608 1661 3663 in
1708 3625 1775 3666 ea

189 3705 278 3760 per
300 3692 691 3764 quinquaginta
720 3693 833 3750 fere
860 3711 1032 3753 annos
1063 3694 1405 3770 perdurasse,
1436 3712 1667 3771 quorum
1694 3696 1776 3755 id-

188 3782 320 3839 circo
348 3784 662 3854 conatibus,
709 3802 777 3842 ne
821 3786 941 3843 illas
980 3788 1350 3857 restituerent,
1395 3776 1773 3849 auctoritatem

185 3874 535 3945 apostolicam
577 3885 636 3933 et
677 3876 1014 3950 imperialem
1066 3895 1343 3954 apponere
1389 3899 1612 3940 necesse
1649 3878 1768 3940 fuit.

186 3958 465 4024 Probabile
494 3975 582 4025 est
609 3968 793 4036 etiam,
825 3988 950 4027 cum
979 3970 1177 4030 sseculo
1201 3973 1391 4045 quinto
1427 3973 1769 4047 incmperint,

185 4056 238 4113 ut
260 4059 335 4115 ait
360 4060 713 4131 Bacchinius,
766 4064 982 4120 termini
1029 4064 1347 4123 hierarchim
1392 4064 1773 4126 ecclesiasticae

184 4152 233 4207 in
255 4151 411 4210 italia
460 4150 531 4212 ad
569 4156 809 4213 civilium
846 4158 1247 4230 provinciarum
1276 4161 1535 4220 terminos
1560 4178 1774 4221 accom-

181 4243 403 4312 modari,
436 4236 641 4303 factum
680 4238 844 4306 fuisse
871 4256 931 4305 ut
957 4251 1025 4307 ad
1058 4242 1438 4310 coarctandam
1459 4270 1558 4312 seu
1585 4258 1773 4312 cxten-

182 4334 405 4397 dendam
432 4341 888 4413 metropoliticam
920 4338 1315 4401 Ravennatium
1340 4344 1771 4417 iurisdictionem

181 4430 310 4488 intra
338 4428 585 4490 Emilize
614 4438 669 4490 et
694 4430 967 4490 Flaminia:
1006 4434 1257 4503 conﬁnia,
1289 4432 1447 4492 simul
1476 4452 1773 4494 concurre-

180 4529 320 4592 rent,
368 4525 715 4596 temporibus
752 4520 841 4583 vel
880 4524 1194 4599 Angeloptis
1220 4527 1307 4584 vel
1344 4522 1686 4602 Chrysalogi,
1718 4530 1776 4587 et

180 4614 311 4675 sedis
349 4617 673 4689 apostolica:
705 4615 953 4687 decreta,
998 4622 1054 4675 et
1092 4606 1456 4689 Augustorum
1500 4608 1671 4688 favor,
1704 4619 1775 4677 ad

1879 3408 2122 3471 Ecclesia
2169 3410 2381 3473 locutus
2408 3418 2491 3473 est
2516 3402 2838 3474 Eustachius
2878 3431 2911 3472 a
2946 3412 3005 3473 S.
3052 3410 3283 3485 Ubaldo,
3314 3416 3472 3477 forsi-

1879 3512 1972 3563 tan
2007 3513 2134 3563 ante
2176 3502 2523 3564 Bacchinium
2550 3509 2660 3564 vim
2689 3507 2987 3572 Gelasianm
3024 3512 3360 3569 ancteritatis
3386 3511 3471 3569 in-

1879 3596 2195 3673 dicaverat).
2228 3598 2400 3657 Porro
2446 3601 2642 3659 mirum
2685 3608 2768 3658 est
2794 3616 2900 3675 qua
2940 3603 3152 3662 ratione
3197 3596 3472 3668 Bacchinii

1879 3694 2118 3750 animum
2144 3693 2489 3763 contorserit,
2514 3700 2565 3751 et
2592 3690 2871 3771 aliquando
2898 3715 3029 3772 pene
3047 3700 3103 3755 in
3125 3702 3471 3756 transversum

1877 3787 2042 3859 egerit
2060 3780 2202 3841 iStud
2222 3787 2524 3857 argumenti
2551 3800 2740 3859 genus,
2770 3792 2825 3846 et
2851 3789 2906 3844 in
2945 3804 3109 3861 quem
3137 3804 3354 3849 sensum
3376 3807 3472 3849 ex.

1877 3874 2082 3950 plicare
2106 3880 2331 3935 conatUs
2354 3878 2425 3935 sit
2445 3876 2645 3937 Ge‘lasii
2673 3879 2969 3939 clarissima
2997 3883 3326 3956 cmicroquin
3344 3900 3471 3941 ver-

1876 3966 1976 4038 ba;
2018 3969 2123 4027 illis
2163 3968 2308 4026 enim
2353 3969 2410 4026 in
2456 3984 2617 4028 sensu
2660 3968 2821 4030 obvio
2866 3975 3124 4047 acceptis,
3158 3974 3363 4032 viderat
3389 3962 3473 4033 vir

1877 4063 2221 4121 doctisslmus
2239 4068 2338 4138 per
2361 4074 2421 4122 se
2460 4062 2657 4124 cadere
2696 4067 2917 4125 omnino
2945 4084 3097 4125 suam
3124 4068 3471 4126 cmterorum-

1877 4172 1985 4228 que
2025 4156 2335 4230 opinionem
2364 4158 2432 4216 de
2471 4158 2679 4247 origine
2704 4154 3098 4219 Ravennatium
3124 4156 3467 4247 metropolis.

1877 4244 2387 4321 interpretationem
2414 4266 2545 4323 ergo
2586 4242 2858 4309 Bacchin'ii
2892 4250 3117 4326 praestat
3140 4251 3231 4310 hic
3265 4242 3470 4311 eisdem

1878 4340 2058 4399 verbis
2098 4340 2391 4413 adducere,
2442 4359 2512 4401 ne
2557 4343 2726 4419 ipsius
2755 4342 2993 4403 valerem
3033 4346 3365 4405 imminuisse
3390 4347 3470 4406 vi-

1879 4432 2121 4490 deamur.

1949 4522 2072 4581 155.
2121 4545 2142 4579 ἰ
2185 4520 2323 4584 Cum
2366 4525 2423 4583 in
2462 4524 2704 4596 dubium,
2748 4526 2940 4601 inquit,
2970 4530 3217 4587 revocari
3246 4529 3472 4590 minime

1879 4617 2052 4690 possit
2069 4614 2216 4688 quod
2241 4616 2458 4675 Gelasio
2486 4634 2696 4676 summo
2724 4618 2981 4693 pontiﬁce
3007 4616 3196 4680 Romae
3216 4616 3468 4691 sedente,

180 4710 601 4783 compescendas
660 4710 1075 4768 obtrectantium
1129 4713 1515 4784 querimonias.
1574 4712 1776 4782 Quavis
1804 4712 1856 4775 D
1881 4709 2077 4781 praesul
2104 4708 2391 4766 Ravennas
2430 4708 2776 4785 inetropolita
2814 4708 2996 4782 fuerit,
3044 4712 3312 4787 reliquum
3349 4731 3472 4773 esse

180 4811 350 4860 autem
381 4819 458 4859 ex
495 4803 582 4859 his
609 4802 787 4859 causis
812 4800 1172 4861 Valentiniani
1210 4802 1403 4863 litterae
1447 4806 1768 4879 prodierint,

179 4893 245 4951 nil
270 4893 578 4965 prmjudicii
602 4892 844 4951 inferunt
878 4884 1273 4952 Ravennatium
1302 4897 1544 4969 opinioni
1570 4890 1638 4955 de
1668 4899 1773 4956 im-

178 4986 411 5060 pugnata
442 5002 633 5044 eorum
653 4988 926 5058 dignitatis
954 4988 1181 5060 origine.

238 5068 362 5134 15L
390 5076 574 5148 Quam
599 5086 732 5137 "vero
756 5080 1017 5152 originem
1047 5099 1156 5139 non
1184 5076 1359 5165 solum
1392 5076 1569 5142 allatis
1596 5086 1770 5144 ratio-

180 5166 326 5227 nibus
368 5176 568 5228 contra
618 5172 726 5227 Vim
766 5174 1069 5243 argumenti
1107 5174 1345 5244 negativi
1374 5188 1435 5232 se
1480 5168 1772 5234 defendere

177 5260 242 5317 ilﬁ
269 5262 630 5331 arbitrantur,
674 5276 860 5319 verum
902 5249 1083 5337 aliquo
1123 5265 1287 5322 etiam
1330 5268 1564 5343 positivo
1604 5267 1774 5327 docu-

176 5362 376 5411 mento.
408 5348 548 5411 illud
568 5362 600 5411 ε
628 5353 827 5411 Gelasii
852 5348 1126 5412 lRomani
1153 5352 1421 5429 pontiﬁcis
1447 5358 1674 5431 epistola
1702 5357 1773 5416 ad

176 5447 465 5520 episcopos
490 5444 774 5504 Dardaniae
797 5447 1043 5520 superius
1072 5444 1254 5519 citata,
1284 5448 1502 5508 haurire
1529 5462 1638 5509 non
1664 5444 1770 5508 du-

175 5535 381 5608 bitant,
432 5538 526 5596 ubi
571 5544 764 5596 contra
807 5532 1064 5597 Acacium
1115 5536 1771 5615 Conistantinopolitanum

173 5630 493 5706 episcopum
532 5630 740 5689 invehit
763 5626 1028 5699 Gelasius,
1059 5636 1345 5690 conantem
1372 5628 1610 5690 ﬁmbrias
1635 5642 1774 5704 qua-

174 5734 505 5794 quaversum
532 5720 780 5793 dilatare,
808 5740 1034 5797 seseque
1062 5727 1117 5782 in
1146 5722 1381 5784 Orientis
1406 5724 1771 5799 patriarcham

172 5814 416 5884 clerate,
434 5816 561 5888 quia
581 5815 870 5889 episcopus
889 5826 1033 5875 esset
1050 5818 1344 5890 imperialis
1370 5819 1623 5876 civitatis.
1644 5810 1776 5876 Pro-

174 5906 266 5975 bat
291 5914 485 5969 autem
510 5908 779 5980 Gelasius,
820 5924 932 5970 non
972 5910 1040 5970 ab
1084 5912 1294 5985 imperii
1321 5914 1631 5985 systcmate,
1663 5927 1773 5970 non

1876 4797 2092 4858 videtur
2118 4804 2178 4857 ut
2212 4814 2282 4858 ex
2317 4796 2514 4859 Gelasii
2555 4801 2794 4874 ejusdem
2839 4806 3151 4863 testimonio
3193 4822 3303 4864 non
3342 4815 3472 4865 tunc

1878 4896 2105 4968 coeperit
2157 4896 2635 4968 metropolitanum
2681 4897 2770 4969 jus
2823 4898 2879 4955 in
2921 4894 3236 4958 Ravennate
3281 4894 3470 4958 Eccle-

1876 4988 1979 5057 sia,
2037 5003 2160 5045 cum
2214 4988 2344 5046 urbs
2396 4989 2488 5045 illa
2533 4990 2682 5060 regia
2734 4986 3098 5062 Augustorum
3134 4984 3290 5050 sedes
3339 5008 3469 5051 eva.

1875 5080 1968 5147 slt,
1994 5076 2091 5136 sed
2112 5080 2305 5137 eodem
2333 5080 2457 5138 loco
2484 5083 2695 5140 steterit
2721 5099 2831 5155 quo
2860 5090 3021 5142 antea
3053 5078 3247 5150 fuerat,
3270 5102 3365 5141 nec
3385 5084 3472 5143 ul-

1877 5180 1961 5228 tra
1981 5182 2278 5229 mensuram
2310 5172 2410 5230 sibi
2432 5175 2717 5249 antiquitus
2739 5174 3037 5250 deputatam
3067 5172 3334 5251 quidpiam
3358 5179 3470 5235 suis

1878 5262 2214 5337 dignitatibus
2258 5267 2606 5339 usurpaverit.
2649 5265 2811 5325 Certe
2856 5262 3055 5325 Gelasii
3103 5268 3470 5328 testimonium

1877 5356 2028 5415 omni
2056 5358 2379 5428 exceptione
2400 5355 2575 5428 majus
2602 5362 2704 5425 est,
2735 5362 2846 5415 tum
2868 5354 3017 5429 quod
3041 5354 3281 5415 ﬂoruerit
3306 5361 3469 5430 paulo

1873 5450 2002 5524 post
2028 5460 2095 5506 ea
2121 5452 2368 5522 tempora
2404 5448 2599 5522 quibus
2634 5446 2891 5508 Ecclesiae
2927 5444 3231 5508 Ravennati
3262 5462 3470 5511 metm-

1874 5542 2159 5617 politicum
2173 5540 2264 5613 jus
2282 5542 2541 5600 collatum
2570 5540 2734 5599 fuisse
2760 5541 3012 5611 diximus,
3037 5550 3151 5599 tum
3173 5540 3318 5615 quod
3338 5559 3473 5617 prm-

1874 5634 2018 5691 sumi
2039 5628 2235 5692 debeat
2252 5650 2367 5692 rem
2391 5632 2697 5706 hujusmodi
2716 5633 3028 5693 doctissimo
3056 5632 3303 5694 Romano
3326 5652 3469 5710 pon-

1876 5724 2026 5796 tiﬁci,
2051 5726 2255 5797 jurium
2274 5728 2760 5786 ecclesiasticarum
2786 5727 3167 5801 scientissime,
3187 5726 3328 5788 bene
3345 5747 3470 5805 per-

1875 5826 2136 5892 spectam.
2170 5819 2343 5896 Tanta
2368 5818 2714 5878 nihilominus
2732 5830 2878 5892 sunt,
2896 5820 3140 5896 adeoque
3166 5825 3468 5897 clara,qu:e

1876 5908 2111 5983 probant
2139 5910 2311 5967 serius
2338 5926 2501 5981 quam
2528 5908 2582 5969 in
2602 5920 2800 5972 caetero
2825 5913 3102 5973 Occidenti
3124 5916 3178 5973 in
3206 5914 3355 5973 italia
3383 5914 3467 5977 ius
