3902 6362
516 437 628 498 I75

1347 434 1414 491 1N
1452 433 1511 490 S.
1551 430 1836 492 PETRUM
1870 429 2384 494 CHRYSOLOGUM
2421 435 2958 495 PROLEGOMENA.
3638 451 3718 512 176

513 551 966 626 metropoliticum
992 552 1295 618 invectum,
1324 556 1478 606 tanta
1506 565 1576 606 ex
1602 549 1798 621 quibus
1825 549 2105 606 evidenter
2131 557 2176 614 Α
2207 558 2262 606 et
2280 551 2350 607 ab
2376 551 2633 623 opinione
2659 553 2825 610 solius
2865 551 3094 609 Romani
3119 550 3381 624 pontiﬁcis
3404 555 3456 612 in
3477 555 3610 616 Italia
3629 579 3720 623 me-

511 647 680 718 liquet
701 647 769 702 de
795 644 1102 716 hujusmodi
1125 643 1250 714 jure
1277 643 1548 700 recentius
1588 642 1889 699 Ravennati
1913 641 2103 699 Eccle-

509 739 606 796 siae
628 739 845 806 collato,
878 743 1195 805 constetque
1215 733 1488 792 Ecclesias
1515 733 1822 801 nonnullas,
1847 741 1906 789 ut
1928 731 2104 790 Foro-

509 829 877 894 corneliensis,
905 826 1191 886 Ambrosio
1220 828 1455 895 vivente,
1479 825 1870 884 Mediolanensi
1893 825 2104 898 episco-

507 938 580 998 po
608 924 868 995 paruisse,
905 927 961 976 et
987 918 1135 976 Petri
1163 918 1503 994 Chrysologi,
1530 920 1696 975 immo
1720 917 1837 988 ejus
1875 917 2101 974 electio-

506 1016 592 1072 nis
619 1024 864 1086 tempore
910 1013 1054 1068 inter
1080 1011 1355 1069 Ravennae
1390 1011 1630 1079 subditas
1670 1017 2011 1077 numeratas,
2041 1013 2103 1063 ut

505 1106 666 1162 obvio
689 1120 758 1161 eo
779 1119 944 1161 sensu
965 1118 1129 1175 quem
1157 1102 1451 1176 praeferunt
1476 1100 1679 1159 Gelasii
1700 1101 1882 1168 verba,
1909 1099 2101 1156 eadem

503 1197 734 1268 intelligi
770 1196 995 1253 minime
1034 1211 1199 1268 posse
1235 1204 1445 1253 certum
1491 1197 1581 1252 sit.
1626 1195 1708 1251 Re
1746 1195 1930 1265 itaque
1955 1195 2100 1250 serio

501 1305 802 1364 perpensa,
843 1287 1120 1345 Gelasium
1148 1288 1204 1344 id
1231 1290 1407 1344 solum
1443 1288 1740 1344 intendisse
1776 1302 1920 1354 reor,
1953 1286 2100 1356 quod

500 1393 880 1455 argumentum
902 1380 1130 1451 ferebat,
1160 1382 1415 1439 videlicet
1439 1382 1513 1437 nil
1533 1381 1791 1438 accedere
1813 1379 1970 1450 juris,
1988 1393 2098 1449 quo

499 1474 561 1533 in
582 1477 720 1532 alios
743 1475 1106 1544 dominentur,
1137 1476 1403 1548 episcopis
1423 1473 1750 1545 quibuslibet
1774 1487 1844 1528 ex
1865 1486 1933 1527 eo
1954 1470 2100 1541 quod

499 1569 828 1641 quandoque
847 1568 1074 1640 Augusti
1095 1569 1237 1640 apud
1258 1583 1448 1624 eorum
1471 1567 1744 1624 civitatem
1773 1563 2093 1630 resederint,

499 1661 597 1718 sed
612 1660 735 1731 jura
756 1661 1123 1717 ecclesiastica
1143 1660 1210 1716 ab
1223 1658 1478 1716 Ecclesiae
1497 1655 1818 1714 auctoritate
1837 1655 2092 1728 pendere.

497 1751 672 1822 Negat
698 1761 987 1824 propterea
1014 1752 1308 1822 quidquam
1345 1749 1699 1807 ecclesiastici
1734 1747 1873 1820 juris
1919 1763 2097 1804 acces-

496 1843 636 1902 sisse
673 1844 944 1916 episcopis
987 1844 1276 1911 Ravennae,
1309 1843 1615 1910 Mediolani,
1647 1841 1863 1916 Syrmii,
1907 1841 2095 1898 Trevi-

2211 645 2540 716 tropolitani,
2566 654 2681 702 tum
2705 661 2828 716 qua:
2857 644 3013 701 aﬁ‘ert
3050 645 3117 701 de
3139 643 3343 704 Joanne
3367 645 3648 724 Angelopte,
3671 673 3720 716 ac

2207 735 2276 792 de
2293 733 2648 809 Chrysologo,
2679 735 2904 808 ejusque
2925 737 3144 792 homilia
3173 735 3292 791 l75.
3321 737 3467 805 Quod
3491 743 3654 800 attinet
3670 747 3721 806 ad

2206 825 2478 884 Ecclesias
2515 843 2676 900 quas,
2708 829 2924 885 vivente
2964 825 3266 894 Ambrosio,
3295 828 3369 884 ait
3394 828 3721 896 Mediolanensi

2204 919 2467 990 paruisse,
2498 927 2559 974 ut
2583 919 3110 983 Forocorneliensis,
3139 920 3268 974 satis
3313 920 3520 991 pariter,
3547 935 3598 979 ut
3617 928 3722 983 arbi.

2205 1017 2429 1077 tramur,
2478 1026 2749 1083 superque
2792 1010 3166 1084 respondimus
3201 1010 3258 1065 in
3295 1027 3408 1082 cap.
3440 1011 3488 1079 l,
3526 1015 3642 1072 adeo
3680 1027 3723 1075 ut

2204 1102 2367 1158 dubia
2394 1104 2635 1171 omnino,
2659 1104 2864 1160 incerta
2888 1118 2954 1159 ac
2979 1101 3093 1158 fere
3114 1103 3474 1174 improbabilia
3491 1105 3723 1166 videantur

2203 1203 2477 1251 momenta
2509 1197 2614 1252 ista
2640 1197 2710 1252 cl.
2741 1193 3094 1252 Cassinensis.
3126 1193 3302 1263 Quare
3327 1197 3536 1255 cordato
3559 1200 3656 1256 viro
3675 1217 3724 1259 ea

2203 1287 2339 1342 tanti
2364 1303 2484 1343 esse
2510 1304 2620 1344 non
2647 1287 2862 1356 debent,
2913 1295 2972 1343 ut
3013 1303 3111 1359 per
3149 1288 3237 1342 illa
3272 1289 3543 1345 verborum
3565 1289 3724 1350 Gelasii

2200 1396 2410 1447 sensus,
2435 1381 2804 1452 apertissimus
2840 1397 2939 1454 per
2964 1397 3023 1438 se
3050 1383 3227 1453 ipsum
3253 1388 3307 1437 ct
3333 1382 3527 1449 obvius,
3564 1385 3610 1440 in
3641 1386 3724 1443 dis-

2201 1479 2401 1528 tortum
2421 1488 2638 1528 sensum
2678 1473 3064 1530 violentissime
3107 1473 3374 1544 rapiatur;
3412 1472 3563 1532 immo
3581 1477 3723 1548 potius

2199 1582 2316 1622 rem
2361 1565 2579 1622 dubiam
2621 1575 2678 1623 et
2723 1566 3005 1633 incertam,
3049 1566 3266 1636 qualem
3290 1565 3472 1622 volunt
3509 1567 3724 1637 originem

2198 1657 2356 1730 hujus
2383 1658 2776 1715 Ravennatium
2802 1659 3098 1730 dignitatis,
3121 1673 3222 1730 per
3246 1658 3404 1714 verba
3431 1665 3532 1715 tam
3556 1672 3721 1732 aperta,

2197 1758 2308 1806 tam
2347 1751 2514 1818 clara,
2555 1759 2665 1806 tam
2693 1751 2851 1807 obvia
2897 1751 3194 1807 doctissimi
3221 1748 3479 1820 pontiﬁcis
3511 1767 3599 1823 par
3634 1761 3724 1808 erat

2196 1845 2487 1918 explicare,
2535 1846 2833 1917 praesertim
2869 1846 2997 1916 quia
3042 1844 3227 1916 opinio
3264 1842 3632 1901 Ravennalibus
3659 1845 3722 1902 fa-

495 1951 700 2002 rorum,
744 1951 813 1992 ex
839 1949 907 1991 eo
934 1935 1158 2006 praecise
1197 1934 1344 2005 quod
1370 1935 1514 2007 apud
1557 1935 1675 1989 illas
1716 1934 1877 1990 urbes
1918 1933 2092 1989 multo
2121 1951 2171 2014 Β
2194 1951 2327 1994 vens
2373 1943 2456 1993 tot
2493 1935 2613 1991 aliis
2648 1936 2823 1992 allatis
2861 1934 3192 2006 argumentis
3219 1933 3457 2001 fulcitur;
3502 1936 3722 1992 contraria

495 2035 745 2098 tempore
768 2028 1017 2098 degerint
1060 2029 1434 2098 imperatores,
1464 2028 1648 2096 aitque
1669 2027 1739 2083 ob
1769 2042 1889 2082 eam
1915 2026 2090 2098 impe-
2194 2046 2346 2097 vero,
2376 2030 2506 2086 licet
2545 2028 3003 2092 communissima,
3032 2035 3114 2084 tot
3152 2026 3476 2098 ambagibus,
3517 2034 3588 2082 tot
3615 2024 3722 2082 (lilii-

492 2127 738 2176 ratorum
763 2135 994 2184 moram,
1026 2134 1213 2174 earum
1241 2119 1454 2174 urbium
1489 2119 1746 2189 praesules
1772 2119 1912 2174 ultra
1944 2136 2092 2174 men-

495 2226 674 2266 suram
701 2211 802 2265 sibi
833 2211 1117 2283 antiquitus
1153 2209 1454 2281 deputatam
1488 2211 1564 2264 nil
1605 2211 1714 2265 suis
1754 2209 2093 2282 dignitatibus

494 2317 802 2373 usurpasse;
832 2302 1052 2356 minime
1079 2315 1212 2356 vero
1251 2309 1415 2372 negat
1457 2301 1701 2370 aliunde,
1745 2317 1814 2358 ex
1855 2302 2093 2374 legitima

493 2395 702 2452 scilicet
722 2393 978 2451 Ecclesiae
996 2402 1286 2466 potestate,
1314 2395 1556 2466 potuisse
1572 2395 1662 2466 jus
1682 2395 1867 2466 augeri
1887 2411 2094 2452 earum-

491 2485 618 2542 dem
641 2484 1025 2554 Ecclesiarum,
1049 2501 1116 2542 eo
1137 2486 1302 2543 etiam
1323 2486 1521 2542 intuitu
1539 2487 1685 2557 quod
1705 2487 2092 2557 imperatorum

492 2576 569 2634 ibi
595 2578 754 2635 sedes
781 2587 1067 2636 exstasset.
1097 2576 1298 2635 Gelasii
1322 2580 1507 2650 itaque
1537 2579 1698 2635 verba
1726 2578 1924 2648 ferunt,
1946 2578 2093 2649 quod

492 2666 716 2726 Patrum
753 2679 810 2726 et
845 2670 1176 2743 synodorum
1216 2671 1400 2727 sanior
1441 2680 1497 2727 et
1534 2672 1874 2727 communior
1900 2685 2091 2726 sensus

493 2760 635 2828 tulit,
661 2761 1027 2819 ecclesiastica
1054 2762 1307 2818 videlicet
1333 2761 1457 2832 jura
1486 2762 1633 2817 nullo
1660 2762 1821 2818 modo
1862 2779 1894 2816 a
1923 2778 2091 2818 seacu-

491 2850 595 2910 lari
633 2861 904 2924 potestate
951 2855 1208 2926 pendere,
1257 2854 1346 2911 vel
1387 2855 1682 2926 primarum
1725 2853 2088 2911 Ecclesiarum

491 2947 662 3004 decus
689 2949 986 3018 primarum
1033 2949 1310 3004 civitatum
1339 2948 1525 3005 decori
1569 2956 1852 3020 acceptum
1900 2947 2088 3004 referri

492 3038 714 3106 debere,
739 3040 836 3096 sed
864 3040 918 3095 id
946 3048 1118 3096 totum
1143 3057 1174 3095 a
1198 3056 1465 3096 canonum
1508 3041 1822 3111 praescripto
1857 3048 1913 3096 et
1940 3055 1971 3094 a
1997 3055 2088 3095 su-

487 3147 679 3206 premo
707 3131 855 3190 Petri
883 3133 1104 3190 arbitrio
1142 3131 1284 3190 elﬁci
1311 3150 1376 3190 ac
1420 3135 1652 3206 disponi,
1699 3141 1862 3207 prout
1905 3148 2086 3190 rerum

490 3233 906 3299 temporumque
933 3228 1349 3284 circumstantiis
1388 3243 1686 3299 congruere
1731 3229 2079 3299 dignoscitur.

2195 2125 2488 2182 cultatibus
2515 2124 2826 2180 involvitur.

2267 2215 2388 2272 155.
2415 2216 2485 2272 Et
2512 2231 2663 2282 sane,
2686 2231 2821 2289 pace
2842 2215 2912 2272 cl.
2945 2215 3242 2284 Bacchinii,
3273 2214 3386 2285 ejus
3405 2215 3721 2286 interpretatio

2193 2316 2443 2366 contorta
2472 2309 2631 2365 nimis
2656 2308 2886 2372 videtur,
2917 2322 3217 2377 sensusque
3240 2305 3434 2362 Gelasii
3466 2306 3607 2362 nimis
3622 2322 3720 2378 per-

2193 2401 2460 2456 turbatus.
2493 2399 2693 2456 Acacio
2721 2400 2811 2454 ille
2839 2398 3076 2466 insultat,
3100 2399 3230 2468 quia
3251 2413 3371 2454 cum
3394 2399 3460 2453 sit
3489 2397 3720 2469 episcopus

2192 2495 2353 2564 regite
2373 2494 2623 2560 civitatis,
2655 2500 2828 2548 tentat
2849 2491 3282 2563 jurisdictionem
3319 2509 3465 2549 suam
3495 2508 3660 2562 augere
3679 2500 3719 2548 et

2191 2601 2356 2657 super
2379 2582 2613 2640 Orientis
2638 2584 2977 2656 patriarchas
3004 2600 3124 2640 sese
3150 2583 3370 2650 efferre;
3400 2584 3564 2653 itaque
3581 2597 3718 2638 exem-

2191 2679 2341 2752 plum
2377 2679 2454 2733 illi
2483 2679 2709 2750 opponit
2746 2685 2982 2748 quatuor
3024 2675 3336 2734 Occidentis
3380 2677 3718 2748 episcoporum,

2191 2771 2282 2841 qui
2304 2786 2426 2826 cum
2447 2778 2629 2826 essent
2655 2779 2712 2826 et
2739 2769 2841 2841 ipsi
2863 2769 3233 2840 imperialium
3254 2769 3462 2824 urbium
3487 2767 3722 2832 antistites,

2191 2863 2393 2918 nullam
2403 2862 2832 2933 jurisdictionem
2853 2863 2953 2918 sibi
2969 2871 3310 2934 usurparunt
3324 2862 3457 2918 ultra
3476 2877 3581 2917 eam
3597 2875 3724 2931 quam

2190 2955 2472 3026 antiquitus
2501 2954 2865 3010 obtinuerant.
2917 2953 3114 3009 Verum
3143 2954 3370 3024 quidem
3403 2961 3495 3020 est,
3523 2952 3645 3022 quod
3667 2951 3723 3005 ait

2189 3043 2528 3113 Bacchinius,
2559 3044 2836 3102 Gelasium
2881 3046 2986 3101 illis
3013 3033 3193 3101 verbis
3232 3063 3339 3102 non
3369 3060 3570 3116 negasse
3591 3061 3645 3099 ea
3668 3043 3723 3098 lc-

2187 3137 2368 3210 gitima
2385 3136 2636 3194 Ecclesia:
2653 3147 2901 3210 potestate
2927 3141 3154 3210 potuisse
3165 3139 3267 3211 jus
3289 3141 3458 3212 augeri
3481 3135 3722 3194 earumdem

2191 3228 2560 3296 Ecclesiarum,
2593 3247 2652 3286 eo
2696 3232 2851 3286 etiam
2895 3233 3085 3285 intuitu
3113 3232 3264 3304 quod
3301 3233 3626 3303 imperatorum
3659 3228 3719 3282 ibi

489 3317 671 3388 Quare
689 3322 1039 3390 consequitur
1063 3320 1353 3388 Ravennae,
1383 3320 1689 3388 Mediolani,
1715 3321 1930 3395 Syrmii,
1947 3325 2082 3381 Tre—
2113 3333 2161 3400 (ι
2190 3320 2335 3376 sedes
2358 3330 2644 3387 exstasset;
2674 3321 2770 3378 sed
2798 3338 2922 3378 cum
2967 3319 3216 3379 Gelasius
3257 3325 3476 3380 tacuerit
3497 3319 3716 3378 accessio-

487 3413 729 3469 virorum
757 3414 1060 3485 episcopos,
1093 3421 1148 3470 et
1175 3424 1402 3470 caeteros
1429 3417 1719 3485 quoslibet,
1763 3417 2084 3488 dignitatum

487 3519 712 3564 suarum
738 3504 1034 3574 antiquitus
1072 3505 1341 3576 deputata:
1380 3522 1648 3563 mensurae
1685 3509 1731 3564 si
1778 3510 1907 3579 quid
1931 3511 2084 3567 addi-

488 3603 607 3653 tum
636 3605 740 3665 est,
786 3613 894 3653 non
941 3599 1074 3654 illud
1112 3615 1418 3671 usurpasse,
1450 3601 1596 3670 quod
1624 3601 1699 3657 ibi
1726 3603 2083 3674 imperatores

487 3690 814 3762 quandoque
833 3691 1094 3762 degerint,
1118 3695 1212 3749 sed
1228 3695 1464 3764 legitime
1479 3712 1547 3751 ex
1567 3694 1714 3751 Petri
1735 3699 2077 3768 auctoritate,

487 3784 642 3840 salvo
670 3799 940 3840 canonum
968 3785 1304 3856 praescripto,
1337 3787 1608 3846 habuisse.
1647 3788 1716 3843 Et
1759 3791 1832 3845 ita
1861 3792 2079 3860 quidem

487 3869 691 3930 Gelasii
722 3875 886 3930 verba
906 3875 1252 3946 intelligenda
1281 3877 1534 3946 arbitror,
1565 3895 1687 3950 quae
1714 3881 1942 3951 proinde
1963 3882 2080 3938 efﬁ-

485 3964 656 4034 ciunt,
695 3967 871 4022 minus
898 3977 1104 4035 curate,
1134 3983 1236 4025 nec
1258 3971 1687 4040 praecedentibus
1723 3975 2020 4039 cohaerens,
2045 3992 2077 4032 a

483 4071 698 4116 Summo
725 4059 842 4115 viro
870 4058 938 4116 de
963 4061 1366 4132 metropolitani
1395 4062 1722 4121 Ravennatis
1740 4065 1878 4135 juris
1911 4068 2076 4124 initiis

483 4149 765 4222 scriptum,
782 4150 912 4207 illud
932 4151 1182 4208 videlicet
1202 4154 1542 4224 acquisitum,
1558 4173 1621 4210 ea
1641 4174 1853 4228 prorsus
1875 4159 2075 4215 ratione

484 4256 587 4313 qua
625 4240 771 4296 sedes
813 4239 1392 4315 Constantinopolitana
1432 4244 1496 4300 ob
1523 4247 1792 4317 imperiale
1834 4249 2073 4306 thronum

482 4331 858 4402 patriarchalia
878 4333 1004 4405 jura
1023 4337 1305 4407 usurpauit,
1329 4353 1392 4391 ac
1415 4337 1622 4393 tandem
1647 4341 1866 4412 paciﬁce
1887 4344 2066 4398 tenuit.

481 4420 799 4496 Oppositum
823 4426 965 4482 enim
993 4428 1068 4482 ait
1094 4428 1356 4499 pontifex,
1380 4438 1436 4487 et
1464 4439 1712 4498 testatur,
1745 4433 1815 4490 ob
1837 4435 2070 4506 impera-

481 4515 616 4573 toris
637 4517 888 4572 thronum
917 4518 991 4573 nil
1017 4534 1179 4590 supra
1207 4531 1446 4578 veterem
1473 4522 1747 4593 dignitatis
1779 4541 1891 4581 sua:
1917 4543 2070 4583 men-

467 4619 662 4714 .Suram
686 4607 1027 4664 Ravennates
1057 4612 1312 4680 praesules
1336 4629 1644 4685 usurpasse.
1683 4635 1702 4668 ›

460 4787 616 4856 Ἰθείἰ,
643 4806 805 4860 quam
827 4791 1054 4862 ipsemet
1074 4792 1274 4850 fatetur
1301 4796 1368 4852 ab
1396 4797 1556 4854 obvio
1581 4814 1769 4857 eorum
1791 4817 1954 4858 sensu
1972 4803 2068 4860 de-

472 4881 644 4938 viare.
675 4881 757 4936 Ad
785 4882 1094 4953 hujusmodi
1121 4901 1252 4942 vero
1272 4888 1563 4946 violentam
1583 4889 1854 4950 Gelasiani
1875 4910 2066 4954 sensus

382 5021 402 5050 έν
457 4975 892 5046 explicationem
920 4976 1267 5036 Bacchinium
1288 4993 1488 5052 cogunt
1510 4999 1782 5043 momenta
1804 5005 1926 5059 qum
1947 5007 2068 5062 pro-

387 5083 389 5086 ·
471 5063 603 5121 bant
629 5067 803 5123 serius
830 5082 990 5138 quam
1015 5069 1068 5124 in
1092 5071 1301 5142 reliquo
1329 5071 1620 5134 Occidente
1659 5079 1714 5135 in
1744 5080 1950 5136 Italiam
1975 5083 2064 5152 jus

471 5159 928 5229 metropoliticuiu
967 5161 1263 5229 inductum,
1310 5165 1365 5220 in
1405 5182 1575 5237 eaque
1621 5173 1840 5240 regione
1887 5175 2063 5232 solum

472 5245 778 5306 Romanum
807 5250 1115 5323 pontiﬁcem
1143 5255 1247 5311 isto
1269 5255 1391 5326 jure
1418 5261 1672 5328 polluisse
1703 5263 1771 5318 ad
1811 5276 2060 5334 quartum

462 5347 529 5406 .et
557 5341 694 5396 ultra
737 5345 1010 5411 saeculum,
1057 5360 1122 5401 ac
1166 5349 1461 5417 praesertim
1488 5353 1614 5422 quia
1651 5357 1921 5412 recentius
1949 5358 2061 5416 Ra-

469 5433 688 5487 vennati
717 5431 972 5491 Ecclesiae
998 5436 1128 5492 illud
1169 5439 1269 5493 iuit
1307 5440 1580 5508 collatum,
1615 5454 1670 5500 et
1695 5448 1821 5517 quia
1849 5461 2063 5508 constat

469 5518 742 5582 Ecclesias
787 5531 1087 5597 nonnullas,
1122 5540 1180 5586 ut
1217 5531 1724 5607 Forocorneliensis,
1774 5541 2060 5603 Ambrosio

469 5615 708 5710 vivente,
735 5617 1124 5678 Mediolanensi
1151 5623 1408 5697 episcopo
1437 5631 1696 5699 paruisse,
1729 5642 1784 5689 et
1818 5633 2056 5710 Chryso-

469 5704 578 5777 logi
625 5709 906 5768 electionis
948 5721 1193 5784 tempore
1243 5727 1552 5776 numeratas
1602 5721 1744 5779 inter
1787 5704 2056 5784 Ravennae

469 5799 728 5858 subditas.
760 5801 959 5860 Verum
993 5806 1108 5862 hmc
1138 5810 1318 5865 omnia
1347 5809 1617 5869 Bacchinii
1646 5828 1918 5874 momenta
1941 5819 2054 5890 jam

470 5895 839 5972 expendimus,
873 5907 988 5960 tum
1015 5917 1133 5974 qua:
1161 5904 1301 5962 eruit
1340 5904 1406 5962 ab
1435 5918 1749 5981 aigumento
1779 5915 2046 5988 negativo,

2186 3429 2312 3470 nem
2339 3414 2497 3470 istam
2525 3416 2651 3471 novi
2673 3413 2813 3485 juris
2840 3431 3031 3473 revera
3058 3417 3316 3473 evenisse
3336 3435 3402 3473 ex
3429 3413 3722 3473 concessione

2182 3504 2438 3562 Ecclesia:
2466 3506 2856 3578 imperatorum
2885 3509 3242 3580 temporibus,
3276 3509 3486 3566 evidens
3509 3506 3718 3563 indicium

2181 3608 2267 3656 est
2291 3599 2437 3670 quod
2464 3615 2574 3656 non
2602 3601 2878 3669 evenerit;
2921 3610 3036 3656 tum
3073 3603 3200 3672 quia
3251 3609 3598 3674 argumentum
3631 3613 3717 3668 quo

2179 3701 2369 3748 contra
2390 3691 2647 3749 Acacium
2675 3693 2928 3749 utebatur
2953 3691 3222 3761 Gelasius,
3275 3694 3460 3750 fortius
3492 3692 3717 3748 Constan-

2176 3785 2595 3856 tinopolitanum
2623 3786 2868 3854 ursisset,
2917 3801 2981 3841 ea
3021 3786 3485 3842 animadversione
3511 3781 3636 3855 quod
3659 3779 3720 3836 illi

2175 3886 2411 3948 quatuor
2430 3878 2688 3950 episcopi,
2710 3878 2756 3933 si
2775 3877 2903 3948 quid
2918 3877 3308 3946 jurisdictionis
3329 3878 3462 3932 ultra
3483 3874 3720 3943 antiquam

2175 3987 2482 4028 mensuram
2511 3971 2914 4042 acquisiverint,
2958 3971 3152 4026 intuitu
3184 3971 3578 4042 imperatorum,
3607 3981 3719 4021 nou-

2175 4064 2278 4120 nisi
2306 4080 2374 4121 ex
2403 4065 2736 4134 indulgentia
2762 4061 3080 4135 pontiﬁcum
3127 4063 3491 4118 Romanorum
3520 4055 3720 4129 acquisi-

2173 4160 2377 4227 verint;
2409 4167 2522 4215 tum
2548 4159 2672 4230 quia
2700 4174 2824 4215 cum
2871 4159 2924 4213 id
2970 4151 3171 4214 factum
3221 4159 3450 4216 tacuerit
3490 4153 3720 4220 Gelasius,

2173 4252 2277 4307 alia
2305 4252 2485 4322 magni
2514 4252 2768 4323 ponderis
2786 4251 3099 4322 conjectura
3123 4253 3248 4309 inde
3269 4255 3441 4310 oritur
3459 4249 3723 4308 certissime

2172 4359 2281 4400 non
2326 4359 2448 4400 esse
2473 4341 2704 4412 factum;
2737 4360 2861 4399 nam
2889 4345 2958 4400 ab
2986 4345 3249 4416 exemplis
3285 4353 3515 4416 quatuor
3540 4341 3724 4397 illorum

2171 4435 2490 4504 antistitum,
2521 4436 2567 4491 si
2593 4436 2721 4506 quia
2749 4435 2972 4492 fuissent
2999 4437 3237 4508 episcopi
3267 4437 3531 4507 regiarum
3558 4433 3722 4490 civita-

2171 4534 2303 4592 tum,
2327 4527 2396 4583 ab
2415 4528 2709 4599 apostolica
2731 4528 2859 4584 sede
2879 4528 3140 4598 majorem
3162 4529 3479 4598 dignitatem
3499 4523 3724 4584 obtinuis-

2170 4626 2317 4687 sent,
2347 4620 2689 4676 occasionem
2718 4621 3172 4692 opportunissime
3220 4622 3566 4692 arripuissent
3607 4615 3724 4674 Aca-

469 4696 475 4748 ἷ
550 4696 673 4752 154.
706 4697 832 4755 Haec
853 4708 935 4755 est
954 4699 1227 4758 Bacchinii
1255 4703 1628 4776 interpretatio
1653 4708 1940 4766 verborum
1961 4710 2068 4769 Ge-
2095 4713 2148 4774 D
2172 4711 2315 4768 ciani
2336 4713 2697 4784 exprobrandi
2724 4711 2960 4778 Gelasio,
2994 4723 3157 4784 atque
3185 4715 3447 4772 Romana:
3472 4711 3720 4773 Ecclesia.

2168 4812 2420 4874 negatum
2447 4805 2514 4859 iri
2541 4803 2759 4870 Acacio,
2784 4806 2946 4860 etiam
2974 4805 3430 4863 intercedentibus
3459 4807 3724 4878 imperato-

2165 4897 2333 4966 ribus,
2357 4898 2519 4954 etiam
2536 4899 2956 4956 concedentibus
2974 4899 3184 4957 duobus
3203 4901 3550 4958 meumenicis
3567 4896 3724 4956 conci-

2166 4988 2270 5056 liis,
2299 4988 2900 5063 Constantinopolitano
2946 5009 2982 5058 ι,
3031 5001 3088 5048 et
3112 4991 3571 5056 Cbalcedonense,
3599 4984 3726 5060 quod

2165 5081 2286 5136 aliis
2312 5091 2546 5150 quatuor
2592 5083 2862 5155 episcopis
2891 5099 2999 5139 non
3029 5083 3204 5140 fuerat
3231 5095 3505 5156 negatura,
3535 5091 3724 5155 pertur-

2162 5174 2439 5232 bationem
2467 5177 2674 5234 scilicet
2700 5177 3080 5234 ecclesiasticae
3117 5177 3453 5242 hierarcbim,
3497 5184 3552 5233 et
3593 5183 3726 5230 novae

2157 5266 2550 5339 jurisdictionis
2597 5272 2982 5338 accessionem,
3032 5271 3159 5327 licet
3195 5272 3436 5344 episcopi
3480 5271 3554 5326 illi
3597 5265 3727 5322 nullo

2163 5360 2480 5419 fulcirentur
2499 5366 2713 5421 concilii
2734 5381 2942 5422 canone
2961 5374 3054 5421 aut
3072 5381 3360 5423 consensu.
3379 5365 3513 5421 Tum
3531 5363 3726 5419 demum

2165 5456 2289 5525 quia
2318 5472 2426 5512 non
2455 5459 2718 5529 potuisset
2745 5457 2990 5515 Gelasius
3018 5459 3215 5517 Acacio
3244 5468 3355 5514 tam
3383 5458 3548 5514 libere
3574 5449 3724 5509 insul-

2163 5553 2300 5612 tare,
2333 5548 2378 5603 si
2409 5548 2651 5605 Romana
2683 5550 2922 5607 Ecclesia
2945 5553 3218 5622 arguenda
3247 5551 3365 5622 ipsa
3391 5563 3599 5621 quoque
3618 5544 3724 5600 luis-

2159 5649 2245 5696 set
2289 5642 2360 5698 ob
2404 5645 2772 5713 perturbatam
2819 5645 2873 5700 in
2920 5643 3239 5708 Occidente,
3281 5644 3338 5698 in
3385 5642 3606 5713 gratiam
3632 5637 3724 5692 im-

2161 5742 2474 5804 peratorum
2491 5774 2507 5800 ,
2551 5737 2904 5808 apostolicam
2951 5735 3318 5793 Ecclesiarum
3363 5730 3720 5790 liierarchiam.

2160 5839 2269 5896 quo
2307 5833 2550 5899 tempore
2601 5843 2721 5884 eam
2775 5828 3049 5886 mordicus
3104 5829 3394 5886 tuebantur
3447 5828 3500 5881 in
3552 5822 3722 5878 Orien=

2161 5924 2216 5976 te
2269 5923 2458 5977 contra
2508 5919 2790 5990 episcopos
2841 5919 3495 5992 Constantiuopolitanos,
3550 5920 3718 5974 contra
