3902 6362
4 5915 8 6030 Ῠ

159 418 252 476 17⁸1
412 409 550 469 JOS.
592 404 921 465 AMADESII
963 401 1415 465 DISSERTATIO
1453 396 1544 456 DE
1585 393 1980 454 METROPOLI
2021 391 2558 450 ECCLESIASTICA
2599 388 3158 450 RAVENNATENSI.
3296 355 3432 448 ’178

155 533 252 590 duo
297 523 573 597 generalia
621 519 849 578 concilia
863 560 879 585 ,
930 525 1119 575 contra
1169 516 1317 588 ipsos
1355 515 1729 586 imperatores.
1759 511 1814 572 A
1838 507 2136 580 praesertim
2175 507 2284 563 divi
2323 505 2471 564 Petri
2491 507 2735 564 Damiani
2754 549 2769 576 ,
2816 505 3044 564 credunt
3092 504 3434 562 Ravennates

157 624 276 693 Qum
302 617 527 692 quidem
567 613 881 685 conjectura
927 611 1190 681 majorem
1213 610 1326 666 vim
1353 605 1612 678 consequi
1636 619 1738 677 po-

155 716 274 772 terit
319 728 392 769 ex
440 711 507 768 iis
545 724 668 782 quae
695 707 943 780 superius
972 705 1275 761 notavimus
1314 703 1383 759 de
1431 699 1739 758 resistentia

158 807 427 871 Ecclesia,
460 821 523 862 ac
549 802 851 876 praesertim
894 815 1228 856 summorum
1267 798 1603 870 pontiﬁcum,
1633 797 1738 852 hu-

154 899 383 972 jusmodi
414 913 675 954 novarum
702 894 1078 966 metropoleon
1107 893 1486 949 erectionibus.

220 990 343 1046 156.
380 991 475 1046 His
511 997 693 1045 autem
736 987 1008 1042 rationum
1049 985 1338 1042 momentis
1384 1000 1444 1040 se
1488 983 1744 1055 expedire

161 1085 490 1142 arbitrantur
517 1081 862 1136 Ravennates
905 1094 936 1134 a
974 1078 1251 1134 Bacchinii
1299 1076 1744 1148 interpretatione

161 1181 208 1237 in
232 1177 403 1232 verba
428 1175 649 1239 Gelasii,
681 1181 1032 1242 statuuntque
1059 1186 1125 1226 ex
1155 1171 1368 1226 illorum
1396 1184 1558 1225 sensu
1585 1168 1744 1224 obvio

162 1279 209 1328 et
232 1268 474 1324 naturali
496 1267 715 1339 probari
745 1266 1086 1320 Ravennates
1114 1263 1397 1334 episcopos
1420 1278 1526 1317 non
1550 1260 1618 1315 ab
1646 1261 1748 1315 im-

159 1373 470 1440 peratorum
501 1361 834 1433 temporibus
853 1359 1310 1431 metropoliticum
1330 1357 1556 1428 gradum
1585 1357 1750 1412 fuisse

163 1457 400 1527 adeptos,
432 1455 531 1510 sed
560 1470 626 1510 eo
649 1455 855 1510 honore
882 1459 1007 1508 ante
1035 1453 1390 1522 imperatores
1417 1458 1472 1504 et
1500 1465 1529 1504 a
1557 1448 1751 1520 priscis

165 1549 497 1620 temporibus
522 1546 878 1619 prmfulsisse;
910 1555 1071 1616 atque
1099 1545 1235 1600 adeo
1264 1559 1387 1600 cum
1417 1543 1561 1598 nulla
1591 1542 1754 1599 stabi-

165 1644 236 1700 liri
261 1643 444 1715 possit
475 1642 694 1713 incmpti
714 1641 936 1698 honoris
964 1639 1190 1711 epocha,
1216 1638 1284 1694 ad
1307 1638 1601 1710 apostolica
1625 1645 1754 1693 tem-

165 1752 281 1809 pora
312 1745 374 1792 et
404 1735 476 1791 ad
505 1737 817 1807 primaevam
847 1733 1225 1790 ecclesiastica;
1253 1732 1570 1788 hierarchize
1599 1731 1756 1786 insti-

167 1833 429 1889 tutionem
461 1831 607 1886 illius
627 1829 824 1899 gradus
845 1829 1104 1898 originem
1135 1842 1254 1882 esse
1273 1825 1629 1882 referendam.
1655 1824 1756 1881 Hic

1839 600 2168 658 contrarium
2196 601 2503 671 negativum
2537 607 2912 672 argumentum
2932 598 3229 656 exinanire.
3259 597 3438 670 Atque

1839 693 1970 750 hinc
1994 692 2064 748 ad
2089 691 2429 750 doctissimas
2472 691 2749 750 Bacchinii
2789 690 3287 748 animadversiones
3315 689 3435 746 ani-

1841 800 1988 841 mum
2010 792 2408 851 convertentes,
2439 799 2630 839 manus
2659 783 2830 839 victas
2868 783 2934 838 iis
2977 782 3119 839 ultro
3157 782 3290 839 dare
3328 799 3442 840 non

1841 883 2092 934 renuent.
2145 874 2460 932 Concedent
2504 875 2650 931 enim
2689 875 3041 931 libentissime
3085 874 3232 930 nullo
3277 881 3442 946 pacto

1845 969 2182 1027 eﬁ‘ormatam
2212 969 2376 1025 fuisse
2402 969 2471 1025 ab
2499 969 2760 1040 apostolis
2792 968 3047 1025 Ecclesiae
3080 968 3443 1026 hierarchiam

1845 1064 1917 1119 ad
1967 1078 2213 1118 normam
2259 1063 2496 1118 civilium
2544 1062 2972 1131 magistratuum.
3023 1060 3336 1120 Concedent
3374 1078 3445 1120 ex

1846 1157 2085 1226 generali
2108 1155 2318 1227 imperii
2341 1162 2652 1228 systemate,
2697 1155 2858 1224 quale
2905 1155 3080 1212 fuerat
3108 1156 3446 1227 temporibus

1850 1250 2180 1320 apostolicis,
2223 1257 2385 1318 atque
2420 1264 2487 1302 ex
2515 1248 2830 1318 particulari
2857 1249 3117 1318 cujusque
3153 1249 3446 1320 provincia:

1849 1344 2111 1414 regimine
2137 1341 2568 1414 probabilissime
2595 1341 2788 1396 deduci
2816 1357 2976 1413 posse
3006 1343 3285 1399 veritatem
3306 1342 3447 1400 Bac-

1852 1437 2117 1494 chiniante
2144 1434 2414 1506 opinionis
2441 1451 2455 1487 :
2504 1434 2634 1490 licet
2661 1433 2730 1490 ad
2750 1449 2864 1489 rem
2895 1449 3001 1490 non
3048 1433 3228 1492 facere
3271 1436 3466 1507 suspi—'-

1853 1538 2062 1596 centur,
2087 1544 2209 1600 quae
2237 1527 2305 1584 de
2345 1527 2697 1584 instabilitate
2742 1523 3018 1598 regiminis
3066 1527 3452 1601 cujuscumque

1855 1621 2196 1695 particularis
2230 1621 2524 1692 provinciae
2550 1619 2910 1676 eruditissime
2957 1621 3230 1690 congessit
3281 1621 3450 1678 abbas

1854 1714 2192 1772 Cassinensis
2214 1734 2230 1783 ;
2251 1730 2377 1771 nam
2405 1715 2580 1786 primo
2625 1714 2945 1771 instabilitas
2964 1715 3080 1772 haec
3110 1715 3453 1786 particularis

1856 1809 2256 1882 provinciarum
2285 1807 2560 1878 regiminis
2584 1807 2764 1864 locum
2785 1805 2925 1863 forte
2954 1822 3063 1863 non
3091 1807 3324 1864 habebat
3343 1822 3454 1878 quo

168 1926 317 1983 etiam
364 1923 550 1980 obiter
579 1929 824 1978 notatum
868 1920 1118 1976 volumus
1163 1919 1324 1974 allata
1353 1916 1550 1975 Gelasii
1591 1917 1756 1972 verba

1865 1913 2105 1975 tempore
2132 1902 2483 1973 Evangelium
2503 1900 2926 1958 disseminabant
2962 1900 3212 1972 apostoli.
3244 1899 3458 1958 Accidit

164 2020 300 2090 juxta
353 2017 581 2073 obvium
609 2031 796 2072 eorum
823 2029 1037 2070 sensum
1077 2013 1240 2069 etiam
1281 2028 1312 2067 a
1340 2010 1756 2067 Mediolanensi-

168 2112 254 2167 bus
277 2109 564 2181 usurpari,
588 2117 648 2164 ut
672 2108 903 2179 probent
923 2114 1050 2161 ante
1069 2105 1251 2162 divum
1272 2103 1634 2170 Ambrosium,
1649 2119 1758 2160 non

169 2213 340 2260 autem
373 2203 448 2259 ob
489 2204 877 2274 imperatorum
915 2198 1285 2264 residentiam,
1313 2197 1425 2267 jam
1453 2196 1522 2251 ad
1557 2204 1760 2253 metro-

171 2296 293 2368 polis
322 2295 654 2365 dignitatem
701 2292 1007 2350 ascendisse
1043 2291 1300 2364 inclytam
1327 2289 1613 2346 Mediolani
1652 2287 1759 2345 Ec-

171 2389 384 2445 clesiam
409 2407 422 2442 :
449 2387 600 2459 quod
629 2402 737 2443 non
765 2385 862 2442 abs
888 2400 949 2441 re
976 2385 1081 2440 erit
1107 2381 1551 2438 animadvertere.
1584 2379 1759 2438 Caete-

172 2499 278 2540 rum
298 2497 435 2537 mox
455 2481 688 2536 relatam
709 2477 1201 2534 Ravennatensium
1221 2474 1627 2532 conclusionem
1646 2489 1764 2530 ver-

173 2579 469 2648 horumque
493 2574 694 2631 Gelasii
722 2574 1130 2644 intelligentiam
1147 2573 1409 2628 roborare
1434 2586 1596 2643 posse
1624 2587 1761 2628 neu-

175 2670 368 2739 tiquam
394 2668 504 2739 ipsi
522 2667 771 2723 dubitant
798 2666 1119 2722 auctoritate
1146 2663 1204 2721 S.
1237 2663 1483 2734 Gregorii
1509 2663 1620 2730 VII,
1661 2678 1762 2735 pa-

174 2763 296 2819 riter
314 2761 555 2818 Romani
576 2757 864 2832 pontiﬁcis,
882 2772 1035 2827 aeque
1055 2756 1370 2821 doctissimi,
1394 2770 1547 2825 teque
1562 2755 1763 2825 jurium

177 2855 665 2912 ecclesiasticarum
711 2852 959 2908 acerrimi
1004 2850 1250 2907 vindicis.
1317 2847 1572 2905 Scribens
1618 2850 1763 2904 enim

175 2947 463 3018 Gregorius
494 2947 562 3002 ad
586 2944 1048 3008 Ravennatenses,
1079 2944 1194 2999 llth
1221 2942 1288 2998 de
1317 2957 1502 2998 eorum
1523 2940 1764 2998 Ecclesia

179 3042 308 3114 ipsis
327 3043 560 3096 insinuat
585 3059 596 3093 :
622 3038 887 3094 Credimus
915 3054 1019 3092 non
1044 3038 1204 3092 latere
1229 3044 1448 3090 vestram
1469 3036 1760 3100 scientiam,

192 3134 534 3190 Ravennatem
555 3131 845 3186 Ecclesium
865 3131 976 3185 sedi
1006 3128 1306 3202 apostolica:
1334 3145 1444 3199 prae
1471 3128 1668 3184 cwteris
1690 3127 1766 3181 vi-

1861 2014 1924 2054 ea
1952 1996 2168 2068 quidem
2201 2003 2506 2066 temporum
2551 1993 2800 2059 decursu,
2849 1992 2947 2048 sed
2991 2007 3114 2048 cum
3162 1990 3274 2063 jam
3321 1988 3456 2049 ﬁdes

1858 2089 2162 2146 Christiana
2189 2089 2349 2158 longe
2393 2088 2611 2157 lateque
2649 2083 2839 2142 diﬁ‘usa
2887 2092 3026 2154 erat,
3071 2092 3234 2156 atque
3288 2085 3456 2141 etiam

1859 2184 2129 2242 stabilitus
2169 2181 2550 2240 ecclesiasticae
2575 2179 2894 2236 hierarchias
2921 2177 3055 2234 ordo
3085 2193 3150 2234 ac
3197 2185 3453 2250 systema,

1858 2275 2159 2347 prmsertim
2208 2274 2262 2328 in
2290 2271 2462 2328 Italia.
2494 2269 2574 2326 Ea
2597 2271 2741 2326 enim
2769 2269 2943 2326 divisa
2989 2268 3059 2325 ab
3104 2267 3346 2339 Augusto
3401 2269 3457 2326 in

1861 2367 2110 2424 undecim
2154 2366 2424 2437 regiones,
2473 2369 2530 2420 et
2579 2361 2870 2433 unicuique
2917 2361 3140 2434 proprio
3183 2361 3458 2432 assignato

1861 2459 2108 2534 praeside,
2136 2454 2536 2524 decurionibus,
2567 2453 2865 2511 duumviris
2886 2495 2902 2521 ,
2951 2452 3126 2509 forma
3153 2453 3258 2508 ista
3283 2453 3459 2526 magi-

1862 2561 2127 2614 stratuum
2155 2559 2210 2608 et
2234 2551 2438 2624 politize
2490 2549 2599 2606 duo
2642 2563 2783 2620 pene
2830 2546 3026 2608 saecula
3053 2547 3454 2620 perseveravit,

1863 2647 2038 2704 donec
2059 2645 2128 2702 ab
2147 2645 2384 2700 Adriano
2417 2640 2630 2699 Cmsare
2663 2643 2946 2698 immutata
2974 2647 3075 2696 est.
3106 2639 3286 2708 Quare
3325 2640 3460 2698 satis

1863 2736 2133 2795 intervalli
2160 2744 2216 2792 et
2236 2733 2654 2808 opportunitatis
2679 2731 2884 2809 habere
2922 2732 3189 2802 potuisset
3216 2730 3461 2789 Ecclesia

1864 2831 1933 2887 ab
1961 2829 2064 2886 sibi
2086 2827 2404 2884 limandum
2442 2827 2498 2883 in
2533 2827 2638 2882 hac
2657 2824 2880 2894 regione
2906 2822 3224 2880 hierarcbize
3259 2831 3461 2881 statum

1860 2927 2016 2998 juxta
2045 2925 2405 2983 hierarchiam
2460 2923 2672 2980 civilem
2703 2921 2770 2978 ab
2799 2921 3040 2992 Augusto
3068 2918 3419 2976 constitutam
3441 2955 3458 2983 ,

1864 3026 2132 3090 quatenus
2177 3016 2246 3073 ad
2284 3031 2406 3072 eam
2450 3029 2510 3072 se
2538 3013 2947 3072 conformasset.
2980 3011 3231 3069 Stabilita
3279 3018 3463 3065 autem

1865 3112 2034 3170 semel
2059 3111 2128 3166 ab
2156 3109 2416 3182 apostolis
2443 3122 2740 3177 eorumque
2793 3103 3198 3163 successoribus
3249 3101 3462 3158 hierar-

180 3231 346 3282 cinius
368 3229 562 3282 [terere
586 3226 796 3280 solitam
818 3227 995 3297 fuisse,
1020 3238 1232 3294 eamque
1251 3221 1544 3292 specialiter
1565 3218 1628 3272 ab
1649 3219 1764 3290 ipsa

1867 3205 2008 3270 chia,
2038 3202 2198 3258 nullis
2216 3199 2604 3257 mutationibus
2624 3197 2860 3254 obnoxia
2887 3211 3006 3252 esse
3034 3200 3270 3266 poterat,
3299 3189 3462 3262 quid-

180 3322 434 3387 dilectam,
467 3318 717 3392 quidquid
747 3286 1013 3390 dig'nitatis
1042 3325 1091 3370 et
1117 3286 1328 3369 honoris
1365 3313 1646 3386 antiquitus
1669 3286 1764 3384 per

1867 3295 1995 3369 quid
2020 3294 2180 3352 fuerit
2215 3293 2284 3350 de
2320 3292 2492 3348 civilis
2520 3289 2920 3362 provinciarum
2947 3286 3225 3357 regiminis
3247 3291 3464 3357 pertur-

184 3413 370 3467 beatum
394 3412 756 3484 Apollinarem
780 3412 958 3476 tenuit,
980 3425 1191 3464 munere
1208 3406 1402 3462 scilicet
1423 3407 1660 3478 praefatae
1676 3421 1761 3459 se-

184 3509 257 3561 dis
277 3523 576 3561 rancessum
599 3504 854 3559 habuisse.
889 3501 1256 3557 Przedilectam
1282 3499 1358 3554 ait
1383 3505 1601 3554 sanctus
1629 3512 1765 3568 pon—

181 3599 299 3655 tifex
321 3598 628 3655 Ecclesiam
651 3597 1019 3653 Ravennatem
1048 3594 1114 3648 ab
1141 3593 1271 3648 sede
1299 3591 1614 3663 apostolica,
1640 3604 1764 3645 nam

175 3691 246 3747 illi
285 3701 574 3763 acceptum
602 3690 801 3745 habere
844 3687 1075 3744 debebat
1109 3683 1369 3755 quidquid
1408 3681 1684 3752 dignitatis
1711 3688 1767 3737 et

173 3787 392 3841 honoris
414 3786 704 3858 antiquitus
744 3800 834 3855 per
875 3782 1079 3836 beatum
1107 3778 1464 3851 Apollinarem
1496 3775 1674 3829 tenuit.
1707 3771 1767 3828 Si

173 3889 347 3934 autem
378 3880 690 3951 antiquitus,
723 3893 784 3932 ac
809 3891 905 3948 per
931 3876 1166 3947 primum
1195 3872 1314 3942 ejus
1343 3869 1650 3942 apostolum
1680 3876 1766 3924 at-

175 3988 270 4042 que
297 3973 625 4045 episcopum
672 3969 804 4024 nihil
843 3966 988 4024 aliud
1028 3965 1270 4021 Ecclesia
1316 3963 1604 4018 Ravennas
1630 3961 1771 4016 obti-

175 4065 396 4130 nuisset,
420 4064 531 4118 nisi
552 4078 678 4117 cum
703 4061 805 4116 ﬁde
825 4059 1128 4115 Christiana
1151 4055 1410 4126 simplicis
1427 4054 1770 4124 episcopatus

174 4156 490 4212 cathedram
511 4198 524 4220 ,
577 4153 775 4208 frustra
821 4167 942 4207 eam
989 4148 1298 4220 specialiter
1350 4146 1603 4201 dilectam
1657 4141 1772 4199 sedi

174 4250 518 4320 apostolicae,
556 4246 753 4300 frustra
793 4243 1106 4299 viciniorem
1157 4238 1541 4304 adhaesionem,
1574 4233 1773 4290 frustra

173 4345 410 4398 honores
438 4353 497 4397 et
523 4340 813 4408 dignitates
841 4337 909 4392 ab
937 4351 1000 4391 ea
1047 4334 1176 4389 sede
1223 4332 1474 4388 obtentas
1516 4328 1776 4398 iactasset

173 4432 491 4504 Gregorius.
524 4430 872 4500 Loquebatur
900 4441 1030 4496 ergo
1078 4422 1324 4496 pontifex
1353 4422 1421 4477 de
1458 4420 1524 4475 iis
1551 4418 1776 4474 honori-

175 4530 266 4582 bus
293 4537 352 4583 et
383 4525 741 4596 dignitatibus
769 4522 961 4592 quibus
1009 4519 1126 4587 ejus
1171 4523 1334 4572 {etate
1363 4513 1640 4570 eminebat
1667 4511 1776 4566 Ra-

173 4621 494 4676 vennatium
524 4617 786 4681 Ecclesia,
811 4625 866 4670 et
891 4628 1026 4683 quas
1051 4612 1127 4666 illi
1156 4627 1186 4663 a
1215 4608 1344 4664 sede
1365 4605 1665 4677 apostolica
1688 4619 1778 4658 an-

1867 3389 2088 3446 batione
2115 3386 2316 3458 pluries
2353 3391 2557 3450 secuta,
2581 3380 2840 3445 Adriano,
2871 3378 3185 3443 Aureliano,
3235 3374 3466 3444 aliisque

1849 3481 2277 3555 imperantibus.
2308 3472 2462 3546 Quod
2490 3478 2536 3533 si
2563 3476 2726 3533 etiam
2754 3488 2943 3529 verum
2991 3471 3180 3528 fuisset
3207 3469 3467 3540 tempori-

1863 3576 1967 3632 bus
1995 3573 2306 3647 apostolicis
2333 3572 2420 3628 vel
2444 3585 2606 3626 unam
2634 3567 2899 3640 pluribus,
2928 3565 3016 3622 vel
3044 3565 3226 3637 plures
3243 3561 3466 3636 provin-

1867 3670 1981 3726 cias
2020 3668 2115 3724 uni
2160 3675 2372 3722 tantum
2417 3663 2632 3736 praesidi
2680 3661 2942 3733 paruisse,
2987 3661 3114 3716 hinc
3160 3666 3466 3732 opportuna

1867 3762 2158 3820 resultaret
2183 3761 2324 3816 ratio
2346 3773 2514 3829 quare
2541 3758 2596 3813 in
2617 3755 2983 3814 ecclesiastica
3023 3753 3326 3809 bierarchia
3355 3766 3467 3807 non

1869 3855 2067 3924 ubique
2097 3852 2190 3908 uni
2217 3851 2509 3923 provinciae
2529 3864 2667 3904 unus
2699 3854 2957 3920 praeesset
2993 3843 3465 3916 metropolitanus,

1869 3951 1965 4008 sed
1993 3949 2092 4005 sub
2119 3963 2230 4003 uno
2257 3945 2675 4018 metropolitano
2702 3943 2886 4015 plures
2931 3948 3113 3998 essent
3153 3937 3464 4012 provinciae,

1872 4052 1929 4098 et
1953 4055 2074 4112 quae
2096 4038 2272 4095 fuerat
2301 4037 2429 4094 olim
2451 4037 2630 4102 unica,
2663 4034 2818 4091 ﬁeret
2835 4033 3033 4105 duplex
3054 4031 3354 4104 provincia,
3385 4027 3469 4088 uti

1873 4152 1998 4193 cum
2027 4132 2247 4189 Emilia
2293 4137 2482 4188 nostra
2510 4135 2688 4186 actum
2726 4126 2843 4193 fuit,
2866 4126 3064 4198 partita
3092 4123 3147 4179 in
3193 4120 3467 4192 duplicem

1872 4227 2170 4298 regionem,
2207 4237 2435 4294 quarum
2481 4221 2651 4276 altera
2689 4217 2972 4284 Flaminia,
3013 4213 3232 4271 Emilia
3271 4212 3464 4268 altera.

1875 4316 2123 4376 Secundo
2144 4329 2274 4371 vero
2319 4311 2565 4382 quamvis
2587 4308 2919 4380 temporibus
2955 4303 3269 4378 apostolicis
3294 4303 3468 4358 insta-

1875 4411 2056 4467 bilitas
2079 4404 2481 4480 particularium
2503 4401 2904 4473 provinciarum
2924 4397 3200 4469 regiminis
3221 4395 3472 4452 obversa-

1876 4512 2028 4561 retur
2055 4498 2389 4558 stabiliendze
2415 4495 2793 4554 ecclesiasticae
2836 4491 3156 4548 hierarchite
3202 4487 3473 4559 aliquibus

1879 4600 1936 4654 in
1963 4594 2292 4667 regionibus,
2326 4591 2381 4647 id
2401 4598 2582 4646 tamen
2607 4587 2676 4644 de
2715 4588 2832 4658 ipsa
2860 4584 3080 4640 Emilia
3127 4597 3304 4653 neque
3343 4590 3474 4637 tunc

175 4716 401 4783 tiquitus
447 4711 677 4767 collatas
724 4667 954 4763 afﬁrmat
997 4719 1094 4776 per
1141 4703 1354 4756 beatum
1385 4667 1770 4770 Apollinarem,
1802 4683 1856 4744 D
1879 4704 2056 4760 neque
2099 4701 2198 4758 per
2237 4684 2488 4740 diuturna
2514 4688 2759 4751 tempora
2805 4676 3030 4732 forsitan
3080 4667 3474 4783 patestvveriﬁ-

174 4808 410 4878 primum
439 4803 649 4860 scilicet
696 4801 965 4855 Ravenna
993 4797 1324 4868 episcopum,
1359 4790 1504 4846 Petri
1545 4787 1778 4860 apostoli

174 4897 534 4968 discipulum;
567 4907 740 4961 neque
769 4891 874 4945 alia
918 4888 1168 4957 dignitas,
1211 4899 1385 4954 neque
1423 4881 1515 4936 alii
1541 4881 1778 4936 honores

175 4991 244 5046 ibi
265 4991 504 5045 veniunt
532 4983 886 5052 intelligendi,
919 4982 964 5036 si
992 4995 1078 5035 res
1099 4979 1238 5033 bene
1265 4973 1648 5047 perpendatur,
1674 4971 1774 5027 nisi

174 5085 418 5153 dignitas
447 5089 612 5149 atque
639 5079 877 5134 honores
905 5071 1308 5144 metropolitici.
1340 5067 1619 5125 Consonat
1637 5065 1776 5122 Gre-

174 5179 330 5246 gorio
345 5173 442 5229 VII
466 5181 657 5228 auctor
678 5169 925 5226 Historia:
947 5165 1326 5221 miraculorum
1348 5163 1517 5233 ipsius
1537 5159 1594 5216 S.
1613 5158 1780 5232 Apol-

175 5270 368 5324 linaris
399 5269 456 5322 in
493 5263 771 5321 territorio
799 5259 1131 5322 Divionensi,
1163 5257 1254 5327 qui
1286 5263 1476 5310 auctor
1514 5251 1712 5309 saeculo
1742 5267 1781 5306 ι

177 5361 422 5417 creditur
470 5356 757 5419 ﬂoruisse,
809 5353 1053 5423 adeoque
1108 5359 1232 5405 ante
1285 5347 1622 5417 Gregorium.
1681 5340 1783 5408 Qui

176 5465 404 5525 martyr,
430 5452 624 5521 inquit,
648 5459 705 5503 ut
727 5448 983 5518 descripta
1011 5447 1122 5518 ejus
1143 5443 1401 5516 passionis
1425 5449 1569 5512 gesta
1599 5447 1787 5492 testan-

181 5559 283 5612 tur,
301 5565 340 5601 a
357 5546 421 5602 S.
439 5543 599 5600 Petro
616 5543 964 5616 apostolorum
984 5539 1216 5611 principe
1236 5542 1580 5596 consecratus,
1599 5547 1659 5584 ac
1684 5528 1787 5584 Ra-

179 5657 390 5704 rennaz,
421 5637 838 5708 metrOpotitame
867 5631 1173 5686 Italicarum
1193 5627 1397 5682 urbium
1424 5623 1778 5688 nobilissimis,

183 5736 397 5808 primus
419 5729 838 5801 archiepiscopus
866 5736 943 5780 est
974 5723 1283 5778 destinatus.

257 5827 396 5885 157.
438 5825 555 5882 Tali
588 5820 1016 5879 testimoniorum
1044 5814 1397 5886 positivorum
1437 5808 1596 5872 serie,
1629 5812 1790 5874 atque

1882 4784 2029 4851 cari;
2060 4796 2184 4836 nam
2213 4785 2338 4850 post
2375 4776 2594 4832 allatam
2632 4771 2977 4845 partitionem
3006 4769 3061 4823 in
3103 4763 3378 4822 Emiliam
3419 4767 3478 4818 et

1882 4875 2222 4940 Flaminiam,
2251 4870 2532 4939 utriusque
2559 4873 2722 4938 caput
2744 4871 2800 4919 et
2826 4859 3142 4932 metropolis
3160 4857 3261 4912 fuit
3287 4857 3476 4910 immu-

1882 4967 2122 5023 tabiliter
2155 4963 2432 5026 Ravenna,
2472 4958 2632 5014 etiam
2670 4961 2957 5027 postquam
3003 4947 3389 5006 Constantinus
3417 4944 3476 5001 in

1883 5063 2019 5119 duos
2043 5058 2334 5117 vicariatus
2358 5054 2567 5110 Italiam
2589 5050 2788 5106 divisit.

1955 5152 2078 5208 158.
2103 5152 2375 5216 Attamen,
2407 5146 2491 5202 his
2519 5159 2626 5200 non
2657 5141 3014 5203 obstantibus,
3045 5135 3290 5204 datisque
3329 5131 3476 5188 ultro

1884 5244 2132 5304 omnibus
2145 5241 2215 5298 cl.
2235 5237 2546 5303 Bacchinio,
2578 5233 2681 5290 sibi
2701 5233 2879 5288 adhuc
2905 5225 3242 5298 gratulantur
3271 5220 3478 5277 Raven-

1847 5376 1850 5378 η
1884 5347 2038 5395 nates
2066 5334 2204 5390 tanti
2231 5331 2333 5387 viri
2361 5328 2672 5400 opinionem
2717 5324 2786 5380 de
2837 5320 3044 5390 origine
3082 5313 3479 5373 ecclesiastica-

1883 5447 2004 5490 rum
2024 5426 2400 5499 metropoleon
2433 5439 2541 5479 non
2569 5420 2746 5477 solum
2773 5431 2881 5472 non
2909 5413 3206 5476 deStruere,
3233 5406 3329 5465 sed
3358 5422 3480 5462 ma-

1885 5526 1965 5597 gis
1987 5523 2264 5593 magisque
2283 5515 2607 5576 conﬁrmare
2635 5526 2820 5569 eorum
2849 5505 3173 5564 sententiam
3199 5502 3296 5574 qui
3343 5509 3480 5557 tem-

1886 5593 2109 5692 poribus
2169 5622 2331 5684 atque
2385 5605 2707 5666 institutioni
2763 5599 3072 5674 apostolicae
3118 5596 3267 5653 initia
3323 5593 3481 5664 hujus

1888 5685 2160 5781 dignitatis
2189 5708 2242 5762 in
2266 5703 2504 5760 Ecclesia
2529 5700 2843 5754 Ravennate
2881 5693 3206 5749 tribuerunt.
3236 5688 3293 5744 Si
3335 5685 3480 5742 enim

1890 5779 2336 5860 verisimillimum
2357 5803 2440 5850 est
2461 5793 2648 5864 (immo
2671 5804 2807 5862 pene
2822 5797 3027 5844 certum
3057 5779 3305 5849 dixerim)
3329 5791 3479 5849 Spar-

189 5925 435 5980 aliorum
461 5935 584 5993 quae
609 5914 860 5975 brevitati
886 5871 1164 5968 studentes
1189 5921 1300 5966 non
1325 5871 1719 5978 quaeritamus,—
1735 5902 1794 5954 et
1893 5909 1984 5951 sos
2010 5891 2211 5961 ubique
2253 5897 2520 5945 terrarum
2550 5892 2604 5943 et
2634 5894 3065 5960 quaquaversum
3111 5871 3480 5945 apostolorum
