3976 6352
484 400 585 457 1⁸19

1307 397 1376 456 ΙΝ
1413 397 1468 453 S.
1509 397 1795 457 PETRUM
1831 397 2350 458 CHRYBOLOGUH
2391 398 2935 457 PROLEGOIEHA.

482 512 772 584 discipulos
787 510 1038 567 fundasse
1059 511 1324 567 Ecclesias
1349 512 1589 582 gentium
1612 529 1642 567 a
1671 528 1730 571 se
1759 530 2066 583 conversas,
2097 516 2146 578 Α
2176 517 2282 571 rias
2310 523 2420 570 tam
2448 516 2702 585 frequens
2743 522 2993 571 occurrat
3021 519 3138 587 ejus
3159 521 3383 588 mentio,
3410 532 3464 578 et
3485 522 3757 581 Ravenna-

482 607 664 676 ibique
690 605 908 676 propria
937 605 1167 660 stabilita
1198 603 1343 670 sede,
1379 604 1506 660 inde
1526 606 1717 662 vicinis
1747 609 2073 677 regionibus,

482 698 706 755 urbibus
734 706 789 753 et
817 696 1027 768 populis
1070 696 1228 752 tidem
1257 698 1741 766 communicantes,
1776 716 1942 756 novas
1970 699 2077 758 Ec-

483 789 675 847 clesias
718 790 1076 856 constituisse,
1128 803 1301 844 novos
1339 789 1626 862 episcopos
1655 791 1726 847 ibi
1757 792 2036 849 ordinasse
2058 835 2074 860 ,

409 915 414 954 ε
482 885 623 941 unde
651 885 847 939 factum
868 884 935 938 sit
957 898 1021 938 ex
1045 883 1417 955 apostolorum
1445 887 1727 942 sanctione
1764 896 1822 942 ut
1850 903 2078 944 conver-

479 977 554 1034 sis
582 976 727 1031 hisce
763 975 1070 1043 regionibus
1119 975 1381 1046 novisque
1435 975 1693 1034 Ecclesiis
1717 1019 1731 1043 ,
1785 995 2076 1051 earumque

479 1067 745 1139 episcopis
769 1066 1015 1137 discipuli
1064 1067 1149 1123 isti
1177 1077 1474 1139 praeessent
1520 1070 1685 1125 veluti
1714 1071 1872 1142 primi
1894 1081 2077 1142 patres

478 1174 542 1214 ac
569 1158 838 1225 doctores,
864 1166 1027 1230 atque
1057 1175 1245 1216 eorum
1268 1162 1580 1218 cathedram
1603 1164 1786 1234 populi
1815 1181 2076 1221 novarum

417 1241 422 1244 ’
478 1250 843 1308 Ecclesiarum
899 1254 1231 1324 respicerent
1259 1256 1335 1311 uti
1366 1258 1594 1328 propriae
1651 1258 1772 1313 tidei
1826 1267 2071 1326 matrem,

480 1346 550 1400 ab
576 1361 749 1416 eaque
778 1341 1117 1415 tra'ditiones,
1149 1348 1443 1419 disciplinae
1492 1351 1801 1421 apostolico
1840 1352 2071 1422 regulas,

478 1437 536 1492 in
565 1437 742 1493 dubiis
769 1438 1012 1504 consilia,
1037 1439 1093 1494 in
1120 1439 1353 1495 dissidiis
1391 1449 1446 1496 et
1490 1443 1884 1510 gravaminibus
1927 1441 2074 1498 refu-

477 1530 648 1600 gium,
693 1530 749 1585 in
778 1531 1209 1586 ordinationibus
1253 1545 1573 1588 consensum
1618 1542 1862 1602 peterent
1883 1542 1937 1589 et
1957 1550 2074 1588 am-

477 1619 866 1690 plecterentur,
898 1621 1043 1690 quod
1072 1621 1424 1692 proculdubio
1451 1632 1582 1678 tunc
1605 1623 1778 1679 fuerat
1797 1632 1854 1679 et
1876 1634 2076 1681 metro-

479 1712 708 1783 politani
733 1712 870 1782 juris
898 1713 1215 1784 principium
1247 1730 1311 1770 ac
1332 1713 1753 1784 fundamentum,
1785 1725 1841 1772 et
1867 1726 2073 1774 metro-

475 1803 737 1875 politanae
769 1804 1043 1873 dignitatis
1069 1807 1464 1876 prterogativa;
1519 1809 1583 1876 si,
1638 1809 1872 1879 inquam,
1924 1812 1977 1866 id
2006 1827 2074 1867 ex

2183 609 2316 663 tium
2346 609 2414 663 ab
2441 623 2508 662 eo
2537 607 2770 664 fundatae
2797 607 3051 665 Ecclesia:
3091 613 3399 682 praestantia
3427 611 3658 672 celebris
3700 620 3768 678 sit

2183 700 2325 771 apud
2354 708 2603 756 auctores
2632 702 2931 756 universos.
2986 701 3283 773 Superbam
3331 705 3473 768 hanc
3519 710 3766 766 mnissio-

2182 807 2324 858 nem,
2357 792 2498 847 inter
2525 800 2604 846 tot
2635 792 2770 848 alias
2805 794 3045 849 maculas
3077 795 3270 865 quibus
3317 797 3528 855 abbatis
3576 800 3767 876 Fleury

2181 891 2352 940 scatet
2379 881 2757 940 Ecclesiastica
2782 884 3036 952 Historia,
3089 887 3284 944 merito
3319 889 3396 944 illi
3423 894 3769 963 exprobravit

2182 992 2418 1048 nuperos
2439 985 2629 1031 auctor
2640 974 3088 1032 Observationum
3115 979 3171 1033 in
3187 981 3432 1036 eamdem
3461 983 3582 1053 ejus
3604 985 3770 1042 Histo-

2180 1071 2335 1124 riam.
2365 1069 2522 1137 Quod
2551 1085 2681 1124 vero
2699 1070 2770 1124 ad
2789 1078 2910 1126 aeta
2931 1071 3301 1142 antiquissima
3333 1073 3392 1130 S.
3425 1075 3768 1148 Apollinaris,

2180 1176 2244 1216 ea
2265 1169 2673 1232 propugnarunt
2700 1161 2941 1218 celebres
2969 1171 3235 1232 auctores,
3261 1181 3330 1222 ex
3350 1168 3546 1236 quibus
3574 1170 3772 1229 laudati

2181 1255 2517 1310 Bollandiani
2545 1254 2613 1309 de
2639 1254 2707 1310 iis
2731 1254 2969 1310 dubitari
2993 1255 3114 1326 jure
3138 1274 3247 1313 non
3271 1276 3433 1330 posse
3472 1262 3774 1322 luculenter

2177 1348 2396 1412 docent,
2421 1363 2487 1404 ac
2511 1349 2690 1404 solum
2711 1356 2902 1410 nutant
2925 1349 3125 1406 alicubi
3161 1351 3351 1408 vitiata
3401 1353 3570 1412 ﬁnisse
3615 1367 3775 1428 atqu

2177 1441 2522 1513 interpolata.

2251 1533 2371 1587 £60.
2405 1533 2604 1589 Verum
2633 1548 2702 1588 ne
2731 1547 2869 1588 unus
2908 1532 3126 1603 quidem
3167 1534 3310 1590 inter
3338 1543 3420 1592 tot
3461 1539 3768 1610 scitatores,

2176 1624 2266 1679 vel
2294 1625 2389 1694 qui
2433 1623 2726 1681 admittunt
2770 1623 2856 1680 vel
2897 1623 2995 1696 qui
3042 1623 3294 1693 rejiciunt
3339 1627 3608 1696 ejusmodi
3639 1642 3769 1699 acta,

2175 1718 2364 1774 critice
2403 1719 2637 1787 rigorem
2656 1732 2726 1773 eo
2755 1730 2927 1786 usque
2952 1719 3117 1782 acuit,
3143 1730 3201 1774 ut
3221 1721 3589 1790 apostolatum
3612 1724 3770 1794 Apol-

2175 1810 2364 1868 linaris
2390 1812 2448 1867 in
2478 1809 2718 1876 Emilia,
2741 1809 2903 1878 hujus
2928 1811 3221 1881 provincia:
3242 1812 3453 1868 urbium
3475 1819 3770 1873 conversio

479 1897 772 1954 Bacchinio
803 1899 1244 1955 verisimillimum
1273 1908 1545 1966 censetur,
1579 1910 1699 1958 acta
1727 1905 2076 1975 opportunis-
2098 1905 2152 1968 Β
2175 1918 2323 1970 nem,
2357 1901 2719 1958 Ecclesiarnm
2748 1899 3113 1958 fundationem
3136 1911 3332 1972 neget;
3364 1905 3612 1960 nituntur
3637 1910 3771 1964 enim

477 1992 614 2051 sime
643 2007 727 2050 res
760 1999 842 2049 est
881 1993 1292 2062 Ravennatium,
1337 1996 1429 2066 qui
1469 1995 1872 2068 Appollinarem
1927 1996 2074 2053 Petti

478 2085 801 2156 discipulum
831 2087 1165 2154 Ravennam,
1198 2086 1507 2144 Italicarum
1560 2089 1769 2144 urbium
1817 2097 2079 2160 praestan-

480 2179 766 2246 tissimam,
799 2178 866 2233 ab
896 2181 1144 2250 apostolo
1177 2181 1419 2248 missum,
1454 2180 1525 2236 ibi
1554 2182 1850 2252 episcopali
1889 2183 2076 2238 cathe—

479 2269 576 2324 dra
605 2277 786 2325 erecta
834 2285 895 2325 ac
936 2270 1171 2336 ﬁrmata,
1203 2285 1274 2326 ex
1328 2287 1391 2328 ea
1450 2273 1547 2327 toti
1599 2271 1832 2327 Emilite
1875 2272 2078 2328 Christi

481 2359 832 2433 Evangelium
861 2363 1197 2434 przedicasse,
1244 2379 1447 2434 perque
1489 2363 1606 2434 ejus
1653 2364 1812 2420 urbes
1841 2379 1910 2419 ex
1938 2381 2071 2420 con-

481 2454 654 2508 versis
700 2455 908 2525 populis
955 2454 1366 2511 ﬂorentissimas
1391 2453 1667 2511 Ecclesiae
1725 2455 2034 2512 eﬂormasse
2059 2499 2074 2520 ,

483 2561 584 2616 pro
605 2555 754 2603 certo
777 2547 998 2614 habent,
1014 2564 1076 2604 ac
1101 2556 1329 2604 testatur
1347 2563 1457 2603 non
1480 2548 1652 2603 solum
1668 2557 1928 2620 perpetua
1944 2550 2080 2605 cele-

480 2638 730 2696 berrimae
770 2640 1096 2697 Ravennatis
1150 2640 1425 2706 Ecclesiae,
1477 2641 1573 2696 sed
1619 2642 1780 2698 etiam
1835 2643 2077 2712 ipsarum

484 2732 714 2789 Etnilim
759 2733 1119 2791 Ecclesiarum
1149 2732 1390 2800 traditio,
1437 2747 1557 2802 qua)
1599 2733 1747 2790 illam
1795 2731 1918 2788 ﬁdei
1964 2749 2076 2789 sua:

482 2827 792 2896 magistram
823 2843 922 2898 per
951 2827 1313 2897 Apollinarem
1341 2833 1677 2894 cognoscunt
1723 2833 1780 2880 et
1808 2824 2075 2880 conﬁten-

481 2928 590 2976 tur.
622 2919 684 2977 id
727 2920 1034 2977 Benedictus
1081 2919 1220 2988 XIV,
1257 2920 1351 2990 qui
1389 2919 1551 2974 modo
1579 2918 1726 2975 Petri
1757 2921 2074 2978 cathedram

479 3020 646 3080 tenet,
671 3013 992 3081 eruditione,
1029 3013 1298 3078 doctrina,
1332 3013 1595 3083 sapientia
1643 3013 2076 3084 iucomparabilis

478 3104 738 3180 pontifex,
769 3105 837 3162 de
866 3105 1108 3161 Bononia
1159 3113 1341 3160 nostra
1389 3105 1690 3160 luculenter
1736 3105 1964 3160 asseruit
2009 3121 2074 3161 ea

478 3213 640 3268 quam
664 3198 715 3252 in
745 3198 1085 3254 dedicatione
1113 3213 1286 3261 novat,
1331 3198 1432 3269 ipsi
1475 3197 1536 3252 ὃ.
1563 3198 1861 3269 Apollinari
1882 3215 2068 3265 sacrm,

2173 1993 2280 2050 ista
2331 1991 2548 2050 Patrum
2578 1999 2636 2047 et
2664 1992 3049 2050 historicorum
3095 1992 3220 2060 ﬁde,
3263 2000 3319 2048 et
3363 1993 3770 2055 itntnemorabili

2181 2092 2264 2140 tot
2291 2082 2654 2143 Ecclesiarum
2685 2084 2993 2142 traditione.
3025 2083 3203 2151 Quare
3251 2085 3296 2140 si
3345 2085 3433 2140 lex
3461 2087 3532 2144 ab
3560 2099 3770 2159 aposto-

2179 2175 2247 2230 lis
2273 2177 2498 2240 sancite,
2529 2175 2576 2234 si
2599 2190 2719 2232 mos
2746 2174 3010 2232 universae
3040 2173 3296 2232 Ecclesiae
3325 2185 3436 2232 tum
3466 2195 3567 2248 per
3585 2178 3768 2237 Orien-

2177 2276 2291 2324 tem
2346 2267 2472 2333 fuit,
2529 2266 2984 2336 quemadmodum
3031 2268 3381 2326 invictissime
3427 2273 3770 2330 ratiocinatur

2180 2358 2520 2422 Baccbinius,
2546 2366 2605 2414 ut
2623 2358 2872 2420 secundm
2892 2356 3146 2416 Ecclesia:
3175 2360 3242 2416 ab
3266 2375 3330 2415 ea
3357 2361 3605 2421 Ecclesia
3626 2379 3766 2433 ortae,

2175 2466 2343 2521 quam
2369 2467 2470 2522 per
2489 2451 2787 2522 discipulos
2815 2452 3047 2522 apostoli
3068 2451 3444 2522 fundaverant,
3471 2456 3618 2514 illam
3638 2471 3768 2518 ω-

2173 2563 2342 2618 quam
2377 2547 2720 2617 magistram,
2769 2555 2998 2604 matrem
3028 2556 3083 2602 et
3109 2557 3271 2618 caput
3298 2563 3766 2618 recognoscerent,

2172 2655 2297 2710 quae
2343 2640 2495 2708 origo
2523 2637 2624 2700 fuit
2647 2638 3031 2708 metropoth
3073 2638 3210 2708 juris
3255 2648 3312 2694 et
3365 2640 3674 2711 dignitatis;
3726 2645 3766 2700 si

2179 2735 2505 2794 assertiones
2525 2731 2726 2790 Gelasii
2758 2732 2856 2790 let
2884 2730 3127 2801 Gregorii
3158 2733 3248 2788 VII
3269 2750 3606 2796 summorum
3635 2754 3766 2809 pon-

2175 2826 2380 2882 tiﬁcum
2407 2826 2460 2880 in
2481 2840 2643 2884 sensu
2673 2824 2832 2882 obvio
2853 2835 2909 2880 et
2938 2825 3168 2880 naturali
3210 2825 3574 2896 intelligendas
3607 2838 3763 2897 sunt;

2175 2919 2224 2978 si
2255 2917 2451 2986 ubique
2477 2933 2576 2987 per
2603 2915 2901 2974 Ecclesiam
2939 2915 3131 2972 eadem
3160 2917 3340 2972 valere
3385 2918 3624 2980 debebat
3658 2920 3765 2978 hie-

2176 3011 2402 3070 rarchize
2419 3009 2637 3079 regula;
2667 3009 2713 3066 si
2736 3009 2824 3064 vix
2839 3024 2904 3064 ac
2927 3024 2996 3065 ne
3009 3009 3097 3066 vix
3120 3009 3337 3080 quidem
3359 3009 3578 3067 defendi
3599 3013 3763 3069 adhuc

2171 3111 2356 3174 potest
2382 3112 2663 3160 auctorum
2692 3101 2898 3172 opinio,
2931 3101 3022 3171 qui
3044 3100 3128 3156 vel
3144 3101 3198 3154 in
3218 3098 3427 3156 Joanne
3449 3101 3758 3174 Angelopte,

2176 3197 2260 3252 vel
2291 3197 2342 3254 in
2366 3194 2528 3251 Petro
2549 3191 2885 3264 Chrysologo
2911 3191 3174 3260 originem
3203 3189 3627 3250 Ravennatensis
3651 3209 3763 3250 me-

477 3291 1019 3360 magniﬁcentissimm
1070 3289 1306 3345 basilicae
1332 3333 1346 3357 ,
1400 3289 1583 3344 Romae
1634 3306 1805 3361 nuper
1853 3293 2071 3359 habuit,
2096 3291 2148 3354 C
2181 3289 2502 3360 mpelin
2529 3284 2801 3356 dignitatis
2855 3283 3276 3350 constituerunt,
3328 3283 3582 3358 reliquum
3627 3293 3706 3338 est
3733 3326 3750 3350 ,

475 3383 806 3454 pereleganti
839 3382 1104 3437 oratione.
1147 3381 1468 3436 Doctissimo
1497 3383 1736 3452 pontiﬁci
1785 3385 2069 3453 prteiverat

477 3471 730 3546 Sigonius
749 3475 817 3530 ab
847 3473 1074 3544 Ugbello
1094 3475 1317 3540 citatus,
1348 3475 1442 3544 qui
1479 3474 1553 3528 ait
1593 3474 1883 3530 Bononiam
1920 3475 2072 3534 Chri-

480 3571 653 3622 stiana
681 3583 832 3622 sacra
866 3568 1155 3639 suscepisse
1195 3565 1259 3620 ab
1298 3567 1625 3639 Appollinari
1668 3565 1906 3624 £milia
1944 3585 2070 3640 apo-

479 3659 632 3725 stolo,
658 3673 805 3731 quem
837 3657 1024 3714 Petrus
1064 3657 1415 3729 apostolorum
1451 3660 1692 3730 princeps
1720 3659 1845 3713 illuc
1881 3659 2071 3714 dicitur

481 3741 802 3819 destinasse;
825 3754 911 3824 qui
933 3754 1134 3806 tametsi
1165 3749 1427 3807 Ravenna:
1465 3752 1637 3806 sedent
1666 3753 1859 3823 fixerit,
1890 3753 2068 3808 Emi-

481 3845 608 3899 liam
637 3855 803 3899 tamen
831 3853 990 3900 totum
1013 3843 1206 3901 Christi
1240 3845 1524 3917 Evangelia
1562 3847 1808 3918 implevit.
1857 3845 2072 3906 Omitti-

480 3949 598 3991 mus
627 3943 827 4003 autem,
861 3952 930 3992 ne
956 3939 1012 3992 in
1033 3937 1252 4006 longum
1278 3937 1438 3992 nitnis
1465 3938 1838 4008 procedamus,
1861 3955 1983 4010 qua:
2005 3941 2072 3996 de

481 4025 596 4081 aliis
625 4025 857 4082 Emilite
885 4025 1140 4084 Ecclesiis
1161 4042 1258 4098 per
1284 4027 1532 4084 eumdem
1572 4028 1936 4099 Apollinarem
1961 4031 2072 4087 for-

477 4119 655 4183 matis,
681 4118 890 4174 illarum
913 4119 1161 4177 historici
1189 4127 1460 4174 asserunt.

544 4208 666 4265 l59.
720 4210 967 4282 Longum
1018 4225 1235 4282 quoque
1285 4211 1511 4267 nimium
1561 4211 1707 4276 foret
1757 4215 2070 4272 testimonia

477 4310 720 4359 actorum
769 4304 829 4359 S.
890 4305 1216 4376 Apollinaris
1237 4347 1253 4374 ,
1305 4320 1585 4364 sacrorum
1637 4307 1962 4378 scriptorum
2016 4317 2074 4364 et

2175 3385 2426 3454 inquiunt
2451 3381 2816 3447 Ravennates,
2868 3387 2927 3433 ut
2955 3377 3268 3451 Hieronymi
3307 3375 3663 3444 Bubei.'Petri
3689 3377 3758 3432 de

2157 3478 2377 3540 Mat-ca,
2407 3475 2740 3543 aliorumque
2764 3472 3090 3543 scriptorum
3115 3471 3374 3544 placitum
3389 3470 3456 3527 de
3476 3469 3759 3542 repetenda

2175 3569 2244 3624 ab
2269 3566 2582 3638 apostolicis
2605 3563 2938 3635 temporibus
2974 3571 3137 3634 atque
3175 3577 3207 3616 a
3251 3561 3378 3617 divo
3416 3561 3755 3636 Apollinare,

2175 3661 2353 3732 primo
2379 3657 2768 3719 Ravennatium
2791 3655 3064 3726 episcopo,
3097 3652 3398 3722 hujusmodi
3416 3653 3624 3723 origine
3643 3667 3759 3724 pro-

2175 3753 2407 3811 babilius
2435 3751 2592 3818 longe
2607 3764 2751 3813 esse,
2783 3748 3007 3819 aliisque
3029 3745 3278 3801 omnibus
3297 3761 3464 3822 super
3482 3746 3590 3804 hoc
3613 3759 3759 3814 argu-

2172 3854 2358 3904 mento
2385 3843 2599 3916 placitis
2623 3849 2881 3913 praestare
2906 3839 3168 3896 videatur.

2241 3937 2371 3998 Huic
2399 3937 2857 3994 Ravennati-mes.
2883 3932 2992 3986 Nos
3012 3939 3212 3996 autem,
3237 3944 3567 4000 quamquam
3583 3945 3758 3986 eorum

2171 4030 2441 4090 ratiocinii
2469 4029 2578 4084 vim
2601 4027 2919 4092 sentiamus,
2952 4032 3011 4084 ut
3036 4039 3159 4080 cum
3187 4023 3443 4089 maximc,
3477 4032 3661 4078 tamen
3687 4024 3760 4078 in-

2169 4122 2533 4196 superabilem
2578 4135 2685 4176 non
2707 4119 3012 4186 asserimus,
3051 4130 3374 4185 sensumque
3403 4130 3624 4171 omnem
3673 4130 3761 4170 no-

2166 4227 2344 4274 strum
2372 4210 2809 4286 prudentioribus
2833 4225 2900 4265 ac
2927 4207 3269 4281 peritioribus
3306 4208 3529 4275 criticis,
3575 4209 3761 4279 quibus

2169 4307 2594 4366 mmhtissime
2610 4312 2798 4360 nostra
2820 4304 2934 4358 htec
2953 4310 3088 4358 actas
3115 4300 3369 4367 abundat,
3400 4317 3558 4376 sequo
3589 4304 3761 4358 animo

477 4396 767 4451 multarum
815 4396 962 4450 orbis
991 4395 1353 4453 Ecclesiarum
1377 4397 1468 4456 hic
1511 4406 1778 4466 attexere,
1835 4415 1956 4470 qua:
2001 4399 2071 4455 de
2171 4401 2549 4474 permittimus.
2583 4397 2707 4454 Haec
2733 4397 2914 4468 itaque
2935 4401 3108 4461 erant,
3141 4393 3207 4448 c‘l.
3242 4392 3542 4460 Paciaude,
3575 4395 3762 4464 quibus

477 4488 734 4544 missione
755 4487 872 4558 ejus
901 4495 955 4541 et
977 4503 1076 4559 per
1097 4487 1371 4545 Emiliam
1405 4493 1710 4562 apostolatu
1739 4489 1898 4548 ﬁdem
1929 4494 2072 4549 face-
2171 4496 2463 4552 litterarias
2491 4492 2883 4548 Ravennatium
2903 4490 3182 4561 paltestras
3201 4504 3301 4560 pro
3325 4487 3546 4542 modulo
3581 4497 3763 4543 nosco

477 4589 601 4637 rent
629 4581 1035 4651 amplissimam.
1091 4579 1312 4639 Petrum
1355 4582 1752 4654 Chrysologum
1777 4627 1792 4651 ,
1849 4585 2071 4640 Petrum
2171 4589 2322 4644 horis
2345 4585 2644 4643 subsecivis
2659 4583 3060 4650 exercebamus,
3083 4597 3190 4651 quo
3212 4589 3454 4652 tempore
3481 4595 3512 4635 e
3560 4589 3762 4636 metro-

477 4674 816 4742 Damianum,
877 4681 1199 4744 centumque
1238 4676 1545 4743 historicos,
1602 4686 1655 4730 ct
1684 4679 1950 4748 praecipue
1996 4679 2064 4734 cl.
2094 4679 2146 4739 Β
2170 4681 2416 4752 politano
2443 4685 2696 4747 suggestu
2723 4677 2985 4732 illustrem
3014 4675 3155 4730 hanc
3175 4673 3382 4738 urbem,
3410 4673 3765 4729 admiratione

478 4766 858 4823 Bollandianos
913 4769 1194 4824 consulere
1245 4771 1535 4840 unicuique
1581 4771 1781 4830 licebit.
1833 4771 2073 4829 Fuerunt
2175 4774 2271 4840 tui,
2305 4771 2471 4830 corda
2498 4777 2680 4826 autem
2707 4768 2949 4824 onmium
2968 4765 3244 4830 doctrinae,
3277 4764 3762 4836 eloqueiitim,eru—

477 4859 692 4932 quidem
723 4868 972 4916 auctores
1016 4862 1127 4931 qui,
1187 4861 1513 4933 Apollinaris
1558 4863 1920 4919 vewstissima
1947 4873 2070 4920 acta
2169 4864 2391 4921 ditionis
2420 4871 2524 4920 tute
2550 4860 2752 4917 divitiis
2777 4873 2959 4930 praeco
2981 4857 3322 4927 evangelicus
3368 4856 3643 4912 excitabas
3672 4871 3764 4910 ex-

476 4952 710 5024 superbe
748 4960 1027 5021 negantes,
1078 4953 1219 5007 inter
1267 4954 1575 5025 apocrypha
1623 4954 1931 5023 ejecemnt;
1977 4957 2072 5011 alii
2171 4959 2487 5029 plebasque.
2525 4954 2697 5009 Velim
2724 4953 2887 5021 igitur
2926 4959 2981 5006 et
3008 4965 3168 5022 spero
3196 4949 3358 5004 etiam
3387 4947 3502 5006 fore
3531 4957 3590 5004 ut
3613 4957 3766 5022 post-

477 5048 640 5101 etiam
669 5043 905 5110 fuerunt,
941 5055 1000 5101 ut
1029 5047 1193 5102 abbas
1214 5046 1428 5121 Fleury,
1458 5047 1552 5118 qui
1580 5063 1650 5104 ne
1687 5049 1911 5106 verbum
1947 5052 2071 5120 qui-
2169 5064 2334 5119 quam
2354 5048 2470 5104 haec
2495 5055 2680 5104 nostra
2709 5041 2996 5112 tranquille
3023 5041 3334 5112 perlegeris,
3371 5041 3635 5110 oculoque
3659 5042 3766 5096 isto

477 5138 597 5192 dem
619 5137 822 5208 dignati
850 5146 980 5194 sunt
999 5136 1251 5194 Historias
1271 5154 1381 5196 sum
1409 5141 1783 5197 ecclesiastica
1829 5143 2072 5199 inserere
2169 5150 2267 5198 tuo
2292 5137 2765 5211 .penetrantissimo
2785 5133 3117 5200 lustraveris,
3148 5132 3308 5202 digna
3355 5131 3534 5189 minus
3567 5132 3770 5203 probes

477 5228 543 5285 de
558 5229 912 5286 celeberrimo
931 5230 1038 5286 isto
1066 5228 1212 5285 Petri
1233 5230 1517 5302 discipulo,
1540 5232 1668 5288 licet
1688 5233 1826 5304 apud
1847 5243 2068 5290 sanctos
2173 5249 2291 5302 quas
2313 5249 2343 5287 e
2372 5229 2591 5286 latebris
2617 5229 2818 5284 nostris
2846 5233 3150 5300 erumpant,
3176 5224 3517 5294 auctorisque
3547 5225 3765 5294 imperi-

478 5320 747 5390 doctores,
778 5320 906 5378 licet
933 5323 988 5378 in
1017 5329 1099 5377 tot
1125 5320 1490 5378 Romanorum
1515 5322 1830 5395 pontiﬁcum
1866 5327 2068 5398 episto-
2171 5327 2302 5382 tiam
2325 5324 2444 5382 orbi
2461 5322 2722 5379 litterario
2741 5320 3006 5393 prodeant
3023 5334 3088 5376 ac
3108 5325 3389 5374 testentur.
3468 5315 3616 5372 Vale.

478 5411 546 5469 lis
573 5421 629 5469 et
648 5416 1030 5484 monumentis,
1052 5415 1182 5472 licet
1201 5416 1343 5472 inter
1367 5424 1448 5472 tot
1461 5418 1841 5476 historicorum
1859 5436 2068 5477 mento-

1462 5612 2014 5696 CENSURA
2088 5551 2797 5696 suuMONUM.

447 5719 450 5722 ῃ
553 5746 776 5832 Straton
810 5748 905 5808 ΙΙΙ
929 5768 985 5833 α.
1072 5753 1083 5765 ’
1157 5754 1256 5824 'pio
1292 5769 1451 5826 usque
1481 5752 1556 5808 ad
1588 5753 1749 5835 ﬁnem
1788 5750 2032 5834 tribuitur
2069 5750 2130 5806 S.
2161 5751 2240 5803 Au
2278 5748 2480 5812 nstino,
2512 5753 2574 5828 ,ει
2611 5742 2828 5798 habetur
2853 5746 2990 5798 inter
3017 5744 3222 5826 eloquia
3259 5740 3571 5826 ifilleloqmi

479 5819 787 5875 Amstmi.
819 5769 1332 5875 complacita-imum
1367 5822 1431 5875 ab
1473 5815 1714 5875 Urbmatt
1753 5820 2014 5875 Emscono
2054 5767 2465 5875 Barthogomaeo.
2505 5815 2630 5869 mde
2659 5814 2722 5867 ab
2757 5814 2962 5869 Joanne
2997 5813 3221 5869 ϐοέων-ιο
3255 5828 3496 5875 παρίασι
3535 5809 3765 5868 Partem

479 5819 758 5896 Δειραδιὶηὶ
819 5838 932 5878 com
969 5815 1080 5876 ilati
1109 5815 1332 5895 primum
1366 5815 1431 5877 ab
1473 5815 1714 5879 Urbinati
1753 5820 2014 5894 Episcopo
2054 5815 2465 5901 Barthoiomwp,
2505 5815 2630 5869 inde
2659 5815 2722 5867 ab
2757 5815 2962 5899 Joanne
2997 5815 3221 5869 cum
3255 5815 3498 5884 impressi
3535 5815 3765 5894 Parisiis

484 5907 620 5949 anno
661 5865 826 5961 ιθιὸ,
868 5839 1089 5948 cogtmn.
1122 5893 1182 5962 t,
1225 5895 1394 5948 littera
1431 5893 1510 5962 D;
1547 5893 1838 5967 ibidemque
1876 5896 2067 5950 eitamr
2103 5891 2172 5948 Β.
2207 5892 2520 5961 Augustinus
2550 5902 2707 5942 sem.
2741 5884 2810 5942 l5
2833 5903 2891 5948 ut
2920 5884 3193 5958 Quadrag.
3225 5883 3356 5941 Cum
3391 5894 3565 5942 mitem
3605 5883 3763 5962 hujus

494 5522 3761 5560 Μ*
