3902 6362
163 311 268 364 185

1655 315 1883 374 SEHMO
1921 318 1959 374 Ι.

3340 330 3448 392 186

159 425 268 482 lam
299 423 466 479 fuisse
495 423 656 495 hujus
693 427 971 497 petitionis
993 434 1018 464 τι
1040 425 1322 494 offensam,
1352 427 1610 496 genitoris
1637 426 1749 483 lar-
1775 429 1825 492 Α
1855 429 1988 485 abiit
2017 429 2176 499 longe
2215 432 2336 502 plus
2362 441 2544 489 mente
2571 447 2733 504 quam
2761 434 2921 504 loco;
2963 444 3024 492 ut
3049 407 3330 506 datm-non
3357 457 3451 499 ac:

159 519 298 588 gitas
316 516 709 587 comprobavit.
733 516 804 573 Et
831 519 1019 586 divisit,
1044 519 1236 590 inquit,
1259 518 1367 574 illis
1395 517 1740 575 substantiam

159 608 187 649 δ
216 607 448 666 Peteute
493 625 606 668 uno
627 653 642 680 ,
694 612 960 670 ambobus
999 622 1168 670 totam
1217 615 1574 673 substantiam
1626 635 1755 676 mox

159 701 374 770 divisit;
427 709 488 757 ut
528 703 730 760 scirent
774 704 888 773 ﬁlii,
925 717 948 746 ο
969 707 1115 776 quod
1161 717 1287 764 ante
1314 710 1534 766 tenebat
1576 717 1750 782 pater,

157 810 267 850 non
299 793 472 852 fuisse
511 797 779 863 avaritite,
812 798 908 854 sed
957 801 1196 868 amoris;
1244 802 1612 872 providentia,
1644 820 1753 860 non

157 887 458 945 invidentia
476 931 493 957 ,
525 905 635 946 non
663 890 892 948 dedisse.
925 891 1166 949 Tenebat
1203 902 1358 966 pater
1385 911 1602 952 servare
1628 897 1754 952 sub-

155 981 414 1034 stantiam
445 979 587 1048 ﬁliis,
619 997 728 1038 non
766 997 1002 1054 negare;
1034 993 1088 1040 et
1107 1001 1329 1041 manere
1365 1002 1430 1041 ea
1459 983 1486 1023 ἀ
1515 987 1754 1057 pignori-

155 1072 253 1127 bus
279 1072 534 1143 cupiens,
577 1075 684 1130 non
711 1076 911 1146 perire.
945 1077 1098 1133 Beati
1141 1077 1233 1133 lilii
1259 1094 1490 1148 quorum
1529 1088 1641 1135 tota
1671 1089 1754 1137 est

156 1167 208 1221 in
251 1168 434 1238 patris
472 1168 740 1224 charitate
786 1171 1124 1226 substantia!
1167 1171 1319 1227 Beati
1346 1173 1542 1242 quibus
1570 1181 1753 1229 manet

155 1267 265 1314 tota
295 1261 353 1314 in
382 1261 649 1331 obsequio
677 1263 865 1333 patris,
898 1263 953 1317 in
997 1264 1168 1335 patris
1195 1264 1405 1320 cultura
1445 1265 1744 1336 possessio!

155 1350 427 1408 Cancrum
460 1363 484 1391 ε
515 1353 804 1411 facultates
836 1353 857 1393 ἲ
890 1356 1155 1412 unitatem
1193 1357 1464 1425 scindunt,
1497 1357 1750 1414 fraterni-

157 1453 318 1499 tatem
366 1453 649 1515 separant,
706 1445 1084 1515 cognationem
1137 1455 1415 1518 spargunt,
1463 1457 1747 1518 parentum

156 1535 381 1607 perdunt
410 1545 469 1591 et
495 1537 703 1592 violant
728 1537 1065 1604 eharitatem,
1114 1539 1255 1594 sicut
1291 1553 1359 1594 ex
1397 1540 1748 1608 sequentibus

158 1627 413 1684 elucescit
440 1647 454 1682 :
489 1628 672 1695 Pater,
705 1630 772 1683 da
802 1630 928 1684 mihi
973 1631 1263 1702 portionem
1301 1631 1606 1687 substantia:
1633 1648 1747 1705 qua:

158 1737 228 1776 me
266 1723 551 1793 contingit.
585 1720 654 1775 Et
685 1721 876 1789 diuisit,
925 1722 1120 1792 inquit,
1150 1723 1255 1777 illis
1287 1723 1647 1778 substantiam.
1671 1722 1745 1778 Et

157 1831 250 1868 non
277 1825 402 1886 post
423 1815 616 1869 multos
645 1815 737 1870 hos
765 1815 891 1883 dies,
925 1817 1249 1888 congregatis
1276 1816 1529 1883 omnibus,
1561 1817 1741 1872 adole-
1771 1832 1817 1892 Β

157 1907 372 1960 scentior
401 1907 547 1979 [ilius
577 1925 786 1980 peregre
804 1909 1064 1981 profectus
1094 1911 1242 1964 estin
1263 1911 1524 1982 regionem
1539 1910 1743 1983 longin-

157 2014 314 2070 manu,
367 2007 424 2052 et
475 1997 549 2053 ibi
605 1999 879 2072 dissipavit
929 1999 1279 2056 substantiam
1317 2017 1483 2068 suam,
1531 2004 1742 2059 vivendo

159 2090 432 2144 luxuriose.
467 2088 538 2144 Et
570 2101 904 2164 posteaquam
944 2094 1344 2166 consumpsisset
1369 2095 1564 2162 omnia,
1601 2097 1743 2168 facta

157 2192 222 2238 est
247 2185 417 2256 [ames
446 2185 624 2240 valida
651 2187 707 2240 in
728 2187 936 2257 regione
962 2186 1076 2254 illa,
1107 2197 1158 2242 et
1185 2189 1296 2259 ipse
1315 2189 1464 2260 coepit
1500 2204 1662 2261 egere,
1692 2198 1744 2244 et

156 2277 290 2344 abiit,
321 2288 375 2332 et
403 2278 630 2334 adhasit
655 2281 747 2334 uni
763 2281 950 2335 civium
979 2283 1206 2353 regionis
1235 2281 1399 2349 illius,
1431 2291 1481 2336 et
1507 2282 1649 2337 misit
1674 2282 1742 2337 il-

154 2370 248 2424 lum
278 2371 336 2425 in
369 2370 552 2426 villam
593 2387 762 2438 suam,
794 2381 852 2426 ut
891 2382 1125 2444 pasceret
1163 2389 1364 2445 porcos.
1397 2372 1470 2427 Et
1507 2373 1743 2446 cupiebat

153 2461 354 2532 implere
381 2469 616 2517 uentrem
642 2478 792 2517 suum
816 2462 880 2517 de
905 2463 1104 2536 siliquis
1131 2481 1258 2537 quas
1288 2465 1429 2535 porci
1455 2464 1742 2520 manduca-

155 2550 285 2617 bant,
326 2561 379 2606 et
415 2569 570 2608 nemo
598 2553 679 2608 illi
708 2553 882 2608 dabat.
915 2553 1056 2611 Ecce
1101 2555 1232 2625 quid
1259 2554 1389 2611 facit
1419 2565 1444 2602 δ
1473 2556 1739 2627 cupiditas

155 2643 216 2700 ad
242 2661 462 2701 censum
492 2661 754 2718 praeceps.
787 2645 928 2704 Ecce
947 2647 1402 2718 quemadmodum
1442 2650 1558 2706 sine
1584 2657 1739 2720 patre

151 2752 340 2794 census
378 2738 606 2794 nudavit
634 2737 804 2795 ﬁlium
828 2783 844 2808 ,
895 2757 1006 2797 non
1053 2740 1280 2809 ditavit;
1329 2757 1524 2798 census
1569 2741 1736 2798 ﬁlium

152 2827 270 2883 tulit
295 2844 328 2885 e
354 2830 563 2899 gremio
583 2833 774 2902 patris,
806 2831 967 2903 ejecit
993 2831 1062 2890 de
1099 2832 1282 2902 domo,
1312 2834 1514 2890 exemit
1537 2835 1732 2906 patria,

149 2920 402 2990 spoliavit
427 2921 586 2990 fama,
611 2925 762 2979 exuit
788 2925 1057 2982 castitate.
1088 2923 1245 2993 Quod
1269 2925 1413 2994 vitae,
1443 2926 1588 2997 quod
1619 2943 1736 2984 mo-

151 3025 296 3076 rum,
324 3013 469 3082 quod
484 3015 716 3085 pietatis,
761 3017 910 3086 quod
938 3017 1222 3086 libertatis,
1253 3018 1400 3088 quod
1418 3027 1502 3074 est
1527 3020 1730 3090 gloriae,

149 3101 232 3156 nil
251 3104 485 3173 reliquit.
514 3104 692 3163 Civem
719 3108 952 3178 denique
1001 3109 1058 3164 in
1085 3112 1450 3182 peregrinum,
1483 3112 1647 3167 ﬁlium
1677 3113 1732 3168 in

150 3197 556 3264 mercenarium,
587 3199 643 3254 in
670 3213 903 3269 egenum
931 3201 1273 3274 locupletem,
1297 3203 1525 3259 liberum
1553 3212 1730 3260 muta-

152 3287 224 3342 vit
249 3288 558 3361 inser-vum,
585 3293 765 3364 iunxit
801 3297 984 3366 porcis
1027 3311 1060 3352 a
1097 3304 1256 3370 patre
1300 3298 1544 3370 piissimo
1571 3314 1734 3370 quem

153 3381 392 3452 seiunxit,
437 3394 500 3440 ut
545 3389 776 3444 serviret
815 3388 842 3426 h
887 3367 1117 3446 caenoso
1154 3367 1358 3462 pecori,
1407 3392 1502 3462 qui
1546 3367 1734 3464 pietati
1759 3367 1803 3429 (ί

154 3485 339 3534 sancta
363 3495 562 3551 parere
589 3485 932 3555 contempsit.
966 3483 1324 3559 Congregatis,
1349 3486 1541 3556 inquit,
1565 3487 1736 3542 omni-

153 3568 253 3636 bus,
306 3571 707 3630 adolescentior.
759 3576 1170 3634 Adolescentior
1215 3577 1319 3633 iste
1363 3577 1524 3649 plane
1560 3577 1575 3615 ί
1623 3594 1732 3634 non

149 3669 311 3730 etate,
344 3664 445 3720 sed
470 3680 674 3734 sensu;
704 3668 798 3738 qui
825 3669 1178 3739 congregavit
1214 3669 1360 3725 bona
1388 3670 1580 3740 patris,
1618 3681 1631 3721 ι
1680 3679 1735 3726 et

169 3832 234 3908 .-ξι
269 3822 389 3880 Hoc
408 3833 491 3879 est
509 3825 811 3908 imprgbam
833 3827 1102 3882 actionem
1140 3842 1246 3897 qua
1271 3827 1407 3882 [ilius
1437 3829 1488 3881 in
1511 3827 1614 3882 hac
1632 3842 1728 3899 pe-

148 3895 320 3953 titione
341 3909 475 3950 usus
495 3895 605 3951 esti
624 3895 786 3952 Min.
1158 3895 1176 3897 ”
1634 3895 1651 3899 ⁷

204 3961 229 4001 δ
266 3963 573 4039 Opinantur
612 3967 857 4039 nonnulli
894 3967 1166 4022 Christum
1205 3968 1291 4039 hic
1331 3969 1630 4039 respexisse
1660 3969 1727 4022 ad

146 4049 358 4101 morem,
404 4037 449 4091 si
490 4052 600 4092 non
635 4037 960 4104 Judzeorum,
986 4039 1176 4093 saltem
1217 4036 1562 4092 ﬁnitimarum
1597 4053 1727 4104 gen-

148 4106 278 4171 tium,
296 4122 469 4176 penes
482 4123 619 4177 quas
640 4108 750 4174 ﬁlii,
769 4110 952 4164 statim
968 4125 1032 4164 ac
1049 4109 1388 4179 pubertatem
1411 4110 1722 4178 attigerant,

146 4184 340 4250 partem
361 4179 676 4250 patrimonii
698 4181 907 4250 paterni
930 4187 1183 4250 expetere
1206 4188 1472 4250 poterant,
1498 4190 1556 4233 ut
1575 4195 1724 4249 quae-

145 4254 264 4322 stum
284 4247 744 4322 facerentbliil
769 4250 909 4322 inter
928 4247 1064 4322 quos
1091 4247 1275 4322 noster
1297 4249 1314 4322 )
1340 4258 1565 4322 patrem
1595 4247 1726 4322 ﬁliis

145 4266 264 4300 stum
289 4266 555 4303 Iacerent.
580 4266 685 4304 Am
726 4266 744 4320 ι
769 4266 909 4305 inter
928 4266 1064 4319 quos
1091 4266 1275 4304 nosrer
1297 4266 1314 4322 )
1356 4266 1565 4374 patrem
1605 4266 1724 4305 lllllS

143 4315 497 4391 hereditatem
520 4321 689 4376 libere
722 4321 976 4376 utendam
1010 4321 1241 4388 dedisse,
1267 4320 1354 4375 nul
1381 4337 1410 4375 a
1449 4321 1574 4376 licet
1605 4321 1724 4391 lege

144 4387 214 4441 vel
231 4391 626 4446 consuetudine
648 4391 986 4447 obstrictum.

203 4468 223 4495 ο
248 4459 524 4533 _l)issentit
561 4459 928 4533 Chrysologus
961 4463 1029 4517 ab
1069 4471 1250 4518 mente
1301 4462 1723 4518 existimantium

142 4524 438 4599 Prodigum,
465 4547 573 4604 non
605 4524 747 4588 bona
770 4524 960 4604 patris,
985 4534 1078 4604 sed
1112 4543 1368 4588 maternae
1396 4534 1722 4590 haereditatis

141 4609 331 4672 partem
356 4603 683 4672 postulasse.
710 4603 843 4659 Vide
865 4605 945 4658 Du
968 4603 1268 4659 Hamelium
1289 4605 1396 4658 hic.

200 4666 221 4704 δ
259 4666 496 4744 Pignora
521 4689 618 4741 pro
640 4671 763 4729 ﬁliis
781 4675 981 4744 passim
1003 4675 1145 4744 apud
1185 4675 1424 4730 melioris
1463 4675 1562 4729 aevi
1584 4675 1719 4744 scri-

141 4747 322 4818 ptores.
352 4743 717 4818 Tertullianus
750 4743 921 4818 etiam
947 4745 1012 4818 de
1040 4743 1322 4818 ’ldololatr.
1348 4760 1466 4815 cap.
1495 4743 1592 4812 12,
1616 4743 1722 4818 Cy—

141 4809 351 4887 prianus
364 4813 430 4867 de
451 4813 622 4870 Morte
644 4813 875 4870 ﬁliorum
895 4813 1016 4887 Jobi
1041 4833 1053 4868 :
1071 4814 1201 4869 Post
1221 4809 1494 4887 pignorum
1509 4809 1714 4887 funera.

200 4889 222 4916 ε
241 4881 354 4955 Dici
377 4899 567 4939 omnes
581 4887 952 4955 possessiones
971 4881 1232 4940 humanas
1253 4881 1320 4940 ad
1341 4881 1718 4941 necessitatem

139 4951 539 5028 vitmfacientes,
564 4951 718 5011 notat
739 4957 793 5011 in
813 4957 956 5011 hunc
976 4956 1150 5011 locum
1170 4956 1487 5028 Chrysologi
1509 4955 1720 5028 Qaspar

141 5018 370 5096 Barthius
402 5025 689 5082 Adversar.
716 5027 819 5096 lib.
846 5044 900 5082 XI
939 5042 1056 5096 cap.
1083 5027 1134 5091 '5,
1159 5018 1357 5082 colu'm.
1384 5018 1505 5080 5Γ7.
1530 5018 1716 5096 Ibique

140 5090 299 5148 laudat
319 5093 682 5151 Gaudentium
705 5098 771 5152 ad
793 5090 1144 5160 Germin'ium,
1162 5105 1218 5152 et
1233 5097 1553 5152 Venantium
1577 5090 1712 5152 For-

139 5171 234 5236 um.
251 5165 564 5236 lib.x1.Vide
575 5169 738 5222 etiam
757 5167 1092 5223 Lactantium
1111 5168 1178 5223 de
1191 5167 1326 5222 Just.
1344 5169 1473 5222 lib.v
1485 5183 1604 5236 cap.
1624 5166 1707 5222 19.

1857 532 2018 592 cepto
2044 522 2220 592 pretio
2247 523 2444 578 misere
2471 540 2530 581 se
2555 524 2815 581 venderet
2841 527 3102 583 servituti.
3123 525 3214 586 Sic
3239 546 3447 590 merca-

1855 577 1942 670 tor
1970 577 2228 671 ad.talem
2257 624 2594 673 contractum
2623 619 2888 690 pervenit,
2919 621 3010 689 qui
3038 631 3324 693 parentum
3351 577 3458 698 (ιθ-ί

1852 708 2022 764 bitum
2070 711 2244 766 nescit
2269 710 2498 776 solvere,
2531 712 2622 780 qui
2669 712 2840 768 vicem
2874 709 2903 751 ⁸
2947 714 3119 770 nescit
3160 703 3450 775 redhibere

1852 801 2151 870 generanti.
2184 799 2282 856 Est
2327 817 2493 872 penes
2519 812 2729 872 patrem
2774 803 2944 860 dulcis
2989 804 3243 873 conditio,
3275 793 3462 866 libera‘

1852 894 2102 960 servitus,
2135 894 2384 950 absoluta
2407 895 2668 960 custodia,
2693 895 2855 951 timor
2875 895 3042 965 laatus,
3069 895 3263 954 blanda
3285 881 3452 968 ultio;

1850 995 2143 1057 paupertas
2165 986 2331 1053 dives,
2357 1002 2545 1042 secura
2568 987 2855 1058 possessio.
2879 987 3118 1057 Namque
3139 989 3206 1045 ad
3231 999 3441 1061 patrem

1849 1077 2006 1133 labor
2033 1079 2272 1148 respicit,
2304 1077 2510 1134 fructus
2536 1079 2801 1134 redundat
2846 1080 2898 1134 in
2948 1079 3103 1136 lilios.
3135 1079 3448 1154 Dissipavit,‘

1850 1170 2063 1240 inquit,
2107 1170 2448 1227 substantiam
2493 1189 2660 1227 suam.
2711 1171 2842 1240 Quae
2888 1173 3185 1244 composita
3226 1173 3449 1238 fuerant,

1848 1272 2005 1335 patre
2031 1264 2369 1332 moderante,
2392 1265 2710 1336 prodigente
2738 1264 2847 1320 lilio
2875 1264 3233 1335 dissipantur;
3268 1276 3327 1323 ut
3351 1267 3451 1324 vel

1847 1354 2002 1411 tarde
2047 1355 2223 1426 sapiat
2267 1364 2476 1428 patrem
2523 1355 2820 1421 custodem,
2860 1353 2880 1394 ι
2914 1372 3022 1412 non
3068 1351 3452 1432 incubatorem:

1847 1445 2014 1502 fuisse
2056 1447 2388 1505 substantia).
2442 1446 2668 1502 Vivendo
2725 1447 3005 1502 luxuriose.
3063 1445 3304 1506 Mortalis
3355 1437 3450 1530 est:

1847 1539 1950 1594 ista
1979 1539 2090 1595 vita
2112 1557 2126 1606 ;
2149 1540 2275 1609 quia
2295 1539 2524 1594 moritur
2541 1540 2831 1594 virtutibus
2855 1557 2868 1593 :
2905 1538 2999 1609 qui
3017 1538 3160 1594 vitiis
3179 1540 3327 1608 vivit,
3351 1556 3439 1598 sc-

1844 1631 2044 1700 pelitur
2065 1629 2235 1696 famae,
2260 1631 2398 1701 perit
2417 1631 2598 1700 gloriae
2623 1649 2635 1684 :
2659 1631 2750 1701 qui
2770 1639 2953 1686 manet
2972 1631 3304 1702 turpitudini,

1844 1716 1946 1782 scit
1967 1724 2217 1780 infamiae.
2237 1723 2307 1779 Et
2326 1735 2654 1798 posteaquam
2671 1726 3067 1796 consumpsisset
3083 1727 3278 1793 omnia,
3295 1727 3439 1799 facta

1844 1827 1922 1872 est
1944 1821 2108 1891 fames
2128 1816 2302 1872 valida
2321 1818 2376 1871 in
2397 1819 2606 1888 regione
2623 1817 2733 1872 illa.
2759 1816 3006 1874 Luxuriae
3021 1860 3036 1885 ,
3059 1819 3252 1886 ventri,
3275 1802 3449 1888 gulte;

1846 1908 2015 1964 fames
2037 1917 2212 1964 tortor
2232 1909 2522 1980 apponitur
2547 1927 2558 1960 :
2587 1916 2644 1962 ut
2663 1908 2736 1962 ibi
2756 1908 2918 1963 ultrix
2937 1924 3096 1980 pruna
3118 1910 3319 1977 saeviat,
3343 1909 3447 1966 ubi-

1845 2002 2076 2072 poenalis
2105 2009 2288 2057 reatus
2322 2010 2618 2057 exarserat.
2657 1999 2825 2056 Facta
2845 2012 2924 2057 est
2954 2005 3117 2075 fames
3136 2004 3326 2059 valida.
3351 2003 3434 2060 Ad

1847 2095 2010 2148 talem
2034 2093 2194 2148 linem
2216 2109 2432 2164 semper
2450 2093 2720 2148 voracitas
2740 2093 2912 2148 tendit
2927 2135 2942 2160 ,
2967 2095 3035 2149 ad
3056 2095 3218 2150 talem
3237 2110 3431 2167 perve-

1844 2187 1924 2241 nit
1947 2187 2236 2240 terminum
2257 2184 2506 2254 fugienda
2527 2187 2817 2256 voluptatis
2839 2185 3044 2242 ell‘usio.
3070 2187 3138 2240 Et
3156 2189 3264 2259 ipse
3284 2191 3434 2260 capit

1841 2298 2006 2354 egere.
2033 2279 2226 2335 Filium
2246 2279 2372 2335 data
2395 2279 2520 2334 facit
2539 2295 2699 2350 egere
2720 2281 3038 2347 substantia,
3059 2296 3180 2352 quae
3211 2280 3430 2338 divitem

1841 2379 2036 2441 negata
2053 2381 2092 2408 ω
2107 2378 2377 2426 servasset
2401 2389 2413 2424 :
2440 2379 2498 2426 ut
2517 2386 2684 2441 penes
2703 2386 2762 2428 se
2783 2370 3036 2427 deﬁceret
3053 2371 3323 2440 habendo,
3337 2373 3432 2444 qui

1838 2479 2008 2536 penes
2038 2471 2246 2535 patrem
2281 2462 2649 2518 abundaverat
2668 2479 2775 2519 non
2805 2463 3075 2520 habendo.
3111 2461 3183 2518 Et
3209 2463 3433 2520 adhaesit

1840 2557 1930 2609 uni
1952 2556 2135 2610 civium
2151 2555 2349 2626 regioni
2369 2554 2528 2620 illius,
2543 2563 2591 2608 et
2604 2556 2744 2609 misit
2761 2555 2908 2610 illum
2925 2555 2983 2610 in
3002 2554 3178 2610 villam
3195 2570 3361 2623 suam,
3373 2562 3432 2610 ut

1839 2658 2069 2721 pasceret
2106 2663 2306 2720 porcos.
2341 2645 2432 2702 Sic
2456 2646 2658 2702 invenit
2675 2647 2768 2716 qui
2795 2661 2854 2702 se
2881 2653 3042 2716 negat
3068 2645 3228 2718 patri,
3257 2647 3349 2717 qui
3371 2660 3430 2702 se

1839 2741 2124 2796 committit
2145 2747 2404 2796 extraneo
2424 2757 2436 2792 :
2454 2748 2515 2795 ut
2536 2739 2734 2794 sentiat
2751 2747 2778 2779 ιι
2800 2754 3046 2795 severum
3057 2737 3311 2809 iudicem,
3333 2737 3430 2808 qui

1837 2832 1971 2904 fugit
1999 2832 2518 2902 indulgentissimum
2540 2831 2893 2903 provisorem.
2913 2827 3223 2886 Affectionis
3247 2827 3432 2884 deser-

1836 2933 1941 2990 tor,
1960 2924 2176 2995 pietatis
2195 2922 2400 2992 refuga,
2427 2921 2715 2994 deputatur
2728 2921 2926 2993 porcis,
2943 2920 3122 2993 porcis
3141 2919 3425 2986 addicitur,

1835 3032 2127 3090 porcorum
2139 3015 2370 3071 traditur
2387 3015 2652 3081 servituti,
2672 3022 2696 3050 θ
2718 3028 3009 3086 porcorum
3025 3026 3222 3084 pascua
3242 3022 3269 3062 ι)
3284 3011 3430 3066 lutu-

1835 3111 1981 3168 lenta
1995 3110 2282 3181 percurrit,
2301 3109 2524 3178 inquieti
2539 3109 2716 3178 gregis
2733 3108 2941 3172 teritur,
2961 3115 3018 3162 et
3030 3105 3331 3162 maculatur
3339 3120 3430 3159 ex-

1837 3221 2016 3271 cursu,
2041 3212 2102 3258 ut
2115 3203 2312 3258 sentiat
2325 3217 2485 3273 quam
2495 3202 2750 3257 miserum
2769 3201 2868 3266 sit,
2893 3215 3135 3270 amarum
3155 3213 3317 3270 quam
3331 3199 3422 3264 sit,

1838 3298 2034 3369 quietis
2053 3305 2292 3369 paternae
2317 3294 2704 3351 beatitudinem
2737 3293 3052 3365 perdidisse.
3089 3290 3160 3347 Et
3190 3290 3427 3364 cupiebat

1834 3391 2046 3463 implere
2064 3397 2290 3445 ventrem
2321 3404 2470 3442 suum
2497 3386 2558 3441 de
2577 3386 2776 3459 siliquis
2811 3402 2939 3459 quas
2961 3385 3102 3457 porci
3135 3381 3425 3438 manduca-

1833 3482 1977 3549 bant,
2019 3491 2068 3537 et
2100 3497 2247 3536 nemo
2279 3479 2358 3535 illi
2391 3477 2565 3532 dabat.
2603 3476 2775 3544 Quam
2807 3475 3021 3532 crudele
3046 3474 3420 3541 ministerium,

1834 3577 1958 3647 quia
1980 3585 2008 3625 «ι
2028 3589 2205 3644 neque
2243 3571 2478 3627 convivit
2498 3570 2696 3642 porcis,
2720 3568 2814 3638 qui
2844 3567 2976 3623 vivit
3007 3565 3217 3638 porcis!
3241 3564 3422 3632 Miser,

1840 3679 1859 3706 τ
1883 3667 1976 3736 qui
2011 3663 2328 3734 squallentis
2346 3661 2558 3734 pecoris
2579 3659 2760 3715 deﬁcit
2787 3666 2843 3714 et
2861 3657 3031 3715 esurit
3061 3657 3117 3712 in
3147 3653 3421 3726 saginam!

1829 3825 1990 3879 nullae
2012 3823 2276 3878 editiones
2296 3821 2509 3886 vitiose,
2536 3818 2660 3874 Non
2684 3828 2854 3886 aztate,
2885 3818 2978 3872 sed
2997 3834 3171 3873 censu.

1903 3898 1916 3946 i
1943 3894 2167 3972 Evang.,
2195 3891 2262 3972 In
2283 3908 2544 3972 regionem
2574 3891 2923 3972 longinquam.
2944 3888 3096 3972 ‘Quia
3119 3887 3428 3972 ductorqu-

1828 3969 2042 4036 gionem
2062 3961 2223 4036 lianc
2248 3961 2594 4036 longinquam
2625 3961 2848 4036 nivstice
2881 3961 3289 4036 interpretatur,
3299 3961 3428 4036 pla-

1827 4029 1938 4091 cuit
1973 4035 2172 4090 addere
2198 4051 2210 4086 :
2247 4029 2542 4104 Regionem
2576 4029 2925 4104 longinquam
2945 4046 3066 4084 esse
3087 4029 3184 4086 Dei
3206 4029 3422 4104 oblivio-

1826 4125 1961 4172 nem,
1981 4115 2038 4161 ut
2057 4105 2216 4160 docet
2236 4100 2461 4173 August.
2481 4104 2573 4158 lib.
2591 4119 2628 4158 ιι
2649 4101 2849 4169 Quaest.
2870 4100 3095 4168 Evang.,
3114 4109 3304 4173 tuaest.
3320 4101 3419 4173 ‘55.

1825 4171 1960 4232 Vide
1982 4176 2228 4248 apposite
2257 4171 2625 4248 Ambrosium
2652 4174 2771 4238 hic;
2795 4187 2904 4242 quo
2926 4179 3084 4236 teste,
3127 4171 3288 4248 Regio
3308 4171 3424 4226 lon-

1861 4243 2030 4320 inqua
2051 4243 2127 4300 est
2157 4245 2341 4300 umbra
2375 4247 2553 4320 mortis
2565 4243 2716 4320 ;_hoc
2736 4243 3424 4320 estpeccatuin._M1r§.:-—

1861 4267 2017 4320 mqua
2051 4267 2127 4300 εει
2157 4267 2341 4300 umara
2375 4267 2588 4309 morus;
2613 4267 2716 4298 ιιυυ
2736 4267 2816 4298 υδι
2838 4267 3140 4313 peccatum.
3166 4267 3329 4296 ιιιιΤΑ.
3352 4273 3418 4287 --

1823 4267 1942 4374 (’id.
1969 4316 2411 4388 Chrysostomum
2432 4315 2618 4388 hami].
2644 4314 2713 4388 de
2752 4312 2912 4368 Patre
2952 4312 3255 4388 et__duobus
3275 4312 3418 4381 ﬁliis,

1823 4397 1954 4444 tom.
1979 4406 2035 4454 ιι,
2058 4381 2181 4456 pag.
2209 4387 2364 4451 1166,
2391 4386 2519 4441 edit.
2547 4383 2953 4456 Parisieus.ran.
2981 4381 3139 4437 1581.

1895 4459 1919 4497 ¹ί
1942 4455 2263 4530 Chrvsologi
2284 4456 2496 4530 p_h_rasis
2518 4455 3008 4530 p_ro_:_Benelicium
3039 4463 3228 4530 mutuo
3249 4455 3419 4530 hence

1823 4528 1944 4585 ﬁcio
1965 4525 2601 4600 rep'enderefPlautus’in
2624 4525 2825 4581 Mente:
2852 4525 3068 4580 Salvum
3091 4526 3200 4592 tibi,
3217 4535 3274 4581 ut
3294 4527 3421 4582 mihi

1822 4599 2287 4665 dedisti,’redltibeo
2315 4599 2652 4665 marsupium.

1895 4670 1911 4709 1
1931 4671 2287 4738 Quintilianus
2297 4669 2388 4723 lib.
2406 4686 2440 4722 x
2455 4687 2467 4722 :
2488 4665 2636 4722 Velut
2650 4668 2904 4738 thesauris
2916 4668 3105 4721 clausis
3119 4665 3416 4738 incubabat.

1892 4735 2031 4798 mita
2052 4744 2230 4798 locum
2252 4741 2587 4796 restituimus
2621 4753 2690 4792 ex
2710 4753 2811 4792 ms.
2835 4735 3043 4792 Caesen.
3071 4737 3202 4794 Alite
3223 4739 3418 4794 editio-

1821 4829 1917 4870 nes
1943 4813 2186 4886 :ANegata
2208 4811 2495 4886 saturabat.

1890 4895 1917 4922 ιι
1947 4879 2092 4938 Alias
2113 4883 2254 4954 apud
2274 4881 2551 4954 Castillum
2577 4879 2681 4954 :‘In
2701 4896 2756 4933 se
2784 4897 2955 4954 rerum
2972 4880 3224 4954 judicem.

1891 4961 1918 4990 °
1948 4948 2164 5009 Nullum
2181 4954 2338 5008 vilius
2359 4951 2712 5006 ministerium
2752 4950 2893 5020 apud
2913 4948 3128 5006 Ju’dzeos
3157 4958 3212 5022 et
3241 4949 3410 5022 {Egy-

1819 5025 1942 5090 tios,
1986 5026 2078 5094 qui
2116 5023 2422 5093 hujusmodi
2462 5023 2709 5094 homines
2754 5019 3322 5094 tamquamprofanos
3342 5019 3411 5094 ab

1821 5089 2146 5164 templorum
2170 5089 2318 5149 aditu
2339 5093 2621 5164 arcebant.
2654 5091 2838 5164 Neque
2868 5106 2934 5145 ex
2975 5089 3215 5146 inferiori
3253 5090 3413 5164 plebe

1823 5160 1958 5220 unus
1991 5176 2110 5220 erat
2143 5165 2234 5234 qui
2268 5180 2390 5219 cum
2423 5164 2571 5234 ipsis
2599 5161 3017 5234 familiaritatem
3059 5160 3409 5234 consuetudi-

201 5231 216 5328 ς
254 5219 400 5306 Lege
412 5219 1091 5310 ⁷ι⁷ιίιέέίιιζᾶιῖιέγὲὸιόέιίἦί
1118 5219 1712 5308 ἒὲιιιιΨξ-ΪίῖἱίΞ-,Πίἶιίίίιιὲ
1744 5219 1790 5279 D
1818 5252 2052 5328 nemque
2101 5219 2263 5292 vellet
2314 5219 2468 5289 inire'.
2513 5232 2648 5289 Vide
2688 5232 3016 5287 Herodotum
3061 5230 3153 5285 lib.
3195 5246 3235 5286 ll
3281 5245 3419 5328 cap.-

139 5311 320 5361 notam.

196 5385 218 5450 ξ
238 5376 583 5450 Augustinus,
601 5388 791 5450 quaest.
811 5378 879 5450 47
901 5381 954 5434 in
974 5379 1169 5435 Exod.:
1191 5379 1397 5435 Graccus
1419 5383 1707 5440 ἀποσκευήν

136 5443 283 5526 habet,
316 5443 400 5526 ubi
427 5443 773 5526 substantiam
804 5449 1024 5506 Latinus
1052 5453 1418 5522 interpretatus
1452 5461 1546 5515 est,
1572 5451 1708 5523 quod

135 5513 395 5593 admito
423 5522 589 5593 nostri
600 5522 1017 5593 interpretantur
1049 5513 1276 5593 censum.

191 5583 216 5622 ί
236 5585 528 5664 Columella
560 5591 652 5646 lib.
679 5583 758 5647 vu'
784 5608 904 5662 cap.
932 5591 998 5645 10
1023 5611 1035 5645 :
1063 5592 1350 5648 Parcarum
1382 5609 1540 5664 genus
1561 5593 1707 5646 nulla

134 5672 178 5708 re
201 5662 363 5734 magis
389 5662 580 5732 gaudet
608 5680 762 5733 quam
783 5665 902 5718 rivis
925 5673 1076 5736 atque
1097 5681 1298 5718 ca’noso
1319 5662 1432 5717 lacu
1462 5664 1701 5717 volutari.

198 5739 212 5763 λ
239 5727 558 5790 Eutbvmius
577 5733 632 5787 in
653 5741 767 5790 not.
793 5733 864 5788 ad
882 5731 1071 5790 Calen.
1098 5735 1166 5790 ad
1189 5751 1256 5788 xv
1277 5733 1434 5790 Luc-.e
1454 5749 1574 5790 can.
1601 5731 1700 5786 57:

285 5746 558 5804 utuymius
577 5748 632 5787 in
653 5746 767 5790 u0t.
793 5746 864 5788 au
882 5746 1071 5790 uaten.
1098 5746 1166 5790 ad
1189 5751 1256 5788 xv
1277 5746 1434 5790 Luc-.e
1454 5749 1574 5804 cap.
1601 5746 1666 5786 ut
1688 5751 1700 5786 :

1818 5306 1916 5427 “iv
1937 5378 2155 5434 Vitiosae
2194 5378 2458 5432 editiones
2476 5375 2712 5430 habent:
2757 5373 2963 5426 Pascua
3003 5371 3296 5438 luculenta;
3338 5389 3409 5429 ex

1818 5448 2264 5518 castigationibus
2300 5447 2519 5502 Meursii
2538 5461 2656 5516 cap.
2689 5444 2774 5510 11,
2809 5455 2930 5514 pag.
2975 5441 3109 5509 150,
3150 5442 3408 5498 mendum

1811 5520 2186 5590 expunximus.

1882 5585 1909 5640 ῖι
1951 5589 2269 5658 Porcorum,
2313 5589 2510 5660 quibus
2547 5586 2753 5642 alendis
2791 5585 3096 5656 insudabat,
3119 5587 3404 5644 convivam

1810 5675 1931 5719 esse
1952 5663 2289 5732 nequiverat.

1883 5743 1906 5770 τ
1941 5729 2383 5789 δίοιθειὶῑιιὶιιιιιε
2404 5747 2471 5786 ex
2492 5731 2620 5786 edit.
2647 5729 2882 5800 Bonon.,
2905 5729 3066 5794 Mitte.
3091 5739 3146 5790 et
3172 5730 3399 5788 Castilli.

136 5793 243 5852 Non
261 5793 626 5874 quia'tempore
636 5806 836 5874 junior,
860 5805 950 5860 sed
969 5807 1087 5877 quia
1108 5822 1260 5861 sensu
1281 5793 1538 5877 indigens:
1562 5803 1707 5890 Non:
1723 5884 1733 5890 .
1751 5881 1794 5892 __
1812 5803 1946 5861 Alia:
1979 5823 1991 5859 :
2027 5801 2127 5870 Qui
2148 5819 2420 5868 porcorum
2440 5801 2632 5875 deﬁcit.
2649 5857 2662 5874 ,
