3976 6352
1820 356 1876 417 s.
1918 359 2125 418 PETRI
2157 357 2598 423 cnnvsomct
3321 390 3338 395 ·“
3416 363 3479 448 ὲ..

3740 375 3836 435 i9!

567 481 852 544 υίωιιῑίιω
864 479 1292 555 Petulantium
1303 476 1830 533 hactenumrmone
1842 474 2144 546 geminato:
2172 476 2225 538 Α
2252 481 2656 551 compassionis.
2710 482 2902 537 Cecidit
2940 498 3094 555 super
3117 482 3302 539 collum
3336 484 3473 556 ejus,
3507 493 3566 541 ut
3607 488 3835 560 erigeret

567 591 852 638 occursum
868 573 1032 632 modo
1049 571 1236 646 patris,
1256 569 1553 626 bonitatem
1571 567 1758 641 patris,
1781 569 1950 641 patris
1970 567 2152 626 ineﬁ‘a—

567 671 732 730 bilem
767 664 1184 725 misericordiam
1221 676 1631 735 prosequamur.
1666 659 1916 734 Surgens,
1953 659 2146 731 inquit,

2257 582 2278 609 ο
2302 572 2381 628 sic
2401 571 2690 642 jacentem.
2729 573 2924 631 Cecidit
2963 591 3118 649 super
3158 577 3347 633 collum
3373 580 3516 650 ejus,
3549 590 3610 636 ut
3637 587 3834 642 amoris

2249 680 2441 733 onere,
2473 665 2501 703 σι
2530 683 2668 723 onus
2697 668 2909 726 tolleret
2928 677 3290 740 peccatorum.
3329 669 3509 727 Venite
3535 673 3606 727 ad
3625 692 3730 740 me,
3753 676 3832 732 in-

569 761 784 820 venitad
795 770 993 834 patrem
1011 773 1158 814 suum
1175 772 1192 821 ;
1208 772 1323 811 cum
1336 764 1508 811 autem
1527 764 1658 810 esset
1676 755 1846 828 longe,
1863 755 2146 810 viditillum
2245 759 2394 827 quit,
2437 776 2613 816 omnes
2640 763 2727 835 qui
2755 761 3002 818 laboratis
3028 773 3079 818 et
3105 766 3306 819 onerati
3333 765 3472 820 estis.
3501 765 3687 824 Tollite
3708 787 3833 828 onus

565 865 711 929 pater
744 869 884 918 suus,
918 862 968 906 et
1003 847 1357 906 misericordia
1395 857 1562 902 motus
1589 857 1690 914 est,
1714 856 1764 902 et
1801 849 2054 914 accurrit,
2095 856 2147 903 et
2243 867 2411 906 meum
2435 869 2589 925 super
2615 871 2721 916 vos,
2752 855 2872 927 quia
2893 855 2999 910 lcve
3025 871 3103 911 est
3133 854 3355 928 (Matth.
3383 873 3457 923 χι,
3488 857 3579 926 28,
3601 858 3692 928 29,
3721 862 3829 936 50).

560 945 740 1002 cecidit
755 960 910 1016 super
929 942 1116 998 collum
1135 941 1267 1012 ejus,
1284 948 1332 994 et
1347 939 1602 994 osculatus
1616 949 1691 994 est
1705 939 1868 994 illum.
1890 937 2139 1012 Surgens,

557 1041 690 1095 venit
709 1037 780 1092 ad
799 1048 999 1110 patrem
1019 1052 1166 1091 suum
1189 1033 1340 1106 (Luc.
1360 1049 1446 1093 xv.
1464 1032 1576 1104 20).
1600 1031 1845 1088 Surrexit
1864 1033 1965 1089 iste
1985 1049 2141 1091 men-

553 1130 622 1186 tis
645 1139 700 1186 et
719 1129 966 1201 corporis
985 1128 1052 1183 de
1081 1127 1235 1182 ruina
1260 1143 1272 1179 :
1297 1125 1529 1181 surrexit
1548 1125 1615 1180 de
1636 1123 1902 1195 profundo
1923 1125 2136 1194 inferni,

551 1225 674 1281 coeli
712 1224 822 1279 alta
861 1222 1216 1291 contingens:
1255 1219 1397 1290 apud
1435 1219 1712 1275 caelestem
1749 1226 1961 1290 patrem
2000 1218 2140 1277 ﬁlius

549 1319 720 1389 surgit
767 1327 789 1354 ι·
842 1316 962 1387 plus
1018 1315 1086 1370 de
1145 1314 1332 1380 venia,
1378 1326 1540 1382 quam
1586 1313 1790 1368 corruit
1848 1313 1917 1368 de
1961 1322 2134 1368 reatu.

551 1409 816 1483 Surgens,
857 1409 993 1463 venit
1041 1405 1110 1460 ad
1159 1415 1358 1478 patrem
1397 1421 1562 1458 suum.
1604 1403 1767 1458 Venit
1805 1419 1912 1458 non
1950 1418 2139 1474 gressu

546 1503 765 1575 pedum,
801 1500 898 1556 sed
935 1499 1129 1554 mentis
1172 1498 1420 1552 incessu:
1444 1496 1767 1566 longinquus
1802 1496 2002 1552 terreni
2045 1496 2135 1550 iti-

548 1597 692 1652 neris
736 1611 842 1651 non
895 1594 1137 1664 indiguit,
1193 1593 1318 1663 quia
1369 1589 1687 1662 compendia
1737 1591 1837 1645 via:
1886 1590 2136 1647 salutaris

546 1689 768 1746 invenit.
789 1687 1033 1743 Divinum
1054 1695 1261 1758 patrem
1283 1685 1453 1742 nescit
1475 1684 1677 1740 viarum
1694 1700 1853 1741 cursu
1867 1700 2130 1764 qutcrere,

545 1782 638 1853 qui
678 1780 780 1837 ﬁde
819 1795 1083 1851 quaerens,
1113 1795 1239 1835 mox
1268 1778 1370 1834 sibi
1403 1778 1553 1834 illum
1597 1778 1801 1834 invenit
1847 1793 1966 1835 esse
1994 1794 2133 1850 pra:-

2244 943 2445 1000 Videtis
2472 947 2597 1016 quia
2635 945 2774 1003 ﬁlius
2807 947 3028 1019 juvatur
3062 950 3217 1006 istius
3262 952 3434 1022 patris
3482 967 3680 1020 onere,
3725 971 3830 1012 non

2239 1045 2509 1106 gravatur.
2545 1037 2739 1095 Cecidit
2777 1057 2931 1113 super
2970 1043 3160 1098 collum
3195 1045 3334 1116 ejus,
3375 1053 3428 1099 et
3463 1047 3733 1102 osculatus
3759 1060 3830 1105 est

2237 1145 2371 1182 eum.
2405 1128 2494 1186 Sic
2519 1139 2674 1202 pater
2694 1132 2917 1202 judicat,
2949 1136 3027 1191 sic
3049 1135 3322 1201 emendat,
3347 1137 3424 1193 sic
3443 1141 3691 1207 peccanti
3725 1137 3826 1197 filio

2236 1219 2329 1274 dat
2357 1222 2567 1290 oscula,
2601 1239 2708 1278 non
2743 1223 2970 1295 ﬂagella.
3014 1226 3218 1283 Delicta
3248 1244 3353 1283 non
3386 1229 3532 1284 videt
3557 1231 3641 1285 vis
3673 1246 3825 1286 amo—

2235 1313 2328 1378 ris,
2361 1322 2416 1368 et
2445 1314 2566 1370 ideo
2594 1324 2749 1387 pater
2777 1327 2993 1387 peccata
3016 1317 3108 1373 ﬁlii
3129 1318 3358 1374 redemit
3385 1321 3592 1386 osculo,
3629 1331 3652 1359 ε
3676 1321 3826 1376 clau-

2233 1407 2303 1461 sit
2349 1409 2632 1480 amplexu,
2667 1426 2735 1466 ne
2763 1411 2992 1466 nudaret
3020 1421 3175 1482 pater
3225 1412 3318 1466 lilii
3364 1414 3626 1481 crimina,
3673 1424 3828 1486 pater

2234 1497 2400 1553 ﬁlium
2430 1516 2498 1555 ne
2527 1501 2771 1557 foedaret.
2816 1501 2976 1557 Pater
3014 1504 3094 1558 sic
3129 1512 3282 1558 curat
3320 1502 3413 1560 ﬁlii
3459 1505 3717 1572 vulnera,
3762 1521 3825 1562 ne

2234 1588 2344 1645 ﬁlio
2366 1592 2701 1658 cicatricem,
2730 1609 2938 1649 naevum
2978 1591 3088 1649 ﬁlio
3119 1610 3186 1649 ne
3215 1595 3504 1665 relinquat.
3539 1595 3689 1650 Beati
3707 1639 3723 1661 ,
3747 1598 3824 1652 in-

2231 1685 2377 1754 quit,
2409 1703 2621 1758 quorum
2645 1689 2872 1742 remissa:
2892 1697 3012 1742 sunt
3039 1689 3355 1761 iniquitates,
3379 1699 3429 1743 et
3447 1708 3668 1762 quorum
3697 1701 3823 1746 tecta

2233 1787 2352 1833 sunt
2378 1789 2590 1850 peccata
2622 1779 2801 1850 (Psal.
2836 1797 2982 1848 XXXI,
3027 1780 3111 1850 1).
3163 1779 3221 1835 Si
3267 1782 3629 1838 adolescentis
3670 1784 3825 1852 hujus

542 1881 769 1928 sentem.
803 1870 1052 1943 Surgens,
1085 1872 1218 1925 venit
1259 1870 1329 1924 ad
1367 1879 1568 1942 patrem
1601 1885 1619 1924 :
1661 1887 1776 1924 cum
1805 1881 1977 1926 autem
1997 1881 2130 1926 esset
2159 1863 2204 1924 Β
2232 1869 2429 1926 factum
2458 1871 2730 1942 displicet,
2775 1873 2963 1928 horret
2991 1872 3273 1928 abscessus
3306 1891 3318 1926 :
3351 1889 3451 1929 nos
3479 1890 3511 1928 a
3541 1875 3637 1929 tali
3673 1885 3822 1946 patre

541 1964 710 2038 longe.
745 1963 1026 2031 Quomodo
1055 1963 1216 2033 longe
1242 1971 1326 2018 est
1355 1964 1400 2018 is
1427 1964 1520 2033 qui
1555 1964 1733 2019 venit?
1768 1964 1895 2033 quia
1929 1963 1956 2002 δ
1993 1981 2130 2020 non-

536 2057 664 2114 dum
691 2058 954 2129 pervenit.
985 2057 1091 2113 Iste
1118 2059 1209 2126 qui
1238 2058 1405 2122 venit,
1436 2057 1584 2112 venit
1617 2057 1683 2110 ad
1720 2057 2124 2127 paenitentiam,

535 2149 633 2206 sed
668 2149 908 2205 nondum
945 2149 1188 2220 pervenit
1225 2148 1291 2202 ad
1331 2149 1586 2217 gratiam;
1617 2148 1765 2202 venit
1803 2147 1869 2203 ad
1907 2149 2128 2204 domum

536 2244 730 2315 patris,
762 2243 858 2299 sed
895 2242 1134 2298 nondum
1162 2241 1406 2311 pervenit
1431 2240 1496 2296 ad
1519 2240 1742 2310 gloriam
1770 2241 2009 2311 pristini,
2042 2242 2128 2296 vel

535 2335 780 2400 habitus,
815 2333 931 2404 vel,
953 2333 1196 2389 honoris.
1239 2331 1366 2388 Cum
1404 2342 1575 2386 autem
1610 2341 1740 2386 esset
1778 2332 1960 2405 longe,
2002 2333 2125 2388 vidit

533 2427 678 2482 illum
715 2435 862 2499 pater
896 2441 1040 2480 suus.
1076 2423 1222 2481 Vidit
1248 2422 1410 2499 Pater
1436 2424 1526 2480 ille
1553 2425 1638 2496 qui
1665 2425 1721 2478 in
1750 2425 1870 2478 altis
1903 2424 2120 2490 habitat,

531 2528 581 2572 et
634 2498 850 2573 humilia
887 2518 1127 2588 respicit,
1167 2525 1217 2571 et
1253 2498 1360 2572 dlta
1395 2533 1430 2570 a
1467 2517 1618 2589 longe
1653 2519 1888 2589 agnoscit
1930 2516 2120 2590 (Psal.

529 2626 662 2680 cxu,
694 2608 746 2676 5,
779 2609 866 2683 6).
902 2609 1043 2666 Vidit
1069 2609 1217 2666 illum
1249 2619 1398 2682 pater
1425 2626 1566 2666 suus.
1599 2611 1762 2666 Pater
1780 2611 1914 2666 vidit
1939 2610 2116 2679 illum,

529 2712 588 2758 ut
614 2712 672 2760 et
697 2704 787 2760 ille
813 2711 1023 2776 patrem
1042 2712 1228 2775 posset
1273 2704 1582 2771 attendere;
1616 2705 1786 2775 patris
1821 2705 1965 2760 visus
1992 2705 2118 2760 illu-

526 2797 718 2851 stravit
744 2795 840 2851 ﬁlii
858 2797 1125 2852 venientis
1152 2804 1458 2866 aspectum,
1492 2805 1551 2850 ut
1579 2805 1692 2851 tota
1728 2794 2002 2865 fugaretur
2022 2796 2118 2852 ob-

526 2889 753 2945 scuritas
777 2904 899 2960 quaa
925 2889 1247 2946 circumfusa
1292 2890 1469 2945 fuerat
1507 2889 1575 2944 de
1620 2897 1792 2944 reatu.
1831 2888 1948 2945 Non
1993 2896 2119 2944 sunt

525 2981 662 3037 tales
697 2982 931 3038 tenebrae
972 2983 1144 3038 noctis
1184 2981 1371 3052 quales
1409 2982 1514 3038 illae
1532 2990 1659 3038 sunt
1691 2997 1811 3052 quae
1832 2981 1900 3037 de
1928 2982 2116 3040 confu-

523 3075 677 3132 sione
704 3077 928 3133 veniunt
964 3085 1329 3148 peccatorum.
1379 3075 1516 3132 Audi
1561 3078 1879 3148 prophetam
1925 3077 2114 3132 dicen-

520 3179 631 3226 tem
657 3188 670 3224 :
703 3169 1207 3242 Comprehenderunt
1235 3186 1316 3225 me
1335 3171 1632 3243 iniquitates
1652 3187 1800 3237 mete,
1823 3179 1874 3226 et
1892 3187 1996 3226 non
2018 3188 2112 3243 po-

497 3265 592 3318 ‘mi
639 3264 809 3320 uidere
831 3241 835 3242 ν
857 3263 1037 3337 (Psal.
1088 3281 1284 3331 xxxrx,
1336 3241 1460 3336 15).
1491 3263 1560 3318 Et
1586 3265 1713 3320 alibi
1751 3284 1764 3318 :
1799 3241 2108 3338 Iniquitates
2137 3241 2184 3306 C

517 3373 645 3414 mete
673 3366 903 3431 gravatae
943 3366 1064 3412 sunt
1110 3374 1265 3428 super
1301 3375 1382 3412 me
1425 3355 1607 3428 (Psal.
1652 3375 1864 3425 xxxvn,
1910 3358 1996 3431 5).
2043 3359 2111 3414 Et

516 3456 640 3520 post
683 3466 696 3502 :
739 3447 810 3501 Et
850 3449 1023 3503 lumen
1063 3448 1329 3502 oculorum
1383 3465 1611 3503 meorum
1654 3467 1758 3505 non
1799 3460 1876 3505 est
1913 3468 2110 3506 mecum

524 3539 720 3611 (Ibid.,
753 3538 874 3612 11).
906 3539 1025 3595 Nox
1060 3539 1253 3610 sepelit
1290 3539 1598 3596 hesternum
1626 3541 1838 3606 lumen;
1888 3552 2119 3611 peccata.

521 3646 768 3699 sensum;
799 3631 1035 3686 animum
1062 3630 1302 3685 membra
1323 3630 1671 3685 confundunt.
1703 3630 1815 3686 Nisi
1843 3645 1972 3701 ergo
2001 3648 2112 3689 cm-

515 3725 666 3780 lestis
687 3732 844 3796 pater
869 3722 1144 3778 redeuntis
1172 3721 1264 3776 ﬁlii
1286 3721 1546 3777 radiasset
1567 3723 1620 3777 in
1649 3722 1820 3790 vultu,
1852 3730 1908 3777 et
1935 3731 2105 3780 totam

511 3815 842 3872 confusionis
869 3815 1152 3884 caliginem
1179 3822 1460 3884 respectus
1499 3813 1583 3870 sui
1619 3813 1820 3869 lumine
1856 3815 2105 3872 sustulis-

510 3919 624 3975 set,
668 3922 960 3977 numquam
997 3905 1164 3961 divini
1192 3905 1369 3960 vultus
1396 3905 1618 3961 vidisset
1644 3905 1746 3961 iste
1775 3904 1915 3961 ﬁlius
1941 3907 2101 3964 clari-

510 4010 696 4058 tatem.
738 3999 881 4055 Vidit
906 4017 1021 4054 eum
1043 3998 1104 4054 de
1133 3999 1313 4071 longe,
1345 4008 1395 4052 et
1420 3999 1779 4054 misericordia
1812 4009 1979 4056 motus
2001 4011 2096 4056 est.

509 4094 754 4150 Movetur
773 4091 1162 4159 misericordia,
1193 4091 1285 4161 qui
1315 4089 1434 4146 loco
1464 4107 1573 4146 non
1594 4098 1775 4161 potest
1801 4091 2094 4161 dimoveri;

509 4187 756 4253 accurrit,
788 4202 897 4242 non
923 4197 1208 4256 progressu
1237 4183 1500 4254 corporis,
1523 4182 1618 4238 sed
1641 4184 1856 4254 pietatis
1879 4183 2092 4242 aﬁ‘ectu.

507 4279 701 4335 Cecidit
727 4297 880 4352 super
907 4278 1095 4334 collum
1131 4279 1260 4351 ejus.
1306 4275 1425 4333 Non
1464 4277 1614 4348 lapsu
1651 4277 1946 4347 viscerum,
2000 4279 2095 4336 sed

581 4447 606 4475 ει
629 4438 766 4505 Quia
785 4438 841 4492 in
860 4436 1248 4506 reformatione
1267 4449 1367 4506 per
1385 4435 1758 4506 paenitentiam
1779 4435 1919 4506 solet
1939 4435 2100 4493 altius

2230 1963 2535 2018 nullatenus
2581 1963 2936 2020 discedamus.
2970 1963 3233 2035 Aspectus
3271 1966 3440 2036 patris
3467 1965 3620 2035 fugat
3648 1968 3820 2021 crimi-

2229 2070 2297 2108 na
2332 2072 2344 2107 :
2377 2055 2596 2125 expellit
2626 2071 2822 2111 noxam
2857 2073 2870 2108 :
2903 2064 3152 2111 cunctam
3193 2057 3489 2126 nequitiam
3519 2065 3576 2112 et
3601 2054 3621 2094 ί
3653 2066 3818 2112 tenta-

2227 2154 2405 2201 menta
2435 2147 2704 2218 propellit.
2739 2156 2764 2195 8
2795 2145 2957 2202 Certe
2989 2148 3035 2203 si
3064 2147 3421 2204 abscessimus
3446 2166 3459 2202 :
3491 2148 3540 2204 si
3567 2148 3816 2204 substan-

2225 2241 2354 2294 tiam
2391 2241 2561 2311 patris
2601 2249 2772 2296 totam
2809 2239 3085 2296 luxuriose
3125 2240 3477 2313 dispersimus
3506 2257 3610 2297 nos
3642 2242 3817 2296 viven-

2223 2333 2294 2389 do
2321 2353 2333 2388 :
2359 2335 2404 2390 si
2431 2335 2687 2404 quidquid
2712 2350 2936 2405 usquam
2966 2336 3332 2390 commisimus
3358 2335 3620 2391 facinoris
3644 2344 3699 2390 et
3724 2335 3815 2391 de-

2225 2427 2334 2481 licti
2353 2467 2368 2492 ,
2398 2427 2442 2482 si
2473 2427 2539 2482 ad
2562 2428 2855 2498 impietatis
2883 2436 3213 2499 prteruptum
3240 2437 3442 2495 totum,
3468 2436 3645 2483 totam
3673 2429 3816 2483 veni-

2223 2538 2340 2577 mus
2369 2522 2437 2577 ad
2465 2523 2694 2588 ruinam,
2712 2536 2993 2592 surgamus
3021 2521 3330 2592 aliquando,
3358 2530 3415 2577 et
3439 2521 3509 2577 ad
3538 2521 3700 2576 talem
3731 2536 3813 2592 pa-

2219 2626 2389 2683 trem,
2434 2617 2525 2671 tali
2576 2617 2785 2671 invitati
2832 2615 3118 2671 redeamus
3153 2615 3422 2686 exemplo.
3472 2612 3606 2669 Cum
3652 2624 3814 2669 autem

2219 2709 2410 2764 videret
2437 2727 2582 2773 eum,
2626 2707 2984 2762 misericordia
3023 2716 3192 2762 motus
3233 2716 3341 2772 est,
3392 2714 3445 2759 et
3483 2707 3740 2768 accurrit,
3770 2712 3815 2759 et

2218 2803 2401 2858 cecidit
2427 2820 2580 2874 super
2609 2801 2796 2855 collum
2825 2803 2936 2874 ejus
2954 2839 2968 2864 ,
3001 2809 3051 2854 et
3078 2799 3338 2854 osculatus
3363 2808 3440 2854 est
3467 2798 3638 2854 illum.
3667 2796 3812 2866 Rogo

2217 2895 2337 2964 quis
2365 2894 2452 2948 hic
2489 2892 2882 2963 desperationis
2931 2891 3117 2947 locus?
3154 2889 3284 2956 Quae
3323 2890 3412 2945 hic
3452 2889 3813 2945 excusationis

2217 2986 2472 3043 occasio?
2499 2985 2589 3041 hic
2615 2983 2885 3039 simulatio
2914 2999 3035 3053 qum
3067 2982 3306 3037 timoris?
3335 2981 3448 3036 Nisi
3476 2979 3620 3036 forte
3657 2982 3812 3036 time—-

2214 3087 2304 3134 tur
2348 3092 2604 3133 occursus
2637 3095 2649 3129 :
2682 3083 2848 3130 terret
2886 3074 3127 3129 osculum
3163 3091 3175 3126 :
3208 3073 3387 3128 turbat
3416 3071 3726 3143 amplexus,
3761 3079 3814 3126 et

2213 3185 2409 3240 capere
2435 3167 2502 3222 ad
2530 3166 2851 3231 vindictam,
2896 3181 3005 3219 non
3043 3164 3284 3234 recipere
3309 3162 3377 3217 ad
3405 3163 3619 3217 veniam
3657 3171 3814 3232 pater

2213 3261 2467 3326 creditur,
2499 3275 2621 3314 cum
2643 3257 2809 3312 ﬁlium
2832 3254 2860 3294 ιι
2886 3255 3048 3311 trahit
3067 3255 3332 3319 manibus,
3359 3252 3552 3309 claudit
3571 3253 3812 3322 gremio,

2212 3355 2343 3424 ligat
2371 3353 2603 3409 lacertis.
2646 3350 2752 3407 Sed
2794 3351 2933 3405 hanc
2973 3349 3360 3419 cogitationem
3406 3345 3817 3402 debellatricem

2211 3447 2362 3512 vitae,
2388 3445 2576 3500 salutis
2606 3443 2874 3498 inimicam
2905 3449 3216 3512 expugnant
3246 3439 3404 3493 nimis
3424 3480 3439 3505 ,
3471 3437 3628 3492 nimis
3658 3435 3814 3491 aufe-

2213 3548 2338 3596 runt
2356 3555 2476 3609 quas
2497 3544 2824 3607 sequuntur:
2851 3534 3001 3589 Dixit
3023 3543 3192 3587 autem
3213 3541 3360 3603 pater
3380 3531 3452 3584 ad
3470 3546 3642 3584 seruos
3665 3546 3806 3592 suos.

2214 3634 2313 3687 cito
2341 3633 2568 3703 proferte
2587 3633 2775 3684 stolam
2808 3628 3060 3699 primam,
3092 3635 3142 3679 et
3169 3623 3367 3677 induite
3393 3621 3544 3675 illum
3562 3660 3576 3683 ,
3608 3631 3661 3676 et
3690 3622 3807 3674 date

2211 3725 2462 3780 annulum
2490 3739 2702 3778 aureum
2731 3723 2784 3776 in
2807 3736 2991 3776 manus
3011 3720 3150 3790 ejus,
3183 3726 3232 3770 et
3252 3716 3600 3770 calceamenta
3629 3717 3686 3768 in
3715 3731 3804 3785 pe-

2211 3818 2358 3872 dibus
2386 3817 2516 3888 ejus,
2547 3825 2597 3870 et
2625 3814 2864 3868 adducite
2892 3812 3103 3866 vitulum
3131 3811 3427 3881 saginatum
3445 3850 3459 3874 ,
3488 3817 3540 3862 et
3565 3808 3801 3870 occidite,

2207 3921 2260 3966 et
2283 3911 2668 3971 manducemus,
2701 3917 2750 3961 et
2771 3910 3052 3978 epulemur,
3078 3905 3199 3975 quia
3227 3903 3310 3955 hic
3338 3901 3478 3972 ﬁlius
3499 3918 3646 3956 meus
3666 3917 3804 3956 mor-

2211 4015 2324 4060 tuus
2351 4013 2464 4058 erat
2485 4044 2499 4068 ,
2531 4011 2580 4055 et
2609 4001 2790 4055 revixit
2813 4015 2830 4052 :
2854 3999 3105 4068 perierat,
3128 4005 3178 4048 et
3195 3995 3429 4048 inuentus
3457 4001 3554 4048 est.
3586 3991 3688 4046 His
3711 4007 3806 4046 au-

2207 4098 2349 4164 ditis,
2366 4097 2544 4153 adhuc
2558 4109 2859 4158 moramur;
2884 4090 3058 4144 adhuc
3079 4104 3186 4143 non
3207 4085 3444 4142 redimus
3466 4087 3530 4140 ad
3553 4085 3802 4156 patrem?

2205 4189 2317 4245 Cito
2346 4191 2572 4261 proferte
2597 4187 2784 4242 stolam
2812 4184 3034 4256 primam
3053 4221 3068 4246 ,
3099 4189 3148 4234 et
3174 4177 3372 4233 induite
3403 4179 3572 4233 illum.
3610 4176 3630 4214 ί
3671 4175 3803 4232 δαςρ

2203 4281 2363 4337 tinuit
2384 4279 2475 4334 ﬁlii
2497 4279 2750 4344 crimina,
2775 4275 2868 4346 qui
2892 4289 3001 4328 non
3023 4270 3274 4327 sustinuit
3305 4269 3596 4326 nuditatem
3631 4288 3647 4322 :
3673 4269 3802 4324 hinc

2205 4436 2348 4491 illius
2388 4435 2530 4490 collo
2573 4431 2818 4502 imponit.
2852 4428 2969 4497 Quo
2999 4443 3166 4483 onere
3195 4442 3304 4482 non
3338 4433 3590 4495 gravatur
3616 4423 3794 4495 ﬁlius,

541 4503 675 4566 ratia
695 4506 1145 4577 resurgere.Vide
1166 4503 1496 4577 Bernardum
1517 4522 1678 4562 serm.
1699 4504 1766 4558 16
1789 4505 2094 4577 in_Cantic.;
2124 4511 2178 4573 Ι)
2203 4507 2297 4562 sed
2321 4506 2554 4577 juvatur.
2589 4503 2752 4577 Mm.

549 4595 741 4638 eonem
780 4574 1037 4633 Mfserm.
1065 4577 1132 4630 12
1167 4577 1235 4632 de
1274 4574 1423 4631 Pass.
1464 4577 1695 4636 Domini.
1724 4592 1792 4630 ex
1827 4575 2089 4647 Apostolo

504 4654 712 4709 dicente
726 4650 792 4706 ad
807 4648 964 4705 Rom.
983 4665 1016 4704 v
1033 4667 1045 4702 :
1070 4647 1166 4703 Ubi
1187 4647 1467 4718 abundauit
1477 4649 2092 4718 Apeccatum,superabun-

504 4725 643 4779 davit
678 4731 728 4777 et
765 4724 955 4793 gratia,
997 4719 1351 4793 inferentem:
1384 4716 1622 4793 Validius
1663 4716 1854 4793 d_onum
1896 4720 2090 4793 factum

502 4813 609 4852 esse
642 4787 889 4848 libertatis
930 4808 1082 4864 quam
1122 4791 1346 4864 debitum
1383 4789 1657 4864 servitutis.
1684 4787 1976 4859 Propterea
1997 4788 2092 4844 dat

503 4868 607 4922 illis
626 4865 820 4921 stolam
852 4859 1080 4934 primam
1101 4904 1116 4928 ,
1136 4863 1262 4934 hoc
1293 4869 1376 4916 est
1407 4859 1782 4934 pretiosiorem
1824 4874 1888 4913 ea
1927 4875 2090 4934 quam

501 4948 625 5008 ante
647 4939 828 5008 ipsum
838 4928 1336 5008 crimen_induerat,
1362 4928 1422 4985 ut
1451 4931 1625 4985 innuit
1645 4928 1982 5008 hialdonatus
2004 4929 2092 5008 hic

499 5028 552 5063 n.
578 4997 759 5073 ﬁlex
780 5005 924 5061 Mita.
956 5004 1090 5060 Vide
1110 5001 1429 5057 Guarricum
1458 5016 1626 5073 serm.
1647 4997 1985 5073 2_Qna_drag.
2019 4999 2089 5073 de

498 5079 633 5135 Filio
655 5067 914 5147 Prodigo;
940 5073 1266 5147 Leonemth
1291 5087 1452 5147 s_eru_u.
1493 5069 1560 5124 12
1596 5070 1664 5124 de
1692 5067 1950 5147 Passigne
1990 5069 2090 5125 sub

498 5152 736 5215 initium;
759 5140 1150 5203 Tertullianum
1170 5143 1262 5198 lib.
1286 5143 1361 5215 de
1376 5142 1680 5197 Resurrect.
1706 5155 1825 5210 cap.
1852 5140 1938 5193 57.

566 5222 594 5261 ι)
625 5211 798 5275 Lucas
827 5218 1116 5286 Brugensis
1161 5215 1248 5270 hic
1285 5232 1296 5266 :
1335 5211 1511 5286 Longe
1546 5221 1659 5286 erat
1689 5228 1720 5264 α
1748 5221 1927 5282 patre,
1969 5211 2090 5286 quia

503 5292 732 5348 nondum
759 5283 1057 5361 conceptam
1090 5288 1265 5341 animo
1293 5283 1645 5355 paenitentiam
1677 5298 1831 5354 opere
1862 5283 2092 5353 perfece-

504 5373 606 5419 ται.

578 5446 600 5474 ο
643 5433 958 5490 Ambrosius
984 5431 1108 5487 hic:
1134 5428 1295 5494 Quasi
1324 5427 1549 5500 quodam
1577 5427 1741 5500 patris
1779 5424 1972 5477 amoris
2007 5424 2091 5494 af-

501 5509 813 5579 fec_tu_supra
835 5503 1023 5560 collum
1057 5500 1229 5563 cadit,
1262 5498 1590 5579 utjacentem
1615 5498 1796 5579 erigat.

570 5575 597 5615 δ
628 5561 912 5632 Peccatum
941 5583 1024 5632 est
1050 5588 1187 5647 onus
1210 5561 1399 5647 grave,
1432 5569 1583 5647 nt_in
1603 5561 1738 5638 psal.
1761 5581 1988 5647 xxxvi",
2022 5561 2086 5630 5;

499 5649 596 5706 sed
627 5663 780 5702 amor
809 5649 976 5712 patris
1017 5636 1254 5702 caelestis
1290 5656 1453 5712 super
1494 5636 1799 5712 hujusmodi
1825 5651 1962 5690 onus
1999 5648 2092 5712 ca:

501 5665 596 5706 580
627 5665 780 5702 amor
849 5665 976 5702 ams
1017 5665 1254 5702 οωιθδιιε
1290 5665 1453 5712 super
1494 5665 1799 5709 ιιυμιδιιιυυι
1825 5665 1962 5690 unua
1999 5665 2092 5688 ua-

501 5721 665 5784 dens,
697 5665 885 5774 illudpe
912 5717 1053 5774 collo
1085 5716 1180 5770 lilii
1199 5715 1374 5784 levat;
1415 5720 1473 5769 et
1507 5703 2092 5784 jugumsuaveuquod

501 5774 768 5865 ambrosii
789 5805 947 5865 sensu
973 5796 1056 5865 est
1081 5786 1267 5865 iugum
1287 5774 1714 5865 Evangeliilvel
1733 5794 1900 5865 sensu
1917 5774 2092 5865 Chr!-

500 5862 720 5920 sostomi
759 5877 909 5916 amor
936 5848 1099 5919 iusius
1125 5848 1238 5919 ﬁci.
1270 5866 1325 5911 et
1353 5848 1658 5910 obs'ervatio
1687 5848 2065 5907 mandatorum

2275 4587 2298 4614 ε
2321 4564 2545 4632 Scilicet
2573 4572 2862 4628 abscondit.
2888 4569 3222 4638 Quandoque
3243 4577 3446 4631 autem,
3477 4575 3537 4621 ut
3557 4564 3797 4638 advertit

2195 4646 2436 4713 Castillo,
2470 4646 2710 4700 claudere
2743 4643 2884 4698 idem
2915 4649 2999 4695 est
3020 4657 3083 4695 ac
3104 4637 3342 4712 abigere,
3379 4639 3644 4711 repellere.
3683 4637 3793 4693 No-

2197 4720 2317 4775 nius
2346 4719 2438 4773 lib.
2471 4734 2506 4772 x
2532 4736 2544 4770 :

2316 4841 2445 4894 Ecce
2468 4840 2618 4890 maris
2637 4848 2812 4900 magno
2829 4833 3004 4884 clausit
3025 4845 3114 4884 nos
3131 4833 3273 4883 obice
3296 4837 3495 4896 pontus.

2268 4995 2289 5031 τ
2317 4991 2374 5046 Id
2410 4998 2493 5045 est
2519 4987 2718 5044 diaboli
2745 4985 3002 5048 technas;
3031 4981 3323 5051 Gregorius
3353 4980 3449 5036 lib.
3482 4997 3535 5036 tv
3556 4980 3606 5035 in
3635 4979 3739 5036 lib.
3767 4981 3792 5035 ι

2192 5063 2400 5132 Regum
2428 5077 2546 5132 cap.
2583 5076 2637 5114 lx
2670 5077 2683 5112 :
2725 5055 2891 5111 Valde
2930 5055 3243 5109 laboriosum
3280 5061 3357 5107 est
3396 5053 3572 5107 omnia
3611 5061 3792 5106 tanta.

2190 5143 2363 5190 menta
2391 5134 2608 5188 vincere.

2266 5215 2290 5249 κ
2320 5204 2525 5258 Similia
2555 5200 2716 5256 habet
2745 5197 2977 5268 Ephrem
2999 5195 3165 5268 Syrus
3191 5203 3324 5268 tom.
3355 5192 3406 5255 Ι.
3429 5193 3788 5268 lamentatio-

2266 5215 2290 5249 κ
2320 5214 2525 5258 Similia
2556 5214 2716 5256 habet
2745 5214 2786 5252 tu
2830 5214 2977 5251 nrem
2999 5214 3165 5258 avrus
3191 5214 3324 5249 tom.
3355 5214 3406 5255 ι.
3430 5214 3788 5250 lamentatio-

2191 5291 2279 5342 ne,
2309 5289 2406 5329 seu
2434 5273 2742 5342 trecatione
2773 5214 2899 5342 ad
2929 5257 3160 5320 animam
3183 5264 3560 5333 negligentem.
3583 5261 3790 5321 Mirum

2190 5339 2356 5416 quam
2386 5339 2542 5406 bene,
2573 5357 2733 5416 quam
2762 5339 2881 5416 pie!
3091 5361 3098 5368 κ

2263 5416 2289 5454 δ
2321 5415 2483 5478 Alias,
2517 5410 2674 5467 tradit
2701 5410 2954 5466 manibus.

2270 5487 2286 5525 ί
2321 5475 2522 5542 Locum
2565 5485 2618 5537 in
2660 5483 2777 5536 aliis
2807 5479 3130 5534 editionibus
3157 5478 3509 5542 depravatum
3534 5475 3789 5531 restitui-

2192 5575 2311 5614 mus
2345 5572 2410 5613 ex
2459 5555 2695 5611 editione
2741 5550 3085 5606 Bononiensi.
3137 5545 3357 5602 Nuditas
3401 5545 3786 5602 confusionem

2192 5630 2364 5701 parit;
2402 5627 2549 5701 Deus
2587 5631 2904 5701 autemnon
2932 5620 3158 5701 sustinet
3195 5617 3565 5701 confusionem
3591 5631 3790 5701 pecca-

2192 5691 2324 5756 toris
2352 5691 2421 5754 ad
2448 5711 2507 5753 se
2534 5695 2826 5750 redeuntis.
2863 5693 2960 5748 Vel
2983 5691 3192 5746 nuditas
3225 5697 3309 5744 est
3339 5691 3584 5744 carentia
3605 5691 3788 5743 virtu-

2193 5779 2326 5854 tum.2
2369 5784 2528 5854 quam
2559 5765 2949 5854 ip‘pmnitente
2976 5758 3550 5854 non‘tolcratngegsi
3566 5757 3789 5854 vel

2192 5837 2436 5899 confusio
2459 5837 2598 5910 apud
2626 5837 2874 5893 homines
2900 5850 2968 5890 ex
2987 5837 3225 5906 peccatis
3251 5837 3587 5898 commissis,
3607 5843 3784 5902 quam
