3902 6362
123 405 214 464 193

1584 394 1812 457 SERMO
1846 394 1933 453 IV.

3290 395 3389 455 196

116 526 191 577 est
213 513 361 589 quod
398 527 430 570 a
457 511 629 570 servis
655 518 781 569 ante
809 509 990 567 vestiri
1019 507 1189 566 voluit
1215 506 1402 575 tilium,
1433 521 1597 580 quam
1624 508 1699 563 vi-
1722 511 1778 573 Α
1801 505 2064 577 saginam.
2095 504 2201 562 Sed
2229 503 2581 563 differendum
2624 512 2739 573 est,
2785 513 2845 563 ut
2883 504 3111 563 senioris
3146 506 3392 570 dolorem

117 609 220 669 deri
262 626 278 663 :
316 613 379 664 ut
426 606 528 664 soli
566 606 710 680 patri
739 613 868 662 nota
905 610 1050 661 esset
1087 601 1304 659 auditas
1335 620 1348 656 :
1381 600 1505 672 quia
1544 608 1702 672 pater
1799 607 2088 669 vetustum,
2112 599 2460 656 vetustiorem
2489 598 2666 656 fratris
2694 599 2948 658 invidiam
2976 616 3384 674 prosequamur.

117 701 251 761 solus
277 698 465 756 videre
493 697 587 754 filii
617 715 723 755 non
750 705 966 771 poterat
993 695 1308 754 nuditatem.
1343 694 1454 751 Cito
1476 696 1702 768 proferte

117 797 289 853 stolam
317 795 562 866 primam.
595 791 757 848 Pater
788 790 877 848 hic
903 790 999 861 qui
1030 799 1056 829 ⁸
1085 790 1141 846 in
1170 788 1421 846 secundis
1445 803 1565 845 esse
1593 804 1702 843 non

117 903 290 962 passus
319 893 408 942 est
436 892 782 957 peccatorem
800 925 814 950 ,
847 883 970 954 plus
994 882 1063 939 de
1086 881 1244 938 venia
1268 896 1431 952 quam
1454 879 1522 938 de
1544 879 1702 951 justi-

115 980 180 1034 tia
206 975 464 1048 gaudium
484 975 600 1031 vult
618 974 837 1030 habere.
865 972 978 1028 Cito
998 975 1227 1045 proferte
1245 972 1434 1028 stolam
1455 972 1696 1045 primam.

116 1071 222 1128 Non
260 1069 434 1138 dixit,
463 1067 608 1125 unde
641 1069 832 1124 venis?
868 1065 1014 1123 fuisti
1042 1066 1170 1123 ubi?
1198 1067 1287 1121 ubi
1316 1073 1443 1121 sunt
1470 1080 1590 1134 quae
1619 1073 1703 1121 tu-

117 1166 250 1224 listi?
283 1178 461 1235 quare
509 1170 712 1218 tantam
753 1160 982 1231 gloriam
1013 1168 1161 1216 tanta
1189 1157 1525 1230 turpitudine
1562 1173 1706 1214 com-

116 1258 356 1316 mutasti?
387 1257 486 1314 sed
519 1275 532 1310 :
564 1254 677 1312 Cito
705 1257 932 1328 proferte
958 1253 1144 1310 stolam
1172 1255 1414 1327 primam,
1438 1261 1489 1307 et
1505 1251 1706 1307 induite

119 1353 263 1408 illum.
307 1349 522 1407 Videtis
569 1349 696 1421 quia
733 1348 929 1404 delicta
967 1347 994 1387 δ
1033 1363 1143 1403 non
1181 1346 1326 1403 videt
1363 1346 1445 1401 vis
1482 1345 1699 1400 amoris.

120 1444 331 1500 Tardam
365 1441 797 1499 misericordiam
826 1450 985 1514 pater
1021 1441 1208 1497 nescit.
1241 1439 1448 1495 Delicta
1475 1439 1567 1509 qui
1597 1438 1706 1495 dis-

122 1538 255 1603 cutit,
287 1535 496 1608 prodit.
525 1533 592 1589 Et
611 1535 731 1590 date
758 1536 1011 1589 annulum
1033 1534 1089 1588 in
1117 1549 1276 1588 manu
1310 1532 1440 1604 ejus.
1474 1530 1705 1587 Paterna

120 1631 274 1702 pietas
299 1637 567 1685 contenta
597 1644 703 1684 non
725 1634 808 1682 est
835 1625 1198 1682 innocentiam
1227 1639 1482 1695 reparare
1510 1623 1702 1690 solam,

123 1722 208 1779 nisi
250 1721 543 1791 pristinum
576 1730 598 1759 ο
629 1719 880 1776 restituat
920 1725 976 1773 et
1004 1717 1284 1772 honorem.
1324 1713 1394 1768 Et
1435 1714 1554 1768 date
1593 1713 1706 1766 cal-

122 1821 370 1867 reamenta
420 1812 478 1866 in
518 1810 730 1882 pedibus
775 1810 906 1882 ejus.
956 1807 1129 1876 Quam
1163 1822 1371 1879 pauper
1407 1805 1567 1862 rediit
1613 1805 1706 1876 qui

2419 759 2647 818 SERMO
2681 761 2770 820 IV.

1806 873 1883 930 De
1901 873 2095 930 eisdem
2113 914 2127 939 ,
2153 875 2240 930 ubi
2261 874 2326 930 de
2346 875 2505 932 livore
2523 877 2743 932 senioris
2772 878 2871 949 filii
2891 878 2945 934 in
2974 879 3249 952 prodigum
3270 882 3391 936 red-

2490 957 2712 1003 euntem.

1877 1065 1952 1120 De
1975 1063 2205 1134 junioris
2234 1062 2329 1120 filii
2369 1063 2545 1120 reditu
2571 1070 2628 1120 et
2655 1064 2830 1122 salute
2857 1064 3179 1136 gaudentes,
3215 1082 3395 1123 semo-

1803 1157 1879 1212 ris
1927 1156 2174 1214 flebiliter
2214 1158 2524 1229 pandimus,
2577 1166 2632 1214 et
2678 1157 2925 1214 dolemus
2965 1158 3254 1224 invidiam,
3302 1159 3395 1230 qui

1805 1267 2070 1308 summum
2107 1250 2122 1291 ί
2159 1251 2482 1322 Frugalitatis
2508 1253 2711 1308 bonum
2733 1260 2976 1308 extremo
2998 1252 3099 1308 zeli
3118 1253 3261 1308 malo
3281 1267 3398 1324 per-

1805 1342 1940 1399 didit
1969 1351 2023 1399 et
2045 1343 2250 1400 livoris.
2276 1341 2426 1412 Erat,
2459 1344 2649 1414 inquit,
2676 1344 2817 1415 ﬁlius
2838 1344 2950 1416 ejus
2969 1345 3144 1401 senior
3168 1345 3224 1400 in
3246 1362 3393 1418 agro,

1807 1444 1992 1492 etcum
2020 1439 2231 1501 veniret,
2263 1445 2313 1492 et
2341 1437 2780 1510 appropinquaret
2801 1436 2996 1505 domui,
3021 1437 3216 1493 audivit
3255 1454 3396 1510 sym-

1806 1532 2052 1603 phoniam
2080 1541 2130 1586 et
2160 1531 2361 1597 choros,
2387 1541 2436 1586 et
2462 1532 2660 1586 vocavit
2685 1548 2844 1586 unum
2868 1531 2931 1586 de
2955 1533 3131 1597 servis,
3163 1540 3214 1586 et
3238 1531 3400 1586 inter-

1809 1625 2008 1696 rogavit
2035 1641 2148 1696 qua:
2178 1623 2287 1679 hIBC
2320 1632 2509 1679 essent.
2549 1623 2704 1697 Isque
2732 1624 3037 1695 respondit:
3067 1622 3256 1679 Frater
3287 1633 3400 1677 tuus

1808 1718 1973 1781 venit,
2009 1726 2060 1770 et
2097 1716 2287 1772 occidit
2332 1726 2480 1788 pater
2509 1725 2624 1772 tuus
2652 1716 2868 1772 vitulum
2906 1717 3236 1788 saginatum,
3281 1717 3401 1788 quia

1809 1810 2007 1865 salvum
2031 1810 2178 1866 illum
2203 1811 2408 1883 recepit.
2435 1809 2750 1882 Indignatus
2779 1820 2856 1864 est
2878 1819 3048 1866 autem
3068 1850 3080 1874 ,
3119 1820 3168 1865 et
3196 1809 3402 1866 nolebat

123 1903 299 1960 ditatus
327 1903 694 1966 abscesserat,
719 1910 774 1957 et
795 1901 862 1957 de
885 1908 998 1956 tota
1018 1899 1316 1955 substantia
1337 1899 1704 1954 calceamenta
1735 1916 1782 1977 Β
1807 1904 2044 1959 introire.
2083 1903 2246 1972 Erat,
2284 1904 2485 1974 inquit,
2512 1904 2653 1976 ﬁlius
2681 1904 2794 1977 ejus
2826 1906 2996 1960 senior
3024 1906 3078 1959 in
3099 1921 3244 1977 agro.
3271 1903 3402 1960 Erat

125 1996 168 2051 in
187 1995 410 2067 pedibus
435 2011 547 2051 non
578 2000 840 2065 reportat.
873 1991 1011 2047 Date
1039 1991 1386 2046 calceamenta
1406 1991 1461 2043 in
1489 1988 1704 2061 pedibus

125 2091 232 2162 ejus.
254 2086 331 2144 Ne
352 2087 447 2143 vel
466 2087 522 2142 in
541 2085 679 2158 pede
700 2091 1006 2141 remaneret
1023 2086 1049 2120 α
1073 2083 1390 2138 deformitas
1412 2080 1701 2147 nuditatis;

127 2189 252 2239 certe
277 2189 336 2235 ut
365 2179 643 2237 calceatus
663 2177 950 2233 anterioris
979 2175 1106 2232 vitae
1135 2175 1337 2231 rediret
1368 2173 1436 2228 ad
1465 2187 1701 2230 cursum.

127 2273 184 2329 Et
198 2272 438 2328 adducite
457 2273 672 2328 vitulum
691 2271 1004 2344 saginatum.
1035 2267 1351 2325 Communis
1369 2267 1567 2323 vitulus
1597 2282 1706 2323 non

127 2369 328 2434 sullicit,
378 2366 484 2422 nisi
526 2365 689 2420 fuerit
715 2365 958 2436 pinguis,
1001 2362 1103 2418 nisi
1139 2371 1162 2400 ο
1206 2359 1368 2417 fuerit
1394 2360 1702 2430 saginatus;

126 2461 304 2516 vitulus
331 2459 553 2531 pinguis
579 2465 808 2514 testatur
836 2465 1076 2528 paternae
1112 2453 1492 2526 pinguedinem
1526 2453 1708 2509 chari-

127 2553 253 2607 tatis.
284 2549 352 2604 Et
392 2550 641 2604 adducite
680 2549 891 2602 vitulum
917 2548 1246 2621 saginatum,
1286 2554 1338 2600 et
1379 2543 1628 2609 occidite,
1661 2552 1710 2597 et

127 2643 479 2698 manducemus
497 2682 512 2706 ,
549 2651 601 2695 et
625 2641 890 2713 epulemur
917 2656 935 2694 :
965 2640 1089 2712 quia
1121 2638 1204 2692 hic
1226 2637 1368 2710 ﬁlius
1401 2653 1542 2692 meus
1565 2653 1710 2691 mor-

127 2743 227 2789 tuus
247 2736 431 2807 fuerat,
457 2743 509 2789 et
528 2735 744 2799 revixit;
768 2733 1012 2804 perierat,
1035 2739 1086 2786 et
1103 2731 1340 2785 inventus
1358 2738 1454 2785 est.
1485 2728 1505 2768 ί
1530 2728 1714 2785 Histo-

126 2829 246 2884 riam
271 2829 548 2898 loquimur
576 2828 769 2894 adhuc,
802 2836 857 2883 et
872 2825 983 2896 jam
1005 2826 1306 2894 cogitamus
1327 2839 1586 2881 arcanum
1608 2841 1710 2880 nu-

126 2921 242 2976 dare
261 2922 600 2993 mysterium.
627 2930 653 2969 8
677 2918 919 2974 Mortuus
950 2917 1113 2985 filius,
1145 2917 1298 2973 vituli
1322 2917 1614 2973 suscitatur
1641 2933 1710 2974 ex

123 3019 324 3079 morte,
365 3021 423 3069 et
457 3027 599 3068 unus
635 3010 840 3066 vitulus
879 3009 1045 3066 totius
1083 3007 1300 3064 familite
1328 3005 1359 3047 ιι
1387 3006 1628 3064 funditur
1653 3009 1709 3064 in

122 3156 379 3220 peccator
405 3148 460 3220 in
483 3155 716 3220 extremo
744 3146 834 3220 die
859 3146 1080 3220 minime
1107 3145 1376 3212 incurret,
1409 3147 1453 3202 si
1481 3153 1702 3218 peccata

125 3217 211 3276 sua
233 3219 504 3290 sacerdoti
523 3219 748 3290 pandat.
772 3217 852 3272 Ex
881 3217 1029 3273 Mita.

189 3301 213 3328 ιι
245 3289 369 3344 Mita
400 3288 630 3360 explicat
660 3307 674 3342 :
707 3289 803 3344 Vel
845 3289 970 3358 quia
1007 3296 1350 3360 peccatorem
1387 3288 1454 3343 ad
1487 3303 1547 3344 se
1573 3303 1706 3344 con-

130 3377 328 3418 versum
357 3361 502 3416 Deus
525 3361 642 3416 vult
667 3361 720 3414 in
751 3361 924 3430 primo
971 3376 1198 3416 numero
1241 3375 1462 3415 suorum
1507 3361 1710 3415 amico—
1733 3360 1780 3424 C

131 3449 273 3497 rum;
302 3431 384 3488 vel
414 3433 545 3503 quia
583 3448 688 3487 non
719 3433 919 3502 patitur
946 3447 1064 3486 esse
1092 3432 1154 3503 in,
1175 3431 1426 3487 secundis
1454 3440 1708 3503 peccato-

131 3505 287 3564 ribus,
315 3503 403 3572 qui
437 3499 547 3573 per
583 3499 814 3557 mortem
841 3511 1098 3573 aeternam
1126 3499 1479 3573 damnantur;
1503 3499 1714 3556 Utrum-

131 3577 206 3629 vis
231 3571 380 3642 elige.
412 3571 528 3643 Ego
567 3588 631 3628 ex
675 3574 835 3642 genio
873 3571 1192 3644 Chrysologi
1239 3572 1654 3644 interpretarem
1694 3589 1708 3625 :

133 3644 237 3701 Non
265 3661 454 3715 passus
488 3653 572 3699 est
605 3652 942 3715 peccatorem
965 3643 1086 3700 esse
1113 3643 1166 3697 in
1196 3643 1475 3708 secundis,
1509 3643 1561 3697 id
1596 3652 1710 3708 est,

134 3716 179 3770 in
205 3715 546 3771 inferioribus
567 3715 834 3781 vestibus,
866 3730 1002 3784 quas
1029 3715 1278 3769 familiari
1302 3715 1401 3770 sibi
1423 3721 1715 3784 contrapo-

135 3787 344 3842 sitorum
385 3803 486 3843 usu
530 3794 686 3842 vocat
722 3788 1014 3848 secundas,
1055 3793 1109 3840 et
1153 3785 1326 3855 prima
1367 3787 1506 3840 stola
1545 3785 1716 3855 voluit

135 3858 340 3913 amiciri.
382 3856 566 3912 Potuit
606 3866 661 3912 ct
697 3857 764 3911 ad
793 3857 923 3911 illud
951 3853 1264 3911 Latinorum
1283 3857 1566 3926 respicere
1599 3873 1611 3908 :
1646 3853 1714 3909 In

135 3930 295 3999 primis
337 3930 630 3983 amicorum
655 3944 794 3995 esse,
839 3935 898 3982 ut
938 3936 994 3983 et
1031 3926 1160 3982 Mita
1195 3926 1426 3983 fortasse
1463 3927 1715 3998 opinatus

135 4009 223 4055 est.

191 4071 216 4110 δ
243 4071 338 4127 bis.
386 4069 624 4126 Caesenae
649 4070 844 4134 habet,
870 4070 959 4142 jus
987 4071 1197 4125 amoris.
1231 4067 1382 4124 Stola
1407 4069 1574 4125 vestis
1599 4075 1718 4142 erat

137 4141 353 4214 oblonga
386 4143 452 4214 ad
480 4143 622 4214 talos
648 4157 817 4214 usque
831 4139 1082 4214 demissa,
1103 4141 1312 4214 caeteris
1334 4141 1583 4214 nobilior,
1599 4139 1718 4214 sine

135 4227 225 4283 qua
261 4211 314 4268 in
363 4213 638 4284 publicum
668 4212 1142 4284 prodireingenuo
1172 4212 1466 4281 indignum.
1489 4211 1714 4284 ΔΑιῖιίίιιιτ

137 4280 206 4339 lus
229 4292 317 4344 τὴν
347 4280 482 4340 ante
506 4280 688 4344 στολήῦ
716 4283 950 4339 ostendit
972 4280 1077 4339 non
1098 4283 1165 4338 de
1185 4280 1374 4352 quavis
1399 4282 1537 4338 stola
1568 4280 1716 4350 loqui

137 4354 180 4427 in
201 4354 516 4426 Evangelia,
548 4355 644 4410 sed
669 4355 736 4409 de
761 4364 928 4427 certa,
965 4355 1054 4427 uti
1070 4353 1230 4425 paulo
1252 4363 1377 4427 post
1403 4355 1489 4427 τόν
1509 4353 1715 4427 psam

136 4425 192 4482 de
215 4424 378 4483 certd
393 4427 561 4482 vitulo
579 4467 593 4491 ,
623 4433 682 4480 ut
708 4425 938 4480 advertit
961 4424 1271 4493 Cajetanus.
1302 4425 1452 4481 Stola
1483 4424 1618 4493 ergo
1635 4424 1716 4477 vi-

137 4495 275 4570 detur
314 4497 660 4570 Chrysologo
697 4495 997 4570 signiﬁcare
1024 4496 1218 4570 divinat
1238 4496 1590 4570 indulgentiae
1617 4494 1713 4570 be-

135 4569 408 4629 neﬁcium,
435 4563 551 4623 'vel
595 4563 860 4636 gratiam,
909 4583 1070 4637 quam
1101 4565 1376 4637 Prodigus
1403 4563 1716 4637 peccando

136 4650 366 4695 exuerat.
395 4639 527 4694 Vide
551 4635 1043 4710 Euthymiumcap.
1079 4636 1147 4710 57
1169 4639 1221 4692 in
1251 4635 1376 4710 cap.
1405 4635 1472 4710 xv
1500 4635 1674 4690 Lucae.

196 4721 218 4750 ε
273 4711 569 4778 Prodigum
610 4708 708 4779 per
761 4709 946 4779 annuli
985 4709 1327 4779 traditionem
1366 4708 1418 4762 in
1450 4709 1714 4779 honorem

136 4782 328 4838 restitui
363 4773 561 4837 ass'erit
580 4773 799 4836 A'uctor.
824 4777 980 4850 Apud
1003 4778 1254 4835 Hebraeos
1274 4779 1418 4834 enim
1439 4787 1495 4850 et
1513 4777 1715 4850 Roma—
1744 4773 1793 4832 Ι)

136 4869 219 4908 nos
260 4853 530 4908 libertatis
568 4859 624 4907 et
671 4847 1015 4919 ingenuitatis
1042 4859 1160 4906 erat
1187 4851 1413 4917 insigne.
1439 4847 1625 4903 Jacob.
1651 4863 1708 4910 ιι,

135 4921 164 4976 2
190 4943 201 4976 :
232 4923 291 4980 Si
329 4923 591 4979 introierit
628 4922 683 4975 in
711 4932 1013 4976 conventum
1032 4932 1252 4976 vestrum
1289 4922 1366 4976 vir
1386 4935 1597 4973 aureum
1619 4934 1716 4971 an-

133 4995 298 5050 nulum
337 4995 536 5050 habens
573 4995 631 5048 in
667 5003 800 5048 veste
837 4991 1062 5046 candida
1087 5033 1102 5056 ,
1143 5002 1249 5049 etc.
1302 4990 1718 5060 Antiquissimus

135 5067 258 5136 apud
314 5066 575 5122 Hebr-mos
621 5064 942 5136 annulorum
979 5079 1144 5136 usus,
1194 5064 1377 5136 vel_in
1427 5059 1578 5123 lidei,
1628 5059 1716 5113 vel

136 5133 486 5206 auctoritatis,
523 5137 609 5192 vel
652 5135 791 5206 grati
827 5135 993 5206 animi
1019 5136 1249 5206 signum.
1281 5133 1477 5206 Cenes.
1523 5145 1713 5206 xxvnt,

135 5205 210 5272 18,
239 5225 360 5274 xu,
396 5200 499 5292 42:3
527 5200 681 5292 Num:
713 5223 867 5292 illam,
1009 5200 1229 5292 Mfstice
1259 5205 1344 5287 hic
1387 5205 1482 5259 Dei
1522 5203 1576 5257 in
1609 5200 1722 5256 anis

135 5293 210 5332 ma
235 5295 334 5350 per
360 5281 589 5349 gratiam
612 5278 958 5334 inhabitantis
986 5278 1143 5331 arrha
1171 5285 1226 5331 et
1262 5278 1474 5346 pignus.
1678 5343 1690 5355 ο

194 5346 221 5386 ’λ
248 5349 479 5408 Calceus
507 5351 651 5406 enim
669 5350 885 5418 ,‘inquit
906 5348 993 5403 hic
1016 5345 1186 5403 Lucas
1217 5347 1502 5416 Brugensis
1519 5387 1533 5411 ,
1567 5343 1716 5418 habt-

135 5428 210 5476 tus
235 5431 319 5478 est
343 5433 399 5478 et
417 5438 518 5478 orn
537 5415 803 5476 lmentuni
819 5419 1052 5476 hominis
1073 5427 1257 5475 tenere
1279 5415 1719 5488 etingeﬁnueedu—

135 5493 246 5548 cati.
277 5493 349 5548 Et
373 5493 602 5550 fortasse
631 5493 701 5547 ob
722 5493 825 5548 hoc
851 5491 1097 5546 Christus
1126 5491 1178 5545 in
1209 5487 1712 5559 Evang.’Matth.ix,

135 5561 210 5635 10,
242 5566 552 5622 calceorum
587 5580 741 5619 usum
770 5563 1046 5635 prohibuit
1073 5558 1500 5635 apostolis,non
1523 5558 1716 5635 sanda—

134 5633 345 5704 liorum,
375 5637 459 5693 vel
489 5629 786 5693 solearum:
809 5629 1172 5704 anestinnem
1202 5634 1369 5704 agitat
1389 5630 1642 5704 Suicerus
1662 5629 1717 5687 in

135 5704 406 5764 Thesauro
435 5717 566 5764 tom.
592 5707 664 5774 ll,
725 5722 808 5776 ag.
845 5705 999 5760 1387.
1024 5703 1304 5761 Nonnulla:
1325 5704 1589 5759 editiones
1618 5703 1716 5757 ha-

135 5774 254 5831 bent
282 5781 644 5831 calciamenta.
670 5722 893 5831 galeiari
913 5787 969 5831 et
990 5777 1213 5831 calciare
1231 5777 1286 5831 in
1314 5774 1484 5831 Plinio
1505 5773 1716 5831 iuniore

133 5774 254 5833 bent
282 5773 893 5836 ealciamenta.Cal}:iari
913 5787 969 5832 et
990 5777 1213 5832 calciare
1231 5777 1286 5832 in
1314 5774 1484 5831 Plinio
1502 5773 1718 5844 juniore

133 5856 183 5902 et
213 5849 478 5907 Suetonio
517 5850 826 5908 observavit
866 5847 1088 5906 Vossius
1123 5848 1193 5905 de
1228 5847 1387 5904 Vitiis
1414 5847 1590 5905 Serm.
1622 5845 1713 5903 lib.

134 5931 217 5976 νιι.

1812 1996 1865 2050 in
1888 2011 2017 2066 agro
2046 2004 2244 2051 terram
2275 1997 2573 2067 percolens,
2606 2013 2665 2053 se
2692 1997 2988 2064 desertans,
3013 1997 3266 2052 duritiam
3287 1998 3398 2052 sol-

1810 2089 1887 2142 vit
1909 2089 2126 2160 cespitis
2145 2131 2158 2155 ,
2191 2089 2369 2146 cordis
2396 2089 2655 2160 perdurat
2682 2090 2962 2158 allectum,
3006 2098 3187 2145 sentes
3225 2090 3404 2145 eradi-

1812 2189 1900 2236 cat
1927 2189 1981 2236 et
2009 2180 2279 2251 gramina,
2318 2181 2566 2238 stimulos
2605 2182 2818 2238 invidiae
2848 2199 2954 2238 non
2985 2183 3181 2238 evellit.
3223 2181 3314 2237 Sic
3347 2182 3402 2236 in

1811 2281 1994 2342 segete
2031 2273 2337 2343 cupiditatis
2377 2271 2607 2330 fructum
2649 2273 2749 2329 zeli
2790 2274 2996 2344 colligit
3019 2281 3075 2329 et
3101 2273 3304 2329 livoris.
3336 2271 3404 2328 Et

1813 2384 1925 2422 eum
1955 2369 2175 2433 veniret,
2199 2367 2403 2437 inquit,
2433 2376 2483 2422 et
2503 2369 2940 2442 appropinquaret
2969 2367 3142 2424 domui
3159 2407 3174 2432 ,
3207 2367 3404 2422 audivit

1810 2461 2169 2532 symphoniam
2190 2470 2239 2514 et
2259 2460 2460 2516 choros.
2499 2459 2742 2515 Invidum
2773 2458 2921 2529 fugat
2947 2458 3264 2532 symphonia
3285 2457 3399 2530 pie-

1813 2553 1938 2608 tatis
1957 2595 1970 2619 ,
2002 2554 2201 2608 chorus
2230 2551 2509 2608 charitatis
2550 2552 2819 2616 excludit,
2852 2560 2906 2607 et
2933 2567 3094 2621 quem
3123 2551 3310 2607 venire
3339 2551 3406 2607 ad

1814 2642 2066 2708 fratrem,
2099 2651 2154 2699 et
2187 2643 2623 2715 appropinquare
2653 2642 2870 2707 domui,
2903 2651 3062 2698 vocat
3089 2642 3227 2697 ratio
3250 2649 3408 2696 natu-

1813 2750 1906 2801 rm,
1938 2735 2083 2790 hunc
2109 2734 2395 2806 pervenire
2423 2733 2573 2789 aelus
2600 2749 2708 2789 non
2730 2733 2878 2800 sinit,
2902 2733 3040 2788 livor
3067 2749 3174 2789 non
3203 2733 3408 2804 patitur

1815 2827 2057 2882 introire.
2095 2831 2109 2877 t
2147 2825 2350 2881 Invidia
2371 2826 2573 2881 malum
2590 2825 2881 2892 vetustum,
2911 2825 3085 2896 prima
3111 2825 3276 2892 labes,
3307 2840 3408 2880 an-

1817 2920 2026 2989 tiquum
2065 2919 2242 2986 virus,
2287 2919 2609 2975 saeculorum
2649 2935 2948 2987 venenum,
2993 2934 3153 2976 causa
3184 2918 3405 2975 funeris.

1818 3010 1943 3067 Haec
1971 3013 2024 3066 in
2058 3011 2325 3083 principio
2350 3011 2526 3082 ipsum
2553 3011 2801 3082 angelum
2829 3011 3021 3081 ejecit,
3054 3019 3110 3068 et
3140 3011 3170 3050 ι
3210 3010 3412 3082 deiecit

1884 3158 1908 3186 ο
1937 3147 2104 3203 Vituli
2138 3156 2194 3204 et
2228 3149 2398 3204 boves
2434 3147 2488 3203 in
2527 3149 2899 3205 conviviorum
2935 3147 3323 3204 solemniorum
3356 3156 3412 3205 et

1810 3220 2196 3275 sacriﬁciorum
2227 3235 2381 3274 usum
2403 3220 2700 3274 alebantur.
2726 3218 2873 3286 Quos
2893 3217 3067 3276 Graeci
3095 3218 3237 3275 inter
3256 3219 3410 3276 cibos

1812 3292 2279 3352 πολυτελεστάτους
2306 3288 2636 3346 referebant.

1889 3362 1907 3400 ί
1952 3363 2125 3418 Vocat
2160 3362 2249 3417 hic
2285 3359 2650 3432 Chrysologus
2678 3361 2990 3431 parabolam
3021 3359 3408 3432 evangelicam.

1815 3432 2225 3559 gisioriacnim
2264 3431 2493 3489 vocatur
2531 3431 2784 3502 quaelibet
2811 3447 2993 3488 rerum
3019 3431 3327 3502 explanatio
3355 3439 3414 3487 et

1853 3521 1914 3559 ec
1938 3513 2128 3558 aratro.

1853 3505 2128 3560 eclaratio.

1890 3585 1915 3623 Β
1947 3575 2138 3630 Aiebat
2166 3572 2320 3629 Philo
2350 3573 2545 3644 impios
2565 3574 2726 3630 etiam
2751 3573 2818 3628 ad
2841 3580 3143 3629 extremum
3165 3575 3412 3631 viventes

1815 3647 2024 3702 senium
2039 3655 2280 3700 mortuos
2302 3643 2442 3700 esse.
2466 3643 2547 3700 Ad
2573 3661 2689 3701 rem
2712 3644 2933 3701 Drusius
2954 3645 3134 3700 laudat
3153 3644 3412 3701 Hebrum-

1815 3734 1935 3787 rum
1963 3717 2211 3787 adagium
2237 3735 2248 3770 ε
2284 3715 2516 3786 Improbi
2548 3716 2670 3771 dum
2697 3717 2887 3781 vivunt,
2915 3717 3104 3771 mortui
3117 3725 3264 3787 sunt.

1888 3786 1916 3825 h
1941 3787 2033 3842 llis
2053 3785 2233 3842 verbis
2253 3788 2430 3842 nullus
2453 3787 2662 3841 dubitat
2689 3787 3088 3842 sanctissimum
3108 3785 3237 3843 Jesu
3255 3785 3416 3842 Chri-

1816 3859 1885 3914 sti
1915 3875 2113 3928 corpus
2153 3859 2206 3928 in
2239 3857 2575 3913 Eucharistia
2606 3857 2851 3928 ﬁdelibus
2879 3857 3224 3928 propinatum
3253 3857 3414 3928 signi«

1817 3929 1983 4001 ﬁcari.
2016 3929 2150 3985 Vide
2171 3927 2515 4001 Euthymium
2544 3944 2664 4001 cap.
2695 3927 2762 3982 5'1
2791 3927 3097 4001 inLucam.
3121 3997 3134 4001 Α
3156 3998 3242 4001 ψ-
3401 3955 3410 3964 τ

1897 4003 1912 4038 ί
1945 3997 2383 4073 Chrysostomus,
2409 4010 2538 4073 tom.
2563 3997 2640 4064 ll,
2671 4001 2819 4054 hom.
2850 3999 2930 4073 l6,
2965 4014 3086 4070 pag.
3113 3997 3250 4054 1074
3279 3999 3409 4056 edit.

1816 4070 1987 4143 Paris.
2025 4090 2037 4125 :
2061 4070 2320 4143 Luxuria:
2318 4081 2416 4143 ρει
2444 4071 2662 4126 adversa
2684 4071 2978 4143 frugalitas.

1891 4145 1905 4194 l
1945 4142 2200 4212 Virgilius
2226 4142 2270 4197 ll
2293 4141 2510 4198 IEneid.
2548 4159 2562 4196 :

2009 4245 2134 4296 Hinc
2157 4245 2270 4296 mihi
2297 4245 2448 4308 prima
2475 4242 2588 4293 mali
2608 4243 2761 4294 labes.

1819 4353 2034 4409 Invidus
2065 4352 2176 4423 (ait
2203 4352 2444 4423 Basilius
2468 4358 2601 4423 tom.
2631 4349 2707 4415 ll,
2739 4349 2886 4423 hom.
2933 4347 3002 4404 de
3043 4348 3243 4423 Invidia
3283 4363 3407 4423 pag.

1819 4423 1914 4490 9'2,
1955 4420 2159 4480 recent.
2211 4423 2364 4488 edit.,
2397 4421 2487 4477 ubi
2526 4421 2680 4492 plura
2723 4421 2828 4475 alia
2868 4420 3147 4491 congerit)
3178 4420 3416 4476 morbum

1815 4497 1956 4550 intus
2004 4495 2197 4548 detinet
2250 4493 2599 4548 absumentem
2647 4493 2845 4548 viscera
2886 4500 3039 4550 atque
3078 4491 3412 4548 irrodentem.

1818 4564 2053 4622 Consule
2078 4563 2524 4636 Chrysqstomum
2552 4564 2713 4636 hom.
2732 4561 2800 4616 40
2831 4562 2882 4616 in
2907 4559 3096 4636 blatth.
3122 4577 3243 4636 pag.
3275 4559 3410 4636 2.169,

1818 4645 1874 4694 et
1902 4639 2047 4693 hom.
2087 4636 2153 4690 5⁵1
2187 4631 2238 4690 in
2267 4634 2423 4690 Joan.
2464 4649 2585 4704 pag.
2623 4631 2716 4687 75l
2742 4673 2761 4704 ,ν
2789 4641 2844 4704 et
2871 4633 2997 4688 alibi
3029 4631 3417 4704 plurie’srCre—

1855 4725 1934 4764 or.
1985 4707 2236 4762 Nazianz.
2269 4715 2405 4761 orat.
2443 4703 2546 4771 28,
2584 4719 2704 4776 pag.
2743 4703 2847 4757 466
2884 4703 3213 4760 θάἰιέΡίινίε.
3257 4703 3410 4758 1650.

1855 4782 2045 4827 Lreunr.
2077 4777 2302 4827 stsen.
2339 4786 2468 4827 tom.
2501 4775 2552 4827 Ι.
2599 4789 2719 4827 naa.
2751 4773 2858 4827 242
2887 4775 3015 4827 edit.
3051 4773 3220 4827 Paris.
3256 4773 3410 4827 1622.

1869 4793 2045 4904 rIegBr.
2077 4777 2302 4902 NFssen.
2339 4775 2552 4859 tom."l,
2584 4773 2719 4866 'pag.
2751 4773 3027 4858 21.2.edit.‘
3051 4773 3220 4830 Paris.
3256 4773 3431 4868 1622.

1988 4850 2118 4922 iabp
2143 4867 2156 4903 ι
2181 4850 2391 4922 lapsum
2414 4848 2503 4922 ain
2523 4861 2741 4916 quoque
2767 4845 3118 4922 {idhanldlllm
3149 4844 3436 4922 referun_t.i

1821 4919 1955 4977 Vide
1984 4913 2249 4975 Rufinum'
2269 4913 2611 4974 Palaestinam
2652 4913 2792 4986 apud
2823 4913 3000 4986 Sirmo
3024 4916 3166 4970 idum
3193 4925 3321 4971 tom.
3359 4913 3437 4981 l,‘

1823 5007 1946 5062 pag.
1984 4989 2102 5052 169,
2137 5007 2281 5046 num.
2315 4988 2386 5042 ‘22
2417 5007 2429 5042 :
2467 4986 2615 5043 Unde
2641 4985 2758 5062 ille,
2788 5003 2937 5058 quem
2966 4985 3139 5062 divina
3169 4987 3414 5062 Scripta-

1822 5055 2172 5117 ra'diabolnm
2213 5062 2480 5115 nominare
2522 5055 2810 5122 consuevit,
2855 5067 2903 5111 et
2942 5057 3056 5128 ejus
3093 5055 3299 5128 pariter
3321 5055 3418 5128 qui

1825 5134 2064 5188 dicuntur
2074 5132 2254 5204 angeli
2271 5149 2386 5204 cum
2408 5131 2587 5204 primis
2613 5128 2903 5204 Itomin'bus
2921 5126 3232 5204 inviderent,
3247 5126 3427 5185 Adam,

1827 5205 1960 5264 dico.
1987 5214 2036 5257 et
2069 5197 2220 5266 Eva},
2256 5220 2287 5257 a
2318 5197 2467 5273 beata
2493 5203 2595 5255 vita
2617 5217 2773 5273 quam
2801 5197 3380 5273 primumpossederant
3398 5238 3414 5263 ,

1823 5277 2019 5346 seipsos
2049 5275 2361 5346 alienarunt.
2405 5271 2538 5346 Mira
2581 5267 2847 5346 consonat
2884 5267 3184 5346 Cyprianus
3225 5269 3276 5322 in
3321 5268 3412 5346 lib.

1825 5341 2052 5402 de'Zelo
2083 5354 2140 5402 et
2169 5344 2366 5399 Livore
2398 5361 2410 5396 :
2445 5342 2584 5396 Hinc
2619 5342 2854 5397 diabolus
2883 5341 3014 5394 inter
3055 5341 3201 5393 initia
3245 5341 3418 5393 statim

1822 5417 2027 5482 mundi,
2057 5426 2106 5472 et
2131 5418 2286 5489 periit
2320 5416 2515 5489 primus
2544 5423 2606 5489 et
2621 5413 2867 5489 perdidit.
2905 5409 3002 5466 Ille
3032 5410 3418 5489 dudum_angc-

1823 5490 1925 5544 lica
1953 5482 2226 5560 majestate
2261 5482 2546 5560 subnixus;
2589 5482 2678 5560 ille
2721 5483 2830 5560 Περ
2855 5492 3092 5560 acceptus
3121 5491 3170 5535 et
3199 5482 3415 5560 clam-ns,

1824 5553 2092 5634 postquam
2114 5560 2374 5634 hominem
2395 5557 2462 5634 ad
2489 5557 2766 5628 imaginem
2792 5553 3112 5634 ριείςισςιιιῖιτιιη⁵
3129 5554 3416 5634 conspexit,

1823 5622 1878 5687 in
1904 5622 2067 5686 zelum
2089 5631 2394 5686 malevolmn
2419 5630 2577 5683 livore
2595 5622 2850 5698 prorupit.
2883 5622 3007 5679 Non
3032 5626 3174 5698 prius
3201 5623 3420 5677 alterum

1826 5703 2072 5774 dejiciens
2100 5703 2345 5757 instinctu
2369 5699 2484 5774 zeli,
2517 5695 2669 5771 quam
2693 5695 2803 5774 ipse
2828 5705 2981 5750 antea
3007 5695 3232 5768 dejectus
3249 5711 3266 5759 ;
3282 5711 3416 5774 cap-

1827 5765 1956 5846 tiv'us
1985 5784 2259 5846 antequam
2296 5773 2503 5846 capiens
2529 5765 2552 5823 ἐ
2586 5766 2815 5846 perditus
2851 5765 3126 5846 antequam
3144 5765 3414 5846 .‘perdens.

1827 5844 1950 5902 dum
1975 5837 2274 5902 stimulante
2299 5837 2458 5897 livore
2477 5839 2701 5912 gratiam
2729 5839 2866 5912 data:
2897 5837 3304 5912 immortalitatis
3320 5837 3421 5912 erit

1827 5917 1902 5990 pit
1909 5934 1931 5984 ,-
1957 5917 2066 5989 ipse
2093 5931 2290 5988 quoque
2311 5912 2425 5986 (sic
2444 5905 2575 5984 legit
2594 5910 2934 5977 Sirmoudus,
2965 5908 3169 5982 rejecta
3195 5905 3420 5968 Pamelii
