3942 6348
439 350 546 414 199

1689 345 1746 401 S.
1789 340 1990 401 PETRI
2030 339 2461 402 CHRYSOLOGI

3600 346 3700 407 200

437 481 510 523 no
530 482 544 519 :
565 462 627 519 Si
647 460 790 534 ejicis
811 474 926 525 nos,
949 458 1092 513 mitte
1111 472 1203 512 nos
1223 456 1277 511 in
1297 470 1477 528 porcos
1501 453 1716 528 (Matth.
1740 469 1850 522 vm,
1889 453 1949 509 51
1977 453 2018 527 ).
2048 459 2100 518 Α
2123 455 2251 512 dum
2275 456 2330 512 in
2355 453 2495 512 caelo
2523 452 2712 520 solem,
2737 451 2938 519 lunam,
2976 450 3172 521 sidera,
3201 449 3219 491 ί
3246 451 3380 511 deos
3426 469 3550 512 esse
3593 457 3704 515 bla-

439 554 514 612 Ut
549 561 793 628 pasceret
856 551 1124 607 dtemones
1171 549 1327 604 thure
1349 590 1365 617 ,
1414 547 1676 616 victimis,
1726 548 1984 618 sanguine
2005 553 2028 613 ,'

440 647 731 703 ‘falsarutn
747 643 1154 716 responsionum
1171 641 1475 698 mercedem
1495 656 1593 713 pro
1615 640 1708 696 tali
1729 639 1919 696 labore
1934 654 2022 694 re-

439 740 668 798 laturus.
698 736 1054 794 Occidebatur
1072 749 1238 806 pecus
1268 742 1328 789 ut
1347 733 1494 804 quod
1514 733 1696 788 vivum
1715 732 1789 788 nil
1804 731 2022 799 scierat,

2127 550 2394 621 sphemat,
2433 557 2490 604 et
2515 547 2631 603 hzec
2671 546 2856 601 eadem
2891 545 3142 618 profanat
3174 547 3472 606 adorando.
3502 549 3576 606 Et
3599 554 3706 627 jam

2127 658 2232 696 non
2260 658 2374 696 sum
2402 639 2588 714 dignus
2611 639 2783 694 uocari
2811 636 2953 710 [ilius
2991 648 3125 704 tuus,
3164 640 3247 713 {ac
3275 657 3357 696 me
3383 642 3522 697 sicut
3556 659 3708 699 unum

2128 732 2193 789 de
2212 734 2544 789 mercenariis
2574 733 2693 787 tuis.
2723 729 2839 787 Hoc
2863 737 2947 787 est
2981 731 3160 789 dicere
3190 733 3316 804 quia
3363 751 3474 792 non
3504 752 3710 794 mereor

440 833 710 890 divinaret
727 830 965 886 occisum
983 845 998 896 ;
1016 836 1072 884 et
1089 827 1113 866 δ
1139 827 1456 898 loqueretur
1475 842 1542 883 ex
1563 826 1712 883 libris
1727 835 2020 894 mortuum,
2122 825 2234 898 jam
2258 827 2352 882 ﬁlii
2371 827 2597 897 gloriam
2619 868 2635 894 ,
2663 825 2750 882 vel
2771 827 2971 894 venite,
3002 841 3303 898 consequar
3325 826 3342 881 i
3380 845 3482 901 pro
3511 846 3711 889 merce—

441 927 587 998 quod
607 940 899 996 numquam
927 922 1107 978 fuerat
1135 936 1230 975 ore
1270 921 1632 992 prolocutum.
1663 919 1862 975 Verum
1903 933 2024 975 cum

441 1019 518 1074 nil
538 1019 796 1085 divinum,
822 1017 896 1071 nil
916 1017 1155 1072 salutare
1184 1013 1545 1084 profuturum,
1587 1013 1663 1069 nil
1683 1011 1915 1068 Centilis
1948 1013 2030 1067 in-

441 1111 652 1167 veniret
672 1111 728 1166 in
749 1109 965 1175 talibus,
989 1107 1285 1178 desperans
1305 1105 1371 1161 de
1405 1106 1536 1173 Deo,
1567 1105 1636 1161 de
1668 1105 2025 1176 providentia,

442 1201 511 1258 de
533 1201 757 1272 judicio,
781 1200 849 1254 de
869 1197 1080 1263 futuris,
1105 1197 1173 1252 ab
1192 1196 1375 1253 schola
1399 1195 1466 1250 ad
1488 1196 1689 1250 ventris
1708 1211 1768 1250 se
1788 1194 2029 1265 depone-

443 1295 538 1352 bat
561 1307 583 1335 ο
612 1293 924 1363 ingluviem,
948 1291 1173 1362 cupiens
1210 1288 1444 1346 saturari
1472 1286 1499 1324 ἀ
1540 1287 1606 1343 de
1648 1288 1859 1357 siliquis
1896 1302 2032 1357 quas

444 1390 597 1463 porci
628 1386 1044 1443 manducabant.
1085 1385 1199 1440 Hoc
1237 1390 1437 1439 norunt
1475 1380 1742 1453 Epicurei,
1775 1381 1868 1450 qui
1909 1395 2030 1435 cum

447 1481 753 1538 Platonicas
773 1489 830 1535 et
855 1478 1223 1534 Aristotelicas
1243 1483 1621 1548 percurrerent
1646 1473 1878 1540 scholas,
1910 1472 2032 1527 nul-

449 1575 667 1645 lamque
696 1574 803 1630 illic
831 1581 925 1627 aut
945 1572 1240 1627 divinitatis
1261 1578 1353 1625 aut
1373 1569 1611 1625 scientize
1638 1567 1944 1623 invenirent
1961 1565 2037 1621 di-

451 1667 758 1738 sciplinam,
788 1676 810 1702 ο
833 1664 1069 1736 Epicuro
1085 1680 1143 1719 se
1170 1663 1389 1718 tradunt
1409 1663 1600 1718 ultimo
1639 1660 2036 1732 desperationis

2129 921 2282 975 nario
2309 919 2494 975 labore
2515 919 2836 976 mercedem.
2873 917 2943 974 Et
2969 919 3057 976 cui
3089 919 3266 976 honor
3292 921 3504 978 sobolis
3538 923 3707 992 perit,

2127 1011 2321 1067 saltem
2345 1011 2522 1066 vitalis
2544 1018 2764 1066 maneat
2808 1011 2861 1064 in
2881 1011 3197 1082 quotidiano
3229 1028 3374 1084 pane
3393 1013 3710 1075 substantia.

2130 1101 2238 1160 Sed
2265 1115 2420 1174 pater
2447 1105 2702 1171 occurrit,
2737 1112 2792 1159 et
2816 1105 3051 1160 occurrit
3077 1105 3255 1176 longe.
3275 1103 3402 1161 Cum
3425 1107 3598 1163 adhuc
3623 1109 3717 1162 imo

2131 1197 2206 1267 pii
2234 1213 2476 1260 essemus,
2507 1196 2740 1252 Christus
2773 1215 2867 1268 pro
2893 1198 3040 1253 nobis
3070 1209 3302 1254 mortuus
3339 1210 3418 1255 est
3447 1199 3638 1274 (Rom.
3661 1217 3711 1262 v,

2130 1285 2183 1354 8,
2217 1285 2555 1360 9).Occurrit
2574 1297 2745 1359 pater,
2765 1290 3000 1345 occurrit
3028 1291 3081 1345 in
3108 1290 3236 1356 lilio,
3269 1307 3391 1347 cum
3424 1307 3524 1362 per
3547 1293 3716 1362 ipsum

2134 1377 2202 1433 de
2223 1379 2363 1435 ccclo
2395 1379 2702 1444 descendit,
2733 1389 2789 1435 et
2814 1381 3063 1450 pervenit
3089 1380 3158 1436 ad
3189 1389 3380 1436 terras.
3419 1381 3604 1446 Pater,
3641 1382 3719 1436 in-

2133 1472 2269 1540 quit,
2292 1473 2378 1544 qui
2403 1488 2482 1526 me
2502 1473 2660 1538 misit,
2689 1489 2884 1527 mecum
2903 1482 2980 1527 est
3007 1471 3199 1544 (Joan.
3231 1490 3344 1540 vni,
3374 1471 3503 1545 19).
3531 1471 3722 1528 Cecidit

2135 1578 2289 1634 super
2306 1563 2492 1618 collum
2518 1563 2649 1634 ejus.
2675 1559 2902 1629 Cecidit,
2949 1579 3071 1620 cum
3092 1580 3190 1634 per
3208 1561 3482 1619 Christum
3523 1565 3717 1619 divini-

2139 1665 2223 1712 tas
2245 1665 2358 1712 tota
2387 1666 2572 1714 nostra
2594 1654 2623 1695 ιι
2652 1656 2945 1725 decumbit,
2977 1665 3032 1714 et
3059 1658 3320 1713 incumbit
3357 1657 3410 1712 in
3442 1673 3623 1713 carne.
3659 1655 3723 1710 Et

452 1765 510 1814 et
528 1758 823 1828 voluptatis
846 1756 1074 1812 auctori.
1102 1753 1171 1810 Et
1193 1754 1512 1809 manducant
1538 1754 1778 1824 siliquas,
1802 1754 1907 1809 hoc
1929 1762 2030 1821 est,
2066 1775 2113 1836 Β
2141 1750 2399 1805 osculatus
2435 1759 2513 1804 est
2550 1766 2685 1805 eum.
2724 1748 2988 1818 Quando?
3020 1751 3236 1820 quando
3283 1749 3640 1805 misericordia
3678 1759 3724 1803 et

452 1850 816 1920 voluptatibus
829 1847 1073 1920 corporis
1087 1846 1227 1902 male
1242 1846 1484 1901 dulcibus
1499 1846 1726 1912 inhiant,
1745 1854 2037 1917 etpascunt

451 1941 742 2008 daemones,
773 1941 867 2010 qui
895 1955 1107 2009 semper
1140 1954 1427 2010 corporum
1464 1938 1608 1994 vitiis
1640 1937 1955 2007 saginantur
1982 1943 2037 1991 et

452 2033 701 2090 sordibus
720 2051 732 2085 :
756 2031 881 2102 quia
893 2032 1033 2086 sicut
1048 2031 1273 2084 Domino
1289 2030 1379 2100 qui
1390 2045 1448 2084 se
1465 2031 1659 2099 jungit,
1677 2046 1810 2083 unus
1825 2029 2036 2100 spiritus

453 2134 530 2181 est
552 2125 595 2198 (ι
617 2123 736 2179 Cor.
756 2140 826 2188 vt,
843 2121 953 2192 l7),
969 2123 1043 2177 ita
1061 2122 1152 2192 qui
1174 2137 1230 2176 se
1245 2120 1420 2191 jungit
1435 2121 1669 2187 diabolo,
1693 2129 1776 2175 est
1793 2119 1810 2157 ί
1826 2119 2037 2174 daemon

456 2233 614 2274 unus.
628 2217 734 2273 Sed
755 2217 843 2272 hic
853 2216 1036 2286 junior
1049 2215 1291 2285 quamvis
1306 2223 1546 2285 cuperet,
1571 2231 1680 2268 non
1696 2223 1878 2269 tamen
1899 2221 2041 2269 satu-

457 2310 615 2366 rabat
627 2310 695 2364 de
709 2308 917 2379 siliquis
933 2308 1047 2362 istis
1063 2314 1303 2362 ventrem
1319 2323 1494 2361 suum.
1513 2304 1861 2377 Quare?quia
1885 2322 2044 2362 nemo

460 2405 538 2460 illi
549 2404 731 2460 dabat.
745 2401 998 2458 Diabolus
1011 2401 1226 2471 quidem
1241 2400 1454 2456 volebat
1467 2416 1563 2470 per
1575 2399 1770 2456 famem
1784 2401 2039 2468 scientiae,

460 2511 561 2572 per
587 2499 923 2569 voluptatum
951 2495 1319 2553 difﬁcultatem
1337 2537 1351 2561 ,
1395 2493 1662 2550 Gentilem
1684 2495 1909 2549 reddere
1938 2495 2047 2549 avi-

462 2590 670 2647 diorem
699 2587 766 2644 ad
791 2589 972 2644 illicita
1000 2587 1379 2660 perquirenda,
1409 2587 1476 2642 ad
1513 2587 1870 2658 perpetranda
1913 2587 2045 2643 deli-

463 2703 551 2750 cta
576 2710 589 2745 :
614 2690 708 2747 sed
735 2690 879 2747 Deus
904 2699 1062 2762 pater
1086 2689 1206 2744 ideo
1225 2689 1470 2759 permisit
1490 2698 1514 2736 8
1532 2689 1736 2743 esurire
1756 2685 2042 2753 Gentilem,

464 2801 527 2848 ut
546 2793 746 2848 erroris
767 2791 982 2848 occasio
1011 2791 1197 2846 salutis
1223 2787 1378 2845 ﬁeret
1405 2797 1775 2859 argumentum
1802 2808 1816 2844 :
1843 2789 1871 2826 ιι
1893 2805 2047 2844 nam-

467 2907 574 2963 que
595 2890 835 2947 Judaeum
861 2890 942 2946 sic
981 2890 1233 2960 reliquit,
1275 2905 1342 2945 ne
1377 2889 1657 2960 perderet;
1715 2897 1771 2944 et
1797 2889 2050 2959 gentilem

469 2992 736 3048 sustinere
763 3004 953 3061 passus
975 2996 1058 3044 est
1091 2988 1307 3053 famem,
1338 2996 1396 3043 ut
1416 2988 1633 3043 rediret.
1685 2987 1845 3045 Redit
1872 2996 2052 3043 autem

469 3093 540 3150 ad
565 3101 794 3165 patrem,
825 3097 882 3148 et
899 3090 1097 3148 clamat
1121 3105 1136 3144 :
1160 3088 1340 3154 Pater,
1372 3089 1575 3161 peccavi
1611 3090 1666 3143 in
1687 3088 1867 3144 caelum
1887 3096 1939 3144 et
1966 3103 2052 3144 co-

471 3211 586 3250 ram
608 3202 674 3249 te.
705 3191 950 3249 Rediisse
977 3191 1246 3261 iuniorem
1277 3190 1344 3245 ad
1371 3191 1590 3246 domum
1637 3191 1826 3262 patris,
1859 3197 1916 3246 et
1941 3191 2053 3246 cla-

470 3309 621 3352 mare
649 3293 816 3350 Deum
838 3301 1044 3363 patrem
1065 3310 1170 3349 vox
1185 3291 1439 3349 Ecclesiae
1463 3293 1774 3362 quotidiana
1787 3301 2049 3348 testatur:

475 3412 596 3469 qua:
623 3395 784 3451 dicit:
810 3394 969 3449 Pater
989 3405 1182 3461 noster,
1199 3396 1286 3466 qui
1307 3412 1359 3449 es
1381 3397 1436 3448 in
1465 3395 1604 3449 caelis
1635 3393 1861 3463 (Matth.
1883 3411 1954 3460 vt,
1978 3393 2053 3468 9).

478 3496 695 3554 Peccavi
734 3497 791 3550 in
831 3497 1010 3554 calum
1053 3505 1105 3552 et
1147 3515 1319 3552 coram
1343 3505 1408 3550 te.
1454 3496 1708 3553 Peccavit
1745 3496 1800 3550 in
1840 3498 2056 3567 caelum,

555 3667 581 3696 ει
619 3657 844 3712 Dolosas
876 3670 1138 3724 augurum
1178 3655 1576 3725 responsiones.
1607 3655 1742 3714 Vide
1769 3657 2061 3714 Minucium

481 3730 537 3814 in
557 3726 800 3853 gettavio,
823 3726 916 3795 qui
935 3727 1045 3792 eis,
1074 3741 1228 3795 atque
1266 3741 1331 3781 ac
1357 3727 1446 3782 hic
1484 3735 1689 3794 noster,
1734 3729 2064 3800 lepidissime

483 3815 580 3853 ll'l‘l
618 3814 648 3853 e
680 3839 692 3853 .

483 3800 692 3857 irridet.

411 3922 420 3930 ,
552 3867 688 3940 βγΕι
713 3867 809 3940 hic
839 3881 1055 3940 quoque
1095 3868 1454 3939 aruspicinam
1501 3870 1702 3940 tangit,
1749 3879 1806 3926 et
1846 3870 2066 3926 modum

486 3938 749 3995 ariolandi
771 3936 1083 3993 Gentilium.

560 4022 582 4082 ς
622 4009 720 4065 Ms.
746 4008 1151 4066 Vallicellanum
1173 4051 1188 4076 ,
1222 4010 1519 4082 ingluvium.

555 4079 583 4119 ά
623 4081 924 4154 Anagogice
974 4082 1188 4154 siliquas
1235 4079 1334 4154 p_ro
1382 4082 1746 4154 voluptatibus
1778 4083 2074 4154 mundique

486 4152 772 4278 illetlzebris,
802 4160 1030 4224 usurpat
1047 4151 1211 4208 etiam
1239 4151 1536 4226 ’Eutymius
1564 4169 1681 4225 cap.
1717 4152 1802 4222 57,
1836 4155 1904 4210 ad
1949 4151 2071 4227 cap.

489 4240 560 4278 xv
635 4239 762 4278 uae.

489 4240 560 4280 ιν
588 4239 762 4280 Luem.

567 4304 591 4333 ε
631 4293 919 4364 Epicurum
960 4294 1123 4351 fuisse
1168 4294 1562 4422 desperationis
1601 4304 1895 4361 auctorem,
1930 4297 2077 4352 nulla

570 4380 602 4420 a
638 4366 849 4420 ratione
887 4367 1210 4422 crediderim
1280 4369 1463 4422 ictum.
1501 4368 1753 4422 nisiuuia
1795 4369 1923 4422 dum
1947 4368 2077 4422 deos

496 4365 602 4437 alia
638 4366 849 4437 ratione
887 4367 1210 4422 crediderim
1242 4365 1463 4432 dictum,
1501 4368 1606 4422 nisi
1627 4369 1753 4437 quia
1795 4369 1923 4423 dum
1947 4368 2080 4424 deos

2079 3150 2126 3218 C

2143 1843 2330 1896 ueritas
2359 1841 2688 1896 obviaverunt
2711 1841 2810 1897 sibi
2845 1859 2864 1897 :
2886 1842 3098 1914 justitia
3128 1851 3178 1897 et
3200 1858 3306 1914 pas:
3338 1840 3592 1896 osculata:
3611 1848 3726 1894 sunt

2141 1951 2197 1991 se
2242 1934 2424 2008 (Psal.
2464 1950 2678 2002 LXXXIV,
2724 1933 2854 2007 11).
2884 1933 3042 1989 Dedit
3079 1934 3267 1989 stolam
3295 1935 3537 2005 primam.
3581 1931 3723 1985 lllam

2146 2025 2167 2066 1
2187 2043 2349 2098 quam
2372 2026 2542 2081 Adam
2568 2026 2820 2097 perdidit,
2845 2026 3265 2081 immortalitatis
3286 2024 3512 2094 gloriam
3529 2022 3725 2092 sempi-

2143 2130 2374 2176 ternam.
2405 2118 2591 2174 Posuit
2613 2119 2862 2174 annulum
2892 2121 2946 2174 in
2971 2136 3128 2174 manu
3169 2119 3301 2191 ejus.
3331 2115 3606 2170 Annulum
3620 2114 3726 2169 ho-

2147 2215 2316 2280 noris,
2335 2223 2376 2251 m
2404 2213 2616 2269 titulum
2644 2213 2926 2279 libertatis,
2950 2213 3158 2282 insigne
3175 2213 3366 2283 pignus
3393 2209 3631 2280 spiritus,
3660 2207 3730 2262 si-

2148 2309 2433 2378 gnaculum
2471 2306 2615 2373 ﬁdei,
2649 2308 2865 2364 arrham
2891 2308 3193 2365 caelestium
3231 2306 3542 2378 nuptiarum
3575 2302 3730 2358 :audi

2152 2401 2469 2471 Apostolum
2497 2417 2515 2456 :
2541 2401 2862 2474 Desponsavi
2893 2417 2978 2456 vos
3005 2402 3094 2456 uni
3125 2403 3234 2457 viro
3261 2401 3515 2473 uirginem
3545 2407 3732 2452 castam

2153 2493 2397 2547 exhibere
2435 2491 2640 2548 Christo
2674 2493 2751 2565 (ll
2791 2491 2913 2548 Cor.
2958 2510 3034 2558 ιι,
3064 2491 3156 2564 2).
3200 2491 3270 2546 Et
3303 2492 3651 2546 calceamenta
3681 2489 3732 2542 in

2151 2581 2364 2656 pedibus
2392 2583 2523 2655 ejus.
2565 2581 2637 2638 Ut
2664 2591 2846 2639 essent
2870 2592 2899 2620 ιλ
2927 2583 3152 2640 calceati
3191 2581 3356 2654 pedes
3397 2582 3450 2636 in
3482 2580 3733 2653 praedica-

2151 2681 2302 2739 tione
2328 2681 2625 2752 Evangelii,
2656 2692 2714 2736 ut
2723 2693 2908 2754 ﬁssent
2935 2683 3071 2738 beati
3102 2681 3254 2755 pedes
3281 2680 3734 2753 evangelia-antistat

2153 2803 2333 2859 pacem
2363 2784 2554 2855 (Rom.
2580 2803 2636 2852 ι,
2670 2784 2789 2857 15).
2818 2784 2886 2839 Et
2908 2785 3096 2841 occidit
3120 2788 3166 2841 ei
3187 2787 3404 2840 vitulum
3425 2787 3732 2858 saginatum.

2153 2885 2292 2942 Illud
2323 2885 2392 2942 de
2423 2901 2533 2957 quo
2569 2887 2737 2942 David
2770 2887 3054 2954 cantabat,
3082 2886 3152 2940 Et
3189 2887 3413 2960 placebit
3442 2885 3556 2942 Deo
3595 2902 3737 2958 super

2154 2987 2370 3043 uitulum
2433 2989 2688 3044 novellum
2741 3007 2938 3045 cornua
2987 2989 3356 3062 producentem
3413 2999 3465 3045 et
3527 2989 3738 3062 ungulas

2160 3086 2346 3160 (Psal.
2371 3105 2551 3158 uvm,
2570 3089 2640 3146 52
2659 3088 2700 3162 ).
2724 3087 2996 3147 Occiditur
3008 3097 3162 3162 patre
3186 3090 3386 3147 vitulus
3410 3091 3488 3148 sic
3501 3090 3741 3161 jubente,

2158 3191 2284 3262 quia
2311 3191 2555 3248 Christus
2583 3192 2726 3250 Deus
2753 3193 2851 3250 Dei
2889 3193 3056 3250 Filius
3089 3193 3264 3250 occidi
3297 3193 3415 3250 sine
3451 3191 3618 3247 Patris
3645 3207 3742 3246 vo-

2161 3293 2368 3350 luntate
2393 3311 2502 3351 non
2527 3303 2741 3367 poterat
2783 3313 2800 3351 :
2851 3295 2976 3352 audi
3015 3295 3362 3368 Apostolum,
3413 3294 3508 3362 Qui
3536 3293 3744 3366 proprio

2166 3393 2311 3450 Filio
2342 3413 2447 3452 non
2489 3400 2743 3471 pepercit,
2785 3398 2878 3455 sed
2910 3417 3005 3472 pro
3045 3399 3278 3455 omnibus
3316 3399 3507 3454 nostris
3544 3397 3746 3452 tradidit

2165 3497 2319 3553 illum
2343 3499 2532 3574 (Rom.
2583 3519 2694 3570 vm,
2733 3501 2864 3574 51).
2905 3510 2930 3541 ο
2957 3500 3057 3558 Hic
3083 3509 3168 3558 est
3193 3500 3388 3557 vitulus
3421 3500 3515 3572 qui
3537 3500 3590 3554 in
3626 3515 3747 3571 epu-

2246 3660 2267 3734 ἵ
2298 3660 2546 3734 Perbelle
2567 3660 2817 3734 Cyrinus,
2841 3675 3002 3731 quem
3025 3662 3208 3719 laudat
3241 3661 3344 3734 hic,
3363 3659 3590 3734 Castillo
3612 3661 3662 3715 in
3691 3659 3749 3734 at-

2173 3732 2262 3786 lud
2290 3731 2446 3786 Joan.
2473 3747 2593 3802 cap.
2616 3731 2688 3786 'vt
2716 3751 2727 3785 :
2757 3733 2902 3789 Unus
2944 3752 3012 3790 ea:
3050 3735 3193 3790 vobis
3238 3732 3474 3787 diabolus
3504 3742 3601 3802 est,
3643 3733 3752 3802 quia

2173 3805 2306 3876 sicut
2336 3804 2423 3874 qui
2465 3801 2696 3876 adhaeret
2734 3803 2956 3876 Domino
2985 3822 3118 3860 unus
3151 3806 3365 3876 spiritus
3394 3821 3511 3876 cum
3541 3801 3751 3876 Domino

2174 3875 2266 3946 ﬁt;
2296 3873 2367 3928 ita
2387 3875 2474 3946 qui
2506 3873 2736 3929 adhatret
2769 3874 2975 3946 diabolo
3004 3893 3136 3929 unus
3169 3873 3283 3928 cum
3317 3874 3526 3928 diabolo
3552 3874 3752 3944 spiritus

2175 3945 2408 4016 efﬁcitur,
2438 3955 2491 4016 et
2518 3947 2630 4014 ipse
2653 3945 3082 4016 quemadmodum
3113 3946 3346 3999 diabolus
3378 3954 3476 3998 est.

2277 4026 2300 4064 ε
2331 4014 2406 4068 Ex
2431 4013 2888 4070 editione-Castilli
2913 4026 2966 4071 et
2986 4033 3084 4070 ms.
3104 4016 3472 4071 Vallicellano.
3497 4014 3629 4070 Alite
3649 4013 3752 4070 edi-

2177 4086 2365 4159 tiones
2377 4094 2629 4159 corrupte
2657 4104 2668 4137 :
2695 4089 2866 4159 venire
2894 4089 3153 4159 gentilem.

2251 4155 2280 4195 ιι
2307 4157 2438 4211 Alite
2465 4153 2728 4212 editiones
2756 4167 2812 4212 et
2838 4153 3030 4213 Colon.
3069 4168 3123 4214 et
3149 4157 3355 4212 Bonon.
3389 4155 3536 4212 Mitte
3560 4174 3572 4209 :
3600 4153 3755 4210 Nam-

2180 4246 2277 4303 que
2309 4227 2569 4303 diabolum
2607 4229 2915 4303 sicreliquit
2944 4237 3000 4283 ut
3035 4229 3288 4301 perderet.
3322 4226 3674 4284 Restituimus
3699 4240 3757 4281 ex

2183 4297 2498 4355 recensione
2525 4297 2750 4354 Castilli.

2264 4369 2280 4407 ί
2326 4369 2506 4441 solem
2525 4411 2539 4433 ,
2567 4370 2746 4425 lunam
2775 4380 2831 4427 et
2858 4370 3035 4427 sidera
3053 4413 3067 4437 ,
3121 4385 3242 4441 quat
3268 4366 3509 4441 olTIciosa
3538 4365 3757 4441 hom'nic

497 4436 701 4512 otiosos
722 4435 872 4512 facit2
891 4445 952 4512 et_
967 4437 1057 4512 nil_
1066 4445 1253 4512 nostra
1281 4446 1549 4512 curantes,
1579 4435 1660 4493 ad'
1676 4454 1862 4494 eorum
1891 4447 2079 4512 patro-
2112 4489 2160 4512 η
2183 4439 2649 4512 ὺυςίνὶὐρὺαιιῑιιιν,
2682 4441 2894 4498 dedisse
2921 4435 3208 4512 gentilibus
3225 4440 3566 4512 idololatria:
3595 4439 3755 4502 initia,

498 4489 698 4563 enim
725 4489 1563 4577 causamassensus}
1581 4489 1760 4580 Ἐρἑ
1779 4489 1957 4566 ’ἶνέιῦξ
1969 4489 2081 4566 "il—le
2108 4489 2161 4551 D
2185 4489 2893 4582 ἷγῐὲιύὶιῖᾇῇἇιὶῖρῖυἶνίῖἶιίξῖ
2903 4489 3755 4582 ιῖιῖίῇἰίξίῖἆιξειέιῖιὲίζέὖέἰῖηὲῶςιζεῖ

499 4585 845 4716 Ροθιιὲθωψιθ
867 4655 987 4704 deos
1010 4655 1154 4706 didici
1186 4669 1414 4706 securum
1439 4671 1591 4716 agere
1615 4673 1771 4709 aevum
1792 4672 1804 4706 :

623 4716 729 4781 [ioc
752 4721 790 4766 si
811 4717 923 4778 quid
950 4719 1058 4781 miri
1082 4716 1218 4781 faciat
1245 4728 1436 4781 na'ura,
1459 4716 1579 4771 deos
1605 4723 1652 4770 id

625 4778 814 4829 Tristes
837 4793 898 4829 ex
923 4779 1021 4828 alto
1042 4779 1152 4830 caeli
1184 4778 1450 4832 demittere
1473 4791 1623 4834 tecto.

575 4861 714 4919 Sunt
745 4861 836 4932 qui
874 4859 1162 4932 Epicurum
1190 4862 1482 4920 defendere
1516 4866 1698 4920 conati
1733 4873 1878 4930 sunt,
1930 4879 1994 4919 ac
2040 4865 2087 4920 si

501 4935 617 5007 ipse
645 4935 745 4989 sub
767 4936 937 5007 υθδὲω
978 4941 1180 5007 natum:
1205 4937 1449 5007 nomine,
1498 4937 1662 5007 Deum
1693 4937 1923 5004 primum
1953 4934 2089 5007 Auc-

499 5002 672 5061 torem
703 5003 1026 5073 agnovisset.
1053 5002 1184 5058 Vide
1204 5003 1478 5059 Nicolaum
1519 5002 1828 5061 Bandellum
1871 5008 1921 5060 in
1954 5005 2088 5062 libro

500 5075 704 5147 Gallice
737 5075 940 5147 scripto
969 5073 1036 5147 de
1062 5073 1196 5147 _Vita
1231 5084 1294 5147 et_
1318 5075 1555 5147 Moribus
1595 5076 1830 5147 Epicuri,
1866 5075 2084 5132 Parisiis

502 5145 659 5211 1679,
691 5154 747 5202 et
765 5146 991 5201 auctiori
1012 5145 1248 5200 editione
1275 5145 1463 5200 Latine
1490 5145 1769 5202 l693.’Sed
1791 5149 1967 5201 obstat
1988 5163 2082 5202 ve-

502 5223 680 5272 terum
706 5231 1043 5280 consensus;
1074 5217 1168 5284 qui
1185 5216 1317 5270 deos
1339 5218 1544 5287 otiosos
1567 5218 1632 5271 ab
1663 5217 1897 5287 Epicuro
1934 5219 2076 5286 tingi,

503 5295 558 5341 et
577 5287 891 5355 religionem
920 5301 1137 5357 omnem
1165 5301 1378 5357 susque
1397 5286 1570 5357 deque
1597 5286 1719 5343 dari
1755 5305 1860 5342 uno
1882 5303 1976 5342 ore
2010 5297 2084 5343 te-

502 5365 731 5428 stantur.
756 5357 1010 5412 Minutius
1038 5355 1186 5411 Felix
1201 5370 1329 5428 (pag.
1365 5356 1466 5409 179
1484 5355 1612 5412 edit.
1640 5359 1882 5428 Lugdun.
1921 5358 2080 5413 Bata-

504 5443 645 5492 vor.,
669 5424 857 5483 Cicero
887 5427 980 5481 lib.
1018 5443 1055 5481 ιι
1091 5428 1158 5482 de
1197 5424 1455 5495 Divinat.,
1487 5437 1542 5483 et
1569 5431 1635 5484 de
1674 5424 1875 5485 Natura
1921 5430 2072 5484 deor.

505 5497 599 5571 lib.
632 5511 820 5571 tLpag.
842 5496 964 5571 202,
990 5495 1256 5571 Theodor.
1282 5506 1420 5571 orat.
1463 5509 1644 5554 contra
1686 5500 1920 5566 Gnecos,
1952 5515 2076 5571 pag.

509 5565 959 5641 57,4Plutarchus
978 5568 1047 5624 de
1069 5565 1256 5624 Placit.
1280 5570 1475 5640 philos.
1515 5586 1635 5641 pag.
1669 5571 1792 5625 877.
1824 5565 1934 5627 Nec
1953 5565 2082 5628 Cas-

506 5639 704 5698 sendus
722 5637 898 5693 dicam
917 5640 1058 5695 hanc
1077 5641 1145 5694 ab
1166 5656 1230 5696 eo
1264 5637 1770 5706 avertere'studuit;
1802 5658 1924 5697 nam
1952 5644 2079 5699 dum

505 5707 796 5780 Epicurum
817 5708 872 5764 in
898 5711 1082 5766 multis
1110 5710 1311 5780 laudat,
1335 5712 1461 5769 dum
1483 5713 1652 5769 Deum
1685 5714 1963 5768 hominum
1995 5730 2083 5771 cu-

506 5793 634 5881 :am
643 5793 829 5881 gerere
845 5780 1245 5881 negatglaﬁriter
1262 5792 1554 5857 oppugnat.
1571 5783 1713 5881 ‘Vide
1733 5785 2082 5857 Augustinum

507 5856 576 5917 de
595 5853 712 5914 Civ.
744 5855 908 5914 variis
927 5853 982 5911 in
1010 5853 1165 5914 locis.

2186 4581 2319 4656 Yide
2369 4577 2634 4656 BudzeumA
2653 4591 2794 4656 __tom.
2826 4583 2848 4639 l
2874 4577 2996 4656 pag.
3026 4579 3161 4650 135;
3192 4580 3416 4639 Levitic.
3469 4597 3598 4637 xvnt
3621 4619 3636 4646 ,
3665 4577 3758 4644 εἷος

2189 4653 2477 4708 Deuteron.
2511 4669 2580 4717 tv,
2614 4651 2700 4707 l9.

2261 4723 2276 4774 i
2317 4721 2490 4778 Verba
2523 4723 2610 4777 illa
2641 4722 2950 4793 Evangelii,
2982 4722 3096 4779 Fac
3122 4741 3204 4779 me
3227 4740 3387 4793 unum
3416 4721 3480 4779 de
3499 4736 3761 4793 mercena-

2186 4795 2278 4848 riis
2309 4795 2429 4858 tuis,
2455 4802 2670 4849 exstant
2696 4795 2748 4850 in
2778 4791 3022 4858 plurimis
3049 4794 3325 4853 codicibus
3360 4792 3564 4850 Graecis
3588 4802 3644 4850 et
3671 4791 3763 4846 La-

2188 4865 2332 4930 tinis,
2367 4866 2491 4920 licet
2519 4866 2572 4920 in
2595 4865 2865 4923 nonnullis
2892 4867 3088 4922 desint.

2263 4934 2288 4972 ιι
2339 4934 2641 5002 Decumbit,
2687 4937 2791 4994 hoc
2835 4947 2919 4993 est
2939 4935 3230 5007 requiescit
3271 4935 3334 5007 in
3354 4943 3542 5007 nostra
3569 4948 3761 4997 carne;

2187 5007 2454 5080 incumbit,
2487 5007 2590 5080 hoc
2615 5016 2715 5080 est,
2748 5005 3288 5080 hmretﬁhypostatice.
3319 5005 3484 5080 μω.

2265 5075 2283 5114 1
2320 5076 2677 5133 Tertullianus
2698 5079 2788 5134 lib.
2814 5080 2881 5134 de
2912 5073 3138 5134 Pudicit.
3163 5093 3281 5147 cap.
3314 5075 3348 5130 9
3367 5091 3491 5147 pag.
3517 5075 3674 5138 {201,
3707 5073 3764 5128 de

2186 5145 2418 5215 Prodigo
2460 5148 2685 5217 loquens
2723 5169 2735 5202 :
2778 5148 2980 5204 Vestem
3020 5145 3293 5220 pristinam
3326 5145 3535 5218 recepit,
3579 5155 3763 5202 statum

2183 5220 2380 5291 scilicet
2406 5235 2518 5291 eum
2547 5235 2695 5291 quem
2723 5220 2890 5274 Adam
2921 5231 3269 5291 transgressus
3291 5220 3555 5291 amiserat.

2181 5358 2217 5414 Β
2255 5298 2311 5414 ut
2325 5288 2476 5343 Servi
2523 5286 2615 5359 qui
2655 5306 2687 5345 e
2731 5291 2991 5347 servitute
3039 5286 3316 5357 exhibent,
3358 5287 3560 5344 annulo
3599 5286 3760 5342 dona-

2221 5375 2285 5413 an
2315 5376 2395 5413 ur.

2221 5369 2395 5414 antur.

2258 5438 2286 5466 ιι
2313 5430 2370 5484 id
2399 5437 2500 5495 est,
2530 5431 2771 5502 cooperti
2800 5430 3023 5489 allectus
3048 5429 3392 5502 temporales.
3418 5429 3592 5501 inquit
3620 5425 3758 5483 Mita.

2185 5499 2577 5574 Pmnitentibus
2598 5499 2650 5558 in
2673 5504 2902 5573 gratiam
2923 5499 3278 5574 receptis‘hoc
3298 5502 3440 5559 Deus
3457 5499 3623 5559 etiam
3644 5514 3761 5556 con-

2185 5572 2353 5644 cedit,
2377 5581 2435 5626 ut
2455 5582 2509 5644 et
2539 5572 2769 5644 ipsiiapti
2789 5576 2899 5630 sint
2925 5572 3340 5644 aliis—docendis.

2258 5652 2284 5679 ο
2314 5641 2610 5713 Ennodius,
2627 5641 2806 5701 Carm.
2831 5647 2925 5702 lib.
2948 5663 2985 5703 ιι
3007 5662 3154 5701 num.
3179 5643 3231 5713 9,
3256 5645 3397 5700 inter
3421 5643 3525 5698 alia
3554 5641 3761 5697 nomina

2183 5712 2312 5772 Jesu
2336 5713 2551 5840 Christo
2580 5731 2612 5771 a
2632 5718 2902 5774 veteribus
2922 5717 3177 5774 attributa
3201 5712 3222 5783 ,⁷
3247 5725 3304 5772 et
3331 5714 3460 5771 illud
3493 5713 3652 5768 Vituli
3683 5725 3760 5766 re-

2185 5801 2350 5840 cense
2405 5804 2419 5838 :

2185 5801 2374 5843 censet
2405 5804 2419 5838 Ξ

2227 5865 2376 5930 Fons,
2403 5865 2514 5933 Via,
2535 5865 2741 5931 Dextra,
2767 5868 2924 5934 Lapis,
2951 5868 3163 5934 Vitulus,
3188 5867 3310 5934 Leo,
3335 5867 3555 5934 Lucifer,
3581 5866 3755 5933 Agnus.
