3902 6362
193 413 302 490 tot

95 807 116 868 δ
193 825 360 898 (Luc.
395 843 431 882 x
455 867 471 892 ,
503 825 581 899 2)
609 847 620 880 :
652 827 800 881 audit
823 827 875 881 in
898 826 1058 882 domo
1081 827 1250 898 patris
1279 826 1672 897 symphoniam,
1698 840 1793 879 au-

191 918 270 973 dit
294 919 516 985 choros,
543 927 600 977 et
631 919 858 974 introire
886 934 994 974 non
1029 919 1144 974 vult
1179 917 1348 990 (Luc.
1375 934 1411 972 x
1431 916 1471 990 ).
1510 917 1628 973 Hoc
1651 931 1786 987 quo-

190 1007 322 1064 tidie
359 1010 534 1064 oculis
569 1011 769 1066 nostris
810 1011 1098 1066 intuemur.
1132 1009 1267 1064 Nam
1288 1009 1437 1064 venit
1463 1006 1677 1064 Judaaus
1723 1007 1792 1063 ad

189 1101 418 1157 domum
445 1104 644 1173 patris,
681 1103 734 1158 id
774 1111 888 1170 est,
933 1103 1002 1158 ad
1027 1101 1362 1168 Ecclesiam;
1394 1109 1501 1156 stat
1538 1100 1670 1158 foris
1694 1116 1794 1172 per

191 1193 476 1258 invidiam,
504 1195 650 1250 audit
685 1195 992 1250 Davidicam
1032 1195 1295 1250 citharam
1338 1209 1662 1265 personare,
1693 1209 1790 1248 au-

190 1287 274 1341 dit
293 1286 322 1326 b
347 1304 416 1342 ex
457 1297 726 1344 concentu
765 1289 1085 1360 prophetico
1126 1289 1523 1361 symphoniam,
1552 1300 1574 1327 ο
1600 1304 1668 1344 ex
1690 1303 1792 1359 po-

189 1380 450 1451 pulorum
497 1384 650 1438 vario
683 1390 953 1438 conventu
994 1383 1192 1438 choros
1239 1381 1423 1449 audit,
1474 1389 1531 1437 et
1567 1382 1792 1437 introire

190 1490 306 1530 non
326 1475 463 1542 vult,
482 1491 580 1546 per
608 1476 860 1531 invidiam
889 1484 1036 1531 stans
1063 1475 1210 1532 foris.
1245 1475 1382 1530 Dum
1404 1476 1659 1544 gentilem
1680 1473 1759 1530 fra
1774 1505 1789 1516 -

191 1573 336 1620 trem
359 1565 600 1636 pristinis
619 1565 825 1636 judicat
853 1576 908 1621 et
927 1567 1114 1622 horret
1138 1581 1206 1621 ex
1229 1566 1490 1632 moribus,
1539 1566 1653 1634 ipse
1688 1579 1788 1635 pa-

1663 429 1895 490 SERMO
1938 429 2018 489 Vl.

192 543 303 601 inm
327 550 576 600 nostrum
615 535 855 613 quotidie
877 556 939 596 ac
961 543 1161 612 jugiter
1184 543 1511 600 immolatur.
1537 545 1643 600 Sed
1672 545 1782 601 fra-
1809 554 1853 610 Α

195 648 276 696 ter
297 639 505 708 senior,
537 638 632 694 sed
661 648 685 676 ι
713 640 895 694 senior
923 637 1060 694 ﬁlius
1082 641 1305 695 veniens
1332 655 1399 694 ex
1429 654 1558 708 agro
1575 681 1589 705 ,
1619 655 1790 711 popu-
1838 641 1844 647 ’

193 733 274 788 ius
296 733 510 802 legalis,
540 735 721 788 messis
749 733 952 806 quidem
981 733 1163 799 multa,
1196 733 1420 804 operarii
1449 740 1617 787 autem
1639 733 1792 804 pauci

3377 443 3483 503 202

2441 544 2459 583 ί
2489 544 2723 602 SERMO
2759 548 2844 604 Vl.

1895 637 1972 691 De
1999 639 2181 692 (milia
2209 639 2270 692 ob
2294 638 2642 722 inductionem
2667 644 2894 712 gentium
2913 645 2984 699 ad
2997 647 3154 717 ﬁdem
3175 659 3225 704 et
3237 656 3478 722 gratiam.

2391 709 2449 764 ln
2484 709 2747 780 psalmum
2802 731 2942 770 xc1x.

1964 824 2229 890 Quoniam
2256 823 2517 879 redeunte
2546 823 2654 880 ﬁlio
2674 826 2888 896 juniore
2917 830 3115 888 familia
3144 843 3258 890 tota
3287 838 3486 898 choros
3533 826 3542 838 li

1891 916 2019 986 egit,
2051 915 2330 972 caelestem
2363 916 2561 972 cecinit
2588 920 2963 989 symphoniam
2981 964 2994 989 ,
3028 929 3283 983 convenit
3303 937 3358 985 et
3385 947 3488 988 nos

1892 1009 2051 1066 hodie
2088 1010 2349 1080 psalmum
2397 1025 2612 1066 sumere
2635 1050 2651 1075 ,
2694 1011 2826 1068 dare
2870 1023 3200 1087 tympanum,
3230 1029 3256 1067 ε
3280 1036 3490 1092 ponere

1894 1116 2186 1172 organum,
2214 1098 2241 1137 ¹ι
2268 1101 2533 1157 citharam
2572 1110 2814 1173 tangere,
2847 1114 2903 1160 et
2925 1106 2991 1162 ad
3022 1115 3229 1164 tantum
3265 1111 3362 1167 Dei
3392 1111 3491 1168 Pa-

1895 1194 1991 1248 tris
2018 1192 2271 1263 gaudium
2304 1191 2321 1230 ί
2352 1192 2642 1248 melodiam
2688 1193 2997 1250 Davidicam
3046 1214 3358 1267 personare.
3389 1201 3490 1256 Ju-

1895 1283 2052 1337 bilate
2071 1281 2204 1347 Deo,
2239 1283 2432 1352 inquit,
2459 1283 2624 1336 omnis
2668 1291 2806 1337 terra
2835 1283 3017 1355 (Psal.
3052 1303 3194 1354 101x,
3229 1288 3254 1340 1
3281 1288 3321 1359 ).
3349 1288 3489 1358 Quid

1895 1385 1997 1441 est,
2023 1376 2170 1446 quod
2214 1375 2568 1444 intelligentia
2609 1375 2768 1446 hujus
2811 1379 3186 1436 exsultationis
3225 1383 3493 1453 inquirit?

1893 1466 2032 1534 Quid
2058 1475 2160 1532 est,
2191 1466 2336 1537 quod
2363 1475 2487 1538 post
2511 1475 2661 1522 tanta
2681 1467 2916 1537 deitatis,
2942 1480 3052 1525 tam
3083 1472 3359 1541 terribilia,
3379 1484 3492 1531 tam

1893 1558 2119 1615 miriﬁca
2147 1567 2415 1630 praecepta
2439 1567 2584 1615 terra
2614 1577 2757 1616 nunc
2793 1569 3034 1627 vocatur,
3061 1573 3117 1618 et
3139 1564 3397 1622 invitatur
3422 1567 3493 1624 ad

191 1657 366 1711 ternis
386 1656 544 1711 bonis
564 1672 624 1712 se
651 1657 856 1725 eximit,
889 1658 1004 1728 ipse
1039 1673 1098 1712 se
1123 1657 1362 1728 paternis
1389 1656 1626 1712 excludit
1654 1670 1789 1725 gau-
1887 1649 2151 1720 jubilum?
2195 1648 2446 1716 Jubilate,
2488 1651 2699 1720 inquit,
2742 1649 2873 1720 Deo,
2899 1656 3065 1709 omnis
3106 1665 3263 1711 terra.
3299 1656 3314 1708 i
3353 1656 3493 1725 Quid

351 1748 511 1816 Quod
537 1759 718 1806 autem
745 1751 916 1806 dixit:
951 1749 1086 1806 Ecce
1124 1760 1199 1805 tot
1223 1752 1373 1804 annis
1402 1752 1564 1804 servio
1598 1749 1706 1814 tibi,
1742 1758 1792 1803 et

1895 1743 2038 1798 aliud
2064 1752 2164 1811 est,
2189 1743 2291 1799 nisi
2315 1743 2464 1814 quod
2483 1751 2839 1814 posteaquam
2863 1747 3119 1804 terribilis
3148 1749 3292 1805 Deus
3319 1751 3493 1806 mitis-

192 1858 478 1914 numquam
500 1842 804 1896 mandatum
833 1851 976 1899 tuum
995 1844 1281 1915 ρνωεετὶυδ,
1315 1851 1365 1898 ει
1391 1859 1670 1915 numquam
1702 1842 1792 1896 de—
1820 1865 1867 1925 B
1895 1836 2018 1891 simi
2039 1837 2274 1908 pastoris
2305 1836 2468 1906 elegit
2496 1834 2734 1892 ofﬁcium
2756 1878 2771 1903 ,
2813 1852 3104 1908 personam
3144 1842 3378 1911 pastoris
3407 1841 3492 1898 in-

192 1933 318 1986 disti
351 1933 482 1986 mihi
517 1933 745 2000 haedum,
763 1934 1046 1990 tacendum
1075 1934 1256 2005 potius
1274 1949 1435 2005 quam
1460 1933 1791 2004 loquendum

194 2039 320 2080 esse
340 2023 457 2092 jam
483 2023 734 2090 diximus,
765 2026 892 2095 quia
918 2024 1133 2082 Judaeus
1175 2026 1416 2096 loquitur
1444 2045 1457 2080 :
1487 2034 1544 2082 et
1571 2041 1680 2082 non
1708 2025 1789 2081 fa-

195 2116 394 2171 cientis
415 2117 581 2172 verba
607 2125 758 2184 sunt,
803 2118 899 2173 sed
927 2119 1201 2175 tumentis.
1227 2118 1389 2175 Pater
1416 2119 1706 2189 egreditur,
1737 2127 1794 2174 et

195 2208 325 2263 dicit
349 2208 461 2264 lilio
482 2251 499 2278 ,
540 2207 670 2274 Fili,
702 2219 755 2264 tu
793 2227 990 2282 semper
1021 2228 1218 2266 mecum
1242 2227 1315 2266 es.
1349 2209 1667 2279 Quomodo?
1693 2227 1794 2283 per

195 2300 351 2369 Abel,
381 2317 482 2372 per
503 2301 747 2372 Henoch,
775 2320 874 2376 per
900 2303 1047 2371 Sem,
1077 2321 1178 2376 per
1205 2305 1350 2376 Noe,
1377 2322 1475 2378 per
1498 2307 1789 2373 Abraham,

197 2408 296 2463 per
319 2392 492 2459 Isaac,
525 2409 622 2466 per
641 2393 837 2462 Jacob,
869 2411 969 2467 per
992 2395 1234 2469 Moysem
1255 2438 1270 2464 ,
1301 2413 1401 2468 per
1440 2413 1631 2454 omnes
1671 2413 1798 2454 san-

195 2495 336 2552 ctos,
368 2502 471 2557 per
510 2502 646 2556 quos
681 2486 902 2544 Judaica
946 2489 1224 2558 generatio
1253 2490 1309 2544 in
1334 2489 1629 2559 Evangelio
1657 2490 1799 2546 lecta

197 2577 496 2644 derivatur,
522 2594 644 2633 cum
683 2579 812 2635 dicit
852 2599 864 2632 :
910 2580 1175 2636 Abraham
1204 2583 1382 2652 genuit
1419 2581 1607 2647 Isaac,
1640 2581 1799 2637 Isaac

197 2672 372 2740 genuit
398 2669 564 2725 Iacob
600 2671 827 2742 (Matth.
860 2690 909 2740 1,
945 2673 1037 2746 2).
1066 2673 1136 2728 Et
1163 2677 1338 2730 omnia
1368 2693 1484 2731 mea
1519 2686 1610 2730 tua
1653 2686 1794 2732 sunt.

197 2761 703 2828 Quemadmodum?
727 2763 863 2832 Quia
904 2765 997 2821 tibi
1037 2766 1156 2833 lex,
1201 2767 1297 2822 tibi
1339 2768 1653 2840 prophetia,
1699 2768 1795 2824 tibi

197 2857 496 2926 templum,
534 2857 632 2912 tibi
670 2857 1064 2927 sacerdotium,
1106 2860 1203 2916 tibi
1237 2861 1528 2929 sacriﬁcia,
1573 2861 1670 2917 tibi
1709 2876 1798 2917 re-

194 2961 386 3017 gnum,
417 2950 516 3005 tibi
542 2966 783 3018 munera,
815 2951 912 3007 tibi
936 2952 1122 3026 (quod
1151 2961 1236 3010 est
1256 2969 1420 3026 super
1446 2953 1668 3027 omnia)
1695 2969 1796 3010 na-

198 3049 287 3097 tus
308 3051 395 3097 est
419 3041 678 3099 Christus.
709 3043 814 3099 Sed
841 3046 966 3115 quia
990 3054 1046 3101 tu
1075 3062 1174 3117 per
1193 3047 1445 3103 invidiam
1466 3047 1696 3119 perdere
1715 3047 1798 3104 vis

1894 1929 2040 1998 duit,
2067 1938 2128 1985 ut
2157 1943 2333 1999 \vagos
2377 1929 2640 2001 populos,
2671 1930 2915 1999 palantes
2947 1931 3136 2002 plebes
3157 1974 3172 1998 ,
3221 1933 3496 2004 dispersas

1894 2021 2054 2092 longe
2075 2023 2290 2092 lateque
2319 2028 2522 2092 gentes,
2540 2021 2692 2076 velut
2717 2030 2961 2079 errantes
2981 2039 3112 2080 oves
3133 2025 3186 2080 in
3217 2041 3382 2080 unum
3395 2041 3496 2096 pa-

1895 2120 2011 2168 stor
2031 2113 2339 2168 misericors
2357 2119 2730 2182 congregaret,
2763 2113 2928 2169 immo
2966 2124 3024 2169 ut
3061 2117 3306 2172 nationes
3328 2117 3493 2182 feras,

1892 2207 2130 2278 praedam
2155 2208 2365 2275 mortis,
2397 2207 2576 2263 carnis
2603 2207 2803 2275 cibum,
2832 2217 3021 2280 potum
3049 2213 3324 2281 sanguinis
3349 2254 3364 2280 ,
3397 2214 3495 2270 be-

1895 2301 2121 2356 stiarum
2147 2298 2386 2355 furorem
2426 2299 2690 2363 sitientes,
2716 2299 2783 2354 ad
2809 2315 2966 2356 usum
2998 2301 3185 2371 lactis,
3220 2303 3288 2358 ad
3315 2303 3497 2360 cibum

1892 2393 2167 2462 graminis,
2199 2392 2268 2447 ad
2297 2391 2478 2448 ovium
2510 2399 2677 2447 totam
2720 2392 2948 2449 duceret
2973 2401 3030 2449 et
3069 2395 3320 2451 redderet
3361 2395 3496 2452 leni-

1895 2489 2101 2543 tatem?
2126 2486 2307 2541 Terra:
2345 2487 2493 2542 omni
2531 2487 2861 2557 pastoralem
2903 2488 3144 2556 mandat,
3171 2499 3227 2545 et
3267 2489 3499 2560 imperat

1897 2583 2256 2655 disciplinam,
2283 2582 2534 2651 dicendo,
2563 2581 2746 2639 Omnis
2771 2591 2925 2648 terra,
2937 2583 3161 2656 jubitate
3187 2582 3317 2639 Deo.
3344 2583 3498 2641 Sicut

1899 2677 2126 2732 militem
2155 2673 2180 2713 ¹κ
2211 2675 2340 2730 tuba
2363 2675 2619 2730 terribilis
2645 2675 2896 2746 producit
2923 2675 2990 2731 ad
3018 2675 3240 2741 bellum,
3266 2678 3344 2733 sic
3366 2693 3498 2734 oves

1901 2769 1971 2824 ad
1995 2783 2194 2839 pascua
2215 2767 2444 2823 dulcedo
2466 2767 2816 2837 jubilationis.
2841 2768 3050 2823 invitat.
3093 2767 3334 2824 Bellandi
3367 2784 3499 2842 ergo

1900 2860 2174 2917 fremitum
2217 2861 2477 2930 pastorali
2531 2861 2751 2916 lenitate
2805 2861 3056 2932 mitigare
3095 2864 3379 2932 convenit,
3437 2873 3500 2920 ut

1901 2959 2092 3023 gentes
2116 2959 2228 3006 tam
2248 2952 2397 3006 mitis
2422 2953 2592 3021 gratia
2633 2953 2886 3019 salvaret,
2904 2967 3040 3022 quas
3067 2953 3160 3009 diu
3192 2951 3212 2992 ι
3243 2970 3496 3026 pereme-

1901 3052 1989 3100 rat
2015 3044 2202 3100 feritas
2226 3045 2506 3101 naturalis.
2538 3044 2696 3111 Quod
2721 3053 2903 3101 autem
2931 3048 3166 3116 pastoris
3209 3048 3386 3104 bonus
3412 3064 3502 3106 es-

199 3133 466 3201 fratrem,
495 3145 748 3206 paternas
792 3137 1003 3207 epulas,
1054 3140 1224 3209 patris
1258 3139 1452 3209 gaudia
1497 3140 1689 3210 dignus
1732 3155 1792 3196 es
1819 3145 1864 3208 C
1895 3146 1980 3195 set
2005 3137 2213 3193 reditus
2235 3153 2361 3194 cum
2387 3137 2456 3192 ad
2491 3145 2666 3193 terras
2692 3139 2905 3193 veniret
2941 3135 3215 3206 Christus,
3246 3139 3502 3197 clamavit

197 3240 316 3280 non
343 3225 562 3282 habere.
601 3225 626 3266 ἆ
665 3229 906 3299 Angusto
947 3244 1199 3286 sermone
1225 3246 1313 3286 res
1345 3231 1650 3300 latissimas,
1685 3246 1795 3287 non

197 3324 260 3370 ut
281 3317 554 3373 voluimus
600 3321 811 3390 aperire
855 3321 1160 3392 potuimus;
1203 3323 1299 3378 sed
1342 3323 1581 3379 scientiae
1600 3330 1796 3379 vestra:

197 3408 496 3465 intellectui
521 3420 702 3468 vestro
730 3413 838 3468 lata
864 3422 987 3469 sunt
1009 3428 1128 3483 qua:
1158 3414 1213 3469 in
1234 3430 1487 3472 sermone
1511 3423 1700 3472 nostro
1714 3415 1796 3471 vi-

198 3501 395 3556 dentur
415 3512 664 3572 angusta.
694 3504 812 3560 Non
845 3505 915 3561 sit
943 3506 1059 3561 haec
1086 3506 1316 3575 ingrata,
1349 3508 1580 3579 simplex
1613 3515 1670 3563 et
1703 3522 1796 3564 oc-

199 3593 342 3647 culta
381 3594 604 3651 collatio
621 3636 636 3661 ,
667 3610 787 3666 quae
812 3613 912 3652 nos
945 3612 1033 3653 res
1055 3599 1310 3670 mysticas
1331 3609 1387 3656 et
1414 3601 1658 3657 excelsas
1685 3617 1796 3657 non

199 3699 439 3752 narrare,
485 3703 596 3744 non
639 3697 662 3726 °
699 3689 1002 3746 declamare
1025 3732 1040 3758 ,
1072 3691 1168 3748 sed
1196 3694 1410 3763 aperire
1449 3695 1711 3767 compulit
1737 3703 1792 3751 et

199 3776 512 3847 explanare.

263 3965 458 4021 Notat’
474 3975 657 4021 autem
700 3964 827 4019 Mita
859 3963 1134 4020 Christum
1169 3962 1274 4018 dici
1313 3961 1542 4018 Vitulum
1583 3962 1796 4034 sagina-

198 4045 302 4090 tum
336 4056 356 4088 ‹
392 4037 522 4106 quia
542 4051 611 4092 ex
656 4035 892 4091 millibus
927 4035 1159 4092 electum
1180 4034 1469 4106 virtutibus
1489 4035 1794 4104 impingua-

197 4114 282 4176 tus
301 4115 387 4162 est
404 4105 425 4172 ;'
451 4107 538 4162 vel
565 4106 690 4176 quia
720 4107 1043 4176 opprobriis,
1067 4114 1122 4160 et
1149 4105 1410 4176 patientia
1437 4106 1729 4176 saginatus.
1770 4122 1789 4155 ι

195 4174 294 4248 Cui
324 4177 451 4231 addi
489 4174 672 4248 potest
706 4174 834 4248 illud
875 4174 1166 4248 prophetze
1193 4193 1208 4248 _:
1243 4174 1578 4248 saturabitur
1606 4190 1796 4248 appro-

197 4246 353 4312 briis;
387 4245 505 4312 vel,
526 4257 586 4302 ut
616 4247 690 4301 ait
714 4245 1031 4303 Anastasius
1058 4245 1266 4302 Sinaita
1295 4246 1348 4300 in
1379 4245 1681 4300 Hexamer.
1699 4245 1792 4300 lib.

197 4333 234 4380 1,
266 4315 405 4389 Quia
432 4319 814 4389 crucisjugum
841 4327 955 4372 erat
999 4327 1275 4373 tracturus.
1307 4315 1445 4371 Vide
1471 4315 1797 4371 Cotelerium

199 4336 234 4380 1,
266 4336 405 4381 quia
432 4336 814 4436 cructsgyugum
841 4336 916 4372 ert

199 4388 378 4442 tom.l
409 4403 532 4459 pag.
567 4388 616 4442 2.
665 4390 721 4442 in
755 4389 916 4444 notis.

272 4489 297 4516 ι
338 4478 559 4535 Iudaeus
587 4479 815 4536 scilicet.

270 4571 296 4608 δ
335 4571 432 4625 Sic
451 4569 739 4625 Montanus
766 4585 867 4641 pro

200 4642 348 4707 lium,
380 4641 547 4695 vertit
567 4650 886 4695 concentum.

199 4729 332 4766 runt.
365 4710 592 4780 Utrique
622 4713 912 4767 assentitur

272 4814 296 4842 ε
329 4803 529 4886 Daicus.
548 4804 712 4859 etiam
731 4803 1173 4886 populumquein
1194 4801 1436 4886 Ecclesia
1457 4800 1800 4886 veteri‘Psal-

200 4890 319 4929 mos
341 4874 629 4930 Davidicos
655 4871 918 4929 cecinisse
938 4915 953 4940 ,
986 4871 1192 4928 eruitur
1220 4889 1288 4928 ex
1327 4871 1576 4928 Caesareo
1611 4872 1800 4927 Arela-

201 4945 338 5000 tensi
359 4945 502 5014 apud
532 4945 920 5008 Mabillonium,
937 4942 1141 5014 praefat.
1181 4944 1234 4998 in
1264 4943 1456 5014 Szpcul.
1479 4961 1497 4997 1
1520 4944 1796 4998 Benedict.

201 5031 348 5070 num.
383 5013 508 5069 110.
535 5014 592 5070 1d
622 5017 786 5071 etiam
819 5031 850 5069 a
897 5013 953 5070 S.
987 5014 1258 5069 Germano
1305 5013 1638 5069 Parisiorum
1681 5014 1798 5082 epi-

199 5103 367 5158 scopo
394 5087 694 5158 provisum,
711 5092 942 5142 testatur
954 5084 1286 5140 Fortunatus
1307 5085 1400 5142 lib.
1424 5101 1462 5142 ιι
1489 5099 1657 5141 carm.
1691 5084 1758 5138 10
1784 5102 1796 5138 :

905 4569 1215 4695 sgmphonia
1233 4609 1246 4633 ,
1271 4576 1332 4624 ut
1357 4567 1524 4623 habet
1550 4567 1798 4637 Evange-

968 4657 1090 4695 vrus
1122 4648 1280 4695 vocat
1310 4659 1323 4694 :
1357 4637 1578 4694 Cautum
1608 4640 1798 4694 multo-

1029 4637 1090 4696 us
1122 4648 1280 4696 vocat
1310 4659 1323 4694 :
1357 4637 1578 4694 Cautum
1608 4640 1798 4694 multo-

992 4711 1330 4783 hrysologus.

291 5200 545 5252 Pontiﬁcis
561 5201 750 5251 monitu
771 5199 953 5264 clerus,
977 5198 1136 5262 plebs,
1162 5198 1348 5265 psallit,
1368 5206 1419 5251 et
1436 5199 1610 5251 infans.

271 5291 300 5332 ⁸
329 5293 388 5349 In
413 5293 689 5350 nonnullis
717 5293 906 5360 editis,
937 5293 1188 5365 Augusto.

275 5397 300 5424 ε
323 5386 401 5441 Ita
429 5387 771 5458 reposuimus
795 5401 864 5440 ex
891 5385 1128 5458 editione
1156 5384 1299 5458 Mitga
1321 5391 1375 5438 et
1399 5382 1628 5438 Castilli.
1651 5381 1800 5458 Reli-

199 5472 322 5527 qua:
350 5453 541 5512 omnes
557 5457 739 5512 minus
758 5463 903 5526 apte,
922 5456 1230 5527 declarare:
1241 5453 1508 5527 Caeterum
1530 5469 1641 5527 non
1659 5453 1801 5527 male

199 5523 457 5598 opinatur
483 5528 611 5582 Mita
639 5523 947 5582 sermonem
966 5527 1110 5581 hunc
1127 5541 1167 5598 7a
1192 5523 1799 5598 Chrysglogobabitum

199 5594 368 5654 fuisse
395 5598 710 5669 Neophytis,
741 5616 759 5649 ‹
789 5605 844 5653 et
865 5611 1057 5666 parum
1075 5597 1252 5652 adhuc
1272 5594 1327 5652 in
1353 5594 1659 5650 Christiana
1687 5594 1798 5650 Do-

199 5670 378 5724 ctrina
417 5667 662 5723 ﬁrmatis.
677 5689 694 5720 ι

275 5759 296 5798 ί
329 5759 522 5815 Sermo
549 5761 637 5816 hic
657 5760 1030 5815 inscribiturin
1052 5759 1318 5829 psalmum
1345 5774 1487 5824 xcrx,
1521 5757 1614 5829 qui
1637 5765 1801 5812 et1am

200 5845 229 5883 a
248 5829 606 5887 Genebrardo
627 5831 823 5886 dicitur
848 5828 1120 5885 :Psatmtts
1138 5830 1464 5902 propiteticus
1498 5828 1561 5882 de
1574 5829 1800 5902 gentium

201 5903 567 5964 conversione;
597 5917 761 5972 super
787 5916 948 5970 quem
965 5901 1040 5956 ita
1069 5899 1256 5958 scribit
1272 5900 1501 5958 Lorinus
1535 5917 1547 5954 :
1574 5899 1800 5972 Chryso-

486 5994 760 6058 Punon.
805 5993 935 6055 LII.

1825 4696 1877 4755 υ
1903 4689 2069 4741 sicam
2114 4687 2170 4740 in
2204 4686 2420 4758 templis
2462 4687 2600 4758 ci_r_ca
2633 4704 2828 4743 annum

1894 3233 2012 3304 ipse
2025 3229 2187 3286 hodie
2205 3248 2218 3283 :
2233 3230 2346 3301 Ego
2361 3246 2473 3283 sum
2487 3239 2668 3301 pastor
2681 3229 2874 3295 bonus;
2898 3237 3079 3300 pastor
3091 3230 3252 3285 bonus
3269 3233 3500 3288 animam

1895 3339 2044 3377 suam
2082 3321 2228 3392 ponit
2271 3338 2367 3392 pro
2401 3321 2576 3375 ovibus
2604 3322 2711 3376 suis
2742 3319 2932 3391 (Joan.
2969 3337 3022 3388 x,
3062 3319 3188 3393 11).
3233 3320 3372 3378 Hinc
3415 3333 3501 3381 est

1897 3413 2045 3484 quod
2065 3412 2344 3482 adjutores
2366 3453 2381 3478 ,
2413 3412 2559 3482 quod
2605 3412 2785 3468 socios
2813 3412 2882 3467 ad
2927 3427 3116 3468 curam
3153 3414 3323 3469 totius
3350 3415 3500 3472 orbis

1899 3507 2017 3579 ipse
2038 3505 2296 3574 magister
2313 3504 2566 3574 inquirit,
2599 3504 2848 3571 dicendo,
2878 3502 3109 3558 Jubilate
3146 3502 3291 3572 Deo,
3332 3509 3502 3565 omnis

1900 3610 2058 3656 terra.
2084 3598 2222 3654 Hinc
2243 3605 2326 3652 est
2347 3596 2493 3666 quod
2521 3613 2654 3653 oves
2682 3612 2809 3653 suas
2836 3594 3001 3652 Petro
3028 3596 3148 3651 vice
3169 3612 3287 3665 sua,
3320 3608 3378 3654 ut
3405 3615 3503 3672 pa-

1893 3702 2091 3760 sceret,
2115 3690 2185 3747 ad
2207 3689 2404 3747 cmlum
2432 3697 2789 3756 remeaturus,
2809 3687 3174 3744 commendat.
3204 3689 3380 3758 Petre,
3414 3693 3502 3748 in-

1893 3786 2030 3856 quit,
2061 3799 2206 3837 amas
2233 3781 2349 3835 me?
2369 3780 2538 3838 Pasce
2564 3799 2680 3838 oves
2707 3797 2872 3836 meas.
2895 3777 2964 3834 Et
2984 3788 3044 3836 ut
3065 3781 3247 3837 tenuia
3262 3782 3503 3843 redditus

1907 3961 2052 4031 logus
2083 3977 2369 4034 sermonem
2398 3969 2598 4015 sextum
2622 3961 2839 4018 insumit
2861 3978 3016 4034 super
3030 3972 3332 4033 prmsentem
3360 3964 3505 4034 psal-

1905 4041 2156 4105 mum,__ut
2185 4031 2367 4105 doceat
2392 4041 2586 4104 quanta
2610 4034 2679 4087 sit
2706 4033 2888 4087 lwtitia
2915 4031 2980 4086 de
3021 4031 3499 4105 conversioue‘pro-

1907 4102 2013 4173 digi
2041 4102 2162 4172 ﬁlii,
2195 4103 2284 4175 qui
2327 4102 2475 4174 typus
2513 4112 2625 4156 erat
2659 4105 2889 4158 omnium
2927 4105 3176 4174 gentium.
3352 4107 3358 4118 ‘

1980 4203 2006 4241 ε
2031 4192 2310 4266 Tympana
2336 4202 2397 4266 et
2445 4209 2648 4264 organa
2675 4195 3006 4266 primitusin
3048 4193 3315 4266 Ecclesia,
3337 4194 3504 4251 Galli-

1905 4279 2042 4336 cana
2073 4263 2289 4336 inducta
2327 4263 2491 4336 fuisse
2509 4263 2529 4327 ,7
2567 4263 2760 4336 asserit
2805 4264 3144 4320 Mabillonius
3180 4265 3388 4336 praefat.
3434 4267 3506 4323 ad

1903 4334 2041 4390 Saec.
2078 4335 2279 4390 Bened.
2302 4351 2378 4389 ιιι.
2420 4334 2694 4389 Marianas
2730 4335 2910 4399 Scoto,
2940 4335 3156 4402 scribit,
3181 4334 3279 4391 sub
3307 4354 3504 4393 annum

1905 4404 2121 4458 Domini
2164 4404 2266 4475 757
2319 4407 2832 4475 organumiprimum
2883 4406 3081 4462 venisse
3114 4409 3172 4461 in
3214 4406 3504 4463 Franciam

1905 4476 2118 4548 missum
2138 4474 2341 4548 ~Pipino
2363 4474 2528 4548 regia
2556 4474 2894 4548 Constantino
2923 4478 3234 4548 imperatore
3263 4495 3329 4533 ea:
3353 4476 3504 4535 Crte-

1905 4547 2008 4599 cia.
2057 4545 2266 4618 l_3ala;us
2287 4545 2430 4618 item
2465 4545 2668 4614 Anglia;
2697 4545 3172 4618 episcopus'tradit
3204 4567 3216 4601 :
3259 4547 3502 4604 Vitellia-

1905 4633 2029 4690 num
2051 4614 2240 4690 Patria
2275 4614 2553 4690 Signinum
2571 4655 2585 4679 ,
2632 4618 2709 4671 vel
2730 4614 3085 4690 Campanum
3109 4621 3365 4690 insignem
3389 4637 3505 4675 mu-

2914 4691 3074 4744 omim'
3097 4689 3200 4743 609
3219 4689 3222 4690 ⁷
3242 4700 3423 4747 cautus
3450 4700 3504 4745 et

1904 4774 2108 4832 organa
2143 4755 2456 4832 adhibuisse.
2503 4755 2707 4832 Horum
2745 4761 3012 4832 vetustior
3049 4759 3418 4832 Chrysologus
3445 4762 3503 4815 in

1905 4826 2210 4883 Ravennati
2239 4826 2479 4883 Ecclesia
2497 4842 2559 4882 ea
2585 4826 2694 4896 jam
2726 4829 3022 4886 obtinuisse
3049 4826 3503 4887 declaratihnmo

1903 4899 2211 4971 antiquiora
2241 4897 2410 4971 fuisse
2425 4906 2581 4971 patet
2605 4914 2674 4953 ex
2703 4897 3016 4971 Prudentio,
3039 4902 3134 4971 qui
3161 4901 3345 4957 ﬂoruit
3359 4904 3503 4958 circa

1907 4967 2108 5041 annum
2137 4970 2351 5024 Domini
2377 4967 2502 5041 7380.
2541 4967 2591 5041 Is
2619 4970 2865 5024 meminit
2893 4967 3082 5039 organi
3108 4980 3266 5027 tantm
3295 4975 3505 5041 magni-

1905 5039 2128 5114 tudinis,
2154 5047 2213 5114 ut
2241 5040 2515 5114 hominem
2545 5040 2693 5114 ineo
2715 5041 3305 5114 delitescere‘nonnulli
3327 5039 3506 5114 suspi-

1907 5110 2015 5164 cati
2044 5110 2260 5165 fuerint.
2304 5109 2430 5166 Haec
2457 5110 2650 5165 similia
2680 5111 2846 5166 habet
2871 5110 3166 5168 Balduinus
3193 5109 3510 5169 Aldhelnius

1908 5176 2114 5250 Anglus
2139 5181 2231 5236 lib.
2264 5180 2332 5238 de
2360 5181 2609 5250 Virginit.
2641 5178 2848 5237 Claruit
2883 5197 3028 5238 anno
3058 5182 3181 5238 709.

1977 5265 2111 5359 {De
2133 5270 2347 5359 cithara
2371 5270 2716 5359 aptiquorum
2744 5271 2867 5328 vide
2886 5270 3153 5329 Isidorum
3181 5273 3236 5330 in
3265 5273 3503 5344 Origini-
3559 5332 3572 5359 ι

1904 5341 2008 5397 bus
2043 5340 2138 5396 lib.
2169 5356 2228 5395 ιιι
2255 5356 2378 5411 cap.
2408 5339 2497 5394 21.

1983 5429 2315 5504 iConsentit
2331 5429 2816 5504 Chrysologuﬁsiiis
2849 5433 2942 5504 qui
2979 5432 3139 5502 hujus
3180 5435 3373 5504 psalmi
3412 5450 3506 5490 au-

1905 5508 2132 5569 ctorem,
2163 5519 2272 5558 non
2299 5501 2560 5573 Moysem,
2592 5503 2687 5558 sed
2713 5501 2970 5559 Davidem
2991 5501 3196 5559 dicunt:

1979 5591 2296 5666 i_Mendum
2347 5594 2402 5648 in
2455 5594 2704 5666 omnibus
2743 5595 3140 5666 exemplaribus
3189 5612 3311 5666 qua:
3352 5597 3507 5653 nobis

1907 5663 2066 5719 obvia
2095 5673 2239 5731 sunt,
2273 5679 2340 5720 ex
2369 5679 2472 5721 ms.
2503 5664 2722 5720 Cesena:
2749 5663 3053 5722 emendavit
3079 5663 3322 5723 Castillo.

1915 5838 1932 5882 ι
1980 5755 2152 5882 kbNon
2178 5759 2285 5815 levi
2305 5758 2766 5831 typographorum
2797 5774 2984 5814 errore
3024 5760 3218 5831 legitur
3247 5761 3300 5816 in
3348 5759 3505 5819 editis

1933 5846 1999 5882 ur
2035 5847 2086 5882 a.

1933 5846 2086 5883 urna.

1990 5899 2006 5939 ι
2055 5900 2226 5967 Alias,
2262 5911 2537 5956 presserat.

3000 5995 3040 6064 ,ι

3521 765 3546 822 ε
