3942 6348
368 367 473 451 soi

1624 357 1680 413 s.
1721 303 1949 410 PETRI.
1970 329 2400 405 cuuvsomci

3549 325 3653 385 208

367 499 732 562 voluntarium
752 493 1055 567 profitetur.
1082 486 1140 540 Si
1168 465 1300 547 vult,
1330 490 1499 548 quare
1528 473 1734 528 tristis?
1768 469 1826 524 Si
1858 484 1964 522 non
1996 472 2047 530 Α
2069 462 2220 519 Sicut
2247 460 2315 515 de
2342 453 2666 513 vestimento
2690 456 2854 512 tinea,
2885 439 3435 567 rubigo‘deametallo,
3467 439 3538 497 de
3558 457 3654 497 ne—

1822 564 1831 567 ,
1896 562 1926 567 -.
1953 562 1964 567 -
2197 556 2228 567 .-
2275 560 2285 567 .
2377 550 2516 567 ρᾳ--
2567 549 2861 567 ..-..-....¢....
2899 559 2910 567 .
2955 547 3024 567 ...ι
3099 553 3128 567 Δ
3203 552 3270 567 ..η
3299 551 3360 567 ..α
3397 535 3620 567 nun-hin

367 599 513 662 vult,
542 562 993 666 jejunus-quare?
1020 579 1211 636 Merito
1239 574 1334 629 tali
1361 585 1526 643 pcena
1546 567 1715 632 vivit,
1743 564 1837 634 qui
1864 562 1970 617 sibi

366 692 497 746 facit
659 656 858 741 virtute
903 679 1113 742 vitium,
1143 667 1486 726 mendacium
1524 663 1593 718 de
1618 660 1869 721 veritate,
1902 656 1971 711 de

367 780 620 838 mercede
674 788 698 814 α
742 771 1112 843 dispendium,
1168 764 1236 818 de
1291 758 1616 818 remissione,
1661 759 1964 824 peccatum.

380 873 631 944 Agricola
659 871 705 926 si
729 885 834 923 non
850 859 1185 934 impresserit
1199 857 1454 916 cultrum,
1472 852 1518 906 si
1539 849 1748 905 sulcum
1765 859 1874 899 non
1885 841 1973 897 de-

382 968 604 1032 foderit,
636 965 682 1019 si
713 977 821 1016 non
840 956 1106 1015 exciderit
1119 959 1321 1013 sentes,
1354 948 1399 1002 si
1421 943 1663 1015 gramina
1691 955 1800 994 non
1823 934 1974 992 evul-

373 1062 526 1123 serit,
558 1059 603 1112 si
634 1057 687 1110 in
717 1061 834 1108 tuto
870 1049 1079 1105 semina
1108 1060 1217 1100 non
1258 1039 1453 1096 locarit
1478 1079 1490 1102 ,
1534 1035 1636 1091 sibi
1688 1029 1968 1091 mentitur,

373 1168 483 1206 non
511 1157 668 1206 terrm
692 1163 706 1213 ;
740 1157 842 1200 nec
861 1148 1021 1196 terrm
1043 1136 1172 1192 facit
1199 1134 1475 1194 damnum,
1509 1127 1603 1182 sed
1629 1123 1732 1179 sibi
1758 1137 1866 1176 non
1893 1118 1973 1173 fa-

374 1245 451 1300 cit
478 1243 713 1297 fructum
739 1233 843 1292 :et
880 1237 957 1289 ita
993 1248 1052 1288 se
1081 1236 1304 1292 vacuat,
1333 1227 1406 1279 ita
1439 1221 1671 1292 decipit,
1696 1219 1977 1288 impugnat

371 1321 484 1402 ita,
521 1335 614 1405 qui
643 1343 803 1387 terra:
846 1343 1012 1384 manu
1059 1323 1236 1378 fallaci
1282 1319 1554 1374 mentitur.
1601 1313 1740 1380 Quid
1783 1310 1974 1366 faciet?

370 1427 505 1500 quid
538 1403 810 1480 habebit?
859 1419 992 1489 quid
1048 1413 1318 1470 inveniet?
1373 1409 1465 1479 qui
1520 1407 1664 1472 Deo,
1705 1403 1975 1459 esuriente

372 1492 560 1583 carne,
595 1511 870 1586 hypocrisi
891 1508 1217 1569 luxuriante,
1246 1499 1536 1556 mentitur?
1559 1495 1696 1562 Quia
1723 1492 1975 1564 agricola:

373 1611 604 1666 fecimus
652 1605 1004 1666 mentionem,
1032 1599 1167 1655 sciat
1203 1597 1292 1650 ille
1319 1593 1586 1650 sustinere
1625 1604 1684 1643 se
1728 1587 1974 1641 laborem

374 1703 664 1765 incassum,
709 1711 767 1749 se
816 1693 951 1748 nihil
1000 1689 1328 1752 habiturum,
1375 1684 1468 1754 qui
1506 1695 1758 1752 premens
1781 1676 1973 1747 jejunii

377 1801 636 1856 aratrum,
671 1796 725 1843 et
748 1783 1066 1840 abscindens
1086 1779 1222 1849 gulae
1243 1775 1486 1846 gramina
1505 1781 1666 1841 atque
1688 1768 1971 1825 eradicans

2073 556 2325 612 cessitate
2375 550 2520 603 fures
2567 549 2861 599 nascuntur
2899 559 2912 593 :
2954 538 3029 593 ita
3061 536 3130 592 de
3163 535 3364 591 divitiis
3397 535 3655 600 avaritia,

2071 646 2340 718 cupiditas
2366 641 2435 697 de
2463 645 2672 710 quaestu
2690 677 2705 702 ,
2737 635 2804 690 de
2833 629 3084 688 habendo
3114 627 3351 684 habendi
3379 626 3543 682 ardor
3569 642 3659 682 ac-

2074 741 2324 814 quiritur.
2359 734 2464 804 Qui
2507 747 2637 801 ergo
2686 729 2800 784 vult
2840 725 3121 782 avaritiam
3164 723 3403 786 vincere,
3451 720 3664 775 divitias

2077 812 2103 885 ἐ
2125 839 2400 907 proroget,
2422 844 2532 885 non
2558 831 2806 898 reponat.
2831 820 3245 884 Praemittamus,
3268 816 3486 883 fratres,
3503 812 3534 852 ι·
3548 815 3664 870 the-

2075 942 2266 984 sauros
2299 929 2520 979 nostros
2548 920 2603 974 in
2627 917 2858 982 ctelum;
2889 914 3000 970 sint
3027 910 3043 949 ί
3076 918 3327 966 vectores
3373 920 3662 979 pauperes,

2075 1021 2167 1090 qui
2206 1022 2433 1089 possunt
2472 1013 2593 1068 sinu
2639 1025 2736 1066 suo
2790 1022 2912 1077 quae
2939 1012 3126 1060 nostra
3171 1011 3297 1058 sunt
3323 1000 3393 1056 ad
3433 1012 3664 1070 superna

2073 1118 2312 1183 portare.
2344 1106 2516 1162 Nemo
2543 1103 2611 1158 de
2643 1100 2828 1156 fraude
2851 1097 3060 1153 dubitet
3089 1094 3393 1164 baiulorum
3419 1109 3432 1144 :
3459 1100 3552 1145 tua
3586 1096 3666 1144 est

2076 1179 2178 1260 ista
2208 1199 2550 1261 transvectio,
2581 1210 2678 1267 per
2704 1207 2868 1263 quam
2895 1197 3080 1246 nostra
3109 1187 3177 1242 ad
3204 1187 3374 1242 Deum
3399 1184 3414 1235 ἱ
3451 1183 3565 1238 Deo
3606 1179 3667 1232 li.

2077 1295 2362 1365 dejussore
2389 1297 2678 1362 portantur
2707 1303 2722 1339 :
2753 1285 2841 1341 cui
2861 1291 2946 1338 est
2973 1282 3148 1338 omnis
3175 1280 3352 1334 honor
3378 1283 3436 1330 et
3460 1274 3630 1344 gloria
3647 1311 3662 1335 ,

2076 1389 2248 1443 virtus
2277 1393 2332 1441 et
2359 1383 2642 1454 imperium
2660 1420 2674 1444 ,
2707 1386 2763 1434 et
2794 1377 3088 1447 gratiarum
3117 1372 3259 1429 actio
3288 1371 3342 1425 in
3365 1368 3549 1425 omnia
3569 1380 3666 1420 sm-

2078 1481 2198 1537 cula
2224 1478 2562 1541 sicculorum,
2595 1475 2766 1529 Amen
2792 1469 2838 1524 ιε.

2675 1603 2906 1664 SERMO
2942 1603 3074 1659 VIII.

2465 1725 2544 1779 De
2578 1723 2781 1796 jejunio
2821 1729 2871 1775 et
2909 1719 3251 1787 elemosyna.

377 1883 602 1938 luxuria:
630 1887 828 1943 sentes,
856 1870 1240 1929 misericordiae
1261 1867 1288 1906 ι)
1315 1866 1520 1922 semina
1549 1863 1696 1917 nulla
1732 1859 1970 1929 jactave—
2000 1873 2051 1935 Β
2143 1864 2485 1920 Gubernator
2497 1859 2735 1930 prudens
2758 1873 2788 1912 α
2811 1856 2991 1911 liuore
3015 1869 3138 1908 cum
3151 1851 3330 1907 navim
3357 1846 3672 1915 solvit,cum

378 1976 467 2029 rit.
503 1972 618 2027 Hoc
649 1969 908 2025 Dominus
939 1963 1149 2034 aperire
1177 1959 1380 2022 voluit,
1412 1956 1506 2025 qui
1542 1953 1608 2008 de
1631 1951 1839 2020 jejunio
1868 1949 1969 2003 do-

379 2080 526 2129 cens,
557 2078 685 2116 mox
708 2062 810 2114 ista
837 2055 1098 2124 subjecit:
1126 2049 1305 2104 Nolite
1328 2046 1680 2102 thesaurizare
1699 2040 1840 2095 vobis
1863 2039 1973 2092 the—

379 2173 560 2212 sauros
589 2156 644 2207 in
670 2163 826 2216 terra,
851 2147 939 2202 ubi
967 2161 1144 2216 aerugo
1172 2151 1222 2196 et
1245 2142 1381 2194 tinea
1397 2136 1688 2199 demolitur,
1715 2142 1763 2186 et
1781 2131 1869 2184 ubi
1895 2132 1977 2201 {u-

381 2266 466 2304 res
495 2246 814 2316 eﬂ‘odiuntet
839 2244 1101 2314 furantur.
1128 2233 1235 2290 Sed
1252 2231 1597 2286 thesaurizate
1616 2225 1757 2280 vobis
1775 2224 1979 2278 thesau-

382 2355 469 2394 ros
574 2337 698 2391 coelo
717 2374 731 2398 ,
762 2313 852 2385 ubi
891 2343 1053 2399 neque
1082 2339 1254 2394 azrugo
1272 2363 1286 2388 ,
1318 2335 1480 2391 neque
1518 2318 1654 2370 tinea
1682 2313 1975 2378 demolitur,

384 2438 433 2484 et
463 2428 550 2482 ubi
579 2430 715 2500 {ures
750 2441 856 2480 non
885 2419 1155 2490 effodiunt,
1181 2432 1273 2469 nec
1299 2416 1557 2485 furantur.
1583 2407 1720 2474 Quid
1749 2415 1858 2460 tam
1884 2420 1981 2475 pa-

385 2523 637 2578 ternum?
665 2519 794 2590 quid
822 2517 903 2571 sic
923 2513 1146 2569 veniens
1182 2509 1250 2564 de
1278 2506 1498 2561 amore?
1539 2503 1686 2573 quod
1717 2511 1823 2556 tam
1856 2515 1983 2571 pro-

387 2613 570 2666 vidum
593 2611 660 2665 de
684 2609 953 2664 charitate
981 2600 1306 2659 consilium?
1327 2597 1461 2651 nihil
1489 2595 1587 2649 tibi
1628 2594 1806 2665 perire
1849 2591 1980 2653 vult,

388 2704 481 2773 qui
511 2711 603 2755 tua
632 2702 687 2755 in
714 2697 984 2753 thesauris
1006 2691 1314 2749 cmlestibus
1335 2688 1451 2743 vult
1478 2686 1684 2757 reponi.
1704 2683 1875 2750 Quam
1897 2698 1984 2737 se—

389 2809 550 2847 curus
578 2791 797 2856 dormit,
829 2789 922 2857 qui
948 2787 1121 2840 Deum
1140 2797 1361 2838 suorum
1390 2790 1410 2817 ο
1443 2777 1643 2832 meruit
1668 2775 1870 2829 habere
1891 2788 1986 2827 cu-

389 2882 635 2938 stodem!
669 2880 842 2946 Quam
862 2877 1036 2932 nescit
1065 2889 1222 2930 curas
1240 2911 1255 2936 ,
1287 2885 1448 2940 quam
1469 2867 1692 2939 deponit
1723 2879 1950 2933 angores
1968 2903 1983 2926 ,

391 2989 556 3042 quam
582 2987 692 3026 non
722 2978 804 3025 est
852 2969 1063 3032 anxius,
1098 2979 1259 3035 quam
1293 2977 1572 3017 servorum
1598 2957 1626 2996 ά
1655 2967 1804 3015 caret
1824 2957 1984 3019 fastu,

393 3067 487 3142 qui
513 3081 610 3120 sua
639 3064 782 3135 patri
806 3060 1070 3117 servanda
1101 3054 1423 3112 committit!
1455 3050 1738 3119 Quomodo
1763 3057 1990 3119 paterna

393 3167 574 3216 servat
602 3156 833 3222 affectio,
865 3165 888 3194 θ
919 3152 1065 3223 quod
1104 3152 1267 3205 timor
1308 3163 1416 3203 non
1449 3153 1631 3217 potest
1665 3145 1744 3197 sic
1771 3156 1992 3197 servare

2076 1971 2226 2011 mare
2249 1954 2570 2008 transiturus
2599 1951 2764 2004 intrat
2788 1947 3000 2012 ﬂuctus,
3024 1945 3236 2008 domus,
3268 1941 3474 2012 patriae,
3489 1938 3674 2008 conju-

2078 2049 2178 2118 gis,
2200 2047 2219 2086 1
2246 2047 2724 2118 piguorum,euras
2745 2040 2984 2111 deponit,
3000 2046 3054 2093 et
3075 2038 3149 2091 ita
3174 2045 3319 2090 totus
3337 2041 3542 2099 mente,
3565 2048 3675 2086 cor-

2078 2156 2232 2213 pore,
2246 2155 2428 2203 scnsu,
2443 2138 2672 2193 nauticis
2685 2133 2957 2190 laboribus
2972 2135 3414 2202 occupatur,utet
3422 2126 3676 2182 ﬂuctuum

2079 2233 2253 2305 possit
2262 2245 2519 2302 superare
2530 2227 2856 2290 discrimina,
2871 2233 2925 2280 et
2937 2224 3225 2279 stationem
3237 2219 3479 2275 Inlucrosi
3488 2224 3678 2289 portus

2081 2323 2305 2395 periculi
2359 2323 2533 2376 victor
2559 2316 2781 2373 intrare.
2814 2315 2905 2372 Sic
2935 2330 3036 2370 nos
3075 2313 3271 2368 fratres
3303 2310 3536 2380 ingrcssi
3575 2310 3678 2363 iter

2084 2414 2437 2479 abstinentiae,
2465 2410 2656 2481 jejunii
2699 2409 2950 2479 pelagus,
2988 2415 3019 2443 ιι
3051 2403 3476 2474 quadragesima
3517 2401 3674 2466 viam,

2084 2505 2261 2560 navim
2290 2502 2534 2572 corporis
2571 2500 2744 2555 nostri
2781 2498 3050 2554 solvamus
3088 2511 3119 2549 a
3148 2495 3329 2549 littore
3367 2491 3674 2554 mundano;

2087 2596 2362 2652 smcularis
2387 2593 2578 2664 patriae
2605 2590 2975 2646 renuntieinus
3003 2587 3178 2652 curis;
3207 2586 3262 2640 in
3288 2586 3466 2640 crucis
3489 2583 3679 2637 arbore

2087 2698 2200 2744 tota
2243 2687 2438 2742 mentis
2476 2687 2599 2741 vela
2637 2684 2949 2748 tendamus;
2997 2682 3255 2736 virtutum
3305 2678 3555 2743 funibus,
3591 2691 3678 2731 sa-

2089 2781 2304 2852 pientiae
2329 2780 2509 2844 remis,
2535 2777 2911 2847 gubernaculis
2929 2774 3242 2843 disciplinae,
3274 2771 3473 2840 navigii
3515 2769 3681 2825 nostri

2095 2871 2400 2924 muniamus
2429 2869 2716 2923 incessum.
2758 2866 2827 2920 Et
2853 2865 3099 2920 subducti
3144 2863 3302 2918 terris
3346 2861 3682 2931 speculemus

2092 2963 2290 3017 coelum
2317 2979 2329 3014 :
2360 2969 2418 3014 ut
2443 2960 2644 3015 ducatu
2668 2959 2943 3028 signorum
2970 2955 3272 3012 caelestium
3293 2955 3436 3009 inter
3454 2951 3682 3022 liquidos

2093 3055 2257 3111 calles
2279 3053 2498 3108 latentis
2525 3052 2626 3106 viae
2657 3049 2976 3105 iuolfensum
3002 3048 3273 3103 tramitem
3301 3055 3490 3101 tenere
3518 3042 3682 3113 possi-

2093 3165 2247 3216 mus;
2279 3164 2344 3203 ac
2369 3147 2415 3202 si
2440 3155 2464 3184 ο
2495 3146 2830 3216 gubernante
2854 3143 3070 3198 Christo
3089 3183 3104 3208 ,
3131 3142 3296 3197 ﬂante
3323 3139 3526 3210 Spiritu
3559 3151 3681 3192 san-

395 3253 605 3311 servilis
632 3271 643 3305 :
670 3260 825 3322 pater
852 3261 975 3304 cum
1023 3244 1114 3298 dat
1159 3257 1257 3296 sua
1287 3239 1442 3305 ﬁliis,
1484 3253 1596 3293 non
1623 3235 1814 3289 minuit
1839 3247 1991 3288 com-
2014 3245 2062 3312 α
2093 3249 2217 3307 cro,
2245 3239 2432 3294 θνίοιίε
2473 3237 2808 3307 voluptatum
2850 3235 3087 3304 spumis,
3128 3230 3396 3303 superatis
3436 3228 3677 3282 vitiorum

397 3345 650 3400 mendata
679 3339 931 3396 ﬁliorum.
967 3334 1108 3403 Quid
1146 3334 1217 3388 sit
1260 3339 1436 3401 pater,
1485 3329 1690 3393 nescit;
1721 3325 1895 3380 nescit
1934 3340 1995 3380 se

399 3437 590 3502 ﬁlium,
621 3435 711 3503 qui
747 3449 857 3487 non
901 3428 1075 3484 credit
1110 3425 1273 3496 patri.
1309 3423 1530 3476 Tincam
1558 3436 1668 3474 non
1704 3419 2000 3473 excludunt

401 3530 655 3591 claustra,
687 3527 781 3581 sed
824 3522 1112 3586 claudunt;
1145 3527 1200 3573 et
1228 3522 1511 3586 generant,
1542 3529 1652 3567 non
1684 3512 1955 3582 repellunt
1983 3530 1995 3563 :

407 3620 430 3660 ¹
448 3619 746 3688 rubiginem
769 3616 1012 3669 nutriunt
1031 3616 1263 3671 servata,
1282 3623 1390 3661 non
1404 3607 1576 3660 vitant
1594 3622 1607 3670 ;
1624 3605 1747 3673 quia
1767 3603 1912 3672 quod
1932 3603 2000 3657 de

405 3725 466 3767 re
493 3710 750 3775 nascitur,
780 3722 889 3761 non
909 3705 1127 3758 vitatur.
1159 3699 1261 3754 Ubi
1292 3708 1374 3754 est
1399 3697 1708 3760 necessitas,
1732 3691 1879 3750 fiires
1900 3696 1997 3751 de-

408 3820 529 3859 esse
558 3817 664 3857 non
692 3805 936 3870 possunt.
964 3795 1067 3861 Qui
1096 3808 1226 3861 ergo
1255 3791 1398 3844 inter
1422 3791 1622 3853 tineas,
1658 3787 1959 3856 rubiginem
1977 3829 1992 3852 ,

408 3896 576 3957 fures,
605 3907 702 3947 sua
728 3889 897 3960 ponit,
930 3885 1153 3955 exponit
1179 3898 1299 3952 qua:
1327 3897 1422 3936 sua
1453 3889 1597 3944 sunt,
1622 3895 1732 3934 non
1757 3880 1988 3950 reponit.

483 4038 511 4065 σι
531 4025 619 4080 Sic
639 4021 860 4078 Castillo
882 4026 937 4074 et
955 4018 1102 4071 Mita.
1136 4015 1269 4069 Aliae
1290 4013 1554 4068 editiones
1577 4011 1922 4082 Stipendium.

483 4097 508 4136 ι’
538 4092 916 4162 Congrueutite
949 4085 1314 4162 similitudinis
1342 4084 1544 4162 vadem
1557 4082 1746 4162 damus
1766 4083 1998 4162 Ambro-

410 4170 547 4224 sium
573 4152 701 4220 toni.
727 4163 791 4229 ν,
815 4177 977 4216 scrin.
1001 4158 1069 4212 40
1086 4198 1100 4217 ,
1133 4157 1329 4229 quiest
1367 4153 1486 4208 Fer.
1514 4153 1769 4229 5_do_.niu.
1794 4152 1830 4205 2
1849 4152 1996 4219 Qua-

411 4173 547 4224 sium
573 4175 701 4220 tom.
733 4173 791 4229 γ,
815 4177 977 4216 scrin.
1001 4173 1069 4212 ω
1086 4198 1100 4217 ,
1133 4173 1226 4280 3m
1245 4173 1329 4209 eSt
1367 4173 1486 4208 rer.
1514 4173 1548 4205 ο
1568 4173 1769 4208 uonnu.
1796 4173 1830 4205 τι
1849 4173 1996 4219 Qua-

411 4240 561 4306 drag.
592 4257 603 4288 :
631 4234 791 4287 Terra
811 4231 1130 4306 aratrisscin
1151 4229 1292 4306 itur,
1315 4233 1372 4277 ut
1392 4223 1672 4306 mundanis
1687 4226 1997 4306 sitcolngrua

417 4293 646 4382 frugibus
663 4320 816 4382 ;_m_ea
833 4311 969 4355 terra
991 4299 1210 4371 jejuniis
1240 4303 1508 4359 exuratur,
1532 4302 1589 4346 ut
1623 4293 1908 4347 cwlestibus
1928 4296 1997 4348 sit

418 4373 541 4449 'aptu
557 4373 866 4449 seminibus.

493 4459 515 4486 ο
546 4445 844 4516 Cyprianus
873 4455 1035 4495 scrin.
1072 4440 1098 4491 1
1136 4439 1204 4492 de
1223 4437 1490 4491 Eleemos.
1521 4453 1533 4487 :
1562 4433 1629 4488 In
1650 4442 1756 4487 tuto
1778 4434 1997 4488 Incredi-

493 4537 498 4562 l
521 4518 744 4562 mmimr-
769 4527 880 4562 aute
907 4509 1017 4562 Deo
1039 4509 1246 4562 custode
1264 4515 1514 4561 servatur.

421 4530 498 4572 tas
521 4515 744 4578 ponitur,
769 4527 880 4578 quae
907 4515 1017 4563 Deo
1039 4515 1246 4562 custode
1264 4515 1514 4578 servatur.

491 4536 498 4569 ς
520 4529 744 4588 ponitur,
769 4529 880 4584 quae
907 4529 1017 4563 ueo
1039 4529 1246 4562 cuswae
1264 4529 1514 4561 servatur.

491 4586 516 4624 ά
535 4584 777 4640 Latinius
796 4587 951 4651 putat
967 4578 1195 4634 fortasse
1213 4576 1497 4645 legendum
1523 4593 1535 4628 :
1563 4576 1839 4630 Servorum
1859 4585 2000 4628 caret

419 4667 555 4712 actu.

495 4737 518 4763 θ
541 4727 598 4780 lu
620 4723 860 4795 pluribus
879 4719 1205 4795 editis_t_leest
1223 4717 1483 4795 particula
1506 4716 1658 4786 quod.

493 4796 514 4834 τ
538 4797 595 4850 ld
617 4784 699 4850 est
719 4809 804 4848 res
825 4799 880 4847 et
898 4788 1113 4844 metalla
1132 4784 1252 4856 quae
1272 4787 1451 4841 clausa
1473 4784 1775 4849 servantur,
1808 4784 2002 4856 rubigi-

420 4883 544 4923 nem
566 4866 826 4920 nutriunt.
850 4861 1099 4916 Fortasse
1121 4854 1249 4912 vero
1282 4857 1483 4910 addidit
1526 4856 1813 4925 rubiginem
1836 4896 1850 4920 ,
1876 4854 2004 4909 licet

418 4939 471 4992 in
493 4953 649 4992 sacro
672 4942 821 4989 textu
843 4947 948 4986 non
974 4931 1198 4997 legatur,
1217 4926 1673 4999 quodadvertcrit
1687 4939 1782 4992 per
1803 4925 2002 4999 βρῷσιν

420 5025 526 5064 non
549 5016 754 5062 tantum
776 5005 939 5067 tinea,
965 4996 1056 5055 sed
1078 5008 1132 5054 et
1151 4998 1341 5065 rubigo
1364 4996 1587 5065 intelligi
1606 5009 1784 5066 posse,
1803 4996 2003 5050 saltem

417 5081 507 5136 illa
528 5094 647 5148 qua:
667 5074 936 5148 segetibus
956 5071 1209 5148 adhieret.

490 5161 515 5197 ε
539 5134 803 5202 Εχὴὶὺεῖθῑ
823 5143 1047 5198 scilicet.
1073 5139 1305 5194 Verbum
1326 5152 1458 5190 sane
1495 5134 1998 5205 Chrysologianum.

489 5218 516 5256 ¹³
543 5216 803 5272 Thesauri
823 5216 879 5268 in
899 5213 1067 5267 sacris
1087 5209 1277 5261 litteris
1296 5215 1419 5261 sunt
1438 5208 1581 5259 bona
1609 5204 1796 5274 Opera,
1819 5205 1841 5258 Ι
1863 5204 1999 5258 Tim.

418 5306 487 5353 vr,
522 5289 608 5354 17,
635 5288 720 5339 18.
746 5285 892 5338 Inter
911 5295 1030 5351 quae
1061 5279 1316 5354 eximium
1339 5275 1803 5354 obtinenLlocum
1833 5276 2003 5354 bene-

421 5343 562 5413 facta
596 5343 656 5412 in
697 5343 960 5425 pauperes
994 5363 1149 5425 :_quae
1191 5346 1531 5425 potissimum
1563 5343 1807 5425 Christus
1847 5344 2004 5425 Luca}

424 5445 569 5491 xviii,
613 5415 741 5491 xxii,
777 5415 937 5478 vocat
977 5415 1293 5491 thesaurum.
1312 5415 1548 5491 Virtutes
1597 5417 1725 5469 item
1763 5416 2002 5491 thesauri

425 5483 642 5621 28min;
661 5483 1207 5564 comprehenduntur.
1232 5486 1366 5541 Vide
1386 5483 1828 5556 Chrysostomum
1849 5487 1996 5541 hom.

515 5584 569 5621 in
637 5580 780 5619 cnes.

515 5584 569 5621 ιῐι
589 5580 780 5619 ucnes.

506 5636 522 5673 ί
548 5635 874 5703 Augustinus
911 5641 1049 5703 tom.
1066 5629 1135 5703 Χ,
1159 5644 1320 5703 serm.
1349 5626 1415 5681 50
1447 5625 1523 5703 de.
1553 5625 1899 5703 Temp._cap.
1982 5645 1996 5703 ξ

429 5707 529 5772 Qui
557 5696 675 5759 sunt
704 5718 950 5774 pauperes
970 5701 1147 5774 quibus
1177 5700 1358 5754 damus
1377 5741 1390 5766 ,
1423 5698 1523 5751 nisi
1553 5696 1765 5774 latuarii
1801 5698 2003 5750 nostri?

428 5767 677 5840 iatuario
701 5767 784 5827 tuo
807 5767 918 5835 das,
951 5767 1020 5824 ad
1038 5770 1215 5841 calum
1236 5779 1407 5841 portat
1432 5767 1568 5841 quod
1588 5768 1700 5820 das.

507 5850 520 5903 i
562 5846 690 5908 Leo,
714 5858 873 5901 scrm.
907 5841 1025 5899 ϐόε
1062 5839 1243 5912 Ῑθίυιιί
1281 5841 1343 5895 lo
1390 5839 1589 5900 mensis
1631 5847 1785 5895 vocat
1833 5839 2000 5900 Deum

2101 3331 2380 3398 ﬂuctibus,
2423 3329 2664 3386 decursis
2704 3328 2988 3384 criminum
3040 3325 3322 3396 procellis,
3371 3318 3675 3377 transvectis

2102 3424 2338 3496 scopulis
2356 3432 2725 3494 peccatorum,
2759 3429 2919 3490 atque
2941 3419 3181 3474 omnium
3210 3417 3527 3472 delictorum
3548 3425 3680 3467 nau-

2103 3517 2286 3586 fragiis
2307 3517 2538 3580 evitatis,
2572 3525 2600 3564 P
2629 3511 2850 3568 Paschte
2877 3519 3110 3582 portum,
3135 3509 3344 3565 lucrum
3369 3508 3494 3563 vita:
3512 3547 3527 3573 ,
3558 3518 3685 3574 gau-

2103 3611 2191 3665 dia
2218 3607 2629 3664 resurrectionis
2661 3606 2942 3659 intremus.
2974 3601 3174 3656 Verum
3196 3601 3321 3670 quia
3355 3612 3455 3669 per
3473 3609 3687 3666 campos

2105 3699 2296 3766 nudos,
2321 3713 2419 3769 per
2443 3696 2605 3752 falsos
2626 3695 2878 3760 vortices,
2908 3708 3008 3764 per
3035 3693 3268 3747 incertas
3293 3674 3336 3740 ιι’
3355 3687 3687 3750 solitudines,

2104 3790 2274 3846 acturi
2301 3805 2487 3845 sumus
2504 3788 2650 3843 viam
2669 3830 2682 3856 ,
2705 3787 2861 3842 nobis
2888 3793 3004 3840 tota
3031 3792 3116 3840 est
3141 3797 3278 3839 escae
3299 3789 3356 3837 et
3374 3793 3538 3853 potus
3565 3796 3690 3852 por-

2102 3883 2267 3938 tanda
2288 3881 2591 3938 substantia
2617 3897 2629 3935 :
2652 3880 2993 3952 imponamus
3019 3877 3379 3933 abundantem
3397 3875 3692 3931 misericor-

2104 4015 2346 4086 idoneum
2373 4011 3054 4086 Pauperymﬁéejasserm

2178 4085 2206 4122 ¹ί
2227 4075 2383 4150 Vide,
2407 4075 2539 4138 tom.
2565 4082 2585 4135 Ι
2616 4075 2868 4136 Biblioth.
2905 4080 3025 4150 vet.
3053 4075 3155 4150 PP.
3193 4075 3320 4150 edit.
3373 4075 3688 4150 Lugdunen.

2107 4170 2173 4209 an
2197 4146 2836 4220 16M,'Commentarium
2865 4150 2921 4205 S.
2957 4148 3152 4220 Juliani
3191 4148 3432 4217 episcopi
3453 4146 3695 4220 Toletani

2105 4241 2268 4296 super
2287 4216 2494 4279 Nahum
2520 4223 2856 4293 pr0plietam,
2881 4228 2942 4274 ut
2980 4219 3119 4274 scias
3144 4226 3347 4286 quanta
3377 4216 3578 4273 auctor
3606 4216 3696 4271 ille

2106 4311 2172 4350 ex
2194 4297 2296 4350 hoc
2317 4309 2569 4350 sermone
2595 4295 2647 4348 in
2678 4308 2793 4347 rem
2815 4306 2966 4345 suam
2988 4289 3338 4342 transtulerit.

2181 4364 2200 4403 ι
2233 4365 2466 4434 Pignora
2495 4379 2594 4434 pro
2623 4359 3094 4434 liliisdictatalibi
3122 4358 3518 4414 annotavimus.
3553 4355 3696 4412 Pau-

2106 4436 2246 4492 linus
2273 4429 2456 4506 p'oem.
2487 4429 2521 4489 9
2547 4449 2666 4506 pag.
2701 4431 2824 4498 549,
2848 4448 2902 4486 v.
2933 4429 3000 4484 48
3028 4449 3040 4482 :

2237 4537 2300 4588 Et
2318 4537 2467 4587 simul
2490 4535 2643 4587 elidet
2665 4533 2832 4585 solidae
2856 4545 2942 4584 sua
2963 4533 3166 4596 pignora
3182 4537 3352 4592 petrae.

2023 4640 2079 4700 D
2174 4641 2281 4698 Pro
2309 4658 2376 4698 eo
2395 4639 2540 4710 quod
2568 4639 2725 4694 estin
2753 4637 2968 4693 Psalmo
2993 4654 3006 4689 :
3034 4633 3210 4689 Elidet
3230 4632 3471 4704 pumilos
3492 4647 3608 4684 suos
3631 4629 3700 4682 ad

2145 4723 2328 4768 etram.

2107 4731 2603 4837 pegal'i’i'bonnullis
2631 4782 2773 4834 lucro
2801 4780 2845 4849 si
2875 4770 3697 4849 portusLCastigaYiﬁMetll‘SiﬁS-

2181 4862 2210 4890 ιι
2237 4853 2314 4907 De
2341 4849 2800 4920 Quadragcsimali
2824 4841 3031 4917 jejunio
3057 4841 3367 4920 Cyrillusin
3397 4841 3599 4920 Levit.‘
3606 4841 3698 4896 lib.

2111 4939 2143 4977 x
2173 4923 2264 4977 fol.
2292 4908 2387 4976 Ἱῦἷ
2409 4964 2423 4987 ,
2456 4908 3151 4992 ΤιίᾦθῑυηιίοἿῇιθι-ριιθὶθ
3182 4933 3205 4992 _:
3249 4912 3516 4992 Habemus
3557 4908 3701 4992 Qua-

2111 4983 2419 5065 dragesimte
2434 4983 2772 5065 diesj‘ejuniis
2799 4983 3140 5065 consecratos.
3165 4984 3212 5038 A
3236 4984 3445 5065 caeteris
3467 4983 3701 5036 abstineo

2112 5053 2260 5184 inus;
2291 5053 2592 5184 dlcbjejunii's
2609 5053 2821 5116 'etenim
2844 5056 3270 5112 Christianorum
3291 5053 3437 5123 pleni
3465 5060 3594 5110 sunt
3614 5067 3704 5106 ve-

2137 5148 2288 5184 erum
2331 5149 2352 5184 -ι
2393 5148 2455 5184 τι.

2112 5141 2288 5188 terum
2318 5133 2455 5184 libri.

2185 5211 2209 5238 0
2242 5201 2567 5269 Augustinus
2595 5201 2650 5254 in
2676 5199 2810 5270 psal.
2843 5215 2951 5263 cui,
2983 5212 3139 5253 conc.
3170 5195 3204 5248 4
3229 5214 3241 5248 :
3275 5192 3603 5249 Gubernator
3628 5200 3704 5245 est

2112 5271 2364 5337 Christus,
2388 5270 2494 5324 illic
2523 5286 2674 5324 naves
2697 5270 3072 5323 commeabant.

2182 5354 2209 5393 ρ
2237 5343 2315 5396 lta
2344 5331 2543 5396 passim
2571 5340 2789 5396 Pascha
2834 5354 3031 5394 nomen
3071 5335 3341 5392 inﬂexisse
3378 5341 3596 5390 veteres
3629 5331 3704 5386 ait

2110 5413 2310 5469 Paulus
2331 5400 2625 5467 Galeardus
2646 5413 2699 5466 in
2727 5410 2871 5465 notis
2894 5409 2963 5465 ad
2990 5409 3048 5464 S.
3078 5406 3432 5462 Gaudentium
3460 5417 3588 5473 pag.
3610 5400 3704 5473 25.

2110 5420 2310 5469 Paulus
2331 5420 2625 5467 Galeardus
2646 5420 2699 5466 in
2727 5420 2871 5465 notis
2894 5420 2963 5465 ad
2990 5420 3048 5464 δ.
3078 5420 3432 5462 haudentium
3499 5420 3585 5473 ag.
3611 5420 3704 5455 ιθ.

2108 5484 2189 5539 Ex
2218 5483 2595 5539 observatione
2614 5483 2787 5538 Vossii
2807 5481 2903 5536 lib.
2929 5479 3034 5535 ide
3059 5477 3280 5544 Analog.
3307 5490 3428 5544 cap.
3568 5471 3707 5544 Sub-

2111 5556 2189 5610 dit
2231 5562 2409 5609 autem
2436 5556 2494 5610 τὸ
2529 5556 2720 5625 Πάσχα
2747 5567 2917 5625 non_a
2955 5548 3190 5625 Gratcis,
3222 5542 3317 5601 sed
3352 5542 3418 5625 ab
3465 5542 3707 5625 ilcbnneis

2112 5625 2400 5688 efﬂuxisse,
2433 5632 2488 5679 et
2516 5624 2569 5677 in
2598 5612 2788 5679 te's'tem
2814 5623 3046 5678 advocat
3072 5619 3333 5688 insignem
3359 5615 3537 5688 locum
3566 5612 3709 5667 Gre-

2109 5682 2601 5766 goriiNazianzeni,
2627 5703 2764 5766 orat.
2789 5693 2825 5746 2
2845 5695 2901 5748 in
2929 5682 3410 5766 sanctumPascha:
3436 5682 3710 5744 Caeterum

2110 5756 2288 5823 sermo
2316 5767 2403 5820 hic
2431 5756 2637 5821 videtur
2663 5765 2876 5822 habitus
2903 5765 3056 5822 initio
3083 5756 3534 5834 Quadragesimic.

2183 5849 2212 5888 ει
2238 5836 2382 5894 Alias
2410 5836 2794 5893 sollicitudines.
