3942 6348
407 298 514 356 915

1669 292 1728 348 S.
1770 289 1975 347 PETRI
2013 287 2447 349 CHRYSOLOGI

3595 301 3689 360 ΞΝ

409 412 621 468 marina
649 409 992 474 discrimina;
1024 409 1150 462 hinc
1172 408 1434 462 immensa
1463 405 1706 477 pondera
1734 406 2010 461 adducunt
2035 414 2085 470 Α
2113 415 2360 463 naturam
2389 416 2568 478 negat,
2601 408 2840 478 ingratus
2867 418 2950 466 est
2975 412 3136 483 patri,
3160 413 3251 483 qui
3274 420 3554 471 auctorem
3578 417 3693 476 vita

410 506 681 566 levamine
720 504 1053 566 canticorum
1077 519 1090 567 ;
1123 501 1248 556 hinc
1267 501 1476 556 viantes
1504 500 1674 556 colles
1702 500 1903 556 arduos
1929 499 2010 555 fa-

411 599 486 655 cit
513 596 897 653 transcendere
925 611 1031 650 vox
1053 609 1250 650 sonora
1269 636 1284 662 ,
1306 593 1437 650 hinc
1456 603 1481 631 ει
1503 593 1836 665 praeliatores
1864 593 2009 663 ipsos

412 689 726 762 praecedens
772 697 961 745 cantus
1001 689 1183 744 subire
1229 689 1466 745 concitat
1507 703 1688 743 amara
1721 688 2004 743 bellorum.

411 785 490 839 Ac
517 800 585 839 ne
623 783 819 847 multis,
854 797 1014 838 omne
1033 782 1180 852 quod
1208 781 1330 838 duri
1349 789 1434 838 est
1461 782 1660 852 operis,
1692 780 1838 850 quod
1859 780 2011 836 labo-

409 875 502 939 ris,
537 875 708 930 dulcis
729 874 895 929 vincit
921 883 976 930 et
1014 872 1180 930 efﬁcit
1221 874 1508 930 cantilena.
1540 872 1630 928 Sic
1650 888 1765 936 nos,
1798 871 2008 938 fratres,

411 967 846 1036 Quadragesimae
891 966 1102 1038 jejunio
1142 968 1352 1023 cantica
1391 967 1572 1022 divina
1605 965 1911 1035 jungamus,
1955 969 2013 1018 ut

409 1059 751 1114 abstinentiae
809 1058 1024 1128 pondus
1063 1058 1301 1114 caelestis
1340 1063 1637 1127 temperet,
1680 1063 1736 1110 et
1773 1054 2016 1110 sublevet

411 1151 733 1222 symphonia
755 1157 1090 1220 provocante
1112 1166 1213 1205 nos
1233 1149 1301 1204 ad
1321 1150 1435 1204 hzec
1449 1147 1477 1186 δ
1500 1146 1699 1202 Davide
1719 1147 1899 1212 beato,
1922 1143 2017 1214 qui

415 1255 439 1282 ο
462 1244 591 1298 dum
615 1242 791 1298 ﬁstula
812 1258 979 1314 pecus
1007 1243 1229 1298 charum
1270 1241 1489 1308 mulcet,
1514 1248 1568 1295 et
1588 1241 1825 1294 oblectat
1843 1239 1898 1293 in
1917 1254 2016 1309 pa-

413 1337 576 1403 scuis,
601 1343 768 1392 cantu
787 1336 923 1391 dura
943 1335 1130 1390 didicit
1149 1348 1407 1406 superare
1447 1333 1729 1398 bellorum,
1753 1339 1915 1386 cantu
1935 1347 2021 1385 va-

412 1427 514 1482 luit
585 1441 784 1483 vocare
845 1434 1071 1496 gentes,
1139 1426 1400 1481 reducere
1473 1423 1688 1480 Judzeos
1748 1420 1774 1459 ἀ
1834 1421 2021 1491 fugare

415 1525 757 1590 dmmonem,
816 1523 914 1578 Dei
989 1521 1128 1578 ﬁlios
1205 1521 1273 1576 ad
1347 1520 1569 1592 superni
1635 1519 1802 1589 patris
1859 1517 2019 1573 obse-

415 1621 604 1688 quium
641 1630 980 1672 convocare.
1025 1616 1164 1670 sicut
1200 1615 1340 1669 bene
1381 1613 1613 1668 invitans
1656 1621 1678 1648 θ
1721 1612 1838 1680 ejus
1879 1609 2021 1665 ceci-

420 1709 502 1764 nit
539 1707 792 1764 melodia.
833 1706 1030 1776 Afferte
1069 1704 1316 1772 Domino,
1360 1705 1564 1774 inquit,
1605 1703 1704 1775 ﬁlii
1743 1701 1842 1756 Dei
1883 1700 2017 1771 (Ps.

2111 516 2223 556 sum
2250 517 2357 557 non
2387 501 2660 571 obsequiis
2681 502 2879 573 placat,
2916 520 3025 561 non
3053 505 3292 563 devincit
3317 507 3488 575 cultu,
3513 524 3694 565 mune-

2112 592 2260 647 ribus
2294 607 2402 646 non
2430 592 2681 648 honorat.
2726 594 2922 664 A/ferte
2946 594 3200 663 Domino,
3233 597 3333 670 ﬁlii
3358 597 3480 652 Dei.
3509 597 3696 655 Videa-

2112 701 2231 739 mus
2262 685 2390 754 quid
2433 686 2504 740 sit
2543 686 2707 752 illud,
2755 689 2903 757 quod
2936 705 3035 745 nos
3065 698 3214 747 tanto
3255 691 3399 762 patri
3435 692 3526 747 hic
3567 691 3696 750 Pro-

2113 776 2274 847 pheta
2303 787 2632 843 commonet,
2656 787 2712 834 et
2731 780 2982 836 hortatur
3003 782 3212 838 aﬁ'erre.
3239 784 3436 854 Aﬁerte
3455 783 3693 850 Domino,

2112 867 2211 938 ﬁlii
2237 867 2355 935 Dei,
2387 868 2570 939 afferte
2589 869 2816 927 Domino
2844 873 2983 944 ﬁlios
3009 876 3247 930 arietum.
3275 874 3393 932 Hoc
3420 886 3509 932 est
3535 884 3698 934 totum

2114 962 2258 1031 quod
2293 963 2516 1032 expetit,
2541 964 2684 1033 quod
2713 966 2959 1035 requirit,
2991 968 3175 1023 ovium
3200 967 3361 1033 fetus,
3393 968 3505 1024 vile
3533 976 3702 1024 terre-

2117 1054 2171 1108 ui
2199 1055 2410 1124 pecoris
2431 1069 2670 1125 germen,
2708 1064 2907 1113 stratos
2928 1074 3027 1129 per
3047 1059 3184 1114 viam
3213 1069 3423 1131 partus,
3447 1057 3478 1097 ἰ
3507 1061 3702 1116 semina

2117 1146 2283 1203 cﬁ‘usa
2313 1165 2411 1218 per
2452 1165 2691 1220 campos,
2735 1150 2915 1207 divino
2965 1152 3131 1220 Patri,
3179 1162 3240 1208 ut
3264 1154 3447 1210 divina
3495 1154 3704 1212 soboles

2118 1241 2328 1308 oﬁ‘erat,
2361 1243 2699 1299 admonetur.
2733 1243 2841 1299 Aut
2882 1244 3021 1302 forte
3059 1246 3307 1302 Judaicas
3333 1247 3602 1312 victimas,
3617 1261 3705 1320 isa-

2119 1334 2318 1390 crilicia
2348 1343 2590 1402 cruenta,
2622 1336 2865 1392 halantes
2897 1338 2996 1391 sub
3025 1339 3210 1393 cultris
3229 1339 3456 1401 hostias,
3487 1336 3707 1393 Creator

2121 1425 2360 1481 omnium
2406 1442 2548 1481 nunc
2589 1427 2815 1496 requirit
2854 1427 3038 1483 Deus?
3076 1427 3144 1482 Et
3170 1429 3260 1484 ubi
3288 1438 3372 1484 est
3411 1429 3544 1483 illud
3569 1427 3708 1498 quod

2121 1517 2286 1573 dicit?
2317 1516 2442 1572 Non
2482 1521 2736 1592 accipiam
2783 1520 2846 1576 de
2887 1520 3038 1576 domo
3069 1531 3157 1575 tua
3203 1523 3411 1587 vitulos,
3459 1538 3619 1593 neque
3651 1521 3710 1576 ds

2124 1610 2358 1681 gregibus
2410 1613 2510 1666 tuis
2555 1613 2746 1680 hircos,
2775 1615 3015 1685 quoniam
3047 1631 3174 1669 mea:
3210 1624 3329 1669 sunt
3376 1630 3555 1669 omnes
3591 1615 3710 1685 [era

2126 1704 2390 1770 silvarum,
2428 1706 2665 1776 jumenta
2692 1709 2748 1761 in
2769 1707 3045 1772 montibus,
3069 1718 3120 1761 et
3156 1707 3324 1763 boves.
3352 1707 3581 1780 Cognovi
3601 1723 3710 1762 ont-

419 1816 603 1866 xxvm,
631 1798 656 1851 1
683 1798 726 1870 ).
750 1797 986 1853 Putasne
1004 1797 1255 1855 caelestes
1277 1796 1454 1852 taliter
1473 1796 1711 1866 appellat
1731 1794 1834 1850 iste
1860 1791 1878 1830 ί
1903 1793 2014 1847 vir—
2044 1795 2091 1855 B
2118 1799 2208 1851 nia
2247 1798 2476 1852 volatilia
2512 1799 2643 1865 cali,
2680 1809 2731 1854 et
2756 1801 2949 1870 species
2980 1803 3095 1872 agri
3131 1818 3330 1856 mecum
3361 1811 3457 1855 εει,
3497 1800 3561 1855 Si
3597 1816 3710 1854 εει-

419 1892 602 1947 tutes?
641 1899 734 1945 aut
760 1891 1005 1946 homines
1035 1891 1130 1944 Dei
1159 1896 1311 1960 aptat
1361 1889 1415 1944 in
1456 1886 1629 1944 ﬁlios?
1658 1897 1713 1943 et
1741 1896 2016 1942 terrenam

418 1997 637 2038 carnem
678 1983 956 2038 caelestem
986 1983 1234 2038 sublevat
1269 1982 1338 2037 ad
1369 1982 1654 2036 naturam?
1683 1979 1878 2049 Aﬂ‘erte
1906 1978 2018 2034 Do-

417 2075 578 2137 mino,
611 2073 711 2144 ﬁlii
741 2072 861 2127 Dei.
909 2072 1189 2140 Homines,
1222 2072 1433 2141 fratres,
1465 2073 1714 2128 homines
1743 2078 2021 2142 nuncupat

417 2167 508 2224 hic
533 2166 816 2237 propheta,
840 2181 976 2236 quos
1006 2167 1102 2221 Dei
1147 2163 1287 2220 ﬁlios
1317 2165 1442 2219 alibi
1472 2165 1549 2220 sic
1577 2164 1830 2220 decantat
1859 2182 1870 2215 :
1903 2162 2018 2235 Ego

423 2259 534 2313 dixi
563 2258 637 2312 dii
665 2259 806 2324 estis,
865 2267 914 2311 et
942 2258 1042 2328 ﬁlii
1087 2257 1276 2312 excelsi
1325 2273 1501 2311 omnes
1527 2256 1699 2326 (Psal.
1729 2270 1906 2318 LXXXI,
1940 2253 2014 2324 6).

422 2351 740 2408 Audivimus
764 2350 959 2406 fratres
992 2367 1100 2420 quo
1135 2367 1235 2406 nos
1260 2351 1382 2405 tulit
1416 2349 1595 2404 divina
1624 2347 1882 2416 dignatio,
1913 2362 2022 2417 quo

422 2445 719 2515 paternitas
766 2444 959 2499 extulit
1007 2459 1109 2499 nos
1143 2459 1377 2514 superna
1412 2461 1423 2495 :
1459 2441 1745 2497 credamus
1799 2456 1898 2496 nos
1927 2439 2024 2495 Dei

425 2539 595 2604 ﬁlios,
629 2537 1052 2608 respondeamus
1078 2537 1296 2606 generi;
1325 2537 1567 2590 vivamus
1596 2534 1768 2599 caelo;
1813 2542 2022 2603 patrem

424 2629 773 2686 similitudine
807 2628 1127 2694 referamus,
1161 2645 1230 2684 ne
1271 2628 1559 2700 perdamus
1586 2626 1728 2681 vitiis
1767 2625 1912 2695 quod
1934 2642 2025 2681 su-

426 2737 546 2775 mus
595 2735 695 2789 per
743 2720 975 2790 gratiam
1028 2721 1327 2777 consecuti.
1376 2720 1569 2789 Afferte
1619 2717 1877 2780 Domino,
1920 2716 2024 2787 ﬁlii

427 2811 543 2866 Dei.
577 2810 798 2877 Videtis,
849 2813 977 2880 quia
1005 2813 1244 2868 caelestis
1272 2810 1435 2866 Pater
1464 2810 1630 2865 sentit
1658 2824 1897 2864 amorem
1921 2807 2023 2864 do—

429 2903 531 2969 nis,
563 2902 703 2957 datis
743 2910 768 2948 8
813 2900 1084 2969 allectum,
1117 2903 1311 2974 probat
1339 2901 1651 2956 muneribus
1680 2900 2018 2955 charitatem.

428 2993 495 3050 Et
516 3011 725 3059 revera,
761 2993 972 3062 fratres,
1007 2995 1175 3052 ﬁlium
1203 3012 1262 3053 se
1289 2996 1494 3060 nescit,
1527 2993 1825 3049 visceribus
1853 2999 2020 3058 caret,

611 3150 895 3212 Concinunt,
919 3151 1076 3200 versis
1089 3148 1299 3200 modulis
1322 3151 1370 3198 in
1395 3149 1622 3210 hymnos;

611 3214 672 3264 Et
694 3216 787 3276 piis
808 3215 992 3263 ducent
1015 3214 1220 3262 comites
1241 3214 1291 3260 in
1313 3223 1484 3273 aequor

828 3276 1045 3326 Vocibus
1081 3285 1242 3322 auras.

429 3421 672 3477 Asterius
723 3420 959 3474 Amasea:
997 3419 1281 3488 episcopus
1321 3417 1376 3470 in
1414 3413 1651 3469 Phocam
1692 3421 2020 3488 martyrem:

431 3491 627 3546 Nautte
645 3499 694 3545 et
717 3492 930 3561 remiges
949 3483 1135 3561 ubique
1154 3483 2021 3561 ‘gentiumconsueta_celeusmata,

428 3561 612 3633 quibus
633 3553 992 3633 nauigantibus
1010 3553 1217 3633 taedium
1238 3555 1592 3620 consolantur,
1617 3553 1686 3607 ad
1706 3569 2025 3608 communem

432 3629 601 3698 inarty
635 3633 678 3686 is
702 3629 906 3684 laudem
917 3630 1265 3698 transferunt.

504 3693 865 3756 alTimotheus
905 3693 1096 3753 ﬁdicen
1119 3695 1482 3751 Alexandrum
1523 3694 1774 3763 Magnum
1815 3693 2026 3763 impulit

431 3780 596 3828 cantu
615 3779 677 3826 ut
697 3771 765 3825 ad
784 3785 932 3824 arma
960 3774 1306 3838 procurreret
1344 3765 1558 3838 etiamsi
1590 3779 1790 3819 mensa:
1811 3778 2025 3838 accum-

431 3843 604 3899 beret.
629 3841 767 3896 Sunt
785 3840 878 3909 qui
897 3834 1172 3907 tamquam
1191 3837 1361 3909 aniles
1402 3836 1611 3909 fabulas
1650 3850 1714 3889 ea
1753 3834 2027 3909 accipiunt

472 3929 553 3969 ua:
600 3911 667 3967 de
695 3905 896 3966 viribus
935 3905 1154 3964 musicis
1192 3922 1221 3960 a
1262 3907 1614 3977 scriptoribus
1651 3905 1846 3977 tradita
1878 3913 2020 3977 sunt.

472 3930 553 3969 ua:
600 3930 667 3967 ae
695 3930 896 3966 Vtrwus
935 3930 1154 3964 muswts
1192 3930 1221 3960 δ
1262 3930 1614 3977 θυι-ψιυιιυυδ
1655 3930 1846 3959 u‘uuua
1878 3930 2020 3959 sunt.

431 3930 856 4052 ﬁaudquaquam
877 3995 1008 4052 vero
1028 3984 1273 4052 suspecta
1296 3993 1427 4052 εἶδες
1436 3983 1667 4052 possunt
1685 3990 1806 4052 quae
1826 3976 2027 4030 haben-

434 4062 521 4108 tur
538 4047 806 4118 de'Saule,
835 4050 855 4104 Ι
876 4049 1008 4118 Reg.
1041 4047 1147 4114 xvi,
1170 4047 1241 4102 93
1264 4067 1277 4113 ;
1301 4048 1368 4103 de
1389 4047 1567 4102 Eliseo
1586 4047 1911 4118 prophetare
1922 4062 2024 4118 cu-

432 4125 634 4194 piente,
658 4122 724 4176 ιν
740 4115 880 4194 Beg.
919 4115 996 4185 ιιῐ,
1021 4117 1120 4185 15;
1145 4117 1213 4174 de
1233 4115 1598 4173 Moabitarum
1610 4117 1836 4171 victoria
1857 4115 1901 4170 ll
1921 4115 2025 4171 Pa-

432 4193 590 4258 i‘alip.
612 4209 703 4258 XX,
726 4193 786 4244 ‘21
802 4232 814 4244 .

503 4212 894 4318 ῗῡίιζεῖθέἒὶέιιι
923 4261 989 4316 de
1020 4258 1221 4315 Davide
1257 4266 1487 4314 canente
1515 4259 1679 4313 habet
1698 4257 2024 4314 Athanasius

433 4334 578 4389 hom.
605 4333 674 4387 de
710 4341 969 4386 semente.
993 4329 1236 4386 Psalmos
1274 4337 1454 4384 autem
1492 4329 1777 4384 Davidicos
1815 4335 2024 4383 tantum

433 4405 630 4460 licebat
669 4402 879 4472 publica
911 4401 1148 4465 irecitare
1166 4401 1252 4472 vel
1273 4415 1469 4454 canere
1490 4418 1515 4472 _:
1535 4400 1688 4472 juxta
1727 4414 1934 4472 canon._
1956 4398 2024 4450 59

434 4473 646 4559 concilii
671 4469 1000 4552 Laodiceni,
1035 4472 1125 4551 ilbi
1163 4471 1402 4559 Zonaras
1441 4470 1673 4559 agvertit
1702 4478 1896 4559 praeter
1923 4469 2023 4559 hos
2049 4499 2102 4559 ι)

433 4544 572 4599 alios
591 4557 808 4613 quoque
827 4541 1070 4613 reperiri,
1087 4541 1188 4613 qui_
1198 4540 1448 4613 dicuntur
1467 4538 1794 4613 Saiomonis,
1819 4546 1874 4593 et
1894 4539 2026 4593 alio-

435 4629 556 4669 rum
601 4607 625 4665 ι’
656 4607 799 4681 quod
828 4607 1122 4681 ct'ibidem
1160 4610 1446 4681 Balsamon
1484 4610 1733 4681 advertit.
1755 4607 2023 4681 Caeterum

433 4684 601 4740 moris
623 4677 785 4736 fuisse
803 4688 1045 4736 veterum
1069 4677 1496 4734 Christianorum
1530 4679 1765 4749 psalmos
1796 4685 1850 4732 et
1871 4679 2025 4749 hym-

435 4771 536 4808 nos
556 4754 608 4808 in
649 4753 744 4807 Dei
782 4753 1045 4807 honorem
1066 4765 1317 4820 pangere,
1355 4748 1821 4820 tradit’Eusebius
1863 4748 1953 4820 ιιι).
1979 4765 2018 4804 ιι

435 4823 634 4879 Histor.
681 4822 888 4878 Eccles.
911 4836 1032 4892 pag.
1068 4818 1378 4888 '16,'Paris.
1410 4835 1552 4874 anno
1592 4818 1748 4886 1554,
1773 4826 1827 4873 et
1865 4819 1958 4873 lib.
1989 4836 2024 4873 v

433 4893 933 5032 Diopastorali
969 4963 1146 5018 ﬁstula
1185 4961 1334 5032 loqui
1373 4958 1765 5032 Chrysplogum
1803 4959 2024 5032 dubium

432 5037 654 5092 nullum.
678 5029 851 5104 Hujus
880 5035 1050 5089 forma
1090 5049 1196 5087 non
1238 5031 1449 5104 eadem,
1473 5029 1754 5104 sed__varia
1780 5047 1792 5080 :
1819 5029 1945 5084 licet
1967 5037 2027 5084 ut

469 5108 718 5161 lurimum
757 5098 1000 5161 sumatur
1038 5119 1136 5172 pro
1176 5101 1450 5172 utriculis,
1476 5098 1660 5172 _Gallis
1686 5102 1750 5172 Διιι
1789 5110 2018 5172 musette.

458 5187 578 5233 nter
604 5176 954 5231 Hebraeorum
974 5169 1328 5228 instrumenta
1351 5169 1527 5225 ﬁstula
1548 5169 1845 5224 vocabatur
1869 5188 1881 5221 :
1907 5169 2025 5222 Ma-

429 5247 690 5302 sacrokita
711 5264 743 5300 a
770 5243 1050 5300 sibilando.

500 5316 525 5354 d
568 5317 783 5372 Saulem
803 5314 1043 5382 respicit,
1068 5313 1156 5382 qui
1181 5310 1376 5382 aiinalo
1396 5311 1587 5380 spiritu
1611 5317 1836 5366 vexatus
1861 5309 2021 5364 Davi-

429 5387 806 5456 dicmpitharae
825 5381 1132 5456 pulsatione
1155 5381 1448 5456 solabatur.

507 5469 529 5494 α
571 5453 815 5511 Psalmos
829 5450 1086 5509 'metricos
1108 5451 1287 5516 fuisse,
1313 5457 1368 5504 et
1407 5450 1473 5504 ad
1515 5451 1769 5506 musicam
1804 5468 2020 5508 accom-

433 5527 700 5589 modatas,
744 5527 796 5578 in
836 5524 1079 5580 confesso
1103 5532 1185 5578 est
1209 5521 1351 5592 apud
1375 5536 1579 5592 omnes.
1605 5520 1870 5592 Incertum
1891 5538 2021 5576 vero

433 5614 540 5664 quo
571 5595 728 5648 metri
749 5609 946 5662 genere
967 5595 1169 5663 scripti.
1195 5591 1488 5664 Gomariusﬁ
1510 5591 1676 5646 edidit
1697 5591 1889 5664 Lgram
1903 5592 2023 5664 Da-

434 5659 681 5730 uidicam;
707 5659 771 5716 inv
783 5679 885 5732 qua
906 5666 1005 5719 sibi
1029 5659 1296 5719 blanditus
1317 5669 1397 5716 est
1426 5663 1492 5718 ad
1535 5670 1705 5716 metra
1729 5659 2018 5717 Horatiana

433 5737 518 5790 vel
558 5735 640 5789 his
677 5735 868 5788 similia
891 5737 1124 5802 psalmos
1165 5735 1236 5788 ita
1277 5736 1535 5802 exegisse,
1562 5743 1620 5786 ut
1639 5748 1823 5788 veram
1865 5733 2022 5801 hujus

422 5817 661 5874 ,Doescos
689 5805 953 5861 rationem
992 5806 1272 5862 invenerit.
1320 5804 1385 5858 At
1433 5804 1733 5873 Ludovicus
1764 5803 2021 5871 Cappcllo

2121 1891 2276 1952 riero,
2311 1907 2415 1945 non
2446 1890 2615 1945 dicam
2655 1890 2744 1945 tibi
2774 1909 2791 1945 :
2821 1909 2962 1946 meus
3006 1900 3082 1947 est
3121 1894 3259 1946 enim
3292 1892 3434 1948 orbis
3469 1899 3638 1954 terrae,
3667 1896 3711 1944 et

2123 1981 2387 2052 plenitudo
2431 1983 2542 2052 ejus
2588 1982 2778 2053 (Psal.
2811 2000 2899 2050 Lx,
2932 1982 3126 2052 9-12).
3170 1982 3239 2037 Et
3265 1984 3310 2038 si
3351 1983 3456 2038 ista
3493 1981 3706 2051 repulit,

2125 2088 2262 2142 quos
2283 2073 2512 2128 arietum
2535 2073 2673 2132 ﬁlios
2699 2076 2802 2131 sibi
2830 2076 3075 2146 deposcit
3103 2075 3282 2132 afferri
3301 2077 3324 2130 ?
3346 2075 3428 2130 Ad
3449 2074 3710 2130 Abraham

2125 2164 2363 2234 loquitur
2401 2183 2412 2218 :
2453 2166 2642 2237 Accipe
2669 2168 2838 2238 ﬁlium
2883 2178 3022 2223 tuum
3052 2167 3313 2234 dilectum,
3341 2176 3392 2223 et
3412 2167 3601 2236 olferes
3621 2166 3712 2220 nti-

2126 2257 2260 2323 Ιιὶοἱη
2299 2258 2658 2314 holocaustum
2699 2259 2854 2334 (Gen.
2877 2261 3031 2333 xm).
3069 2261 3085 2299 ί
3113 2262 3266 2318 Aries
3295 2261 3571 2316 Abraham
3604 2273 3714 2316 ma-

2126 2355 2276 2405 turus
2323 2351 2389 2406 ad
2435 2351 2866 2419 innocentiam,i
2917 2354 3236 2423 grandaavus
3271 2353 3337 2408 ad
3385 2353 3547 2409 ﬁdem
3593 2368 3712 2423 per-

2125 2437 2296 2494 fectus
2339 2441 2407 2496 ad
2448 2442 2714 2509 hostiam,
2750 2453 2974 2514 paratus
3002 2444 3068 2499 ad
3108 2444 3504 2508 holocaustum,
3534 2441 3714 2499 διεθη-

2125 2532 2220 2587 bat
2249 2533 2414 2588 ﬁlium
2446 2551 2625 2600 suum,
2673 2537 2840 2592 ﬁlium
2867 2537 3054 2594 arietis
3080 2555 3092 2590 :
3125 2537 3290 2591 immo
3317 2552 3376 2591 se
3413 2535 3716 2592 immolabat

2129 2623 2182 2677 in
2209 2624 2342 2689 ﬁlio,
2369 2627 2743 2683 sanctiﬁcabat
2764 2636 3002 2684 mentem
3032 2644 3204 2692 suam,
3237 2626 3542 2683 lmtiiicabat
3566 2625 3715 2682 ﬁdem

2131 2731 2304 2782 suam,
2331 2725 2392 2772 ut
2413 2727 2558 2774 esset
2580 2719 2724 2775 idem
2751 2720 2968 2776 victima
3007 2729 3062 2776 et
3088 2717 3351 2791 pontifex,
3390 2717 3644 2773 sacerdos
3671 2725 3716 2775 et

2133 2810 2477 2866 sacriﬁcium.
2511 2809 2688 2868 Patris
2717 2822 2835 2868 erat
2857 2813 3038 2884 passio
3081 2813 3152 2867 ibi
3183 2819 3314 2875 tota,
3345 2811 3436 2866 ubi
3466 2808 3608 2865 ﬁlius
3627 2809 3707 2864 im-

2132 2903 2473 2970 molabatur;
2505 2903 2532 2943 ιι
2561 2907 2780 2975 ignarus
2809 2905 2950 2962 ﬁlius
2977 2905 3289 2968 sistebatur,
3335 2903 3549 2960 nescius
3590 2900 3715 2957 ﬁlius

2141 2993 2158 3031 ι
2179 2996 2468 3066 aptabatur
2482 2997 2727 3063 vinculis,
2741 3005 2804 3053 ut
2816 2999 3034 3055 tolleret
3046 2998 3115 3054 de
3125 2998 3378 3068 passione
3387 2995 3715 3066 martyrium.

2047 3151 2093 3213 C
2125 3146 2374 3219 Animad.
2403 3149 2586 3204 libello
2617 3157 2789 3205 totum
2812 3149 2942 3204 illud
2963 3150 3184 3205 Gomari
3213 3165 3350 3219 opus
3370 3149 3522 3204 obelo
3543 3157 3718 3219 trans-

2130 3217 2296 3286 ﬁgere
2325 3227 2553 3275 conatus
2578 3229 2677 3286 est,
2711 3227 2771 3276 ut
2790 3220 2915 3276 inde
2945 3220 3114 3275 lector
3133 3217 3324 3286 discat,
3351 3219 3525 3274 subdit
3547 3217 3717 3274 Mive-

2128 3297 2246 3360 itus,
2258 3290 2507 3360 vinnter
2536 3290 2724 3346 doctos
2752 3291 2820 3345 de
2835 3306 2902 3346 eo
2921 3305 3083 3360 posse
3101 3291 3414 3346 convenire.
3437 3289 3507 3344 At
3524 3304 3719 3347 consu-

2129 3359 2318 3432 lendus
2344 3359 2552 3417 Blasius
2578 3359 2939 3432 Catiophylus
2971 3362 3026 3415 in
3065 3376 3163 3416 sua
3191 3361 3260 3417 de
3285 3361 3438 3431 poesi
3467 3360 3717 3416 ΗΘΜ-θος

2129 3431 2664 3502 rumdissertatione,
2708 3431 2886 3487 italice
2931 3432 3160 3502 scripta,
3195 3431 3287 3486 ubi
3324 3440 3379 3485 et
3417 3437 3717 3502 metrnmet

2129 3500 2356 3582 similem
2378 3518 2572 3582 vocum
2616 3472 2976 3582 desinentiam
3014 3472 3072 3582 iii
3116 3472 3463 3582 liebraeorum
3503 3501 3716 3582 canticis

2129 3570 2489 3628 eruditissime
2516 3581 2787 3628 scrutatus
2806 3582 2905 3628 est.
2931 3572 3132 3628 Psalmi
3155 3581 3333 3628 autem
3366 3572 3616 3629 bifariam
3643 3573 3716 3630 di-

2130 3641 2346 3723 videndi
2388 3662 2401 3697 :
2443 3643 2662 3723 quidam
2865 3644 2963 3699 ode
3001 3645 3210 3723 psalmi,
3241 3643 3320 3723 uti
3355 3653 3572 3723 nxmet
3597 3661 3712 3723 Liv,

2129 3714 2255 3786 quia
2284 3729 2445 3770 voces
2464 3714 2748 3784 przeibant,
2780 3729 2982 3784 organa
3003 3714 3402 3783 sequebantur;
3427 3715 3520 3770 alii
3537 3715 3716 3786 psalmi

2131 3782 2243 3847 ode,
2268 3792 2327 3837 ut
2356 3782 2534 3852 XLviu,
2568 3802 2709 3852 LXVI,
2751 3782 2897 3854 quod
2924 3782 3382 3856 voces’prazirent,
3408 3782 3717 3856 organaise-

2128 3863 2439 3920 querentur.
2466 3856 2542 3911 De
2578 3871 2684 3926 qua
2722 3857 2986 3912 varietate
3011 3855 3232 3912 consule
3271 3855 3588 3912 Athenaeum
3625 3855 3712 3910 lib.

2131 3927 2571 4051 S;et:ttsi5pl(t;1ra
2608 3927 2901 3992 desideras,
2934 3927 3024 3982 adi
3063 3926 3249 3999 Lamy,
3273 3927 3341 3981 de
3360 3926 3587 3995 Terano
3626 3926 3712 3980 lib.

2129 4009 2200 4050 vn
2223 4006 2352 4052 sect.
2389 4006 2440 4062 5,
2464 4006 2515 4050 ti.

2206 4064 2319 4140 (Et
2360 4084 2548 4125 revera
2600 4069 2654 4124 in
2697 4068 2989 4140 Scripturis
3036 4067 3356 4140 quandoque
3416 4082 3517 4140 pro
3567 4064 3715 4140 filiis

2129 4134 2229 4191 Dei
2277 4139 2648 4210 intelliguntur
2696 4134 2884 4212 angeli.
2927 4138 3029 4194 Job
3055 4134 3122 4205 ’1,
3168 4136 3220 4201 6,
3270 4145 3326 4190 et
3362 4134 3533 4203 11,1;
3574 4134 3711 4190 Psal.

2130 4222 2383 4265 LXXXVIII.
2412 4213 2462 4265 7.

2130 4222 2383 4274 Lxxxvm,
2413 4222 2462 4265 7.

2201 4290 2227 4328 8
2252 4280 2395 4335 Alias
2425 4290 2480 4335 et
2507 4297 2606 4336 ms.
2645 4279 3066 4348 Vallicellanum,
3099 4278 3374 4348 Effectum.

2129 4435 2161 4472 ν
2201 4347 2449 4474 ltigvium
2478 4350 2636 4416 fetus,
2682 4359 2741 4405 ut
2783 4350 2924 4420 apud
2965 4345 3211 4404 Ovidium
3259 4345 3349 4404 lib.
3383 4365 3458 4404 ιιι.
3506 4348 3708 4405 Fastor.

2442 4520 2508 4571 Ut
2525 4520 2638 4570 huic
2652 4521 2759 4571 urbi
2781 4521 2968 4571 semina
2986 4531 3160 4581 magna
3175 4517 3335 4570 dares.

2206 4673 2221 4709 ί
2256 4673 2334 4727 0b
2359 4669 2573 4724 virtutis
2599 4668 2782 4723 robur.

2203 4742 2216 4792 i
2257 4744 2332 4798 De
2354 4740 2458 4795 ﬁde
2488 4739 2775 4803 Abraham,
2802 4754 2869 4794 ex
2889 4753 2994 4808 qua
3017 4738 3134 4807 ejus
3161 4740 3367 4794 eﬁluxit
3387 4742 3708 4802 obedientia,

2129 4821 2184 4868 et
2212 4811 2488 4883 patientia,
2498 4810 2635 4883 _vide
2663 4809 2999 4883 Clementem
3029 4809 3182 4883 AleX.
3208 4810 3495 4883 Pgndagog.
3521 4813 3611 4867 lib.
3639 4828 3708 4883 ui,

2128 4880 2248 4954 pag.
2306 4880 2916 4954 221;_Theodoretum,
2961 4889 3096 4954 orat.
3130 4881 3197 4935 de
3227 4880 3436 4954 C_h_arit.
3487 4892 3616 4954 tom.
3649 4881 3709 4936 Ν

2128 4950 2251 5077 ξιιᾴ.
2285 4952 2416 5017 691;
2447 4951 2701 5005 Basilium
2724 4952 2777 5005 in
2799 4951 3078 5037 A_sceticis,
3103 4967 3224 5021 cap.
3253 4950 3342 5017 22,
3366 4961 3501 5034 tom.
3526 4953 3570 5006 ll
3592 4967 3706 5022 pag.

2168 5023 2251 5077 16.
2301 5033 2354 5077 et
2409 5030 2540 5076 tom.
2568 5021 2608 5077 l.
2636 5036 2758 5077 naa.
2792 5021 2923 5077 612:
2967 5021 3340 5077 Chrvsostom.
3391 5033 3552 5077 epist.
3576 5022 3611 5076 2
3647 5022 3706 5077 ad

2168 5023 2251 5088 16,
2301 5033 2354 5078 et
2409 5030 2540 5076 tom.
2568 5021 2608 5087 l,
2636 5036 2758 5092 pag.
2792 5021 2923 5086 672;
2967 5021 3340 5093 Chrysostom.
3391 5023 3552 5093 epist.
3576 5021 3611 5076 2
3647 5022 3709 5077 ad

2128 5093 2427 5164 Olympiad.
2472 5102 2526 5164 et
2554 5091 2726 5164 epist.
2781 5108 3046 5164 cchXvu,
3083 5091 3224 5148 tom.
3266 5091 3334 5146 IV
3377 5091 3708 5164 ediLAParis.

2127 5162 2247 5235 pag.
2283 5162 2386 5218 946
2425 5171 2480 5218 et
2504 5163 2626 5226 947,
2659 5164 2844 5217 homil.
2879 5163 2946 5235 1O
2975 5164 3184 5235 tomLV
3214 5178 3338 5235 pag.
3367 5162 3464 5229 45;
3503 5162 3709 5235 Grego-

2124 5233 2263 5290 rium
2286 5235 2612 5306 Nysisenum,
2662 5242 2802 5306 orat.
2828 5235 2897 5306 de
2912 5234 3056 5306 Deo.
3087 5233 3290 5306 Filt’et
3318 5234 3462 5306 Spir.
3494 5234 3552 5290 S.
3580 5233 3706 5291 tam.

2125 5307 2189 5360 IlI
2220 5302 2347 5376 pag:
2377 5304 2631 5358 475-476.
2666 5304 2792 5359 Haec
2811 5305 3076 5358 indicasse
3103 5302 3351 5359 sufﬁciat.

2199 5373 2386 5431 ΥΕ(ιὶιί
2428 5376 2668 5430 nonnulli
2721 5375 3061 5429 librariorum
3091 5391 3276 5431 errore
3309 5395 3320 5428 :
3365 5375 3590 5448 Ignavia
3618 5373 3706 5428 Fi-

2124 5451 2241 5504 lius.

2199 5519 2412 5583 1Editi,
2466 5518 2752 5588 Aptabatur
2799 5517 3010 5570 vinetus.
3061 5516 3379 5572 Emendavit
3406 5518 3700 5578 Meursius,

2125 5592 2461 5658 advertitque
2514 5587 2918 5660 ’Clirysologum
2967 5588 3212 5660 posuisse
3264 5597 3445 5660 aptare
3495 5590 3700 5659 proin-ia

2127 5664 2344 5716 notione
2373 5657 2772 5730 frequentativa
2795 5659 2862 5712 ab
2893 5657 3146 5713 inusitato
3173 5657 3322 5729 Apio,
3371 5657 3508 5730 ligo,
3533 5657 3677 5715 ut'do

2125 5743 2206 5787 eet
2241 5733 2424 5786 Festus
2457 5727 2506 5784 in
2536 5732 2698 5799 Apelt.
2735 5727 2800 5800 Et
2829 5745 3014 5784 revera
3036 5745 3142 5784 non
3172 5727 3336 5786 semel
3379 5727 3574 5800 gaudet
3617 5731 3693 5791 hit

2124 5814 2308 5862 noster
2339 5804 2410 5859 uti
2439 5801 2654 5859 Vocibus
2690 5799 2921 5862 antiquis
2957 5809 3008 5856 et
3039 5801 3238 5861 desitis.
