3942 6348
209 320 304 377 217

1683 317 1910 375 SERMO
1949 319 2012 375 X.

3372 337 3481 392 218

207 449 479 510 praemuni
498 433 567 491 de
590 449 750 506 pinna
771 434 960 506 patris,
983 433 1051 489 de
1075 431 1328 490 conﬂictu
1350 433 1521 505 patris
1536 441 1562 471 ι
1576 441 1794 504 raperet
1815 437 1871 499 Α
1894 443 2052 508 pater
2077 438 2287 510 offerat,
2320 455 2429 498 non
2462 441 2718 511 retardet,
2771 449 2831 499 ut
2855 443 2943 500 cui
2969 453 3289 516 praesentem
3317 448 3484 504 vitam

205 547 474 589 coronam.
501 531 744 602 Denique
763 531 934 603 patris
963 547 1223 603 suspensa
1251 540 1337 589 est
1361 533 1789 605 dextera,patris

202 626 404 698 gladius
420 633 503 682 est
514 635 776 690 remotus,
790 627 914 696 quia
932 643 1039 682 non
1051 627 1391 696 quzerebatur
1404 643 1551 684 mors
1561 627 1677 695 ﬁlii,
1694 628 1790 686 sed

201 721 364 792 patris
399 720 634 775 charitas
662 721 991 792 probabatur
1017 740 1030 776 :
1064 737 1165 778 nec
1191 724 1550 794 expetebatur
1571 724 1788 794 sanguis

201 815 305 879 lilii,
356 815 448 870 ubi
477 821 593 870 tota
623 815 836 871 victima
881 815 935 870 in
962 815 1130 886 patris
1157 816 1447 874 dilectione
1481 817 1786 882 constabat,

197 909 466 978 scriptura
498 907 713 963 dicente
745 926 758 962 :
785 907 942 962 Nunc
971 911 1078 964 scio
1104 910 1228 982 quia
1249 907 1426 982 diligis
1451 909 1638 973 Deum,
1667 911 1789 983 quia

199 1018 296 1055 non
329 1002 604 1072 pepercisti
624 1003 888 1074 unigenito
909 1001 1021 1073 ﬁlio
1045 1011 1130 1057 tuo
1150 1011 1360 1075 prapter
1379 1020 1460 1058 me
1482 1001 1636 1076 (Gen.
1655 1019 1783 1070 χιιι,

201 1096 318 1169 12).
354 1097 627 1153 Abraham
670 1099 904 1156 diximus
931 1100 1176 1166 arietem,
1223 1110 1284 1157 ut
1323 1100 1471 1156 Isaac
1515 1101 1699 1156 arietis
1726 1098 1790 1152 ﬁ-

203 1190 324 1245 lium
370 1191 724 1262 probaremus
756 1211 768 1245 :
796 1208 860 1247 ac
896 1193 941 1246 si
979 1193 1183 1248 luceret
1222 1208 1360 1263 quos
1389 1193 1620 1248 arietum
1648 1190 1787 1247 ﬁlios

202 1286 464 1356 propheta
485 1286 600 1341 vult
627 1286 846 1342 domino
888 1303 987 1342 nos
1008 1284 1222 1342 offerre.
1249 1287 1445 1356 Aﬁ‘erte
1467 1285 1692 1340 Domino
1721 1286 1788 1356 ﬁ-

203 1375 291 1431 tios
325 1379 568 1431 arietum.
613 1376 641 1416 δ
672 1377 838 1434 Filios
888 1387 1120 1449 patrum,
1171 1379 1616 1449 patriarcharum,
1660 1393 1788 1448 pro-

203 1468 483 1539 phetarum
505 1510 520 1534 ,
578 1469 980 1539 apostolorum,
1030 1478 1323 1542 martyrum
1348 1510 1362 1535 ,
1395 1470 1785 1537 confessorum,

201 1558 532 1614 Christianus
583 1560 746 1614 modo
802 1569 861 1615 ut
916 1560 1105 1616 afferat
1151 1561 1473 1616 admonetur
1517 1580 1530 1614 :
1572 1560 1789 1630 quando

200 1664 325 1718 grex
374 1650 678 1706 dominicus
744 1651 869 1708 ﬁdei
907 1652 1119 1708 laxatur
1173 1653 1226 1708 in
1273 1662 1520 1724 pastum,
1572 1653 1788 1723 quando

199 1756 364 1810 agnos
407 1757 535 1797 suos
560 1743 794 1799 caelestis
821 1753 1008 1815 pastor
1035 1744 1104 1800 ad
1151 1745 1293 1801 ovile
1320 1745 1649 1800 dominicum
1675 1744 1790 1799 vult

1892 532 2161 604 praestitit,
2193 532 2434 590 conferat
2455 544 2511 592 et
2536 534 2790 592 futuram.
2817 537 2912 594 Vir
2932 537 3218 611 conjugem
3254 539 3485 597 deducat

1895 626 1967 683 ad
2007 626 2186 696 ﬁdem,
2220 644 2289 684 ne
2324 629 2471 699 quod
2499 646 2665 686 unum
2694 639 2779 688 est
2806 631 2861 687 in
2889 647 3052 689 carne
3089 633 3281 704 spiritu
3309 634 3380 690 sit
3403 633 3486 690 di-

1891 721 2083 778 visum.
2119 720 2335 776 Amicus
2363 721 2595 778 amicum
2644 725 2882 780 attrahat
2909 725 2977 780 ad
3023 727 3271 792 salutem,
3317 735 3377 783 ut
3415 726 3484 784 de

1891 816 2062 886 gratia
2103 813 2284 870 divina
2311 813 2600 870 humanam
2637 818 2954 888 comprobet
2992 818 3331 875 charitatem.
3376 817 3483 875 Pe-

1891 908 2167 978 regrinum
2206 907 2359 974 civis,
2407 923 2689 978 possessor
2747 910 3019 981 hospitem
3064 911 3163 967 Dei
3208 911 3372 967 ducat
3415 910 3483 967 ad

1891 1015 2152 1068 mensam,
2186 1009 2247 1056 ut
2295 1000 2413 1056 sine
2458 1016 2559 1056 suo
2605 1009 2824 1072 sumptu
2850 1002 2919 1058 de
2970 1003 3167 1058 divinis
3206 1003 3376 1074 copiis
3414 1001 3486 1058 sit

1890 1093 2178 1149 humanus.
2206 1091 2477 1148 Attrahite
2504 1092 2784 1160 nolentes;
2815 1108 2975 1149 nemo
3009 1094 3170 1161 dicat,
3202 1093 3322 1150 Non
3347 1093 3482 1160 vult,

1889 1186 2016 1256 quia
2057 1193 2114 1242 et
2154 1185 2446 1251 Abraham,
2473 1194 2533 1240 ut
2560 1183 2782 1241 offerret
2802 1185 2988 1251 ﬁlium,
3019 1186 3293 1256 colligavit
3312 1186 3331 1259 (
3349 1184 3480 1241 Gen.

1890 1293 2019 1341 xxii,
2053 1276 2162 1348 9);
2213 1284 2270 1332 et
2296 1275 2437 1332 Loth
2465 1277 2662 1346 angeli,
2717 1285 2778 1333 ut
2805 1277 3185 1333 subtraherent
3232 1279 3481 1345 ﬂammis,

1890 1376 2192 1424 extractum
2246 1369 2497 1425 manibus
2540 1370 2872 1426 sustulerunt
2905 1366 3069 1442 (Gen.
3115 1385 3224 1433 xix,
3263 1368 3386 1440 16),
3429 1377 3486 1426 et

1890 1460 2110 1518 Petrum
2134 1462 2394 1518 Dominus
2423 1470 2482 1516 ut
2510 1461 2615 1518 iret
2639 1462 2707 1517 ad
2734 1463 3051 1534 martyrium
3089 1477 3199 1532 quo
3243 1461 3481 1525 nolebat,

1891 1556 2075 1610 auxilii
2145 1555 2228 1610 sui
2275 1554 2473 1609 virtute
2518 1554 2820 1624 prazcinxit,
2853 1554 3039 1610 dicens
3089 1553 3387 1625 Prwcinget
3438 1559 3486 1608 to

1890 1647 2045 1712 alius,
2075 1656 2125 1702 et
2150 1646 2384 1712 deducet,
2404 1663 2504 1718 quo
2531 1662 2635 1701 non
2663 1648 2737 1701 vis
2767 1645 2947 1719 (Ioan.
2995 1663 3104 1711 xxi,
3149 1645 3260 1716 18).
3293 1644 3362 1700 Ει
3388 1659 3486 1717 pa-

1891 1748 1976 1796 ter
2001 1741 2238 1798 caelestis
2265 1757 2375 1797 non
2403 1741 2580 1796 solum
2623 1741 2871 1798 volentes
2917 1743 3161 1814 suscipit,
3197 1743 3294 1798 sed
3318 1749 3485 1798 attrat

199 1832 415 1900 deferri,
466 1850 534 1890 ne
563 1835 790 1906 dispersi
838 1852 936 1908 per
974 1838 1176 1893 inculta
1222 1839 1481 1907 gentium,
1539 1838 1789 1908 luporum
1818 1831 1868 1894 B
1893 1833 1974 1888 hit
2010 1841 2066 1889 et
2094 1833 2361 1898 nolentes,
2401 1832 2614 1888 dicente
2637 1832 2747 1889 ﬁlio
2779 1853 2792 1888 :
2821 1833 2990 1890 Nemo
3015 1844 3180 1906 potest
3213 1838 3384 1890 venire
3417 1834 3486 1889 ad

200 1925 522 1981 devorentur
551 1927 870 1984 incursibus.
903 1927 1011 1985 Sed
1039 1930 1168 2000 quid
1209 1929 1497 1985 admoneat
1522 1944 1628 1984 vox
1649 1927 1786 1984 divi-

200 2031 288 2083 na,
312 2017 522 2088 planius
538 2017 651 2087 jam
673 2019 975 2090 loquamur.
1018 2021 1214 2090 Aﬁ‘erte
1240 2019 1465 2076 Domino
1484 2019 1622 2090 ﬁlios
1652 2020 1790 2073 arie-

202 2117 321 2162 tum.
357 2119 382 2147 ο
415 2108 613 2165 Aﬁ'erte
633 2109 852 2167 domino
870 2112 1241 2181 baptizandos,
1272 2111 1464 2166 aﬁerte
1491 2127 1628 2180 quos
1657 2109 1789 2166 ﬁdes

197 2201 484 2272 concipiat,
518 2217 626 2257 non
655 2219 814 2269 caro;
841 2202 1029 2259 afferte
1055 2219 1192 2273 quos
1218 2203 1316 2258 Dei
1343 2203 1516 2272 gratia
1539 2211 1784 2273 generet,

196 2310 300 2348 non
351 2295 626 2350 mundana
674 2305 896 2365 natura;
939 2297 1126 2354 aﬂ'erte
1181 2313 1318 2368 quos
1361 2313 1530 2368 agnos
1569 2306 1791 2369 praestet

195 2386 521 2454 innocentia,
556 2403 666 2443 non
712 2388 911 2444 habeat
952 2389 1167 2460 pecoris
1207 2388 1478 2444 hebetudo
1520 2407 1533 2442 :
1579 2387 1785 2457 afferte,

195 2477 401 2541 afferte,
426 2494 566 2548 quos
586 2489 780 2551 sponte
808 2482 995 2537 venire
1017 2489 1110 2537 aut
1135 2483 1432 2538 necessitas
1452 2491 1620 2547 vetat,
1647 2480 1672 2520 δ
1697 2491 1790 2538 aut

194 2577 322 2624 tetas
373 2570 616 2641 impedit,
649 2580 744 2626 aut
790 2573 1091 2642 ignorantia
1145 2575 1406 2639 retardat,
1463 2584 1556 2630 aut
1603 2585 1791 2631 tenent

193 2659 340 2728 vitia,
387 2669 481 2716 aut
508 2662 705 2718 delicta
746 2673 1108 2732 remorantur,
1141 2673 1234 2721 aut
1275 2667 1606 2738 exspectatio
1646 2667 1790 2723 deci-

194 2754 288 2822 pit,
322 2762 417 2809 aut
441 2753 577 2810 fallit
605 2756 926 2812 confusione
965 2765 1274 2830 paupertas,
1319 2757 1568 2814 adducite
1593 2759 1784 2815 volen-

195 2854 291 2914 tes,
329 2857 351 2885 ε
385 2850 640 2906 attrahite
669 2851 939 2914 nolentes,
993 2850 1151 2907 facite
1178 2852 1333 2908 vobis
1361 2852 1429 2908 de
1475 2853 1650 2908 aliena
1692 2868 1787 2908 ne-

193 2941 445 2998 cessitate
481 2944 788 2999 mercedem
821 2962 833 2997 :
865 2960 1084 2999 servum
1130 2946 1579 3001 catechumenum
1617 2946 1664 3002 si
1691 2947 1787 3001 ba-

193 3033 280 3088 bet
307 3035 582 3101 dominus,
610 3036 862 3100 adducat,
896 3045 957 3089 ut
975 3036 1177 3090 habeat
1209 3037 1322 3105 jam
1344 3035 1589 3101 ﬁdelem;
1622 3034 1790 3090 ﬁlium

243 3301 467 3356 peteret.
503 3301 685 3341 Prima
717 3301 878 3342 lectio
907 3301 1076 3356 magis
1103 3301 1299 3342 arrisu.

257 3357 284 3395 δ
319 3356 598 3428 Rupertus
619 3373 782 3427 super
804 3356 1112 3412 Ecelesiast.
1143 3375 1275 3428 xxiv
1288 3376 1300 3428 ;
1322 3356 1504 3427 Ipsum
1527 3357 1657 3412 ovile
1683 3357 1793 3412 Do-

1889 1941 1987 1992 me,
2021 1925 2126 1978 nisi
2148 1925 2311 1979 Pater
2334 1924 2422 1997 qui
2445 1926 2586 1979 misit
2614 1942 2714 1992 me,
2751 1923 2771 1962 ί
2806 1927 3080 1980 attraxerit
3107 1926 3253 1980 illum
3283 1925 3480 1998 (Joan.

1890 2033 1962 2081 γι,
1993 2014 2123 2088 44).
2155 2016 2438 2082 Quomodo
2487 2031 2546 2072 se
2592 2014 2958 2072 Christianum
2996 2017 3186 2084 credit,
3236 2018 3328 2087 qui
3373 2033 3484 2073 non

1889 2109 2106 2165 Christo
2154 2125 2357 2165 annosa
2402 2119 2457 2165 et
2502 2118 2686 2166 vetera
2714 2111 2904 2166 ducit?
2949 2110 3056 2165 Aut
3084 2111 3356 2180 quomodo
3383 2111 3486 2166 do-

1891 2222 2037 2261 mum
2066 2221 2220 2261 suam
2241 2203 2446 2275 judicat
2473 2205 2616 2261 ovile
2646 2205 2762 2268 Dei,
2796 2205 2887 2260 ubi
2935 2220 3044 2261 non
3073 2205 3325 2274 paseuale
3364 2218 3487 2273 ger-

1892 2311 2017 2353 men
2072 2299 2168 2354 Dei
2197 2314 2362 2369 pecus
2407 2296 2500 2352 dat
2528 2296 2805 2352 balatum?
2834 2295 3070 2354 Obsecro
3126 2303 3182 2350 et
3221 2295 3483 2360 obtestor,

1890 2390 2086 2446 fratres
2109 2391 2433 2456 eharissimi,
2460 2406 2560 2461 per
2587 2391 2875 2446 Dominum
2904 2397 3168 2453 nostrum,
3200 2397 3260 2442 ut
3287 2389 3341 2443 in
3381 2388 3488 2443 hoc

1891 2483 2124 2553 vigiletis
2172 2499 2379 2548 omnes,
2431 2491 2698 2552 quatenus
2743 2482 2827 2537 his
2873 2480 3063 2537 diebus
3103 2480 3282 2536 nullus
3321 2494 3352 2532 a
3390 2477 3488 2533 Dei

1891 2577 2082 2647 gratia,
2130 2577 2308 2632 nullus
2337 2586 2360 2624 Β
2394 2592 2426 2631 a
2465 2576 2882 2644 regeneratione
2922 2575 3103 2630 divina
3151 2574 3489 2640 relinquatur

1893 2670 2146 2732 extorris,
2197 2676 2462 2739 quatenus
2509 2667 2652 2737 quod
2701 2667 2822 2723 aliis
2873 2665 3016 2722 Deus
3061 2673 3145 2721 est
3189 2679 3290 2735 per.
3334 2676 3487 2718 suam

1893 2762 2123 2832 gratiam
2151 2761 2464 2825 collaturus,
2496 2769 2735 2817 vestrum
2777 2770 3004 2824 crescat,
3052 2767 3108 2814 et
3142 2755 3399 2814 redundet
3436 2751 3485 2818 in

1894 2854 2165 2924 gaudium.
2218 2853 2479 2909 Homines
2507 2869 2693 2909 sumus
2733 2852 2833 2908 sub
2861 2853 3069 2907 incerto
3104 2849 3400 2929 _viventes:
3433 2851 3491 2900 et

1896 2946 2166 3002 nescimus
2192 2945 2319 3014 quid
2338 2946 2515 3016 pariat
2542 2952 2931 3014 superventura
2951 2943 3066 2998 dies
3090 2940 3270 3012 (Prov.
3297 2935 3484 3005 xxvn).

1899 3037 2136 3104 Agamus
2164 3050 2313 3104 ergo,
2345 3035 2700 3100 dilectissimi,
2731 3050 2799 3090 ne
2819 3035 2982 3099 servi,
3015 3049 3083 3088 ne
3111 3031 3224 3092 ﬁlii,
3260 3043 3327 3087 ne
3354 3043 3489 3083 con—

1899 3215 1996 3281 12;
2039 3215 2412 3284 Moguntinum
2445 3230 2534 3269 an.
2579 3213 2686 3268 815
2724 3228 2844 3284 can_.
2890 3212 2942 3274 4,
2961 3219 3055 3284 Δ(ξε
3059 3212 3338 3284 innumera
3361 3209 3486 3284 alia.

1898 3279 2120 3342 Pascha:
2133 3279 2198 3342 et
2225 3284 2572 3341 Pentecostes
2593 3283 2782 3340 diebus
2802 3281 2974 3338 Gneci
3015 3279 3370 3353 Epiphaniam
3387 3279 3491 3353 ad-

1896 3357 2083 3413 didere
2107 3375 2120 3410 :
2145 3356 2292 3426 quod
2316 3365 2495 3426 tamen
2524 3355 2858 3426 damnatura
2898 3347 3343 3426 demet-Leonis
3383 3347 3488 3426 PP.

181 3419 445 3481 minicun't
487 3428 568 3480 hic
597 3419 877 3498 accipimus
905 3445 996 3498 per
1021 3445 1206 3482 nonten
1252 3419 1413 3491 Eliin,
1461 3428 1517 3481 id
1544 3436 1621 3482 est
1645 3430 1795 3483 Arie-
1819 3431 1866 3495 C
1897 3427 1990 3482 V11
2024 3419 2338 3483 Bibliothec.
2367 3425 2527 3498 juris
2548 3438 2674 3498 pagi.
2716 3424 2840 3498 22},
2885 3430 2941 3498 et
2974 3440 3005 3498 ξι
3025 3423 3208 3498 ‘Petro
3251 3419 3493 3498 Dlesensi

183 3508 313 3551 tum.
350 3497 786 3570 Arietesnenipe
810 3497 980 3570 idaeas
1017 3501 1220 3570 gregis,
1264 3508 1315 3553 et
1342 3498 1486 3553 avitis
1537 3499 1793 3570 principes

182 3577 310 3622 sunt
339 3569 450 3642 :__de
477 3569 658 3639 quibus
686 3559 974 3642 Psatmista
1004 3559 1260 3642 :vAﬁert'e,
1288 3571 1471 3642 inquit,
1498 3559 1637 3642 ﬁlios
1660 3559 1796 3624 arie-

186 3648 312 3711 timi.
348 3636 422 3691 Et
481 3636 547 3694 de
571 3640 848 3711 prophetis
874 3655 938 3696 ac
963 3636 1312 3711 patriarchis,
1345 3636 1635 3711 apostolis,
1667 3649 1792 3709 etc.,

188 3709 477 3779 scriptum
509 3709 740 3765 credunt
793 3709 1137 3766 enarratores
1187 3711 1316 3765 illud
1369 3709 1520 3766 Isaiae
1576 3728 1676 3778 Lx,
1713 3711 1791 3766 7:

191 3777 396 3834 Ariétes
427 3777 730 3835 Nabaiatoh
757 3782 1127 3836 ministrabant
1154 3782 1270 3836 sibi.

266 3849 560 3923 cContra_
582 3853 1060 3923 procrastinantes
1105 3853 1380 3923 Baptisma
1440 3853 1624 3906 multae
1670 3862 1795 3908 sunt

194 3929 507 3991 sanctorum
529 3919 750 3976 Patrum
769 3923 1022 3991 querelae.
1052 3919 1515 3990 Vide-Gregorium
1539 3923 1789 3978 Nazianz.

195 3989 340 4045 Orat.
376 3989 458 4046 Ad
476 4001 665 4064 sancta
690 3989 912 4060 lumina,
943 4002 1000 4049 et
1026 3994 1231 4064 majora
1255 3989 1499 4064 congerit
1529 4001 1666 4048 orat.
1701 3993 1790 4062 40,

195 4078 314 4130 quae
344 4069 430 4116 est
469 4063 523 4116 in
554 4071 802 4119 sanctum
848 4064 914 4118 ba
957 4063 1146 4130 tisma;
1189 4063 1270 4120 Ch
1336 4072 1636 4119 sostomum
1664 4065 1795 4120 item

196 4132 382 4186 homil.
431 4133 487 4186 in
519 4132 652 4186 Acta
701 4148 823 4186 nan.
877 4080 983 4186 6P5
1028 4135 1158 4186 edit.
1193 4081 1365 4186 ωδε
1414 4133 1700 4186 Justellum
1739 4136 1792 4186 in

196 4132 382 4187 homil.
422 4133 487 4204 in
519 4132 652 4188 Acta
701 4148 823 4204 pag.
877 4132 983 4188 615
1028 4135 1158 4190 edit.
1193 4132 1365 4201 i612;
1414 4133 1700 4189 Justellum
1739 4136 1792 4190 in

199 4203 339 4258 notis
369 4203 438 4258 ad
467 4219 643 4259 canon
692 4203 884 4260 concil.
919 4204 1278 4269 Neo-Cmsari,
1312 4213 1367 4260 et
1403 4205 1654 4260 Vossium
1683 4206 1793 4260 dis-

197 4281 308 4343 put.
334 4273 404 4328 de
431 4273 634 4344 Raptis.
663 4275 944 4330 Dilationis
963 4291 1184 4332 causam
1211 4277 1578 4332 obtendebant
1609 4294 1622 4328 :
1648 4276 1795 4344 quod

199 4344 354 4416 simul
381 4344 643 4400 volebant
676 4346 936 4415 baptizari
967 4354 1022 4401 et
1048 4348 1208 4409 mori,
1238 4363 1306 4402 ne
1334 4355 1458 4416 post
1485 4355 1792 4416 susceptum

199 4414 526 4487 baptismum
559 4414 767 4487 iterum
796 4427 1102 4487 peccarent,
1132 4414 1350 4487 decepti
1388 4433 1418 4471 a
1463 4418 1604 4472 male
1634 4414 1794 4471 intel-

200 4485 338 4557 lecto
371 4486 496 4542 loco
537 4485 948 4557 Apostoli’ﬂeb.
979 4505 1051 4554 γι,
1080 4488 1132 4550 4,
1163 4485 1303 4543 unde
1335 4488 1660 4555 colligebant
1687 4487 1793 4541 No-

200 4556 396 4627 vatiani
426 4556 628 4612 nullam
658 4565 782 4626 post
809 4558 1134 4627 baptismum
1174 4559 1612 4627 delinquentibus
1640 4573 1794 4626 spem

203 4626 464 4700 reliquam
506 4643 644 4683 esse.
690 4627 767 4700 Ex
811 4626 915 4683 hoc
953 4636 1145 4700 autem,
1177 4626 1497 4700 Chrysblogi
1543 4643 1793 4700 sermone

202 4697 420 4761 eruitur,
445 4708 693 4753 sanctum
713 4698 887 4751 virum
935 4707 1015 4754 tot
1050 4699 1255 4754 viribus
1292 4697 1415 4763 niti,
1449 4706 1507 4752 ut
1545 4699 1791 4753 homines

204 4767 267 4821 ad
292 4768 618 4838 baptismum
661 4767 1056 4838 adducerentur
1088 4787 1099 4821 :
1131 4770 1256 4837 quia
1298 4769 1536 4824 instabat
1564 4767 1787 4835 Pascha,

203 4853 314 4907 quae
339 4837 512 4894 altera
538 4846 656 4909 erat
700 4847 822 4909 post
843 4837 1205 4909 Pentecosten
1231 4839 1546 4894 solemnitas
1585 4840 1652 4894 ad
1682 4840 1791 4893 tin-

203 4909 428 4975 gendum
451 4925 608 4965 sacro
637 4908 786 4964 fonte
825 4908 1028 4976 ﬁdeles,
1047 4911 1202 4978 juxta
1233 4911 1373 4966 illius
1397 4911 1655 4979 temporis
1682 4909 1792 4963 dis-

203 4979 450 5048 ciplinam
470 4981 755 5035 destinata.
799 4980 916 5036 Hoc
943 4981 1069 5035 licet
1095 4981 1337 5034 nonnulli
1359 4980 1647 5036 reluctanti
1677 4981 1791 5034 ani-

203 5065 284 5121 mo
312 5051 556 5115 audiant,
582 5053 888 5106 testimonia
917 5059 1096 5106 tamen
1127 5051 1221 5105 SS.
1254 5050 1358 5105 PP.
1391 5060 1675 5120 utramque
1695 5067 1791 5121 pa-

205 5119 374 5191 ginam
401 5122 739 5191 implentium
768 5123 872 5178 hoc
900 5122 1043 5177 idem
1082 5123 1257 5176 nolint
1293 5123 1462 5178 velint
1498 5119 1750 5176 evincunt
1776 5140 1788 5175 :

205 5183 562 5263 Tertullianus
591 5192 781 5263 lib.7de
809 5192 1009 5263 Baptis.
1044 5208 1164 5263 cap.
1198 5191 1294 5256 19;
1324 5193 1686 5262 Hieronymus
1725 5192 1791 5263 ad

205 5257 637 5328 Pammachium;
663 5257 1002 5316 Fortunflil).
1033 5280 1089 5317 ιιι
1111 5257 1260 5318 carm
1285 5265 1334 5328 7,
1361 5264 1452 5318 lib.
1482 5280 1514 5318 v
1533 5257 1701 5318 carm.
1736 5262 1788 5320 ιι

206 5331 450 5404 Socrates
473 5332 672 5386 Hister.
703 5332 910 5388 Eccles.
936 5335 1028 5388 lib.
1055 5351 1106 5388 iv
1134 5350 1254 5404 cap.
1278 5333 1376 5400 22;
1406 5343 1460 5389 et
1480 5350 1547 5388 ex
1567 5333 1794 5388 Socrate

209 5397 532 5474 l‘iicephorus
554 5404 643 5457 lib.
677 5420 757 5474 xu
771 5421 890 5474 cap.
919 5404 1018 5468 34;
1061 5397 1287 5459 Basilius
1317 5397 1529 5460 enhort.
1563 5405 1632 5458 ad
1655 5404 1792 5474 Bap-

365 5491 378 5537 ;
398 5474 629 5552 Siricius
652 5475 712 5552 in
725 5470 896 5545 Epist.
925 5476 992 5552 ad
1023 5476 1232 5552 Decret.
1263 5476 1486 5552 Itttm_._2.
1513 5490 1632 5552 pag.
1670 5470 1787 5537 190;

212 5539 450 5613 liiblioth.
494 5543 636 5598 Juris
674 5539 880 5600 Canon.
926 5545 1145 5601 Parisiis
1173 5563 1259 5600 an.
1295 5546 1425 5598 1661
1459 5564 1472 5613 ;
1513 5539 1791 5602 decretum

213 5609 398 5686 [.eonis
439 5615 715 5686 l’l’uapud
761 5614 1076 5670 Gratianum
1106 5617 1230 5671 dist.
1281 5617 1331 5682 lt,
1369 5609 1482 5672 Duo
1529 5627 1790 5686 tempora;

211 5679 440 5759 gelasius
457 5685 522 5739 de
542 5679 701 5759 Ocius.
727 5687 850 5759 dist.
876 5689 928 5752 ι,
966 5687 1274 5759 Baptizmtdi
1294 5679 1564 5759 ;:Capitul.
1587 5679 1790 5757 Regum

213 5750 452 5808 P‘rancor.
505 5756 644 5809 edita
695 5773 724 5809 a
766 5750 984 5812 Balniio
1036 5750 1165 5812 tom.
1221 5758 1260 5810 ll
1294 5750 1534 5822 ’(ἶοιιὶξίι..
1585 5750 1794 5814 Gerun—

212 5821 382 5888 dense,
411 5843 498 5884 an.
537 5825 637 5882 517
660 5843 853 5886 canon.
882 5828 942 5896 4;
984 5829 1330 5894 Triburiense
1386 5847 1470 5887 an.
1522 5829 1644 5897 895,
1671 5845 1791 5891 can.

1817 4807 1870 4868 D

1900 3499 2016 3554 init.
2042 3514 2203 3554 serm.
2232 3498 2330 3563 15;
2353 3495 2494 3552 Galli
2514 3489 2755 3551 Natalem
2779 3494 2989 3549 Domini
3010 3493 3151 3548 diem
3174 3499 3228 3547 et
3248 3491 3304 3547 S.
3337 3489 3494 3563 Ιοιιιιτ

1899 3570 1984 3640 nis
2004 3569 2273 3640 Baptistaa.
2319 3561 2461 3640 Vide
2507 3567 2722 3640 Avitum
2749 3565 3121 3640 Viennensem
3141 3564 3193 3618 in
3207 3563 3392 3640 “epist.
3425 3561 3493 3615 ad

1898 3631 2282 3712 Clodovmunt;
2313 3637 2632 3712 Gregorium
2663 3633 3159 3712 Turon.de_Olori_a
3199 3631 3492 3712 confesso-

1898 3727 2017 3768 rum
2048 3728 2165 3782 cap.
2200 3710 2293 3782 69.
2321 3704 2564 3782 Obtinuit
2592 3715 2772 3763 autem
2801 3725 2921 3763 mos
2959 3707 3049 3761 hic
3097 3704 3356 3782 ﬁngendi,
3389 3704 3494 3756 sci-

1901 3782 2031 3837 licet
2059 3773 2410 3837 in'l’ascbate
2431 3787 2486 3835 et
2525 3779 2867 3845 Pentecoste,
2906 3791 3077 3846 usque
3105 3773 3363 3846 adﬁnem
3394 3788 3494 3827 sae-

1897 3854 2005 3907 culi
2033 3871 2107 3920 x1,
2151 3861 2289 3909 teste
2329 3850 2735 3922 Theophylacto
2766 3845 3065 3922 Comment.
3111 3847 3166 3900 in
3196 3845 3396 3900 Lucam
3434 3860 3488 3896 ιι.

1897 3922 2171 3980 Hactenus
2199 3931 2380 3978 autem
2409 3919 2654 3976 dicta'ita
2683 3919 2996 3988 accipienda
3044 3924 3189 3982 sunt,
3222 3925 3282 3969 ut
3330 3929 3492 3970 casus

1898 3996 2238 4066 necessitatis
2268 3993 2430 4049 fuerit
2444 3991 2827 4066 excipiendus.
3117 4057 3128 4066 _
3217 4056 3228 4066 α

1971 4063 1996 4102 ί¹
2029 4065 2126 4121 Vel
2166 4080 2343 4127 senes,
2375 4062 2461 4117 vel
2500 4057 2681 4132 potius
2737 4059 2988 4132 infantes,
3039 4057 3185 4132 quia
3209 4057 3322 4132 jam
3364 4062 3493 4108 tunc

1897 4137 2159 4206 temporis
2206 4125 2475 4204 baptisma
2503 4125 2669 4186 etiam
2719 4125 3487 4206 infantibus.ministr‘aba'tur.

1896 4193 2176 4261 Noverunt
2203 4193 2392 4274 omnes
2440 4218 2503 4274 ea
2532 4217 2654 4270 qua:
2693 4199 2931 4274 synodus
2970 4194 3317 4274 Africanam
3362 4193 3491 4274 Et“:

1897 4291 2188 4346 scoporum
2217 4276 2316 4330 sub
2344 4265 2615 4346 Cypriane
2646 4265 2833 4346 statuit
2862 4269 3120 4346 adversus
3140 4265 3348 4346 “Fidum
3379 4265 3493 4345 epi-

1896 4335 2154 4416 scopum;
2201 4347 2291 4400 hic
2321 4335 2540 4416 etenim,
2592 4341 2784 4396 eodem
2812 4339 3085 4416 referente
3131 4335 3490 4416 Cyprianum

1896 4408 2054 4486 epist.
2100 4408 2168 4470 ad
2198 4415 2468 4486 eumdem,
2495 4428 2643 4486 quae
2671 4419 2764 4486 est
2806 4409 2892 4476 65,
2944 4408 3238 4486 asserebat
3262 4408 3494 4486 infantes

1895 4479 2034 4540 infra
2081 4485 2378 4541 secundum
2425 4483 2512 4538 vel
2541 4479 2778 4538 'tertium
2835 4496 3036 4536 annum
3095 4479 3355 4549 baptizari
3385 4493 3492 4549 non

1896 4566 2166 4627 oportere.
2194 4556 2327 4611 Vide
2343 4555 2698 4677 Augustinum
2720 4553 2877 4624 epist.
2899 4546 3375 4634 adHieronymum
3397 4546 3489 4630 23.

1971 4638 1993 4666 ο
2024 4627 2308 4677 Ounmodo
2337 4627 2390 4677 id
2465 4633 2538 4677 at.
2572 4626 2732 4677 docet
2762 4624 3087 4677 Augustinus
3127 4629 3284 4675 tract.
3318 4618 3406 4677 ‘26.
3440 4636 3489 4673 ιιι

1971 4638 1993 4666 ⁸
2024 4627 2308 4694 Quomodo
2337 4627 2390 4681 id
2428 4618 2538 4690 ﬁat,
2572 4626 2732 4680 docet
2755 4618 3087 4694 Augustinus
3127 4618 3406 4694 tract._‘2_6,
3440 4620 3491 4673 in

1893 4691 2065 4755 Joan:
2085 4716 2155 4764 vi,
2189 4706 2244 4752 et
2271 4712 2434 4753 serm.
2459 4695 2495 4748 2
2531 4696 2598 4751 de
2627 4695 2816 4750 Verbis
2847 4691 3093 4765 Apostol.
3129 4700 3186 4765 et
3214 4691 3491 4765 Maldona-

1895 4778 1984 4825 tus
2012 4771 2064 4823 in
2109 4761 2264 4824 Joan.
2309 4785 2379 4834 γι,
2413 4766 2511 4838 44,
2534 4767 2686 4838 cujus
2714 4765 2878 4821 verba
2895 4761 3493 4838 '_docti_ssime_explicat

1897 4849 2087 4896 contra
2124 4838 2428 4912 Calvinum,
2488 4833 2786 4912 Lutherum
2818 4845 2873 4912 et
2902 4835 3199 4912 Pelagium.
3224 4833 3488 4912 _Itemque

1897 4913 2057 4967 docet
2122 4901 2754 4980 quomodo—accipienda
2784 4979 2788 4980 ί
2820 4901 3148 4980 sint_verba
3210 4901 3492 4980 Augustini

1897 4999 2058 5036 serm.
2093 4972 2317 5050 {supra
2346 4972 3165 5050 laudato'dicentisjiolcntiam
3197 4987 3312 5050 _qua
3351 4972 3492 5050 trahi

1897 5052 2144 5117 dicimur,
2169 5043 2286 5105 ﬁeri
2317 5051 2466 5106 cordi
2490 5067 2598 5104 non
2627 5051 2797 5104 carni.
2825 5047 2949 5103 Tria
2982 5043 3274 5117 autem‘dat
3303 5049 3493 5117 auctor

1896 5111 2144 5193 exempla
2166 5123 2234 5178 de
2274 5120 2496 5193 Iacobo,
2542 5119 2680 5176 Loth
2711 5130 2765 5176 et
2795 5119 2976 5193 Petro,
3019 5116 3110 5193 qui
3133 5113 3299 5193 libere
3346 5111 3491 5193 quod

1891 5182 2129 5262 jusserat
2157 5193 2300 5248 Deus
2332 5182 2512 5265 facere
2549 5193 2830 5265 cupientes
2845 5182 3142 5265 obstaculis
3170 5182 3490 5265 quibusdam

1900 5251 2247 5326 nihilominus
2293 5251 2722 5334 retenti,alieno
2772 5260 3115 5334 indiguerunt
3161 5251 3382 5315 auxilio,
3434 5261 3492 5334 ut

1897 5335 2042 5403 quod
2064 5335 2116 5388 in
2155 5335 2328 5404 prima
2367 5348 2557 5404 eorum
2584 5332 2863 5404 voluntate
2891 5325 3021 5382 ierat
3049 5325 3220 5380 libere
3267 5325 3490 5404 exsequi

1898 5401 2173 5460 valerem.—
2195 5405 2268 5458 De.
2295 5405 2398 5458 hac
2429 5420 2486 5456 re
2519 5402 2629 5456 fere
2659 5402 2723 5455 ad
2774 5414 2957 5454 casum
2999 5405 3239 5451 nostrum
3271 5401 3491 5453 sanctus

1899 5475 2124 5543 August.
2170 5476 2329 5547 epist.
2390 5473 2573 5547 ultima
2626 5469 2866 5547 tonuit.
2898 5465 3031 5547 Vide
3078 5463 3488 5547 S..Gregoriutn

1899 5535 2220 5618 Nysseiuim:
2241 5545 2480 5618 tractain
2505 5559 2600 5597 eos
2627 5541 2719 5609 qui
2740 5537 3296 5618 diﬁerpntbapﬁsma.
3321 5535 3484 5591 Mm.

1974 5615 1994 5656 τ
2028 5615 2084 5671 In
2109 5608 2311 5686 Evang.
2343 5616 2570 5670 habetur
2609 5608 2841 5686 traxerit.
2890 5608 3208 5686 Ambrosius
3235 5623 3355 5664 cum
3385 5623 3484 5664 no-

1900 5697 2012 5743 stro
2043 5704 2108 5743 ex
2138 5682 2328 5743 Grmeo
2351 5688 2561 5740 ἐλκῠσαι
2603 5682 2863 5736 attrahere
2890 5682 3092 5752 legunt.
3399 5735 3402 5738 ,

1966 5770 1989 5806 ις
2013 5757 2101 5812 Sic
2130 5775 2196 5813 ex
2226 5774 2329 5814 ms.
2360 5754 2621 5812 Vallicell.
2666 5761 2720 5808 et
2762 5754 2992 5813 Latinio.
3036 5754 3194 5822 Editi,
3237 5772 3304 5811 ex
3334 5753 3478 5818 Mila,

1896 5829 2250 5887 Generatione.
3135 5829 3138 5838 '
