3942 6348
1722 427 1783 486 S.
1825 428 2034 486 PETRI
2069 426 2500 487 CHRYSOLOGI

3661 430 3760 494 Et

470 511 837 628 ’spiritualium
854 548 1124 608 cernimus
1143 545 1447 612 advenisse,
1471 545 1611 603 sicut
1629 542 1832 604 Christi
1851 546 2071 613 milites,
2098 552 2158 613 Α
2179 546 2381 620 primat
2407 552 2465 603 et
2482 544 2721 603 declinet
2746 546 2992 605 insidias.
3012 546 3114 604 Est
3130 546 3351 620 quidem
3382 548 3641 610 diabolus
3670 568 3763 625 per

478 646 727 720 deposito
745 642 991 715 corporis
1010 642 1310 712 animatque
1334 648 1576 713 torpore,
1600 640 1857 697 virtutum
1878 655 2074 712 proce-

478 741 667 797 damus
688 736 756 793 ad
770 751 1039 808 campum,
1058 741 1118 790 ut
1130 733 1373 791 membra
1391 748 1512 804 quae
1530 740 1658 789 sunt
1675 732 1834 788 nobis
1856 732 2075 789 hiemali

478 834 593 889 otio
620 829 846 894 mollita,
889 826 1151 884 exercitio
1190 826 1493 883 caelestium
1530 826 1856 882 roborentur
1895 840 2075 881 armo-

479 940 616 981 rum.
653 921 906 978 Dedimus
945 921 1161 991 corpori
1205 934 1424 986 annum,
1470 919 1658 976 demus
1698 920 1890 974 animae
1930 918 2073 987 dies;

479 1015 840 1088 impendimus
870 1014 1029 1070 nobis
1061 1021 1339 1084 tempora,
1377 1022 1589 1085 tempus
1629 1012 1949 1084 deputemus
1977 1028 2078 1068 au-

477 1110 647 1176 ctori;
696 1109 941 1163 vivamus
981 1108 1096 1162 Deo
1139 1106 1435 1178 paululum,
1478 1106 1572 1176 qui
1611 1106 1808 1162 saeculo
1846 1105 2078 1161 viximus

479 1211 692 1269 totum;
737 1214 1065 1273 seponamus
1108 1199 1433 1256 domesticas
1459 1214 1635 1266 curas,
1673 1198 1928 1256 Ecclesia:
1958 1213 2077 1254 ma-

477 1310 706 1351 neamus
735 1294 792 1349 in
812 1292 1031 1360 castris;
1055 1292 1336 1362 vigilemus
1356 1292 1412 1348 in
1435 1292 1550 1348 acie
1577 1290 1805 1358 Christi;
1830 1305 2079 1348 somnum

478 1386 739 1441 cubilium
766 1399 875 1441 non
895 1398 1228 1455 quzeramus,
1252 1383 1540 1455 jungamur
1566 1382 1822 1451 fortibus;
1861 1382 1929 1438 ab
1964 1397 2078 1438 am-

483 1477 735 1549 plexibus
755 1490 1069 1547 separemur
1088 1474 1369 1543 mollibus;
1393 1490 1546 1532 amor
1564 1491 1664 1532 nos
1686 1482 1870 1532 teneat
1889 1476 2078 1531 trium-

486 1571 738 1641 phorum,
768 1575 1115 1644 parvulorum
1143 1590 1253 1631 non
1278 1584 1509 1632 avocent
1541 1574 1940 1643 blandimenta;
1976 1590 2077 1632 au.-

488 1664 640 1720 ribus
674 1668 872 1723 nostris
894 1669 1110 1726 insonet
1137 1685 1243 1725 vox
1267 1669 1476 1736 divina;
1513 1667 1790 1725 familiaris
1823 1670 2079 1740 strepitus

488 1765 735 1812 nostrum
771 1775 880 1815 non
909 1759 1203 1817 confundat
1235 1761 1502 1828 auditum;
1548 1769 1575 1798 ι
1607 1760 1759 1817 cibus
1791 1776 1984 1832 parcus
2011 1762 2080 1818 de

489 1850 694 1906 cmlesti
736 1861 980 1909 sumatur
1024 1870 1269 1920 annona;
1314 1854 1515 1911 terreni
1559 1854 1717 1910 luxus
1755 1854 1925 1927 copiae
1966 1870 2076 1912 non

2179 655 2241 697 se
2258 654 2513 710 nequam,
2546 637 2607 694 lit
2623 646 2807 697 tamen
2827 640 3057 712 nequior
3082 650 3434 713 provocatus.
3454 640 3604 701 Audi
3630 644 3764 719 Apo-

2178 731 2380 788 stolum
2400 730 2709 788 dicentem:
2752 730 3006 788 Diabolus
3046 733 3179 788 sicut
3221 733 3302 789 leo
3328 736 3542 808 rugiens

2177 842 2411 899 qumens
2434 841 2582 898 quem
2603 824 2808 881 devoret
2828 823 2875 899 (Ι
2898 824 3047 881 Petr.
3077 841 3113 881 v
3129 866 3144 893 ,
3168 825 3247 899 8).
3275 825 3659 897 Jejunantibm
3681 844 3765 887 uo-

2177 918 2281 987 bis,
2304 916 2553 974 diabolus
2572 917 2760 985 esurit,
2782 917 2879 988 qui
2911 918 3115 974 nostris
3152 933 3371 992 semper
3406 928 3690 977 saturatur
3703 936 3765 978 ex

2179 1012 2373 1085 culpis.
2395 1011 2492 1067 Ille
2509 1011 2691 1068 cibum
2710 1018 2956 1068 nostrum
2990 1012 3209 1069 deducit
3241 1014 3298 1069 in
3328 1014 3615 1086 crapulam
3640 1031 3767 1087 :po-

2180 1114 2296 1163 tum
2314 1111 2564 1162 nostrum
2594 1105 2651 1161 in
2678 1104 3001 1161 ebrietatem
3027 1103 3309 1173 diﬂ'uudit,
3327 1113 3390 1162 ut
3419 1113 3667 1164 mentem
3692 1105 3763 1162 fa-

2180 1197 2289 1253 ciat
2308 1203 2599 1265 amentem,
2623 1210 2845 1252 carnem
2877 1196 3083 1253 luteam
3119 1196 3333 1264 reddat,
3371 1212 3581 1273 corpus
3612 1198 3767 1255 animi

2180 1290 2513 1347 domicilium
2528 1332 2545 1358 ,
2591 1290 2785 1347 animae
2819 1304 2935 1358 vas,
2970 1305 3185 1348 murum
3230 1291 3475 1363 spiritus,
3512 1291 3767 1348 virtutum

2179 1383 2441 1452 scholam,
2473 1383 2571 1440 Dei
2604 1383 2884 1454 templum,
2922 1382 2977 1439 in
3003 1398 3224 1440 scenam
3251 1384 3564 1449 criminum,
3602 1385 3657 1439 in
3695 1384 3768 1439 vi-

2180 1475 2379 1531 tiorum
2425 1491 2701 1547 pompam,
2748 1475 3083 1546 voluptatem
3118 1474 3329 1545 redigat
3377 1476 3433 1531 in
3478 1475 3766 1530 theatnm.

2179 1570 2341 1641 Capit
2368 1570 2459 1625 ille
2490 1569 2818 1635 satietatem,
2854 1568 3191 1640 voluptatem
3227 1568 3482 1639 percipit,
3527 1568 3771 1640 expletur

2181 1663 2373 1734 epulis,
2398 1661 2616 1732 quando
2642 1676 2744 1717 nos
2771 1660 2930 1716 luxus
2943 1660 3124 1726 solvit,
3150 1659 3316 1716 libido
3329 1660 3594 1726 stimulat,
3624 1675 3769 1732 pou!-

2180 1769 2249 1825 pa
2270 1753 2433 1825 rapit,
2475 1752 2705 1823 impellit
2745 1750 2990 1818 ambitio,
3042 1758 3198 1819 urget
3234 1750 3335 1816 ira,
3378 1749 3534 1806 furor
3567 1749 3768 1820 immet,

2181 1842 2461 1901 succendit
2481 1841 2705 1910 invidia,
2735 1840 3003 1913 cupiditas
3031 1838 3349 1905 inﬂammat,
3379 1855 3528 1896 cura:
3575 1840 3769 1897 sollici-

488 1951 820 2011 qurerentur;
851 1944 906 2000 in
935 1946 1143 2015 poculis
1168 1946 1479 2002 sobrietatis
1521 1961 1773 2002 mansura
1801 1954 2076 2014 servetur;
2106 1941 2157 2003 B
2182 1944 2320 2003 tam.
2363 1937 2489 1992 lites
2527 1941 2746 2000 velant:
2787 1935 2937 1992 11101⁵³
2989 1934 3229 2004 capiunt.
3274 1946 3456 1988 “sum
3499 1931 3769 1998 νίηοὶῑωιι

486 2033 628 2089 vires
655 2034 890 2092 ebrietas
915 2035 943 2074 δ
970 2052 1081 2092 non
1104 2046 1348 2095 enervet.
1369 2049 1391 2077 ο
1415 2038 1494 2095 De
1518 2038 1801 2108 stipendiis
1823 2038 2080 2108 quidquid

487 2126 767 2193 exuberat,
805 2124 832 2164 ά
876 2130 1171 2186 commilito
1211 2145 1416 2200 pauper
1455 2138 1719 2196 assumat;
1767 2138 1790 2168 °
1824 2129 2081 2201 pestilens

488 2218 680 2274 ellusio
716 2220 795 2275 nil
822 2221 1044 2291 perdat;
1076 2222 1131 2276 in
1159 2221 1413 2279 conﬂictu
1445 2222 1669 2278 habebis
1709 2222 1764 2277 in
1798 2222 2077 2287 auxilium,

495 2308 514 2349 ί
539 2313 868 2370 esurientem
882 2315 1090 2372 socium
1101 2330 1263 2385 quem
1284 2316 1508 2372 cibabis.
1527 2314 1617 2371 Sic
1634 2314 1847 2381 muniti,
1863 2313 2078 2381 fratres,

491 2414 516 2451 ε
561 2404 805 2461 instructi
857 2406 965 2474 sic,
1022 2406 1319 2464 indicemus
1372 2407 1513 2463 bella
1560 2406 1825 2478 peccatis;
1874 2413 2079 2461 statua—

488 2513 608 2554 mus
626 2499 938 2555 criminibus
958 2514 1212 2571 pugnam,
1244 2498 1556 2556 conﬂictmn
1583 2500 1728 2555 vitiis
1747 2499 2077 2564 nuntiemus,

487 2592 663 2647 securi
692 2591 760 2646 de
779 2592 1007 2648 victoria
1032 2611 1045 2645 :
1070 2593 1162 2662 qui
1195 2607 1298 2649 nec
1324 2608 1476 2649 arma
1507 2590 1749 2650 ccclestia
1786 2591 2083 2663 hostespo-

486 2690 669 2738 terunt
690 2699 950 2754 superare
971 2684 1195 2752 terreni,
1232 2699 1337 2741 nec
1372 2685 1556 2741 divino
1593 2685 1709 2754 regi
1729 2683 1956 2740 adversa
1987 2698 2082 2754 po-

487 2780 672 2828 terunt
690 2774 962 2829 contraire
1000 2774 1313 2831 mundana:
1356 2791 1458 2832 nec
1478 2773 1505 2812 ¹ι
1533 2776 1588 2829 in
1634 2774 1917 2845 procinctu
1956 2773 2082 2829 ﬁdei

488 2866 833 2931 constitutos,
860 2868 1160 2938 praevenire
1181 2868 1385 2939 poterit
1404 2867 1623 2924 inimica
1636 2867 1919 2923 subversio
1942 2884 1957 2933 ;
1980 2881 2080 2922 ne-

488 2973 598 3028 que
624 2966 833 3025 cautos,
865 2959 1173 3029 vigilantes,
1210 2962 1442 3026 sobrios,
1473 2960 1722 3016 diabolus
1761 2959 2082 3031 perturbare

490 3050 607 3119 suis
632 3051 1141 3122 superventionibus
1172 3052 1527 3123 praevalebit;
1570 3059 1718 3107 certe
1763 3065 1942 3120 neque
1979 3064 2081 3106 nos

490 3144 671 3200 taliter
701 3152 940 3202 armatos
960 3145 1178 3217 publico
1198 3143 1452 3202 conﬂictu
1483 3160 1784 3216 provocare
1823 3144 2072 3200 audebit:

430 3292 436 3298 ,
488 3234 627 3290 dolis
647 3244 900 3307 appetere
919 3250 1028 3291 non
1057 3244 1366 3307 praesumat.
1398 3236 1623 3292 Animus
1650 3236 1705 3291 in
1732 3237 1942 3293 caelesti
1962 3252 2082 3307 spe-

2182 2028 2542 2099 chirographa
2600 2026 2787 2096 ligant,
2828 2033 3083 2097 premunt
3118 2024 3339 2088 saeculi,
3368 2022 3524 2079 elidit
3562 2038 3769 2079 aurum.

2183 2118 2411 2188 Quando
2457 2119 2764 2174 moriuntur
2808 2118 3056 2183 virtutes,
3101 2116 3289 2170 vivunt
3331 2115 3482 2180 vitia,
3525 2114 3771 2185 voluptas

2183 2210 2373 2278 efﬂuit,
2403 2212 2661 2267 honestas
2688 2211 2850 2280 perit,
2880 2207 3254 2266 misericordia
3292 2206 3496 2274 deﬁcit,
3540 2204 3773 2261 abundat

2182 2314 2429 2380 avaritia,
2451 2319 2644 2382 regnat
2669 2310 2934 2377 confusio,
2965 2310 3268 2368 succumbit
3285 2308 3443 2375 ordo,
3475 2306 3772 2379 prosterni-

2180 2419 2272 2469 tur
2282 2413 2585 2484 disciplina.
2602 2413 2709 2468 Ista
2722 2413 2960 2468 militant
2978 2411 3273 2467 adversum
3293 2410 3525 2465 militem
3538 2406 3773 2473 Christi;

2181 2514 2298 2570 ista:
2318 2522 2669 2569 suntsatanze
2687 2514 2961 2579 cohortes,
2994 2513 3112 2568 istae
3139 2511 3342 2568 diaboli
3375 2511 3642 2579 legiones,
3674 2508 3772 2564 ists

2181 2626 2308 2675 sunt
2352 2631 2473 2687 qua:
2511 2615 2771 2671 mundum
2809 2614 2825 2653 ί
2851 2615 3117 2685 sepulcris
3162 2614 3518 2678 obsederunt,
3541 2611 3774 2667 debelh-

2180 2727 2376 2777 verunt
2395 2718 2645 2790 populos,
2681 2724 2967 2773 vastarunt
2998 2724 3206 2788 gentes,
3240 2716 3431 2773 orbem
3479 2722 3654 2771 totum
3687 2714 3775 2771 du-

2180 2837 2312 2878 xere
2332 2820 2624 2891 captivum.
2654 2817 2760 2874 Ista
2788 2826 2914 2874 sunt
2934 2818 3129 2887 quibus
3163 2816 3344 2871 nullus
3381 2830 3565 2887 perse
3604 2813 3776 2885 potuit

2186 2925 2200 2975 i
2236 2924 2456 2981 obviare
2474 2921 2720 2977 mortalis
2745 2939 2756 2973 :
2783 2929 2838 2975 et
2858 2920 2981 2976 ideo
3002 2918 3071 2974 ad
3098 2917 3366 2973 vincenda
3386 2916 3492 2971 ista
3512 2914 3655 2971 Deus
3679 2929 3772 2970 ve-

2180 3025 2417 3096 nitipse,
2442 3023 2565 3080 οωιὶ
2604 3038 2705 3078 rex
2739 3024 2856 3094 ipse
2884 3020 3182 3088 descendit,
3213 3021 3331 3091 ipse
3374 3019 3551 3075 victor
3592 3018 3777 3088 singu-

2179 3124 2312 3180 laris
2368 3123 2605 3189 advenit,
2651 3120 2919 3193 jejunium
2965 3118 3394 3191 quadragesimau
3437 3125 3688 3175 statuens
3728 3117 3781 3172 in

2179 3224 2479 3297 procinctu,
2510 3231 2571 3278 ut
2607 3230 2871 3293 quaterna
2898 3221 3101 3278 decade
3134 3218 3373 3292 jejuniik
3393 3219 3782 3291 quadraturam

488 3326 612 3382 culo
632 3334 978 3397 perseveret;
1002 3326 1204 3382 diaboli
1238 3327 1608 3384 fraudulentas
1627 3336 1685 3383 et
1717 3328 1959 3384 occultas
1989 3315 2154 3383 (ιθ-Ἐ
2182 3324 2370 3381 mundi
2398 3331 2571 3379 totam
2589 3338 2748 3378 muro
2778 3321 3183 3393 inexpugnabili
3221 3320 3596 3377 communiret.
3623 3316 3784 3388 Jeju-

564 3534 590 3562 α
618 3524 865 3599 Hoc_es_t,
897 3540 1060 3595 parce
1090 3527 1328 3583 vivamus
1353 3528 1423 3583 de
1442 3528 1704 3584 fmctibus
1727 3544 1865 3599 quos
1890 3536 2082 3584 natura

492 3596 606 3666 ipsa
621 3595 887 3671 producit,
904 3612 1022 3671 non
1029 3612 1325 3671 coquorum
1344 3614 1535 3671 manus
1548 3595 1835 3671 pmparat.
1854 3599 2077 3671 August.

493 3664 637 3752 tom.
664 3664 710 3718 Χ
745 3681 910 3752 serm.
1067 3664 1135 3749 de
1179 3675 1345 3752 temp.
1401 3664 1813 3752 Niltil'prbdest
1854 3664 1976 3752 ιοεᾷ
2000 3670 2084 3752 die

491 3736 700 3810 longum
720 3736 932 3810 duxisse
946 3738 1225 3810 jejunium,
1260 3736 1309 3793 si
1338 3749 1516 3810 postea
1550 3736 1779 3796 ciborum
1809 3743 2079 3809 suavitate,

491 3808 568 3861 rel
601 3809 864 3862 nimietate
897 3808 1075 3863 anima
1106 3808 1369 3864 obruatur.
1396 3811 1549 3867 Illico
1579 3830 1724 3868 mens
1756 3812 1952 3868 repleta
1974 3808 2081 3867 tur;

493 3878 673 3955 pescit,
691 3886 747 3955 et
760 3879 981 3955 irrigata
1001 3881 1232 3955 corpo_ris
1246 3884 1588 3955 nostriterra,
1611 3885 1789 3955 spinas
1810 3878 2083 3955 libidinum

491 3947 818 4019 geminabit.
857 3947 1020 4004 Mm.
1044 3947 1116 3994 -ὲ-
1136 3949 1215 4004 De
1243 3951 1431 4007 caelesti
1465 3947 1676 4007 annona
1710 3971 1726 4007 :
1769 3953 1975 4010 scilicet
2015 3954 2084 4009 de

491 4017 1072 4091 divinaﬂProvidentia,
1102 4036 1223 4091 qua:
1255 4022 1412 4078 nobis
1439 4023 1506 4077 ad
1542 4025 1743 4079 victum
1781 4025 2083 4079 necessaria

491 4090 815 4161 suppeditat.
840 4089 1045 4146 Judith.
1073 4089 1135 4159 νζ
1155 4090 1255 4145 M:
1280 4093 1557 4148 Annonam
1585 4094 1649 4149 de
1677 4095 1802 4150 cmlo
1824 4097 2082 4150 consecuti

489 4171 627 4216 sunt.

560 4231 589 4269 δ
618 4230 675 4286 S.
706 4230 845 4304 Leo,
869 4247 1033 4288 serm.
1060 4232 1113 4298 8,
1137 4232 1205 4287 de
1221 4232 1390 4303 jejun.
1420 4232 1736 4298 Quotidiano
1760 4238 1898 4290 enim
1926 4252 2082 4304 erpe-

493 4303 709 4373 rimento
732 4302 996 4373 probatur,
1022 4312 1169 4372 potus
1189 4305 1427 4358 satietate
1456 4307 1619 4360 aciem
1640 4308 1826 4361 mentis
1849 4302 2079 4371 obtundi,

493 4372 1017 4445 ciborum'nimietate
1042 4376 1263 4445 vigorem
1295 4376 1465 4429 cordis
1493 4375 1753 4443 hebetari,
1796 4378 1873 4431 ita
1909 4385 1966 4429 ut
1994 4376 2084 4432 de-

493 4442 930 4528 lectatioed‘endi,
974 4442 1131 4528 etiam
1172 4461 1457 4528 corporum.
1482 4442 1760 4528 contraria,
1793 4448 1861 4501 sit
1900 4448 2079 4528 saluti,

494 4514 597 4567 nisi
620 4514 755 4568 ratio
786 4516 1137 4589 temperantiae
1163 4514 1380 4589 obsistat
1398 4516 1652 4589 illecebrae
1662 4534 1695 4589 ί
1706 4527 1767 4589 et
1788 4517 1926 4589 quod
1945 4519 2084 4589 funt:-

494 4600 628 4658 rum-
658 4593 735 4639 est
773 4586 951 4651 oneri,
999 4585 1331 4658 subtrahatur
1354 4588 1635 4658 uoluptati.
1675 4585 1810 4643 Vide
1852 4585 2015 4642 scrin.
2049 4588 2084 4641 8

494 4654 707 4724 septim.
723 4669 907 4736 mens.
937 4671 1105 4736 prope
1121 4654 1315 4736 ﬁnem.
1348 4654 1750 4736 Miles_propter
1768 4658 2083 4736 ebijetatem

495 4732 806 4850 ἶῗρῖξῗνῧω·
829 4741 860 4779 a
886 4724 1095 4780 militia.
1119 4724 1182 4781 L.
1216 4725 1380 4782 Omne
1423 4728 1451 4799 §
1493 4724 1601 4781 Per
1633 4724 1810 4782 uinum
1836 4728 1891 4782 ﬂ".
1909 4728 1977 4784 de
2004 4728 2085 4784 Rc

552 4813 565 4850 I
591 4814 605 4850 l
638 4836 651 4849 .
739 4811 848 4850 rm.

552 4797 651 4851 ilit.
684 4797 848 4851 MITA.

569 4878 591 4905 ο
616 4867 905 4937 Speciatim
925 4866 993 4921 ad
1014 4868 1212 4939 milites
1233 4865 1462 4924 Caesaris
1478 4868 1703 4939 (scilicet
1725 4868 2088 4924 Valentiniani

493 4937 559 5010 ill
575 4939 591 5009 )
609 4939 865 5008 loquitur,
884 4947 941 4993 ut
960 4937 1231 5010 superﬂua
1246 4940 1470 5010 pauperi
1484 4937 1836 4995 eommilitoni
1852 4939 2083 5010 tradant.

492 5008 655 5065 Mm.
682 5041 753 5051 ——
778 5024 985 5065 merces
1017 5008 1209 5064 diurna
1242 5008 1471 5064 militum
1507 5011 1743 5074 incerta,
1776 5010 1821 5065 si
1862 5008 2085 5074 Polybio

494 5081 642 5134 ﬁdes.
670 5080 795 5151 Haec
816 5088 934 5134 erat
958 5080 1201 5151 fortasse;
1220 5080 1349 5134 olim
1378 5080 1646 5151 peditibus
1672 5081 1928 5136 Romanis
1952 5080 2087 5137 duo-

491 5167 610 5221 rum
637 5150 939 5221 obolorum,
983 5150 1298 5205 ductoribus
1335 5150 1587 5220 quatuor,
1622 5152 1893 5221 equitibus
1927 5153 2087 5209 unius

490 5220 777 5276 tlracbmre.
797 5220 1149 5290 Sequioribus
1169 5222 1501 5291 temporibus
1521 5220 1712 5277 aurum
1731 5230 1787 5278 et
1805 5232 2087 5291 argentum

492 5292 715 5347 minoris
738 5290 1011 5362 pretiiest
1029 5290 1293 5362 habitum,
1320 5300 1375 5348 et
1397 5292 1660 5361 stipendia
1683 5290 1899 5362 largiori
1919 5308 2086 5350 manu

490 5361 880 5433 triliuebantur.
906 5361 1031 5415 Haec
1056 5360 1315 5433 apud
1348 5362 1453 5415 PP.
1474 5360 1805 5433 quandoque
1826 5364 2078 5419 dicuntur

490 5432 723 5503 ίοψὼνια.
750 5431 827 5485 Ita
857 5431 1100 5487 sumitur
1126 5432 1254 5486 illud
1286 5433 1445 5503 Luce
1477 5450 1549 5497 Ill,
1575 5433 1625 5497 6,
1657 5431 1748 5489 ubi
1785 5432 2076 5503 Gregorius

493 5502 861 5574 Ennianzenus
897 5511 1035 5556 orat.
1074 5503 1243 5574 apag
1270 5502 1388 5568 155,
1422 5502 1591 5559 Paris.
1622 5504 1774 5574 1650,
1806 5504 2063 5574 Theophi-

495 5572 665 5655 lnetus
686 5573 739 5626 in
765 5588 885 5643 cap.
902 5590 972 5655 ’γι
1005 5574 1072 5628 ad
1100 5572 1373 5655 Romanos
1396 5589 1515 5655 pag.
1660 5573 1889 5655 Londini
1916 5572 2073 5655 165b,

494 5642 635 5715 etin
671 5658 789 5715 cap.
816 5642 870 5699 ni
902 5643 1076 5710 Lucae,
1106 5661 1225 5715 pag.
1251 5643 1372 5700 525.
1396 5642 1601 5713 ’chunii
1631 5652 1811 5700 autem
1830 5660 1953 5701 cum
1974 5646 2076 5700 mi-

497 5712 679 5766 litibus
722 5712 787 5768 ad
826 5730 974 5769 arma
1013 5712 1195 5784 primo
1222 5731 1348 5771 vere
1377 5712 1718 5785 surgentibus
1744 5717 2075 5785 aptissimam

498 5785 955 5858 eelnparationem
979 5786 1174 5858 ‘habes
1224 5788 1395 5858 etiam
1449 5787 1589 5858 apud
1632 5785 2076 5858 Chrysostomum

499 5853 644 5926 honr.
680 5857 712 5910 5
738 5857 802 5910 ad
832 5853 1526 5926 populumillntioehenum,
1560 5853 1889 5913 Ben-nardum
1912 5873 2072 5913 serm.

501 5924 525 5980 l
559 5928 765 5984 exhort.
793 5924 860 5984 ad
891 5924 1085 5982 milites
1098 5924 1324 5998 Templi,
1363 5945 1482 5999 cup.
1524 5928 1575 5997 l,
1605 5926 1895 5986 Antonium
1923 5926 2082 5987 Pata-

2109 4834 2166 4895 D

2188 3529 2370 3585 vinum
2391 3545 2553 3585 serm.
2586 3528 2622 3581 Ξ
2640 3528 2844 3584 domin.
2870 3529 2895 3581 l
2923 3527 3193 3598 Quadi-ag.

2258 3599 2284 3639 ἀ
2314 3601 2535 3657 Socium
2554 3599 2979 3655 commilitonem
2992 3641 3007 3665 ,
3032 3608 3089 3655 et
3107 3598 3317 3654 socium
3336 3598 3781 3654 contubernalem

2226 3672 2388 3729 assim
2410 3671 2553 3741 apud
2575 3670 2886 3740 scriptores.
2915 3668 3173 3725 Paulinus
3194 3667 3437 3725 Nolanus
3454 3684 3547 3740 ep.
3568 3667 3646 3723 25
3661 3683 3782 3741 pag.

2226 3691 2388 3729 aSSllIl
2410 3691 2553 3741 apuu
2575 3691 2886 3740 scriptores.
2915 3691 3008 3725 rat

2186 3691 2311 3809 ἴδε,
2341 3741 2526 3797 Socius
2550 3740 2869 3797 contubernii
2888 3742 3008 3796 mei.

2262 3826 2285 3853 ε
2317 3813 2521 3868 Dicitur
2552 3812 2811 3882 pestilens
2843 3810 3052 3882 eﬂusio,
3076 3809 3637 3882 quoniam
3660 3824 3783 3881 μα·-

2188 3886 2381 3941 niciem
2410 3879 2745 3948 diﬂ'unditur,
2771 3881 3031 3952 quidquid
3060 3879 3115 3936 in
3139 3881 3377 3952 peccatis
3394 3879 3742 3936 distrahitur.

2264 3954 2282 3994 ί
2310 3955 2440 4009 Alite
2467 3953 2751 4019 editiones,
2785 3961 2841 4009 et
2859 3952 3117 4008 nonnulla
3146 3967 3301 4017 mss.,
3331 3952 3646 4006 esurientem
3664 3967 3787 4006 ssu—

2189 4028 2340 4089 cium,
2372 4025 2459 4079 vel
2479 4025 2646 4078 esurio
2668 4025 2923 4079 saucium.
2956 4021 3173 4077 Socium
3195 4022 3545 4086 esurientem,
3579 4022 3788 4078 bocest

2186 4112 2413 4221 pauper,
2445 4110 2606 4164 quem
2645 4094 2693 4177 si
2732 4094 3115 4176 tumescentem
3153 4092 3437 4158 cibaveris,
3612 4094 3789 4157 socia-

2226 4176 2333 4221 itur
2365 4182 2418 4219 in
2449 4166 2615 4221 bello.
2644 4180 2688 4220 su
2721 4179 2830 4219 non
2852 4165 3118 4221 manibus.
3147 4163 3341 4218 saltem
3360 4170 3617 4219 oratione
3647 4162 3789 4221 apud

2188 4162 2333 4291 igitur
2365 4166 2418 4219 in
2449 4162 2615 4231 bello,
2644 4166 2688 4220 si
2721 4179 2830 4219 non
2852 4164 3118 4229 manibus,
3147 4163 3341 4218 saltem
3360 4162 3617 4219 oratione
3647 4162 3789 4235 apud

2270 4252 2378 4291 um.

2270 4252 2378 4291 um.

2262 4317 2287 4354 κ
2317 4305 2473 4373 Quod
2500 4304 2631 4361 editi
2658 4304 2863 4360 habent
2882 4306 2959 4359 sic
2981 4305 3225 4370 instituti,
3247 4303 3538 4360 emendare
3570 4303 3792 4374 placuit

2188 4392 2256 4433 ex
2285 4376 2497 4431 Latinio
2517 4383 2574 4431 et
2591 4390 2691 4430 ms.
2725 4374 3092 4430 Vallicellano.

2262 4446 2291 4484 ιι
2329 4446 2570 4502 Ecclesia
2590 4445 2857 4502 catholica
2876 4444 3072 4516 dicitur
3091 4445 3384 4516 procinctus
3402 4443 3546 4515 ﬁdei,
3567 4443 3692 4501 hoc
3707 4451 3794 4501 est

2190 4533 2394 4583 murus,
2417 4516 2865 4587 inexpugnabilis.
2888 4513 3147 4574 Similiter
3160 4513 3423 4585 jejunium
3442 4516 3794 4586 estprocino-

2190 4596 2276 4642 tus
2294 4595 2484 4642 contra
2503 4588 2706 4642 hostes.
2733 4594 2795 4641 ut
2814 4587 2970 4641 intra.
2993 4583 3260 4641 Catholici
3295 4585 3545 4642 dicuntur
3560 4586 3629 4641 in
3660 4602 3794 4642 nro—

2189 4596 2276 4671 tus
2294 4595 2484 4643 contra
2497 4594 2706 4669 hostes,
2733 4594 2795 4668 ut
2814 4594 2970 4669 intra.
2993 4594 3260 4667 Catholici
3295 4594 3545 4642 dicuntur
3560 4594 3629 4641 in
3660 4602 3795 4671 ρω»

2189 4670 2368 4714 cmctu
2387 4655 2514 4714 ﬂdei
2534 4672 2672 4724 esse,
2703 4672 2828 4727 quia
2850 4664 3052 4727 jugiter
3075 4662 3252 4727 parati
3269 4664 3398 4711 sunt
3414 4671 3514 4727 pro
3534 4650 3795 4728 fidem

2190 4744 2361 4798 usque
2388 4728 2457 4784 ad
2470 4722 2813 4798 sanguinem
2851 4722 3111 4797 pugnare,
3153 4734 3215 4781 ut
3249 4722 3516 4798 martires
3548 4722 3791 4798 iaciunt.

2190 4796 2355 4855 nm.
2377 4832 2449 4841 —
2468 4796 2783 4854 Procinctus
2805 4796 2949 4853 idem
2986 4805 3071 4853 est
3108 4812 3174 4853 ac
3208 4796 3480 4868 expeditio
3496 4796 3793 4868 militaris.

2191 4870 2458 4925 Ammian.
2503 4869 2739 4925 Marcell.
2783 4869 2874 4924 lib.
2900 4883 3048 4938 ixxrx
3071 4908 3086 4932 ,
3127 4882 3248 4938 pag.
3278 4863 3434 4922 '579:
3480 4863 3723 4923 Obsessa
3756 4886 3797 4922 ι

2191 4939 2582 5022 Marcomannis
2601 4940 2870 5022 Aquileia,
2884 4937 3208 5022 Opitergiunt
3494 4949 3795 5022 etet-ascani

2193 4957 2582 4995 marcomanms
2601 4957 2858 5064 amicta,
2884 4957 3208 5022 upuergium
3224 4957 3472 5020 excusauit,
3494 4957 3544 4991 et
3560 4957 3795 5021 cruenta

2193 5012 2461 5088 complura
2500 5026 2650 5088 perge
2721 5079 2753 5088 Ἀ
2785 5019 2905 5088 actu
2940 5017 3227 5088 procinctu.
3238 5006 3508 5088 Paulinus

2193 5025 2461 5083 complura
2500 5025 2747 5081 perceleri
2785 5025 3227 5134 αουειέλποαηεω.
3252 5025 3508 5064 rauunus
3533 5025 3797 5088 nonanus

2192 5082 2408 5162 epist!
2427 5094 2549 5162 pag.
2672 5100 2685 5134 :
2708 5079 2789 5135 De
2808 5081 2837 5135 b
3083 5079 3315 5162 (species
3334 5080 3490 5161 panis

2191 5148 2768 5233 recoetiYC-bristiante
2788 5148 3184 5233 expeditionis,
3321 5148 3469 5221 cujus
3504 5150 3797 5221 prodam

2134 5284 2137 5287 _
2189 5220 2417 5293 quotidie
2435 5221 2505 5275 ad
2525 5222 2841 5293 frugalitatis
2862 5220 3128 5293 annonam
3147 5220 3449 5293 militamus.

2269 5292 2286 5331 ί
2328 5292 2444 5374 Hoc
2566 5290 2822 5374 mundum
2842 5290 3122 5374 replevere
3148 5291 3430 5363 sepulcris,
3454 5298 3698 5363 propte-
3711 5292 3799 5348 in-

2185 5379 2405 5419 numera
2426 5364 2568 5420 bella
2594 5362 2721 5418 hinc
2738 5361 2940 5419 secuta.
2966 5361 3129 5420 Mm.
3213 5361 3228 5363 ⁷
3456 5361 3470 5363 ⁷

2259 5435 2274 5484 ί
2321 5434 2913 5516 οθιδοιίοιωιξειξιψιν
2933 5448 3043 5516 «re?
3076 5432 3331 5516 decem
3352 5431 3560 5516 ιξυὲἓιιω
3597 5430 3801 5516 δραι

2185 5506 2540 5587 num.absque
2558 5505 2731 5575 gratia
2750 5505 2846 5587 Dei
2882 5501 3141 5587 habituali
3160 5517 3323 5587 pg‘sse
3344 5501 3547 5587 viribus
3565 5509 3801 5587 natura

2184 5576 2366 5659 omnia
2422 5569 2595 5631 νὶωτέ
2651 5583 2902 5647 peccata,
2954 5569 3180 5629 contra'
3205 5569 3525 5643 Pelagianos
3579 5571 3804 5631 levita

2187 5653 2594 5801 aggrientem
2635 5717 2858 5801 scilicet,
2902 5715 3248 5801 ρρϐίιίθηιξω
3268 5757 3285 5782 9
3326 5714 3681 5801 Λαυίιφκξων

2187 5789 2475 5857 Austrum;
2498 5791 2585 5846 vel
2623 5790 2827 5857 Asiam,
2868 5788 3108 5855 africum,
3140 5784 3433 5857 Europam,
3467 5794 3525 5843 et
3562 5784 3802 5855 Ameri-

2189 5877 2326 5929 cam,
2353 5877 2472 5931 quae
2500 5859 2638 5919 forte
2659 5870 2788 5918 tunc
2813 5868 2969 5918 erant
3002 5869 3145 5916 nota.
3175 5858 3339 5914 MITA.
