3942 6348
503 261 612 320 291

1749 255 1812 313 S.
1850 255 2058 316 PETRI
2093 255 2528 320 CHRYSOLOGI

499 377 695 446 Hodie,
724 376 939 444 fratres,
958 373 1202 432 Christus
1225 388 1322 432 rex
1344 372 1936 430 nostercommilitones
1957 389 2084 431 suos
2109 380 2163 442 Α
2186 391 2307 434 mus
2344 395 2356 430 :
2408 375 2470 433 Si
2521 373 2692 432 Filius
2730 372 2832 434 Dei
2867 391 2956 443 es,
3002 375 3084 430 dic
3129 383 3187 428 ut
3237 374 3436 448 lapides
3487 377 3575 440 isti
3613 393 3776 450 pana

496 474 570 531 de
595 470 905 542 evangelico
935 469 1200 526 allocutus
1219 474 1302 523 est
1323 464 1596 532 tribunali,
1620 463 1812 520 indixit
1840 465 2084 522 hostibus

497 568 662 635 bella,
689 564 936 638 promisit
973 561 1189 634 praemia
1217 559 1553 632 pugnaturis,
1595 557 1781 614 retulit
1820 558 2083 615 bellorum

499 675 711 728 causas,
754 655 1092 714 inimicorum
1125 652 1281 708 dolos
1309 651 1547 722 prodidit
1585 659 1640 706 et
1669 658 1928 717 conatus;
1972 650 2081 718 ubi,

500 759 557 806 et
575 747 810 821 quando,
829 755 882 802 et
896 743 1167 818 quomodo
1189 742 1587 813 conﬂigendum
1617 743 1687 797 sit
1712 741 1869 797 nobis
1890 742 2083 798 trimu-

499 843 647 914 phali
692 837 1076 898 constitutione
1100 836 1352 907 signavit.
1381 835 1451 891 Et
1489 835 1735 906 quamvis
1778 835 1928 892 solus
1968 850 2088 908 pos-

499 935 569 990 sit
608 933 853 988 obtinere
891 931 1195 997 victoriam,
1236 939 1464 1002 propter
1504 944 1606 986 nos
1657 937 1854 995 tamen,
1890 939 1946 984 et
1986 943 2087 985 no-

498 1034 662 1081 stram
685 1021 1045 1090 formidinem,
1069 1021 1261 1080 adesse
1277 1029 1390 1077 tota
1401 1020 1564 1092 jussit
1583 1031 1607 1057 ε
1628 1020 1875 1092 praesidia
1901 1019 1968 1076 de
1995 1035 2086 1076 su-

497 1121 698 1192 pernis.
729 1117 834 1185 Qui
857 1131 986 1190 ergo
1017 1117 1120 1174 ista
1142 1116 1318 1173 noluit
1349 1117 1567 1184 audire,
1591 1116 1684 1186 qui
1718 1123 1918 1171 statuta
1944 1114 2088 1186 regis

499 1216 672 1272 nostri
713 1215 861 1282 talia,
897 1224 952 1270 et
994 1223 1161 1281 tanta,
1209 1213 1351 1270 scire
1391 1212 1737 1284 contempsit,
1769 1210 2008 1282 judicate
2041 1209 2089 1265 si

497 1325 607 1364 non
629 1309 743 1380 ipse
762 1323 821 1364 se
846 1306 994 1364 exuit
1022 1313 1217 1360 nostrae
1243 1305 1446 1360 militiae
1474 1302 1844 1370 sacramentis,
1891 1309 1946 1357 et
1977 1316 2087 1358 cm-

497 1403 619 1457 lesti
648 1401 1004 1457 contubernio
1029 1399 1276 1464 reddidit,
1317 1407 1374 1453 et
1400 1397 1527 1453 fecit
1548 1406 1838 1452 extorrem.
1872 1396 1940 1450 At
1967 1412 2084 1464 vos,

500 1495 713 1558 fratres,
738 1493 829 1561 qui
851 1492 1002 1560 sequi
1027 1490 1260 1548 vultisin
1292 1489 1398 1544 hoc
1429 1487 1865 1557 Quadragesimze
1881 1487 2087 1555 jejunio

498 1583 686 1653 jejunii
711 1583 974 1638 Dominici
997 1580 1244 1645 formam,
1287 1588 1619 1650 pugnaturos
1645 1595 1758 1642 vos,
1786 1579 1924 1633 sicut
1950 1594 2088 1648 prae-

501 1677 760 1744 diximus,
783 1683 971 1732 contra
1002 1674 1254 1729 vitiorum
1283 1682 1503 1738 turmas,
1536 1679 1723 1727 contra
1746 1671 1886 1726 acies
1907 1669 2085 1726 crimi-

2187 469 2339 540 ﬁant.
2386 467 2624 524 Audistis
2675 466 2804 538 quid
2865 465 2933 522 de
2980 466 3202 536 jejuniis
3252 468 3369 538 ipse
3429 469 3632 524 sentiat
3664 512 3682 536 ,
3724 480 3778 526 et

2183 561 2389 632 judicet
2437 561 2704 618 inimicus.
2767 558 2828 616 Si
2885 557 3060 616 Filius
3119 559 3216 616 Dei
3259 578 3333 615 es.
3384 560 3591 620 Videtis
3648 563 3777 633 quia

2181 653 2296 724 jam
2347 671 2455 714 non
2509 654 2783 712 hominem
2824 695 2842 721 ,
2899 653 2996 712 sed
3059 651 3088 690 ἀ
3148 653 3244 708 Dei
3295 651 3491 710 Filium
3541 655 3720 712 credit
3759 697 3774 722 ,

2186 762 2349 817 quem
2407 749 2635 805 liberum
2691 763 2724 804 a
2785 748 2989 804 ventris
3059 756 3420 820 conspexerat
3491 749 3775 808 servitute.

2187 840 2399 906 Sensit,
2442 840 2613 897 sensit
2658 839 2904 894 diabolus
2944 838 3208 909 jejunium
3245 839 3457 896 cunctis
3480 838 3779 900 virtutibus

2187 930 2462 988 anteferri.
2505 930 2768 988 Joannem
2798 931 3004 987 viderat
3032 930 3246 988 urbium
3278 929 3520 996 delicias,
3557 941 3580 969 θ
3609 946 3776 1004 squa-

2186 1023 2348 1080 lentis
2385 1023 2552 1079 eremi
2598 1023 2933 1080 habitatione
2975 1031 3246 1088 mutasse,
3284 1023 3568 1080 mollitiem
3591 1024 3778 1079 carnis

2187 1117 2352 1174 vestis
2379 1116 2668 1187 asperitate
2695 1115 2931 1174 calcasse
2950 1157 2965 1183 ,
3015 1117 3214 1187 agresti
3234 1115 3356 1173 cibo
3384 1116 3570 1177 mundi
3596 1125 3775 1178 totam

2185 1208 2428 1266 frenasse
2456 1209 2740 1276 luxuriam,
2790 1216 2864 1273 et,
2907 1207 3054 1279 quod
3097 1208 3274 1264 solum
3301 1207 3518 1264 deitatis
3563 1209 3777 1280 insigne

2189 1307 2304 1365 est,
2345 1297 2654 1354 hominibus
2686 1297 2704 1336 ί
2738 1297 3008 1355 dimisisse
3030 1306 3271 1370 peccata.
3327 1296 3397 1352 Et
3435 1310 3620 1354 tamen
3668 1316 3778 1354 non

2189 1391 2244 1446 ei
2284 1390 2420 1446 dixit
2458 1409 2472 1444 :
2514 1390 2576 1447 Si
2614 1389 2788 1447 Filius
2824 1390 2925 1446 Dei
2962 1409 3038 1448 es.
3096 1391 3167 1447 At
3193 1391 3286 1448 ubi
3326 1391 3614 1448 Dominum
3645 1393 3781 1448 vidit

2184 1486 2386 1557 jugiter
2428 1484 2801 1556 jejunantem,
2856 1487 3202 1556 proclamat:
3252 1485 3315 1541 Si
3360 1483 3534 1541 Filius
3578 1483 3686 1540 Dei
3733 1501 3783 1541 es

2191 1578 2407 1651 (Matth.
2458 1579 2557 1650 tu).
2607 1579 2768 1634 Errat
2809 1579 3089 1644 diabolus,
3137 1578 3231 1648 qui
3258 1586 3448 1634 contra
3487 1576 3781 1633 Dominum

2191 1673 2400 1727 astutia:
2427 1687 2538 1728 sua:
2567 1673 2834 1742 nequitias
2859 1680 2916 1728 et
2943 1680 3258 1742 argumenta
3279 1671 3570 1742 jaculatur.
3599 1669 3665 1726 Si
3691 1668 3781 1726 Fi-

503 1786 663 1836 num,
709 1776 898 1828 contra
948 1765 1208 1822 informes
1248 1763 1808 1834 concupiscentiarum
1850 1761 2082 1828 formas,
2115 1773 2166 1836 Β
2191 1765 2290 1821 lius
2312 1763 2411 1820 Dei
2449 1782 2534 1832 es,
2585 1766 2667 1820 die
2701 1775 2758 1820 ut
2789 1765 2992 1837 lapides
3024 1766 3113 1819 isti
3145 1781 3303 1836 panes
3336 1764 3490 1834 ﬁant.
3529 1761 3674 1830 Quid
3705 1771 3786 1818 est

500 1870 686 1918 contra
709 1860 1012 1916 daemonum
1043 1857 1069 1895 δ
1101 1864 1240 1912 totas
1261 1857 1454 1920 aerias,
1489 1863 1628 1912 totas
1649 1853 1886 1920 diffusas,
1919 1862 1973 1909 et
2002 1855 2086 1910 in-

498 1969 749 2012 numeras
796 1952 1054 2022 legiones,
1086 1950 1511 2020 triumphaturus
1554 1963 1651 2004 vos
1690 1963 1754 2002 ex
1799 1948 1928 2018 ipsis
1967 1962 2088 2016 qua:

498 2045 834 2101 Dominicum
861 2042 1125 2112 jejunium
1151 2041 1550 2110 subsequuntur
1579 2039 1964 2096 tentationibus
1993 2054 2089 2108 ap-

494 2138 742 2208 probate.
768 2133 872 2189 Ubi
903 2134 1048 2188 enim
1078 2132 1334 2186 Dominus
1355 2130 1789 2200 Quadragesima:
1819 2129 2084 2199 jejunium

497 2225 768 2282 indefesso
791 2225 882 2279 illo
906 2223 1116 2278 virtutis
1141 2238 1252 2278 sua:
1286 2237 1568 2292 aggressus
1611 2230 1695 2278 est
1733 2221 2079 2286 documento,

496 2332 626 2371 mox
654 2315 900 2372 diabolus
931 2314 1162 2369 occurrit
1206 2322 1538 2383 pugnaturus
1572 2313 1729 2379 dolis,
1773 2313 1899 2382 quia
1939 2311 2081 2382 jeju-

495 2406 647 2462 nanti
667 2406 870 2464 viribus
893 2404 1158 2460 obsistere
1196 2420 1303 2458 non
1341 2405 1576 2461 valebat.
1621 2402 1892 2470 Quantum
1938 2404 2082 2459 enim

493 2497 848 2570 crapulationi
870 2496 1064 2551 deditis
1090 2507 1112 2535 ο
1143 2495 1452 2550 dominatur
1475 2503 1529 2549 et
1551 2495 1732 2561 ebriis,
1771 2502 1986 2550 orantes
2011 2495 2081 2549 ti-

493 2602 606 2648 met
631 2599 860 2654 tantum,
895 2597 1099 2643 tantum
1122 2586 1320 2656 refugit
1351 2588 1441 2642 ille
1465 2585 1710 2656 jejunos,
1743 2586 1953 2641 dicente
1977 2586 2083 2642 Do-

491 2687 640 2740 mino
667 2703 679 2737 ε
707 2681 831 2738 Non
853 2683 1061 2754 ejicitur
1093 2682 1195 2736 nisi
1229 2683 1284 2734 in
1305 2681 1510 2752 jejunio
1543 2689 1594 2734 et
1623 2683 1859 2735 oratione
1901 2680 2079 2752 (Matt.

493 2774 645 2845 xvu).
660 2774 767 2830 Sed
779 2787 886 2842 qua
916 2770 1102 2827 fraude
1117 2770 1361 2826 diabolus
1387 2779 1594 2826 tentare
1620 2786 1780 2827 ausus
1795 2773 1884 2840 sit,
1907 2772 2088 2828 audia-

569 2945 595 2973 α
631 2933 866 2990 Hilarius
906 2931 1212 2988 Comment.
1251 2932 1309 2986 in
1343 2929 1532 2984 Matth.
1557 2945 1623 3000 ut
1657 2943 1781 3000 pag.
1813 2926 1918 2981 679
1954 2928 1980 3000 §
2008 2929 2081 2983 5:

493 3007 626 3063 Post
643 3007 776 3078 hanc
797 3023 918 3078 ergo
942 3004 1133 3078 diaboli
1157 3005 1331 3078 fugam
1353 3001 1525 3072 angeli
1541 2999 1750 3078 Clu-isto
1759 2999 2082 3078 ministrant,

491 3077 815 3136 ostendentes
843 3071 877 3131 ἇ
906 3075 1051 3130 nobis
1081 3071 1542 3144 victo'calcatoque
1574 3071 1770 3144 diaboli
1804 3072 2001 3144 capite,
2034 3079 2090 3144 et

2189 1858 2336 1927 quod
2373 1856 2653 1928 jejunante
2695 1857 2911 1913 Christo
2947 1857 3173 1912 Deitatis
3213 1856 3363 1925 signa
3409 1862 3526 1910 tota
3571 1855 3624 1910 in
3667 1855 3780 1910 sola

2189 1949 2344 2019 panis
2381 1951 2739 2020 promissione
2785 1949 3092 2020 perquirit?
3139 1947 3208 2002 Et
3233 1961 3394 2017 quem
3441 1945 3541 2001 Dei
3585 1943 3780 2002 Filium

2189 2041 2446 2096 continua
2475 2050 2499 2087 ε
2526 2041 2714 2112 jejunii
2755 2041 3142 2110 significatione
3183 2039 3491 2112 praesentit,
3535 2053 3657 2094 esse
3691 2038 3776 2096 Dei

2187 2131 2382 2189 Filium
2411 2133 2478 2188 de
2499 2135 2810 2203 provisione
2830 2134 3004 2204 panis,
3035 2133 3102 2190 de
3126 2149 3254 2188 cura
3269 2132 3477 2188 ventris
3506 2131 3776 2188 desiderat

2189 2224 2493 2294 approbare
2514 2225 2537 2278 ἳ
2567 2225 2628 2278 Si
2662 2223 2834 2279 Filius
2858 2223 2957 2277 Dei
2977 2241 3031 2279 es
3049 2265 3063 2290 ,
3107 2223 3189 2277 dic
3208 2231 3266 2276 ut
3293 2221 3491 2294 lapides
3512 2223 3604 2277 isti
3624 2239 3775 2294 panes

2189 2317 2340 2388 ﬁant.
2373 2315 2552 2384 Quare
2574 2332 2684 2372 non
2704 2315 2877 2372 dixit:
2910 2316 2964 2371 Si
2990 2315 3158 2372 Filius
3186 2315 3283 2369 Dei
3302 2329 3378 2380 ω,
3409 2313 3499 2370 dic
3525 2323 3588 2370 ut
3610 2314 3776 2370 homi-

2187 2422 2306 2473 nes,
2337 2415 2432 2462 aut
2451 2407 2648 2478 angeli,
2679 2415 2774 2462 aut
2798 2406 3000 2477 aliquid
3029 2405 3174 2460 aliud
3201 2403 3350 2474 fiant,
3381 2405 3479 2460 sed
3508 2404 3597 2462 dic
3619 2415 3677 2460 ut
3708 2405 3776 2458 la-

2185 2500 2341 2571 pides
2362 2500 2450 2555 isti
2471 2514 2640 2570 panes
2668 2497 2838 2554 ﬁant?
2866 2497 3090 2568 Signum
3113 2498 3268 2569 panis
3281 2498 3434 2569 petit,
3461 2498 3556 2567 qui
3573 2497 3778 2566 signum

2182 2589 2373 2660 jejunii
2414 2590 2765 2660 pertimescit.
2817 2588 3041 2658 Signum
3080 2589 3236 2659 panis
3264 2589 3435 2658 petit,
3489 2596 3550 2642 ut
3592 2586 3778 2658 jejunii

2186 2682 2528 2738 tremendum
2556 2683 2660 2738 sibi
2697 2681 2930 2751 refugiat
2968 2681 3200 2748 signum.
3242 2677 3446 2734 Panem
3489 2679 3666 2734 malus
3710 2680 3779 2732 in-

2145 2759 2173 2818 ὀ
2187 2775 2327 2844 gerit
2353 2774 2382 2811 ιι
2410 2776 2720 2839 consultor,
2752 2782 2812 2830 ut
2839 2773 3092 2829 virtutem
3120 2779 3321 2839 mutet,
3353 2780 3414 2828 ut
3436 2773 3776 2845 propositml

2193 2931 2618 3057 [aiiai’irgiliusl
2647 2931 2897 3003 Georgio.
2929 2951 2943 2987 :
2988 2933 3242 3007 Squalent
3267 2933 3509 2988 abductis
3550 2949 3675 2990 area
3704 2951 3779 2990 co-

2269 3075 2288 3112 ί
2314 3073 2452 3140 Quia
2471 3075 2635 3132 dabat
2646 3075 2974 3144 baptismum
2987 3076 3320 3146 poenitentiae
3335 3076 3392 3131 in

488 3149 789 3221 angelorum
812 3146 1118 3211 ministeria,
1143 3154 1190 3199 et
1218 3135 1531 3198 virtutum'in
1553 3159 1648 3196 nos
1671 3135 1950 3197 caelestium
1971 3141 2085 3212 o/fi-
2112 3135 2164 3202 C
2188 3135 2538 3216 peccatorum
2569 3165 2582 3200 :
2639 3135 2749 3202 non
2791 3147 2936 3214 quod
2975 3135 3274 3217 baptismus
3310 3145 3536 3203 Joannis
3725 3163 3784 3204 se

489 3221 570 3273 cia
601 3235 703 3272 non
727 3217 985 3273 defutura.
2187 3216 2341 3270 daret
2381 3217 2754 3272 remissionem
2795 3224 3176 3273 peccatorum:
3222 3217 3318 3272 sed
3358 3218 3482 3273 auia
3521 3163 3784 3273 admiilam

3632 3234 3786 3276 tuam

489 3217 579 3274 cia
601 3235 703 3289 non
727 3217 985 3289 defutura.

560 3291 588 3328 δ
618 3280 927 3355 Hieronym.
961 3296 1092 3341 tom.
1120 3284 1189 3339 VI
1214 3299 1377 3355 super
1396 3298 1517 3353 cap.
1541 3300 1594 3338 v1
1614 3281 1785 3355 Epist.
1811 3280 1879 3336 ad
1898 3281 2081 3352 Ephe-

487 3362 600 3417 sios
619 3373 740 3429 pag.
775 3354 907 3422 432,
941 3356 982 3412 Ε
1016 3374 1029 3410 :
1062 3355 1193 3411 Hatc
1213 3354 1383 3429 autem
1411 3355 1641 3408 omnium
1671 3354 1942 3429 doctorum
1970 3355 2084 3429 epi-

489 3433 579 3486 nio
599 3423 716 3494 est;
730 3429 865 3501 quod
898 3445 984 3482 aer
1012 3429 1132 3501 iste,
1157 3427 1246 3499 qui
1261 3427 1463 3501 calum
1478 3433 1527 3478 et
1561 3433 1760 3501 terrant
1783 3423 1980 3501 medius

489 3502 666 3554 videns
687 3494 839 3552 inane
874 3494 1180 3567 appellatur,
1219 3495 1399 3567 plenus
1421 3495 1788 3567 sitcontrariis
1821 3494 2084 3564 fortitudi-

491 3516 666 3554 vtaens
687 3516 839 3552 mane
874 3516 938 3567 ap
975 3516 1180 3562 euatur,
1219 3516 1399 3566 plenus
1421 3516 1486 3546 δη
1515 3516 1788 3547 συηιντιῖιιδ
1821 3516 2083 3564 ιυνιηιιιιι-

491 3570 675 3631 nibus,
720 3569 772 3622 id
801 3577 883 3622 est
923 3516 1274 3622 diemonibus.
1307 3565 1568 3634 Apposite
1599 3565 1665 3617 ad
1701 3579 1813 3617 rem
1845 3573 2083 3618 nostram

492 3638 783 3708 Gregorius
811 3636 999 3691 Moral.
1035 3637 1126 3690 lib.
1153 3652 1243 3691 xm
1265 3633 1518 3708 capﬁl'l;
1549 3633 1855 3708 Bernartius
1877 3642 2008 3708 tom.
2033 3634 2083 3708 ll

493 3704 656 3765 serui.
689 3708 758 3762 65
799 3709 872 3762 de
896 3714 1039 3777 statu
1077 3706 1375 3777 purgatorii
1415 3712 1517 3759 art.
1559 3704 1587 3777 1
1634 3721 1752 3774 cap.
1797 3704 2084 3777 '5.‘Nescio

495 3789 701 3845 autem,
727 3787 781 3833 et
811 3793 911 3833 nec
937 3773 1206 3831 aﬂirmaré
1239 3777 1468 3830 auserim
1489 3775 1575 3829 vel
1599 3773 1822 3844 negare,
1857 3773 2087 3830 fueritne

495 3849 858 3922 Chrysologus
886 3848 1233 3922 ex_opinione
1252 3862 1443 3922 eorum
1471 3845 1944 3922 quidmmonesex
1970 3862 2084 3922 ina-

495 3916 632 3976 teria
649 3916 808 3974 aerea
824 3916 1218 3984 subtiliorique,
1252 3918 1321 3972 ita
1350 3927 1408 3970 ut
1430 3916 1586 3969 morti
1612 3932 1718 3970 non
1735 3916 1804 3969 sit
1826 3917 2080 3984 obnoxia,

497 3998 711 4047 creatos
739 3989 900 4045 fuisse
941 3988 1299 4044 crediderunt.
1331 3986 1378 4040 Α
1407 4002 1512 4056 qua
1544 4001 1650 4056 non
1681 3987 2084 4056 multunivisus

495 4069 580 4117 est
607 4061 899 4116 abhorrere
929 4059 1252 4127 Augustinus
1280 4058 1371 4111 lib.
1405 4054 1460 4111 rit
1497 4054 1786 4127 deGenes.
1817 4057 1884 4111 ad
1913 4055 2082 4111 Litte-

493 4147 613 4187 ram
651 4147 771 4200 cap.
818 4130 885 4184 10
937 4125 1068 4183 tom.
1108 4129 1177 4184 lll
1210 4143 1331 4199 pag.
1368 4127 1500 4192 115,
1543 4125 1612 4193 Ε,
1649 4128 1776 4200 edit.
1818 4127 2078 4200 Antuerp.

493 4201 632 4255 1700
663 4221 674 4232 ·
705 4199 775 4255 Et
813 4203 858 4255 si
898 4200 1155 4256 daemones
1182 4201 1323 4253 aeria
1364 4200 1467 4252 sint
1506 4199 1788 4260 animalia,
1839 4199 2083 4270 quoniam

493 4288 767 4342 corporum
801 4273 1059 4325 aeriarum
1088 4280 1278 4324 natura
1311 4270 1510 4342 vigent,
1536 4279 1590 4342 et
1623 4278 1893 4342 propterea
1921 4278 2086 4342 morte

493 4338 599 4414 non
620 4342 981 4414 dissoluuntur,
1006 4344 1125 4414 quia
1147 4338 1401 4414 praevalet
1417 4341 1470 4391 in
1499 4339 1570 4392 eis
1600 4340 1921 4414 elementum,
1939 4338 2086 4414 quod

495 4360 599 4397 non
620 4359 981 4404 atssowuntur,
1006 4359 1125 4414 quia
1191 4359 1397 4394 νιευιιιει
1417 4359 1470 4391 ιη
1499 4359 1570 4392 ειδ
1600 4359 1921 4401 elementum,
1947 4359 2081 4393 ιιιοα

495 4413 564 4484 ad
596 4412 887 4484 faciendum
908 4428 1061 4484 quam
1090 4359 1489 4484 afpatiendum
1511 4409 1794 4484 estaptius.
1830 4409 1909 4462 Ad
1939 4359 2081 4484 l‘au-

495 4428 563 4466 aa
596 4428 887 4484 tamencum
908 4428 1061 4483 quam
1090 4428 1156 4464 aa
1182 4428 1489 4532 patiendum
1511 4428 1586 4461 εδι
1606 4428 1794 4479 aptius.
1830 4428 1909 4462 At]
1940 4428 2081 4463 rau-

493 4483 662 4537 linum
691 4490 872 4536 tamen
899 4483 1055 4550 epist.
1087 4478 1157 4533 95
1199 4495 1284 4532 iac
1315 4479 1381 4532 de
1408 4495 1469 4550 re
1497 4480 1767 4544 scribens,
1801 4495 1986 4534 rursus
2012 4481 2084 4534 si-

495 4526 872 4621 narratas};
894 4526 1055 4621 ιῖἷᾲἷιὶἱ
1085 4526 1476 4621 ἆίὲρῐιὲιιῖεὲᾶ
1498 4526 1570 4621 ἔιῖὶ
1586 4526 2080 4621 ἔοῚςῖἧεῐεῖἑῖὖὲιῖἰ,
2111 4526 2167 4585 Β

494 4631 555 4678 ut
572 4623 618 4677 si
638 4619 767 4692 quid
790 4620 986 4689 aliquid
1015 4619 1430 4692 excogitaverit,
1461 4619 1546 4674 vel
1575 4620 1640 4672 ab
1677 4620 1794 4673 aliis
1818 4619 2086 4692 acceperit

497 4709 556 4749 se
585 4688 749 4748 faciat
776 4688 1079 4760 certiorem.
1112 4689 1366 4743 Tatianus
1405 4688 1632 4760 Assyrus
1665 4699 1804 4742 orat.
1841 4691 1905 4742 ad
1935 4688 2083 4745 Gmo-

497 4778 592 4819 cos
619 4777 741 4834 pag.
769 4761 871 4814 154
904 4780 917 4814 :
948 4759 1221 4816 Dazmones
1245 4776 1418 4834 omnes
1448 4759 1780 4834 noncarnea,
1814 4761 1902 4834 sed
1923 4763 2079 4832 spiri-

497 4834 589 4889 tali
619 4831 941 4888 Eoncretione
969 4841 1224 4893 constant,
1257 4832 1424 4902 qualis
1452 4840 1528 4902 est
1553 4831 1689 4902 ignis
1709 4839 1758 4882 et
1779 4833 1934 4884 aeris.

571 4916 593 4943 ε
641 4903 776 4958 Vide
817 4902 1147 4958 Clementem
1191 4899 1609 4955 Alexandrinum
1659 4899 1857 4953 Strom.
1906 4901 1996 4955 lib.
2044 4920 2080 4956 ιι

493 4991 614 5044 cap.
649 4973 676 5026 1
720 4981 775 5028 et
796 4971 1077 5041 Redagog.
1128 4973 1287 5044 lib._u
1328 4987 1448 5040 cap.
1489 4970 1511 5022 1
1549 4984 1669 5044 pag.
1706 4969 1836 5033 MS,
1870 4970 1941 5036 D,
1988 4973 2080 5026 ubi

492 5039 656 5098 ebriis
683 5051 738 5099 et
767 5039 1104 5098 helluonibus
1145 5042 1273 5096 dicit
1312 5057 1533 5111 prazesse
1571 5039 1885 5105 dtemonem,
1919 5056 2080 5110 quem

495 5130 600 5168 non
642 5123 859 5169 veretur
887 5115 1161 5184 appellare
1196 5111 1598 5184 natltodaiuoua,
1645 5113 1927 5164 dmmonem
1964 5129 2083 5166 ven-

492 5185 785 5257 triloquum,
817 5184 1110 5239 dwmonum
1129 5185 1356 5237 omnium
1377 5183 1653 5254 pessimum
1681 5189 1730 5235 et
1747 5183 2082 5253 perniciosis-

492 5271 699 5310 simum.

561 5324 589 5363 ά
618 5325 762 5380 Sane
790 5323 1032 5379 diabolus
1062 5339 1170 5378 non
1195 5323 1369 5378 solum
1400 5338 1467 5377 ex
1492 5321 1791 5392 prophetis,
1825 5331 1880 5377 et
1902 5339 1976 5377 ex
2004 5325 2082 5380 eis

493 5411 614 5464 quae
642 5406 769 5450 nato
788 5395 1002 5449 C‘hristo
1037 5394 1373 5458 acciderant,
1405 5401 1462 5448 et
1489 5408 1556 5447 ex
1584 5393 1804 5446 Joannis
1835 5396 2080 5464 testimo-

492 5463 582 5521 nio
601 5505 616 5529 ,
660 5467 753 5520 sed
783 5467 944 5520 etiam
975 5480 1043 5521 ex
1067 5467 1178 5520 vita
1220 5464 1560 5519 immaculata
1601 5473 1894 5532 agnoverat
1921 5463 2080 5520 Chri-

491 5535 850 5607 stumj‘ilium
881 5537 975 5590 Dei
1005 5551 1143 5591 esse.
1173 5535 1757 5607 Suspicabatur-autem
1779 5550 1845 5589 ne
1865 5536 2078 5607 adopti-

490 5622 610 5676 vus.
628 5605 885 5661 Videatur
904 5607 1203 5676 Augustinu
1217 5605 1379 5663 stom.
1403 5605 1512 5673 Vll,
1538 5606 1628 5660 lib.
1650 5621 1722 5672 1x,
1741 5621 1864 5676 pag.
1890 5605 1992 5658 179
2012 5607 2080 5663 de

493 5674 671 5748 Civit.
695 5676 792 5732 Dei
827 5674 1041 5748 eam?!
1077 5687 1131 5734 et
1163 5696 1349 5736 omnes
1383 5687 1725 5735 enarratores
1746 5674 1978 5731 ’in'illud
2011 5679 2073 5733 D.

493 5743 681 5810 Jacobi
704 5762 761 5805 ιι
776 5785 793 5815 ,
824 5743 929 5804 19ὶ
949 5747 1226 5806 Daemones
1253 5751 1465 5807 credunt
1483 5760 1531 5807 et
1552 5748 1967 5806 contremiscunt.

2187 3216 2341 3270 daret
2381 3217 2754 3289 remissionem
2780 3216 3176 3289 peccatorum;
3222 3217 3318 3272 sed
3358 3218 3482 3289 quia
3521 3233 3549 3272 a

2187 3287 2604 3359 comparandam
2645 3285 3212 3359 hominesexcitabat
3242 3304 3340 3359 per
3376 3285 3783 3359 penitentiam.

2187 3353 2328 3428 Vide
2350 3356 2487 3428 infra
2515 3373 2678 3414 serm.
2720 3355 2840 3410 157.
2876 3357 3038 3412 Im.
3071 3391 3145 3402 —
3170 3353 3296 3414 Huic
3325 3353 3443 3428 φὴ

2189 3442 2256 3481 ex
2303 3427 2515 3483 Latinio
2542 3447 2555 3481 :
2587 3428 2934 3484 Contrarium
2971 3431 3166 3485 asserit
3192 3428 3329 3486 infra
3342 3427 3516 3486 iserm.
3545 3427 3638 3484 59.
3677 3428 3785 3485 Lo-

2189 3513 2283 3569 cus
2313 3499 2598 3565 notandus,
2645 3497 2740 3552 sed
2776 3499 3107 3569 repudianda
3143 3501 3411 3555 sententia
3440 3499 3667 3556 omnino
3703 3499 3782 3554 vi-

2188 3568 2364 3623 detur.
2417 3570 2513 3642 Dei
2559 3570 2706 3642 enim
2745 3568 2914 3624 solius
2941 3581 3024 3626 est
3065 3579 3287 3642 peccata
3327 3571 3638 3642 dimittere,
3685 3585 3783 3642 nec

2187 3654 2443 3712 umquam
2471 3641 2699 3712 legimus
2723 3650 3048 3709 potestatem
3066 3641 3367 3712 dimittendi
3383 3649 3614 3711 peccata
3629 3641 3779 3712 prius

2189 3710 2650 3783 collatamfuisse
2695 3712 2955 3779 apostolis
3000 3713 3112 3767 suis
3153 3728 3182 3765 a
3223 3709 3472 3777 Christo,
3524 3709 3784 3783 nisi—post

2186 3793 2330 3836 resui
2347 3781 2640 3837 rectionem
2666 3798 2681 3846 ;
2705 3788 2835 3837 tunc
2854 3784 2994 3836 enim
3023 3784 3221 3837 tributa
3249 3783 3608 3838 sacramentis
3631 3781 3782 3839 novae

2186 3848 2321 3922 legis
2344 3852 2535 3919 gratia,
2566 3862 2621 3906 et
2649 3851 2912 3922 inspirata
2947 3852 3151 3922 Spiritu
3173 3861 3358 3908 sancto
3390 3853 3442 3908 in
3473 3851 3780 3922 apostolos,

2187 3921 2360 3975 virtus
2384 3921 2692 3976 remittendi
2722 3929 2942 3992 peccata
2971 3921 3167 3978 collata
3189 3933 3270 3979 est
3299 3921 3584 3992 apostolis.
3618 3921 3785 3980 Joan—

2187 4006 2284 4046 nes
2305 4000 2486 4046 autem
2525 3994 2756 4061 ingenue
2791 3991 2964 4047 fassus
2986 4005 3094 4059 est,
3131 4001 3212 4056 et,
3246 3991 3627 4050 demonstrato
3655 3993 3784 4052 Jesu

2186 4077 2320 4116 vero
2342 4063 2437 4116 Dei
2455 4062 2626 4132 Agno,
2653 4062 2721 4116 ab
2736 4076 2802 4116 eo
2819 4073 3162 4132 peccatorum
3185 4064 3552 4120 remissionem
3576 4065 3783 4122 tumido

2189 4147 2310 4187 esse
2329 4131 2558 4187 dandam
2579 4131 2934 4188 confirmavit.
2967 4134 3111 4190 Idem
3136 4135 3326 4190 asserit
3349 4135 3579 4190 Basilius
3612 4150 3780 4192 εει-ω.

2186 4203 2223 4272 2
2248 4203 2314 4256 de
2355 4203 2556 4272 Baptis.
2608 4202 2734 4257 Huic
2776 4202 3033 4260 Latinius.
3091 4204 3210 4262 Non
3239 4205 3454 4262 defuere
3484 4215 3681 4261 tamen
3720 4217 3785 4262 ex

2190 4271 2448 4346 Patrilius
2470 4275 2563 4343 qui
2604 4273 2948 4346 abaptismo
2999 4273 3220 4331 Joannis
3259 4285 3478 4346 peccata
3517 4277 3787 4346 rebantur

2187 4343 2417 4418 dimitti,
2463 4343 2777 4418 dispositive
2805 4353 2985 4400 tamen
3003 4389 3018 4411 ,
3069 4355 3124 4400 et
3151 4343 3498 4418 prasparando
3523 4345 3788 4418 homines

2189 4414 2256 4488 ad
2281 4417 2648 4488 paenitentiam
2665 4430 2762 4484 per
2774 4430 2935 4488 quam
2952 4414 3331 4488 consequimur
3343 4417 3608 4488 gratiam;
3631 4415 3786 4474 Unde

2189 4482 2432 4556 Justinus
2459 4482 2908 4555 martyr—vocavit
2943 4482 3267 4556 baptismum
3306 4482 3525 4543 Joannis
3565 4485 3786 4545 Prell-

2195 4553 2333 4628 dium
2354 4553 2891 4628 etiangelieggratite.
2930 4553 3159 4614 Basilius
3197 4559 3312 4628 ipse
3351 4573 3381 4612 a
3421 4557 3640 4628 Latinio
3673 4559 3786 4616 lau-

2195 4625 2372 4700 datus,
2399 4625 2530 4680 tom.
2557 4625 2722 4700 111115ἱ
2751 4643 2766 4681 ι
2793 4626 2860 4700 de
2889 4628 3088 4700 Baptjs.
3127 4625 3246 4700 cap.
3270 4627 3306 4681 2
3328 4643 3446 4699 pag.
3480 4626 3606 4700 653,
3661 4629 3787 4686 lica!

2193 4696 2392 4766 ubique
2432 4696 2976 4768 pnedicet‘baptisma
3005 4696 3383 4768 Evangelicuin
3403 4696 3785 4756 excellentius

2192 4764 2318 4842 esse
2321 4839 2330 4842 _
2341 4764 2660 4842 baptismate
2673 4764 2903 4842 Joannis
2929 4785 2940 4820 ε
2968 4768 3138 4824 Simul
3159 4764 3308 4842 atque
3322 4768 3389 4822 ad
3409 4771 3641 4842 gratiam
3657 4770 3782 4836 Da',

2191 4846 2241 4915 et
2271 4836 2460 4891 Christi
2492 4838 2602 4908 ejus
2633 4837 2815 4915 aliquis
2837 4841 3127 4915 accesserit,
3159 4836 3558 4915 quantacumque
3580 4850 3644 4894 et
3664 4858 3790 4915 que-

2189 4907 2480 4981 liacumque
2499 4907 2917 4981 peccata’fuisset
2946 4907 3230 4981 confessus,
3254 4921 3303 4964 et
3331 4907 3708 4980 baptiiabatu}
3735 4913 3787 4966 in

2187 4976 2421 5032 Iordane
2441 4976 2616 5048 ﬂuvio,
2647 4987 2697 5032 et
2722 4976 2898 5034 statim
2928 4976 3153 5052 gratiam
3175 4976 3572 5055 consequebatur
3596 4999 3789 5052 pet-ta-

2191 5056 2378 5102 torum.

2214 5187 2226 5198 .
2259 5128 2284 5165 ε
2308 5118 2424 5198 Hoc
2461 5127 2581 5173 est:
2623 5134 2948 5190 quamquam
2978 5121 3177 5198 assidui
3199 5121 3388 5192 jejunii
3417 5122 3785 5198 demonstra-

2186 5189 2334 5243 tione
2363 5189 2573 5243 dmmon
2603 5189 3006 5259 argumentatur
3037 5189 3219 5248 Jesum
3250 5189 3368 5247 esse
3417 5192 3611 5248 Filium
3657 5193 3780 5258 Dei,

2186 5259 2439 5333 quid__est
2484 5261 2630 5333 quod
2682 5259 2886 5316 ﬁrmius
2935 5264 3032 5318 bas
3083 5264 3228 5333 cupit
3277 5265 3785 5332 argumentationes

2185 5329 2445 5452 isintabilire,
2477 5331 2522 5385 si
2544 5329 2701 5385 Jesus
2728 5333 2943 5388 sibimet
2971 5329 3227 5389 esurienti
3248 5329 3531 5404 provideat
3549 5349 3777 5405 panem.

2241 5417 2348 5452 in.

2241 5417 2348 5454 ΙΤΑ.

2260 5466 2289 5542 ξι
2324 5468 2405 5542 Ex
2441 5484 2544 5526 ms.
2579 5471 2826 5528 Vatican.
2873 5473 3045 5541 Alias,
3091 5489 3191 5530 nec
3220 5473 3394 5542 male,
3441 5474 3780 5532 Consolator.

2185 5538 2415 5596 Inferius
2451 5557 2611 5607 vero,
2656 5547 2894 5598 virtutem
2937 5538 3120 5612 mutet,
3166 5545 3269 5611 ait,
3311 5538 3552 5610 scilicet,
3597 5547 3736 5602 (olla

2186 5622 2378 5738 ῖῆετιὶιε
2413 5629 2430 5666 :
2470 5616 2696 5672 verbum
2735 5615 2839 5672 hoc
2880 5631 3043 5674 sensu
3083 5617 3284 5693 passim
3330 5617 3588 5683 usitatum
3625 5629 3718 5690 ap!

2254 5699 2319 5737 au
2346 5701 2449 5738 um.

2254 5699 2449 5740 autum-
