3942 6348
488 361 588 420 251

1730 355 1790 412 S.
1831 353 2035 413 PETRI
2073 352 2506 414 CHRYSOLOGI

3665 366 3767 420 35!

489 473 808 531 temerarius
835 472 1082 527 desertor
1109 470 1320 525 invitas.
1368 467 1552 538 Itaque
1591 466 1838 523 diabolus
1889 469 2068 533 toties,
2100 473 2154 532 Α
2177 471 2422 542 exposita
2450 471 2504 524 in
2533 469 2779 542 publico,
2822 471 3026 542 ingesta
3065 471 3258 538 rebus,
3303 486 3412 527 non
3455 481 3541 529 est
3569 474 3765 532 intelli-

488 580 545 626 et
581 571 760 626 taliter
798 582 1152 640 repercussus
1191 582 1222 619 a
1269 562 1519 628 Domino,
1561 563 1708 618 circa
1750 580 1850 619 nos
1890 580 2078 619 servos

488 663 606 734 ejus
643 663 805 719 modo
846 669 961 718 toto
999 658 1180 715 furore
1227 657 1521 723 discurrit;
1562 663 1618 714 et
1656 655 1795 712 sicut
1831 653 2079 711 Christus

488 757 688 812 milites
727 771 875 820 suos,
918 753 991 807 ita
1033 752 1123 807 ille
1161 767 1292 806 suos
1330 749 1643 819 alloquitur,
1695 759 1751 806 et
1771 758 1947 804 armat
1976 751 2079 804 mi-

488 848 706 901 nistros.
778 845 918 900 Dicit
967 857 1098 914 ergo
1151 842 1437 897 diabolus:
1487 841 1720 914 Tempus
1766 857 1866 898 nos
1917 841 2077 898 modo

486 937 722 1007 graviter
764 935 956 1006 jejunii
1002 934 1383 990 observatione
1430 933 1664 989 debellat
1697 953 1708 987 :
1750 950 1847 1005 per
1874 935 2073 1004 gulam,

490 1039 516 1067 α
537 1045 634 1100 per
653 1029 948 1099 crapulam,
980 1043 1080 1099 per
1099 1028 1414 1092 ebrietates,
1448 1043 1546 1097 per
1584 1027 1871 1092 luxuriam,
1903 1028 2079 1083 homi-

487 1136 584 1176 nes
599 1128 870 1176 attentare
890 1136 1000 1176 non
1028 1135 1356 1191 possumus;
1389 1128 1596 1174 armate
1635 1119 1775 1184 lites,
1819 1119 2079 1175 seminate

486 1213 814 1280 discordias,
859 1213 1094 1268 excitate
1142 1211 1297 1276 odia,
1340 1210 1609 1266 concitate
1649 1212 1776 1277 iras,
1820 1212 2080 1282 inSpirate

487 1310 804 1374 mendacia,
841 1317 1163 1379 extorquete
1202 1307 1472 1378 perjuria,
1517 1306 1787 1376 suggerite
1825 1305 2080 1376 blasphe-

488 1403 644 1468 mias,
667 1401 978 1471 vaniloquia
1006 1399 1304 1462 diffundite,
1337 1398 1602 1453 infundite
1631 1397 1806 1461 dolos,
1849 1395 2079 1452 conflate

493 1496 808 1558 avaritiam,
852 1494 1003 1548 lucra
1032 1493 1209 1563 turpia
1251 1491 1561 1562 providete,
1605 1497 1666 1543 ut
1704 1488 1850 1558 quod
1890 1496 2082 1544 venter

491 1587 654 1643 modo
688 1588 755 1642 ad
775 1586 1043 1641 luxuriam
1063 1601 1173 1640 non
1213 1583 1488 1656 dependit,
1531 1584 1616 1638 vel
1656 1583 1903 1638 sacculus
1939 1582 2081 1637 clau-

492 1680 604 1744 dat,
648 1687 704 1733 et
739 1687 967 1748 reponat
1005 1678 1074 1732 ad
1110 1693 1345 1748 poenam.
1390 1677 1590 1731 Cavete
1629 1682 1754 1730 ante
1791 1675 1971 1730 omnia
2009 1689 2080 1729 ne

492 1771 860 1826 misericordia
885 1810 900 1835 ,
955 1785 1024 1825 ne
1061 1770 1441 1840 eleemosyna,
1485 1783 1554 1823 ne
1591 1767 1899 1822 humanitas
1934 1781 2077 1836 pra:-

2181 579 2326 634 gere,
2358 562 2453 618 sed
2476 563 2677 618 videre.
2717 562 2971 618 Nuditate
2992 564 3229 634 algidus,
3258 566 3474 622 tabidus
3493 565 3658 634 fame,
3683 571 3764 625 siti

2183 658 2393 726 aridus,
2444 659 2758 715 lassitudine
2796 668 3062 727 tremens,
3099 660 3315 716 defectu
3344 662 3589 732 luridus,
3625 667 3766 734 quod

2180 765 2382 821 egenus
2415 751 2486 806 sit
2516 751 2816 820 intelligere
2844 763 2866 791 σ
2905 753 3025 822 quis
3065 753 3257 808 labor?
3295 752 3363 808 Et
3401 755 3448 809 si
3489 755 3649 812 labor
3686 757 3766 812 in-

2178 843 2488 912 telligentia:
2507 843 2684 898 nullus
2702 851 2804 908 est,
2845 844 2984 899 unde
3005 851 3094 899 est
3112 845 3485 915 intelligentiae
3511 846 3721 904 fructus
3740 851 3762 903 2

2180 933 2424 1004 Oremus,
2455 935 2665 1003 fratres,
2694 944 2753 991 ut
2779 936 2894 1007 ipse
2914 937 3069 993 nobis
3090 939 3392 1009 intelligere
3412 940 3761 1010 intelligenda

2179 1029 2460 1096 concedat,
2484 1030 2577 1099 qui
2597 1045 2656 1084 se
2680 1029 2906 1100 intelligi
2929 1031 2980 1085 in
3004 1047 3241 1103 paupere
3261 1031 3281 1070 τ
3307 1033 3386 1089 sic
3405 1033 3764 1091 demonstrat.

2179 1119 2336 1186 Quod
2379 1121 2496 1191 ipse
2533 1123 2626 1190 qui
2665 1123 2858 1178 caelum
2898 1123 3030 1192 tegit
3079 1125 3151 1178 sit
3197 1125 3372 1184 nudus
3402 1126 3461 1181 in
3504 1142 3764 1198 paupere,

2178 1213 2324 1281 quod
2371 1212 2425 1267 in
2473 1213 2744 1268 esuriente
2789 1215 2992 1269 esuriat
3045 1217 3298 1272 saturitas
3337 1233 3557 1284 rerum,
3624 1219 3766 1290 quod

2179 1307 2326 1360 sitiat
2366 1307 2420 1361 in
2461 1308 2677 1364 sitiente
2722 1307 2842 1362 fons
2880 1297 3125 1374 fontium,
3159 1310 3458 1380 intelligere
3497 1312 3769 1382 quomodo

2180 1414 2288 1454 non
2316 1413 2570 1468 magnum
2590 1400 2711 1454 est?
2754 1397 3034 1466 Quomodo
3063 1417 3172 1454 non
3201 1401 3419 1456 beatum
3447 1403 3766 1472 intelligere,

2179 1489 2325 1560 quod
2355 1490 2405 1545 ei
2442 1492 2511 1544 sit
2547 1491 2724 1561 ampla
2760 1500 3067 1561 paupertas,
3111 1493 3196 1546 cui
3229 1502 3514 1561 angustum
3548 1503 3632 1547 est
3658 1510 3767 1550 cm-

2178 1582 2322 1648 lum;
2367 1582 2458 1652 qui
2508 1582 2644 1637 ditat
2687 1583 2981 1651 mundum,
3030 1583 3177 1652 quod
3225 1591 3383 1653 egeat
3440 1585 3497 1638 in
3545 1594 3768 1653 egente;

2179 1675 2325 1744 quod
2373 1673 2601 1729 frustum
2647 1676 2834 1744 panis,
2885 1689 3038 1744 aquae.
3070 1676 3294 1730 calicem
3338 1675 3498 1731 dator
3531 1678 3769 1732 omnium

2181 1768 2399 1838 quaerit;
2437 1767 2582 1837 quod
2615 1783 2674 1822 se
2711 1767 2853 1822 Deus
2885 1782 3070 1822 amore
3111 1768 3363 1838 pauperis
3403 1769 3484 1824 sic
3515 1769 3768 1840 deponat,

493 1864 683 1918 teritos
723 1863 936 1918 labores
983 1869 1200 1917 nostros
1249 1861 1461 1925 deleat,
1511 1868 1806 1930 praesentes
1843 1858 2071 1923 auferat,
2105 1864 2156 1927 Β
2181 1868 2242 1915 ut
2275 1875 2382 1914 non
2416 1859 2555 1916 adsit
2587 1860 2809 1930 pauperi
2829 1899 2842 1924 ,
2882 1858 2978 1914 sed
3011 1859 3127 1929 ipse
3161 1859 3229 1914 sit
3261 1861 3501 1931 pauper?
3540 1859 3659 1916 Hoc
3689 1862 3770 1915 cui

494 1954 649 2009 tollat
693 1953 918 2008 futuros.
985 1952 1091 2008 Sed
1130 1969 1267 2017 nos,
1331 1951 1558 2016 fratres,
1614 1960 1670 2007 et
1726 1952 1899 2006 nostri
1936 1952 2080 2021 regis

493 2053 846 2114 agnoscentes
885 2045 1123 2108 monita,
1179 2052 1234 2099 et
1268 2059 1388 2112 quae
1425 2043 1670 2098 diabolus
1708 2044 1822 2098 suis
1857 2044 2082 2099 manda-

493 2137 634 2191 verit
671 2137 987 2200 audientes,
1027 2136 1235 2205 jejunia
1276 2143 1460 2191 nostra
1495 2136 1611 2191 sine
1649 2137 1774 2200 lite,
1817 2136 1935 2191 sine
1971 2137 2082 2192 cla-

493 2244 676 2292 more,
718 2229 837 2282 sine
877 2228 990 2292 ira,
1035 2227 1152 2282 sine
1192 2227 1340 2290 dolo,
1385 2229 1503 2282 sine
1541 2229 1914 2291 simulatione,
1957 2244 2080 2284 cum

494 2330 606 2376 tota
647 2320 1044 2384 misericordia,
1101 2321 1396 2385 cbaritate,
1460 2321 1668 2391 pietate
1718 2336 2075 2391 peragamus:

495 2423 553 2468 ut
593 2413 854 2468 Dominus
889 2412 1158 2478 Christus,
1202 2414 1323 2482 qui,
1367 2414 1563 2483 spretis
1600 2429 1858 2483 pecorum
1896 2430 2082 2470 cruen-

493 2507 562 2559 tis
603 2507 834 2561 victimis
857 2545 871 2571 ,
915 2507 1137 2576 spiritus
1165 2507 1384 2562 contriti
1423 2515 1479 2562 et
1517 2508 1864 2562 contribulati
1902 2509 2080 2565 cordis

491 2603 813 2658 sacrificium
851 2605 1171 2674 requisivit,
1235 2621 1359 2660 cum
1416 2606 1634 2660 silentio
1686 2607 1834 2676 pacis
1888 2606 2079 2678 jejunii

493 2697 662 2752 nostri
696 2698 900 2752 hostias
938 2697 1184 2768 placatus
1226 2705 1281 2751 et
1313 2698 1639 2767 propitiatus
1677 2707 1932 2754 assumat.

1067 2786 1301 2842 SERMO
1357 2787 1494 2842 XIV.

635 2878 716 2932 De
757 2880 1007 2951 fructibus
1045 2880 1402 2951 eteemosynte,
1445 2881 1499 2934 in
1537 2881 1804 2952 psalmum
1848 2898 1935 2937 χι..

565 2970 883 3027 Praeliorum
915 2973 1106 3042 peritis
1133 2973 1381 3028 militaris
1404 2973 1530 3029 tuba
1562 2983 1820 3046 personat
1851 2975 2082 3047 discipli-

494 3080 617 3119 nam
641 3105 656 3128 ,
719 3065 983 3135 imperitis
1022 3074 1231 3120 tantum
1271 3065 1561 3122 terrificum
1615 3067 1709 3123 dat
1745 3069 2076 3136 clamorem;

492 3165 549 3210 ut
588 3158 844 3225 magistra
883 3157 1153 3213 bellorum
1192 3157 1286 3212 dat
1323 3160 1434 3214 suis
1473 3160 1648 3224 vires,
1703 3161 1949 3217 hostibus
1987 3161 2081 3217 dat

2182 1951 2369 2006 videre
2413 1950 2623 2006 dederit
2664 1951 2835 2018 Deus,
2880 1951 2994 2021 ipse
3026 1949 3190 2006 videt.
3233 1951 3338 2006 Sed
3375 1951 3652 2020 quomodo
3687 1963 3772 2007 aut

2181 2043 2238 2098 in
2282 2058 2340 2098 se
2385 2041 2734 2097 transfuderit
2776 2057 3101 2113 pauperem,
3142 2050 3235 2095 aut
3277 2058 3336 2098 se
3380 2043 3435 2097 in
3480 2057 3770 2114 pauperem

2183 2132 2399 2200 fuderit,
2436 2134 2579 2189 dicat
2609 2134 2726 2204 ipse
2753 2133 2866 2204 jam
2900 2133 3087 2189 nobis:
3115 2131 3340 2201 Esurivi,
3377 2135 3573 2204 inquit,
3615 2146 3664 2189 et
3688 2136 3770 2189 de-

2184 2226 2334 2280 distis
2361 2227 2487 2280 mihi
2507 2226 2842 2281 manducare.
2900 2225 3019 2281 Non
3051 2225 3187 2281 dixit
3219 2226 3441 2281 esurivit
3472 2241 3700 2298 pauper,
3721 2237 3771 2283 et

2180 2317 2404 2376 dedistis
2437 2319 2514 2372 illi
2546 2318 2905 2386 manducare;
2942 2319 3039 2373 sed
3072 2318 3270 2374 esurivi
3305 2332 3440 2387 ego,
3479 2326 3537 2374 et
3555 2319 3772 2375 dedistis

2181 2409 2509 2465 manducare
2542 2410 2672 2464 mihi
2695 2409 2908 2481 (Matth.
2935 2427 3058 2478 xxv,
3097 2409 3207 2481 '55).
3251 2409 3360 2464 Sibi
3397 2420 3424 2458 8
3445 2411 3634 2466 datum
3664 2412 3771 2466 cla-

2180 2511 2294 2557 mat
2326 2502 2471 2572 quod
2491 2517 2698 2574 pauper
2716 2503 3004 2573 acceperit,
3041 2517 3101 2557 se
3121 2503 3448 2558 manducare
3470 2503 3604 2558 dicit
3634 2503 3772 2573 quod

2180 2593 2478 2649 comederit
2508 2609 2745 2664 pauper;
2779 2593 2926 2662 quod
2969 2593 3103 2648 bibit
3133 2609 3368 2664 pauper;
3417 2593 3523 2649 sibi
3550 2604 3772 2651 testatur

2180 2684 2432 2742 infusum.
2501 2684 2545 2739 Ο
2577 2685 2706 2754 quid
2753 2687 2863 2754 agit
2909 2701 3063 2741 amor
3095 2686 3380 2756 pauperis!
3423 2687 3688 2756 gloriatur
3720 2689 3770 2743 in

2180 2777 2319 2832 cmlo
2363 2777 2505 2832 Deus
2551 2776 2693 2831 unde
2738 2791 2947 2847 pauper
2978 2777 3248 2832 erubescit
3292 2777 3348 2831 in
3383 2785 3548 2841 terra,
3587 2787 3642 2833 et
3671 2779 3770 2834 hoc

2179 2878 2399 2940 reputat
2427 2870 2480 2924 in
2517 2869 2780 2925 honorem
2813 2869 2947 2936 sibi,
2996 2869 3142 2940 quod
3176 2870 3402 2939 pauperi
3435 2880 3772 2942 computatur

2179 2962 2396 3032 injuria.
2453 2963 2661 3018 Dixisse
2689 2961 3006 3031 suffecerat;
3041 2959 3070 3000 ¹ι
3113 2962 3336 3019 dedistis
3379 2964 3510 3019 mihi
3545 2965 3771 3021 mandu-

2180 3072 2305 3112 care
2327 3097 2342 3124 ,
2381 3055 2603 3111 dedistis
2644 3056 2776 3110 mihi
2814 3065 3039 3125 potum;
3071 3056 3164 3111 sed
3207 3056 3503 3126 pnemittit,
3539 3055 3769 3126 Esurivi,

2181 3149 2355 3213 sitivi,
2388 3149 2512 3217 quia
2553 3163 2751 3218 parvus
2784 3147 2971 3202 fuisset
2998 3162 3151 3203 amor
3178 3149 3431 3218 pauperis
3458 3149 3601 3218 quod
3634 3165 3770 3220 pau-

490 3264 764 3319 pavorem.
827 3248 930 3317 Qui
970 3251 1088 3305 sine
1130 3251 1257 3305 tuba
1295 3251 1550 3315 dimicat,
1606 3253 1760 3308 miles
1801 3269 1911 3309 non
1949 3262 2070 3311 est:

2185 3257 2364 3312 perem
2400 3241 2755 3310 suscepisset,
2789 3240 2890 3296 nisi
2927 3248 2981 3296 et
3005 3241 3284 3310 passiones
3314 3241 3556 3311 pauperis
3584 3256 3775 3297 susce-

490 3339 660 3396 fertur
699 3341 915 3408 furore,
970 3359 1079 3398 non
1125 3344 1350 3413 prailio;
1401 3345 1601 3400 virtute
1639 3361 1748 3400 non
1787 3348 1927 3416 agit,
1981 3348 2078 3404 sed

492 3432 771 3501 periculo;
813 3433 1007 3501 qumrit
1043 3434 1246 3502 perire,
1278 3449 1388 3488 non
1417 3436 1654 3490 vincere.
1688 3434 1802 3492 Hoc
1823 3437 2074 3501 diximus,

493 3530 553 3576 ut
592 3521 793 3578 Christi
819 3524 975 3578 miles
1002 3524 1268 3593 intelligat
1300 3525 1536 3580 cmlestis
1568 3540 1736 3594 quare
1765 3529 1981 3596 provisa
2010 3530 2081 3584 sit

492 3614 778 3669 cantilena.
820 3612 1111 3669 Constituti
1150 3615 1204 3668 in
1237 3630 1430 3684 campo
1468 3616 1649 3670 saeculi
1688 3631 1922 3686 pugnam
1955 3635 2076 3674 cum

492 3705 729 3773 diabolo,
762 3721 883 3761 cum
923 3706 1065 3761 vitiis
1102 3707 1446 3761 sustinemus.
1491 3705 1715 3774 Quoties
1753 3723 1884 3778 ergo
1923 3711 2080 3765 nobis

492 3797 706 3851 intonat
732 3797 1081 3867 propheticus
1115 3797 1357 3866 clangor,
1389 3799 1553 3853 toties
1581 3814 1682 3855 nos
1716 3800 1770 3854 in
1796 3816 1932 3870 pace
1963 3817 2085 3857 cau-

493 3897 610 3951 tos,
643 3896 697 3942 et
725 3889 780 3942 in
801 3888 916 3942 acie
944 3887 1131 3952 fortes,
1175 3895 1229 3942 et
1263 3889 1317 3942 in
1337 3889 1524 3958 praelia
1557 3890 1789 3945 reddidit
1827 3892 2074 3947 invictos.

492 3979 735 4049 Namque
774 3979 935 4035 hodie
963 3980 991 4018 ι)
1019 3979 1211 4034 beatus
1250 3979 1533 4036 Psalmista
1562 3982 1631 4037 ad
1669 3983 2079 4052 intelligentiam

492 4085 592 4125 nos
630 4086 917 4141 supernam
937 4079 1202 4126 convocat
1234 4082 1254 4108 ο
1286 4086 1386 4140 per
1405 4071 1697 4126 clamorem
1723 4090 1735 4125 :
1780 4071 1970 4128 Beatus
1992 4078 2079 4147 qui

491 4163 732 4234 intelligit
758 4179 911 4233 super
943 4178 1156 4233 egenum
1193 4170 1241 4215 et
1274 4178 1552 4234 pauperem
1575 4162 1745 4234 (Psal.
1771 4181 1858 4229 XL,
1890 4165 1968 4236 2).
2012 4164 2079 4221 Et

493 4267 613 4321 qua:
634 4261 718 4307 est
744 4253 1096 4321 intelligentia
1116 4295 1130 4319 ,
1159 4253 1250 4308 ubi
1286 4260 1388 4320 est,
1421 4249 1448 4289 ἀ
1484 4253 1724 4324 professa
1747 4259 2080 4325 paupertas?

494 4343 588 4398 Vis
608 4353 690 4398 est
711 4345 1090 4413 intelligentizn,
1123 4345 1170 4398 si
1197 4345 1426 4399 rimetur
1457 4345 1682 4411 viscera,
1715 4346 1759 4400 si
1781 4345 2080 4416 deprehen-

493 4436 585 4489 dat
614 4435 852 4502 occulta,
898 4435 943 4489 si
975 4443 1115 4490 tecta
1144 4435 1328 4490 nudet.
1380 4436 1577 4491 Verum
1606 4436 1847 4506 subjecta
1886 4440 2075 4507 oculis,

2178 3337 2348 3407 pisset
2371 3354 2383 3387 :
2417 3343 2471 3390 et
2498 3342 2646 3390 certe
2667 3349 2827 3389 verus
2855 3349 3009 3389 amor
3029 3351 3139 3389 non
3161 3335 3262 3389 nisi
3287 3334 3615 3405 passionibus
3638 3351 3776 3405 pro-

2178 3427 2354 3482 batur.
2396 3426 2567 3482 Verus
2596 3441 2749 3480 amor
2772 3434 2854 3480 est
2882 3423 3073 3482 fecisse
3095 3442 3217 3482 suas
3253 3426 3269 3464 ί
3305 3427 3590 3496 angustiati
3612 3441 3774 3496 angu-

2179 3520 2348 3574 stias:
2395 3519 2554 3574 nimis
2589 3527 2672 3574 est
2705 3518 2849 3588 quod
2882 3520 3022 3589 sapit
3056 3519 3166 3574 Deo
3207 3520 3461 3590 pauperis
3481 3519 3654 3585 cibus,
3683 3521 3771 3589 qui

2179 3613 2347 3668 totius
2390 3619 2651 3667 creaturze
2705 3613 2847 3666 bona
2897 3626 3004 3666 non
3049 3611 3249 3678 esurit,
3295 3613 3593 3681 saginatum
3627 3628 3688 3668 se
3722 3613 3772 3666 in

2183 3720 2307 3760 esca
2328 3704 2580 3775 pauperis
2601 3703 2942 3774 prophetizat
2963 3703 3018 3757 in
3040 3718 3207 3772 regno
3228 3704 3370 3771 cceli,
3398 3720 3582 3760 coram
3610 3704 3775 3758 omni-

2182 3798 2284 3852 bus
2326 3797 2559 3866 angelis,
2589 3797 2644 3850 in
2678 3805 2949 3852 conventu
2989 3797 3404 3866 resurgentium.
3445 3795 3600 3863 Quod
3642 3796 3774 3851 Abel

2182 3903 2372 3959 passus
2394 3886 2630 3958 sit(Gen.
2651 3887 2746 3956 IV),
2771 3888 2914 3956 quod
2939 3888 3173 3942 servavit
3194 3888 3451 3942 mundum
3479 3887 3594 3942 Noe
3619 3887 3770 3958 (Gen.

2182 3979 2291 4049 vi),
2325 3979 2467 4049 quod
2506 3979 2776 4033 Abraham
2814 3978 2970 4033 fidem
3006 3979 3239 4050 suscepit
3284 3976 3435 4049 (Gen.
3468 3979 3594 4050 xv),
3631 3978 3776 4049 quod

2184 4071 2396 4143 Moyses
2443 4071 2612 4139 legem
2660 4071 2778 4125 tulit
2819 4070 2945 4143 (Ex.
2990 4069 3120 4141 xx),
3165 4070 3310 4139 quod
3339 4068 3530 4126 Petrus
3555 4085 3774 4126 crucem

2181 4163 2465 4231 resupinus
2491 4160 2748 4225 ascendit,
2781 4161 2922 4216 Deus
2951 4169 3124 4226 tacet,
3155 4169 3208 4215 et
3236 4162 3340 4217 hoc
3367 4162 3563 4216 clamat
3595 4163 3778 4218 solum

2183 4253 2326 4324 quod
2356 4253 2589 4308 comedit
2609 4268 2830 4323 pauper.
2872 4252 2931 4307 ln
2962 4255 3100 4308 coelo
3130 4255 3300 4323 prima
3325 4263 3407 4309 est
3434 4253 3448 4304 i
3485 4255 3779 4311 esurientis

2185 4361 2418 4409 annona,
2445 4345 2613 4415 prima
2643 4345 2908 4415 stipendia
2939 4346 3187 4416 pauperis
3217 4355 3508 4402 tractantur
3525 4347 3578 4401 in
3610 4349 3776 4412 ocelo,

2185 4437 2429 4506 erogatio
2459 4437 2712 4507 pauperis
2731 4437 2902 4506 prima
2924 4437 3118 4492 divinis
3141 4436 3162 4474 ιε
3192 4438 3443 4494 scribitur
3464 4437 3521 4493 in
3543 4438 3780 4496 diurnis.

568 4592 593 4618 ι
625 4579 830 4633 Laudat
858 4579 1035 4632 locum
1066 4578 1211 4630 hunc
1236 4576 1480 4631 Valesius
1502 4576 1556 4630 in
1584 4578 1728 4631 notis
1757 4576 1823 4631 ad
1845 4577 2081 4631 Ammia-
2109 4582 2162 4643 D
2188 4576 2394 4630 Auctor
2422 4590 2521 4631 nos
2548 4575 2747 4630 debere
2779 4576 3008 4629 aliorum
3040 4575 3388 4643 indigentiam
3417 4576 3634 4643 rimari,
3687 4593 3779 4632 oc-

495 4667 623 4706 num
672 4649 1020 4704 Marcelinum
1067 4661 1189 4716 pag.
1264 4645 1364 4699 578
1414 4647 1516 4701 col.
1570 4647 1619 4700 i.
1678 4646 1874 4715 Aitque
1919 4648 2080 4716 hujus

497 4722 756 4790 temporis
784 4719 1005 4790 Latinos
1057 4726 1305 4790 auctores
1359 4719 1634 4788 crapulam
1693 4719 1760 4790 ab
1799 4719 2080 4790 ebrietate

493 4786 842 4860 distinguere.
877 4788 1240 4858 Chrysologus
1269 4786 1517 4860 sermone
1544 4788 1811 4860 superiori
1835 4806 1848 4860 ς
1885 4786 2078 4860 Cibum

493 4859 727 4917 nostrum
747 4863 799 4914 in
835 4860 1134 4930 crapulam,
1168 4868 1339 4928 potum
1377 4861 1432 4911 in
1471 4859 1769 4912 ebrietatem
1803 4859 2074 4930 fdi/fundit.

567 4933 593 4971 δ
624 4932 759 4986 Cum
789 4926 955 4984 David
984 4946 1014 4983 a
1051 4926 1298 4984 Patribus
1326 4930 1684 4984 communiter
1715 4929 1899 4982 audiat
1927 4926 2078 4983 Psal-

491 5004 671 5069 mista,
715 5009 864 5072 patet
900 4999 1289 5070 Chrysologum
1317 4999 1474 5072 hujus
1494 4999 1687 5072 psalmi
1717 5015 1770 5052 xi
1800 5007 2080 5072 reput_asse

491 5089 616 5128 eum
657 5068 933 5129 auctorem
963 5068 1150 5126 contra
1180 5086 1273 5124 eos
1313 5071 1405 5138 qui
1446 5068 1554 5124 n0n
1587 5069 1719 5124 satis
1747 5081 1897 5124 recte
1939 5068 2076 5124 Eze-

491 5145 627 5200 cbim
655 5145 1039 5214 ascripserunt.

567 5227 589 5254 ο
621 5215 785 5269 Moris
799 5209 930 5269 "erat
957 5215 1012 5267 in
1031 5211 1203 5266 veteri
1224 5209 1484 5274 Ecclesia,
1511 5219 1570 5264 ut
1597 5225 1764 5265 sacrae
1785 5209 2077 5280 Scriptum

493 5301 525 5339 a
546 5285 871 5351 lectoribus,
915 5297 1144 5352 quorum
1173 5295 1367 5352 munus
1396 5288 1540 5352 erat,
1558 5281 1678 5352 alta
1711 5296 1846 5336 voce
1875 5282 2076 5351 populo

492 5351 986 5425 pronuntiarentur.
1021 5352 1135 5419 Qua
1168 5351 1400 5406 lectione
1423 5351 1669 5425 absoluta
1689 5352 1928 5425 antistes
1943 5368 2077 5425 con-

494 5420 828 5480 cionabatur.
859 5424 1100 5479 Justinus
1138 5431 1358 5491 martyr.
1394 5422 1605 5490 apolog.
1640 5420 1675 5472 ‘2
1711 5436 1832 5491 pag.
1867 5421 1966 5488 98,
2009 5421 2072 5488 C,

494 5438 828 5480 cionanatur.
859 5438 1100 5479 Justinus
1138 5438 1358 5544 martér.
1394 5438 1605 5490 aponog.
1641 5438 1675 5472 ’Ζ
1711 5438 1832 5491 pag.
1867 5438 1966 5488 νδ,
2009 5438 2069 5488 ιλ,

494 5496 622 5548 edit.
672 5494 977 5550 Coloniens.
1031 5490 1214 5546 i686:
1317 5494 1655 5546 ammenta-ria
1697 5493 2069 5562 apostolorum,

494 5565 571 5618 uel
621 5568 813 5636 scripta
865 5565 1230 5636 praphetarum
1283 5562 1520 5634 leguntur
1571 5579 1828 5636 quousque
1879 5573 2074 5636 tempus

498 5637 616 5706 fert.
679 5632 878 5689 Deinde
917 5632 1102 5689 lectore
1139 5632 1428 5705 quiescente
1467 5632 2075 5706 prtesidem'roratiouem

496 5703 665 5777 habet,
707 5721 807 5777 qua
843 5706 1085 5777 populum
1123 5703 1350 5777 inst-ruit,
1392 5715 1443 5758 et
1468 5703 1549 5759 ad
1585 5705 1928 5760 imitationem
1970 5715 2075 5761 tam

495 5774 852 5851 pulp/[rarum
869 5774 1038 5830 rerum
1077 5776 1395 5851 cohortatur.

567 5844 594 5887 ἀ
634 5844 750 5904 Hoc
797 5854 879 5903 est
924 5855 1108 5915 aperta
1154 5855 1209 5901 et
1255 5847 1554 5904 manifesta.
1609 5848 1770 5904 Mm.
1822 5849 2074 5919 intelligit

2186 4647 2451 4718 cultteque
2504 4646 2733 4718 miseria;
2788 4647 3140 4718 subveniret
3171 4663 3277 4718 non
3334 4654 3532 4701 tantam
3582 4659 3782 4718 aperte

2186 4717 2456 4771 omnibus.
2506 4715 2842 4786 Chrysologo
2873 4715 3089 4770 Petrum
3120 4717 3436 4786 Damianum
3479 4715 3780 4786 suppirem

2186 4733 2456 4771 omnmus.
2506 4733 2842 4784 unrvsomgo
2873 4733 3089 4770 reti-um
3120 4733 3436 4771 uaiinanum
3479 4733 3542 4771 su
3626 4735 3779 4774 arem

2186 4787 2329 4861 vide
2351 4802 2554 4861 0pusc._
2576 4776 2712 4861 {de
2750 4787 3092 4858 eleemosyna
3132 4783 3250 4857 Cap.
3287 4789 3320 4842 5
3346 4802 3468 4858 pag.
3501 4733 3621 4840 4ξί
3645 4791 3779 4845 edit.

2187 4855 2496 4926 Lugdunen.
2537 4855 2687 4926 1625.

2187 4999 2205 5051 ι
2241 4939 2286 5052 be
2317 4927 2538 5052 Cas?tillo
2575 4925 2857 4984 Colonion.
2894 4928 2916 4980 l
2953 4937 3008 4982 et
3029 4944 3127 4983 ms.
3171 4926 3390 4983 Cesena:
3418 4929 3620 4984 habent
3671 4934 3784 5004 quis

2208 5017 2239 5050 a
2275 5017 2389 5052 ora.

2208 5004 2428 5052 aborut?
3821 5004 3828 5045 ἒ

2265 5067 2284 5107 ί
2316 5069 2395 5123 Ex
2417 5067 2530 5144 _PP.
2565 5069 2741 5144 ampla
2773 5069 3406 5144 testimoniorum_st.rues
3433 5069 3614 5125 afferri
3651 5089 3783 5144 pos-

2185 5147 2298 5212 set,
2339 5140 2430 5208 qui
2468 5139 2659 5212 psalmi
2702 5139 2891 5212 locum,
2911 5139 3053 5196 hunc
3081 5141 3149 5195 de
3177 5139 3674 5212 Christopauperé
3705 5145 3784 5199 in—

2182 5211 2447 5278 telligunt.
2470 5208 2736 5265 ’Jacobus
2777 5211 2968 5282 Dillius
2997 5212 3049 5264 in
3089 5227 3185 5266 sua
3215 5208 3546 5282 Anthologia
3582 5225 3784 5270 sancta

2182 5290 2339 5336 vocat
2370 5296 2663 5350 pauperem
2693 5281 2890 5334 larvam
2930 5279 3050 5334 Dei.

2253 5361 2279 5399 ts
2309 5350 2531 5404 Castillo
2562 5351 2723 5405 habet
2747 5352 2926 5405 datum
2945 5354 3186 5405 wstimat.

2251 5421 2278 5458 δ
2310 5421 2484 5492 Verba
2500 5422 2614 5476 haec
2639 5421 2689 5474 in
2713 5423 2868 5477 editis
2892 5423 3072 5476 multis
3089 5437 3371 5492 perperam
3387 5422 3602 5478 sublata
3630 5435 3779 5479 sunt.

2259 5492 2274 5530 ί
2308 5491 2474 5563 Alias,
2500 5501 2854 5563 angustantes.

2254 5565 2268 5613 t
2309 5562 2425 5618 Hoc
2452 5572 2552 5628 est,
2578 5562 2747 5632 prima
2783 5577 2944 5618 causa
2979 5577 3098 5632 qua:
3129 5562 3409 5617 discutitur
3435 5563 3490 5617 in
3519 5564 3665 5621 caelo
3700 5571 3788 5621 est

2181 5634 2332 5705 cibus
2359 5635 2582 5704 pauperi
2615 5633 2876 5705 donatus,
2897 5704 2900 5705 ν
2921 5641 2976 5688 et
3016 5633 3280 5705 stipendia
3315 5633 3491 5690 eidem
3529 5647 3780 5705 erogata;

2179 5704 2286 5760 hoc
2317 5705 2460 5760 enim
2497 5704 2550 5757 in
2583 5705 2759 5773 capite
2800 5704 3104 5760 divinorum
3145 5704 3390 5759 codicum
3439 5704 3686 5774 notatur,
3721 5716 3784 5762 ut

2180 5775 2355 5827 primo
2381 5791 2439 5827 se
2465 5775 2660 5827 legenti
2690 5783 2890 5827 pateat.
2922 5773 3083 5827 Mm.

2180 5775 2355 5848 primo
2381 5791 2439 5829 se
2465 5775 2660 5844 legenti
2690 5783 2890 5844 pateat.
2922 5775 3083 5828 Mm.

2255 5845 2278 5883 ιι
2307 5845 2362 5900 In
2385 5846 2590 5902 diurnis
2624 5847 2768 5902 enim
2801 5844 3058 5916 quidquid
3091 5843 3274 5901 dietim
3309 5843 3471 5902 fiebat
3495 5846 3792 5930 describe-_
