3902 6362
1653 265 1884 332 SERMO
1918 267 2042 327 XV.

3367 273 3478 332 εει

188 383 392 442 Beatus
428 379 586 454 cuius
620 393 821 439 nomen
858 380 1023 439 toties
1049 377 1166 438 Deo
1191 379 1406 454 legitur,
1440 383 1655 454 quoties
1687 399 1781 441 ra-
1808 389 1864 450 Α
1886 391 1970 441 est
1987 397 2118 455 ergo
2145 397 2267 455 quae
2295 383 2350 441 in
2375 381 2616 444 adversis
2627 383 2882 453 volvitur,
2905 385 2961 443 in
2980 388 3254 461 prosperis
3274 399 3477 446 versat.

189 473 268 530 tio
293 473 554 545 pauperis
586 472 848 530 recitatur
873 473 930 528 in
959 471 1134 530 cmlo.-
1159 471 1269 530 Sed
1304 473 1459 530 istius
1495 475 1789 532 beatitudi-

190 567 274 623 nis
297 566 585 623 audimus
619 575 677 624 et
705 563 971 634 fructum,
1010 564 1079 622 In
1111 567 1195 622 die
1232 568 1374 623 mala
1413 566 1651 624 liberabit
1675 585 1792 626 eum

190 655 471 716 Dominus.
504 656 608 727 Qui
633 672 695 715 se
720 658 874 714 novit
900 673 999 731 per
1017 658 1160 714 mala
1175 658 1358 716 muli
1377 658 1546 716 vitam
1571 659 1788 727 ducere,

189 751 554 824 eleemosynm
580 765 794 824 semper
829 765 1016 808 secum
1041 749 1299 807 auxilium
1331 750 1523 820 ducat,
1555 753 1623 809 ad
1650 767 1790 825 prae-

190 841 391 900 sidium
410 842 517 900 sibi
539 851 744 900 turmas
765 857 1065 915 pauperum
1091 850 1283 910 vocet,
1321 843 1376 898 in
1404 852 1563 916 pastu
1585 859 1790 916 paupe-

191 952 308 994 rum
328 936 519 1006 largns
535 944 860 1010 prorogator
872 936 1153 1002 exuberet,
1173 952 1474 1010 pauperum
1500 949 1526 978 ι
1550 938 1796 1010 frequen-

193 1038 270 1088 tet
293 1029 541 1097 donum,
587 1028 700 1088 iion
739 1029 974 1103 trepidet
1004 1030 1309 1102 erogando;
1351 1030 1584 1089 deiicere
1622 1033 1794 1089 nescit

191 1121 278 1178 cui
296 1121 536 1194 porrigit
568 1136 788 1177 manum
828 1136 1022 1192 parcus
1045 1129 1333 1193 acceptor;
1360 1121 1635 1178 exhauriri
1668 1121 1791 1179 the-

192 1230 386 1272 saurus
412 1214 461 1271 is
483 1230 592 1272 non
608 1221 816 1286 potest,
843 1214 912 1270 de
939 1229 1047 1286 quo
1075 1214 1273 1271 snl'licit
1301 1231 1584 1273 nummus:
1617 1215 1685 1272 In
1709 1215 1794 1272 die

193 1307 334 1362 mala
369 1307 616 1364 liberabit
646 1323 765 1362 eum
798 1306 1076 1364 Dominus.
1129 1306 1188 1362 in
1222 1307 1311 1364 die
1349 1307 1493 1364 mala
1533 1308 1611 1363 illi
1650 1309 1792 1366 Deus

195 1399 457 1455 liberator
484 1397 719 1465 assistet,
743 1398 891 1469 quia
920 1398 1076 1454 malis
1099 1413 1393 1470 pauperem
1425 1399 1692 1456 liberavit.
1731 1399 1792 1456 In

195 1489 459 1560 angustiis
493 1489 646 1546 illum
683 1489 828 1546 Deus
861 1490 1183 1547 clamantem
1219 1491 1436 1558 audiet,
1467 1492 1560 1562 qui
1585 1507 1790 1564 paupe-

195 1597 305 1637 rem
332 1596 466 1638 cum
495 1581 756 1637 clamaret
781 1581 1002 1638 audivit.
1050 1581 1168 1638 Non
1181 1583 1386 1639 videbit
1404 1583 1547 1640 diem
1567 1585 1788 1651 malum,

197 1675 284 1746 qui
311 1674 436 1732 dies
456 1675 636 1732 bonos
671 1674 872 1732 habere
903 1690 1196 1748 pauperem
1227 1675 1374 1733 fecit.
1416 1675 1630 1734 Videbit
1649 1677 1792 1735 diem

1893 475 2153 534 Dominus
2171 490 2302 548 ergo
2323 487 2506 534 versat
2530 474 2550 516 ί
2574 485 2802 535 stratum
2832 487 3098 548 nostrum,
3126 481 3343 552 quando
3377 499 3480 538 no-

1891 565 1976 623 bis
1995 567 2222 623 adversa
2240 568 2404 624 vertit
2428 568 2486 624 in
2505 583 2767 642 prospera
2787 588 2801 624 :
2837 578 2893 626 et
2920 571 3045 641 quia
3067 572 3120 627 in
3148 572 3292 628 lecto
3327 573 3482 629 dolo-

1892 659 1998 729 ris,
2039 661 2146 718 hoc
2189 669 2274 718 est
2322 662 2378 717 in
2428 662 2570 719 lecto
2623 665 2869 735 corporis
2908 665 3118 720 animus
3164 667 3483 722 volvebatur

1891 759 2160 824 aegrotus,
2191 752 2307 823 ipse
2345 751 2438 823 qui
2473 753 2808 822 volvebatur,
2837 755 3170 826 proclamat:
3202 755 3317 829 Ego
3346 757 3478 825 dixi,

1891 840 2134 912 Domine,
2163 844 2406 900 miserere
2424 846 2552 913 mei,
2575 861 2707 901 sana
2735 848 2964 902 animam
2997 863 3184 914 meam,
3215 850 3338 920 quia
3357 865 3482 920 pec-

1893 937 2005 991 cavi
2027 935 2137 991 tibi.
2187 934 2324 1004 Quia
2347 951 2448 1009 per
2473 951 2796 993 consensum
2818 938 2994 994 carnis
3024 939 3189 994 sentit
3229 939 3394 994 animi
3421 953 3484 996 se

1893 1028 2228 1086 contraxisse
2252 1027 2595 1098 languorem,
2626 1035 2688 1083 ut
2726 1029 2904 1084 anima
2930 1035 3167 1095 sanetur,
3194 1028 3480 1101 implorat:

1893 1125 1950 1174 et
1976 1119 2399 1175 misericordiam
2427 1119 2564 1190 petit
2596 1116 2784 1186 ﬁdens,
2812 1120 2938 1190 quia
2963 1119 3018 1176 in
3049 1135 3341 1192 pauperem
3374 1121 3482 1176 mi-

1892 1211 2242 1269 sericordiam
2289 1212 2434 1270 fecit.
2500 1211 2700 1269 Beatus
2744 1213 2837 1283 qui
2882 1211 3179 1270 fenerando
3233 1214 3480 1286 pauperi,

1893 1305 2069 1376 ipsum
2095 1305 2197 1362 sibi
2220 1305 2457 1376 judicem
2480 1313 2507 1354 8
2527 1305 2776 1376 praestitit
2802 1305 3123 1363 debitorem.

2493 1433 2728 1492 SERMO
2753 1434 2870 1492 XV.

2467 1548 2549 1605 De
2597 1551 2907 1606 centurione.

1965 1659 2213 1718 Audituri
2238 1660 2369 1718 estis
2395 1659 2590 1729 hodie,
2629 1661 2824 1720 fratres
2841 1703 2857 1730 ,
2899 1641 3352 1734 quemadmodum
3383 1681 3482 1726 co-

198 1766 419 1832 malum,
451 1767 548 1838 qui
577 1764 607 1806 ι»
632 1765 776 1823 diem
797 1766 985 1837 judicii
1021 1768 1138 1825 sine
1166 1769 1522 1827 advocatione
1554 1786 1790 1844 pauper-
1819 1777 1868 1840 Β
1892 1753 2066 1810 bonis
2110 1752 2372 1809 Romani”
2413 1751 2443 1792 ¹²
2477 1755 2724 1812 centurio
2773 1755 2883 1812 du!
2930 1755 3104 1814 ἶθοωε
3148 1767 3232 1816 θεῖ
3278 1760 3484 1820 mimi!!!

199 1857 317 1914 tatis
335 1856 659 1914 intraverit:
696 1857 824 1914 Sine
862 1872 1024 1914 causa
1053 1867 1308 1915 accusant
1337 1869 1594 1931 peccata,
1630 1877 1792 1931 quem

199 1964 402 2023 pauper
435 1957 684 2005 excusat.
723 1947 982 2006 Excusari
1017 1965 1128 2006 non
1172 1958 1384 2023 potest,
1422 1967 1584 2022 quem
1625 1951 1795 2011 fames

199 2040 452 2114 pauperis
478 2041 767 2098 accnsarit.
807 2041 1082 2110 Dominus,
1108 2042 1202 2110 ait,
1228 2054 1490 2100 conservet
1511 2061 1627 2100 eum
1646 2055 1696 2101 et
1715 2049 1792 2102 vi-

201 2133 362 2204 sifieet
408 2148 552 2186 eum.
596 2131 714 2188 Non
751 2130 915 2200 dixit,
940 2141 1226 2190 conservat
1275 2143 1333 2190 et
1377 2133 1644 2204 vivificat;
1697 2136 1794 2194 sed

200 2224 356 2293 dixit,
380 2234 653 2281 conseruet
681 2233 734 2280 et
759 2225 993 2298 vioiﬁcet.
1020 2225 1184 2294 Dixit,
1208 2242 1317 2284 non
1336 2235 1397 2284 ut
1427 2228 1794 2287 denuntiantis

198 2333 299 2374 vox
311 2318 386 2373 sit
399 2317 527 2384 ista,
540 2316 636 2374 sed
646 2315 1010 2387 rogantis.Qui
1022 2317 1224 2374 audivit
1245 2328 1472 2388 rogante
1486 2335 1791 2390 megenum,

200 2424 320 2466 ecce
341 2407 557 2466 audivit
579 2409 712 2466 orbe
739 2417 855 2466 toto
883 2426 983 2481 pro
1002 2425 1063 2466 se
1076 2407 1372 2467 Ecclesium
1387 2412 1468 2468 sic
1479 2421 1790 2482 rogantem:

203 2503 456 2560 Dominus
491 2512 755 2560 conservet
774 2519 889 2558 eum
911 2513 962 2560 et
985 2505 1203 2575 vivi/icet
1223 2521 1356 2560 eum.
1385 2503 1702 2573 Conservet,
1725 2521 1797 2562 ne

198 2597 436 2668 rapiatur
455 2595 528 2652 ad
556 2611 801 2667 poenam;
826 2594 1090 2663 vivillcet,
1127 2605 1189 2652 ut
1225 2605 1472 2668 resurgat
1498 2613 1531 2654 a
1565 2599 1794 2654 mortuis

202 2695 254 2744 et
277 2687 508 2759 recipiat
525 2687 710 2743 vitam.
752 2687 823 2743 Et
851 2704 955 2744 non
971 2688 1138 2743 tradet
1156 2705 1272 2744 eum
1290 2690 1346 2744 in
1366 2706 1524 2745 manu
1548 2699 1571 2729 ε
1596 2690 1796 2746 inimici

200 2782 326 2851 ejus.
363 2776 537 2848 Cujus
565 2777 805 2834 inimici?
833 2793 1028 2850 nempe
1055 2779 1286 2836 diaboli:
1317 2780 1435 2852 ipse
1452 2789 1536 2838 est
1557 2780 1790 2840 inimici-

201 2871 393 2926 tiarum
433 2870 724 2942 princeps;
751 2869 976 2941 despicit
1025 2870 1306 2938 inimicos,
1335 2871 1428 2941 qui
1464 2872 1638 2944 ipsum
1683 2873 1790 2930 ini-

201 2962 525 3020 miCitiarum
551 2964 776 3020 calcarit
802 2971 1100 3020 auctorem.
1139 2961 1395 3018 Dominus
1429 2973 1600 3020 autem
1635 2965 1790 3038 adju-

207 3064 286 3112 eet
305 3073 418 3112 eum
435 3073 584 3128 super
602 3054 790 3110 lectum
810 3053 1004 3109 doloris
1031 3055 1162 3127 ejus.
1188 3053 1514 3124 Exsequitur
1527 3058 1789 3128 propheta

1893 1845 2244 1916 Christianae;
2270 1855 2327 1902 et
2349 1846 2563 1914 merito,
2593 1848 2721 1919 quia
2753 1857 2880 1906 ante
2907 1851 3069 1922 etrapit
3087 1850 3293 1909 docere
3319 1867 3485 1924 quam

1893 1940 2137 1997 credere.
2184 1938 2355 2006 Vertit,
2380 1938 2572 2009 inquit,
2593 1938 2746 1996 Jesus
2775 1941 3160 2014 Capharnaum,
3191 1955 3242 1998 et
3268 1946 3485 2000 accessit

1895 2035 1964 2090 ad
1999 2051 2116 2090 eum
2145 2034 2374 2089 centurio
2404 2050 2594 2106 rogans
2621 2044 2673 2089 et
2691 2035 2900 2091 dicens:
2931 2035 3171 2102 Domine,
3195 2054 3322 2109 puer
3340 2053 3484 2094 meus

1887 2126 2032 2198 jacet
2050 2127 2107 2180 in
2128 2123 2280 2180 domo
2300 2125 2642 2198 paralyticus,
2673 2134 2723 2179 et
2741 2125 2880 2180 male
2901 2135 3179 2200 torquetur.
3222 2127 3292 2182 Et
3313 2129 3387 2182 ait
3405 2128 3486 2183 illi

1892 2216 2080 2274 Iesus:
2101 2215 2216 2290 Ego
2235 2218 2437 2272 veniam
2464 2225 2516 2271 et
2535 2217 2723 2272 curabo
2757 2234 2888 2272 eum.
2933 2217 3005 2272 Et
3031 2219 3344 2290 respondens
3365 2236 3487 2276 cen-

1897 2311 2052 2377 turio,
2074 2310 2152 2364 ait
2177 2325 2196 2364 :
2225 2307 2480 2375 Domine,
2521 2323 2626 2363 non
2657 2324 2770 2364 sum
2803 2309 2989 2381 dignus
3019 2319 3077 2364 ut
3108 2311 3267 2366 intres
3286 2311 3380 2367 sub
3411 2321 3487 2367 te-

1896 2411 2033 2456 ctum
2062 2417 2264 2468 meum,
2305 2399 2398 2455 sed
2431 2408 2630 2454 tantum
2662 2400 2745 2455 dic
2777 2401 2948 2471 verbo,
2981 2412 3032 2456 et
3060 2403 3332 2458 sanabitur
3359 2419 3487 2476 puer

1895 2513 2071 2552 meus:
2094 2514 2216 2554 nam
2249 2508 2298 2554 et
2327 2516 2423 2574 ego
2455 2501 2606 2556 homo
2628 2518 2742 2556 sum
2761 2501 2853 2556 sub
2887 2512 3138 2574 potestate
3158 2503 3487 2571 constitutus,

1897 2589 2089 2646 habens
2121 2590 2215 2646 sub
2247 2609 2330 2648 me
2361 2594 2570 2663 milites,
2594 2605 2645 2650 et
2676 2595 2790 2650 dico
2825 2595 2962 2663 huic,
2994 2594 3159 2663 Vade,
3183 2604 3234 2651 et
3253 2596 3414 2662 vadit;
3435 2601 3487 2652 et

1897 2682 2008 2750 alii,
2063 2681 2211 2749 Veni,
2253 2694 2304 2738 et
2339 2687 2506 2753 venit;
2551 2697 2601 2742 et
2649 2704 2793 2743 servo
2829 2705 2961 2756 meo,
3004 2687 3119 2743 Fac
3158 2689 3286 2756 hoc,
3328 2697 3378 2744 et
3400 2690 3487 2760 fa-

1895 2775 1964 2829 cit
1986 2772 2200 2848 (Matth.
2236 2793 2348 2844 vni,
2393 2775 2470 2850 5).
2522 2777 2729 2836 Videtis
2755 2780 3163 2847 centurionem,
3195 2788 3487 2850 antequam

1894 2865 2243 2938 discipulatus
2264 2868 2470 2925 subiret
2491 2868 2744 2937 oﬂicium,
2776 2870 2957 2928 locum
2988 2870 3284 2940 magisterii
3320 2869 3487 2930 fuisse
3574 2922 3577 2924 .

1893 2960 2162 3018 sortitum.
2213 2959 2424 3018 Praebet
2443 2963 2588 3019 enim
2614 2964 2832 3035 petendi
2851 2962 3100 3030 formam,
3127 2963 3221 3020 dat
3240 2979 3486 3020 normam

1892 3052 2182 3120 credendi;
2217 3053 2340 3110 fidei
2363 3055 2553 3126 pandit
2585 3071 2804 3125 causas;
2846 3058 3101 3112 virtutum
3142 3056 3486 3119 commendat

205 3164 394 3205 omnes
419 3162 682 3203 mrumnas
706 3145 1008 3218 fragilitatis
1034 3146 1300 3202 humanae.
1340 3145 1596 3203 Dominus
1617 3157 1786 3204 autent
1813 3153 2171 3226 cexempla,
2205 3150 2297 3220 qui
2342 3149 2581 3206 nondum
2624 3151 2930 3206 christianae
2967 3150 3166 3207 schola:
3209 3150 3484 3218 ingressus

203 3241 407 3314 adjuvet
432 3255 549 3295 eum
568 3255 724 3311 super
742 3238 928 3293 lectum
953 3237 1146 3293 doloris
1171 3239 1301 3310 ejus.
1344 3237 1476 3306 Quis
1507 3248 1591 3296 est
1618 3241 1791 3298 lectus

203 3333 398 3390 doloris
431 3333 638 3400 nostri,
670 3332 773 3388 nisi
795 3328 823 3369 ἀ
853 3347 1050 3402 corpus
1087 3333 1369 3388 nostrum?
1395 3331 1448 3387 in
1477 3347 1586 3402 quo
1610 3333 1790 3390 anima

205 3425 352 3497 jacet,
377 3435 437 3482 et
453 3425 606 3496 jacet
623 3424 852 3493 dolens,
880 3431 937 3481 et
961 3423 1138 3491 dolet,
1172 3440 1292 3496 qua:
1317 3425 1515 3482 coelum
1543 3435 1791 3499 repetere

205 3519 420 3590 cupiens
454 3517 722 3590 premitur
754 3515 1000 3587 corporis
1025 3523 1189 3573 terra.
1233 3515 1538 3573 Universum
1568 3527 1789 3574 stratum

202 3608 304 3680 ejus
322 3609 541 3664 versasti
560 3609 619 3662 in
645 3607 949 3679 infirmitate
967 3608 1099 3679 ejus.
1139 3605 1354 3664 Justum
1379 3622 1488 3663 non
1522 3617 1706 3665 versat
1732 3609 1788 3665 in

200 3708 446 3765 stratum,
480 3714 584 3755 nec
603 3698 891 3769 injustum;
913 3697 1007 3754 sed
1027 3707 1255 3754 stratum
1283 3698 1542 3756 Dominus
1567 3710 1591 3740 ο
1614 3710 1796 3758 versat

201 3789 433 3848 inﬁmo.
472 3789 615 3847 Caro
637 3803 766 3861 ergo
787 3797 902 3858 est,
941 3804 1061 3861 qua:
1079 3797 1324 3847 versatur
1345 3798 1401 3847 et
1425 3801 1626 3850 versat.
1672 3793 1794 3867 ipsa

200 3996 377 4053 batur.
419 3993 871 4074 Diurnapictacia
889 3991 944 4048 in
970 3991 1074 4074 leg.
1105 3990 1143 4045 2
1163 3989 1385 4074 .Qodicis
1413 3947 1791 4074 Theodoskde

203 4074 408 4148 erogat.
437 4065 593 4148 iﬁlli}.
628 4062 830 4147 Cytaeis
857 4062 1399 4148 ipngspi'c,diurnum.
1426 4063 1636 4148 Videsis
1664 4063 1790 4135 Pig-

202 4133 415 4194 norium
435 4135 505 4192 de
525 4135 708 4192 Servis
727 4149 850 4206 pag.
885 4133 1199 4190 Sl‘SIVetus
1219 4149 1456 4190 marmor
1477 4135 1619 4207 apud
1647 4133 1792 4192 eum-

480 4276 572 4332 AB
607 4273 1050 4330 EPHEMERIDE
1087 4272 1286 4330 PROC.
1326 4274 1374 4330 A
1409 4274 1756 4332 MANDATIS

591 4344 792 4401 PROC.
833 4346 924 4400 AD
961 4344 1268 4409 PRAEDIA,
1309 4355 1414 4400 etc.

1898 3252 1983 3300 est
2001 3243 2356 3316 disciplinam.
2372 3241 2602 3296 Accessit
2635 3241 2704 3295 ad
2735 3257 2850 3296 eum
2883 3241 3111 3295 centurio
3134 3256 3323 3312 rogans
3344 3257 3484 3296 eum.

1896 3334 2014 3394 Hoc
2031 3344 2117 3393 est
2149 3335 2163 3374 ί
2200 3348 2413 3406 sapere,
2444 3349 2553 3389 non
2582 3347 2798 3403 rogare.
2837 3331 2978 3388 Puer
2998 3349 3140 3388 meus
3153 3334 3296 3405 jacet
3322 3333 3376 3387 in
3397 3333 3486 3387 do-

1895 3445 2000 3485 mo.
2034 3426 2238 3485 Causas
2263 3426 2419 3499 pueri
2441 3427 2594 3497 quasi
2619 3425 2875 3496 magister
2897 3424 3038 3495 agit:
3068 3439 3194 3480 vere
3217 3424 3484 3492 centurio,

1895 3523 1989 3595 qui
2026 3521 2293 3594 stipendia
2329 3527 2548 3576 terrena
2601 3516 2967 3574 centenarium
3002 3515 3125 3572 coeli
3165 3515 3395 3570 mutavit
3428 3515 3486 3578 in

1895 3615 2158 3682 fructum,
2191 3621 2246 3670 et
2271 3613 2584 3670 servitutem
2615 3609 2631 3662 i
2660 3609 2864 3666 militiae
2883 3609 3153 3665 smcularis
3173 3607 3227 3662 in
3250 3606 3486 3664 divinam

1897 3708 2113 3766 sustulit
2130 3707 2464 3778 dignitatem.
2507 3704 2747 3769 Domine,
2773 3719 2898 3775 puer
2917 3713 3059 3758 meus
3073 3702 3215 3773 jacet
3232 3701 3288 3754 in
3309 3699 3486 3756 domo.

1898 3797 2003 3868 Qui
2034 3805 2195 3856 vocat
2227 3796 2514 3854 Dominum
2532 3836 2548 3863 ,
2579 3793 2777 3850 fatetur
2806 3806 2960 3848 suam
3000 3791 3229 3847 lideliter
3251 3791 3487 3846 servitu~

1964 3995 1997 4036 δ
2023 3995 2176 4070 Tunc
2213 3993 2474 4066 temporis
2517 3989 2691 4070 Judaei
2716 3988 3066 4070 subiacebant
3110 3987 3400 4070 Romanis:
3429 3992 3486 4070 et

1893 4067 2126 4126 Romani
2154 4081 2263 4123 non
2283 4059 2492 4122 tantum
2517 4063 2569 4118 in
2590 4060 2775 4118 Iudaea
2792 4059 2824 4127 ,’
2843 4059 2939 4115 sed
2968 4067 3023 4114 et
3042 4060 3098 4113 in
3130 4059 3250 4113 aliis
3272 4059 3486 4128 imperii

1893 4139 2260 4212 suipartibus,
2285 4138 2340 4192 in
2361 4134 2686 4212 primoribus
2720 4130 3055 4212 civitatilgts,
3087 4128 3317 4212 militum
3340 4142 3485 4212 ρεσε-

1892 4197 2031 4268 sidia
2057 4197 2349 4266 servabant
2364 4197 2434 4262 ad
2451 4202 2802 4262 continendos
2823 4202 2874 4254 in
2897 4197 3355 4268 oiliciopopulos.’
3368 4197 3484 4253 Ho-

1892 4213 2031 4268 sidia
2057 4213 2349 4266 servabant
2367 4213 2434 4262 ad
2451 4213 2802 4262 continendos
2823 4218 2874 4254 In
2897 4213 3343 4323 otncuhpoplutos.
3368 4213 3482 4280 uo-

1891 4296 2016 4338 rum
2050 4279 2443 4352 autem_minor
2472 4287 2730 4352 numerus
2759 4269 3034 4352 Caesareae,
3104 4284 3172 4340 ap
3213 4283 3482 4352 arnaumi,

1895 4359 2025 4423 εις..
2047 4365 2218 4423 quam
2241 4344 2646 4423 Hierosqumis-
2687 4341 2887 4423 Υροερι
2919 4339 3232 4423 meum.
3251 4340 3484 4423 θεητειτίο

201 4419 346 4476 Idem
379 4433 510 4474 vero
540 4417 609 4473 ab
635 4416 957 4498 ephemeride
983 4430 1122 4506 acra.
1149 4417 1353 4506 diurno.
1394 4416 1790 4506 Diurnarii‘au-
1821 4443 1869 4506 υ
1892 4408 2419 4506 veln'ti'notissirnam
2451 4408 2620 4488 S'yrus
2646 4408 3482 4506 retinuit.‘Vige‘ﬁrotiumnhic-E

204 4498 347 4556 tem,
396 4503 632 4560 quorum
683 4501 978 4544 meminere
1033 4498 1432 4541 Valentinianus
1488 4498 1544 4542 et
1601 4498 1793 4544 Valens

204 4559 311 4616 AA.
337 4561 435 4616 lib.
466 4575 561 4615 vin
591 4557 726 4614 Cod.
749 4557 1021 4629 Theodos.
1049 4556 1116 4612 de
1132 4554 1372 4629 _Cohort.
1413 4555 1644 4629 Princip.
1682 4575 1793 4614 non

203 4631 365 4702 hujus
377 4630 485 4686 loci
497 4637 646 4702 sunt,
670 4628 766 4685 sed
791 4625 1034 4702 ejusdem
1055 4625 1256 4682 ordinis
1271 4642 1392 4682 cum
1407 4625 1789 4696 scriberidariis,

205 4697 499 4768 tabulariis,
523 4707 580 4756 et
598 4699 652 4755 id
672 4713 841 4768 genus
859 4697 998 4754 aliis.

269 4781 298 4810 ι
326 4771 426 4828 Sic
445 4767 516 4828 ex
533 4786 636 4826 ms.
659 4767 922 4825 Vallicell.
939 4777 996 4826 et
1018 4767 1192 4824 Vatic.
1211 4767 1334 4833 Alii,
1354 4783 1456 4825 nec
1474 4769 1790 4842 improprie,

205 4842 451 4899 Domum.

145 4929 160 4972 ξ
193 4933 196 4936 ‘
269 4913 300 4954 ³
329 4913 492 4986 ᾼριξά
508 4909 756 4986 Ovidium
775 4908 1345 4986 Fast._lib._v,_lntrare
1363 4918 1577 4966 mentes.
1691 4923 1718 4976 ·,
1771 4942 1794 4986 τ

273 4995 305 5054 ¢_
329 4978 413 5040 na
442 4983 579 5054 legit
591 4981 900 5054 Arnobius,
911 4978 1286 5054 Cassiodorus.

281 5051 312 5094 ⁸
332 5049 649 5110 Ambrosius
666 5061 817 5123 tom.
834 5049 903 5106 Ill
923 5051 1026 5123 _lib.
1063 5067 1098 5107 v
1124 5051 1178 5123 in
1207 5051 1406 5123 Lucam
1425 5066 1546 5123 pag.
1577 5050 1700 5119 ωδ,
1728 5049 1792 5118 L,

209 5127 336 5184 edit.
379 5124 645 5208 Parisien.
691 5120 865 5208 1.554”:
889 5119 1098 5208 Lectus
1131 5121 1359 5208 doloris,
1395 5119 1582 5208 itaque
1616 5124 1796 5179 anima

209 5208 385 5253 nostra
406 5197 552 5269 gravi
570 5193 899 5250 conscientia
917 5209 1059 5265 nigra
1080 5194 1312 5247 cruciatu
1324 5191 1551 5266 jacebat.

243 5339 258 5346 -
279 5279 303 5307 ε
336 5266 530 5346 Mirum
567 5272 771 5346 quanta
802 5263 1047 5346 caligine
1057 5264 1126 5346 in.
1161 5263 1432 5346 nonnullis
1471 5263 1798 5346 editionibus

209 5339 469 5394 obruatur
501 5333 655 5391 locus
689 5334 810 5401 hic,
841 5333 934 5404 qui
955 5333 1166 5390 Latinio
1199 5334 1364 5390 etiam
1397 5335 1673 5404 negotium
1711 5334 1795 5391 fa-

173 5489 181 5521 ι
491 5476 867 5560 Augustinum,
890 5483 1127 5560 enarrat.
1127 5475 1220 5560 _in_
1234 5475 1380 5560 hunc
1395 5476 1686 5560 psalmum.

280 5558 308 5597 ι
337 5545 627 5618 Gregorius
651 5546 1018 5603 Nazianzenus
1042 5547 1098 5602 in
1127 5545 1475 5603 Tetrasticis:

341 5642 408 5714 ac
426 5640 700 5714 debitorem
710 5638 1151 5714 ,ρτειφτρωιιὲἓξυε
1167 5638 1333 5714 Quae

339 5703 515 5766 Frusto
537 5699 768 5766 rependit
785 5707 980 5765 sceptra
1013 5702 1098 5764 qui
1117 5699 1336 5766 caelestia

341 5765 442 5818 Alis
461 5763 690 5829 tegisQue
710 5763 958 5828 paupei-es
990 5763 1198 5828 pascens
1217 5763 1396 5818 Deum,

492 5850 768 5913 ιἈτιιοι.
815 5847 950 5910 LII.

396 4503 632 4560 quorum
665 4480 978 4560 'me_minere
1026 4484 1446 4560 Valentinianus
1488 4495 1544 4560 et
1576 4488 1793 4560 Valens
1822 4480 1868 4506 "
1895 4500 1951 4550 et
1981 4492 2050 4548 de
2082 4489 2415 4548 centurionis
2459 4480 2684 4542 munere
2731 4482 2955 4560 consule
2986 4481 3272 4560 Veget_iu_m
3313 4480 3406 4534 lib.
3444 4495 3486 4536 ll

1894 4578 2013 4634 cap.
2041 4560 2129 4635 μ.
2169 4560 2377 4616 Addam
2416 4563 2627 4635 tantum
2657 4554 3007 4635 centuriones
3029 4550 3173 4635 apud
3207 4551 3484 4635 Romapos

1929 4622 2166 4690 u'ondam
2200 4637 2424 4687 vocatos
2465 4627 2633 4692 vites,
2677 4625 2744 4681 iis
2775 4623 2922 4680 enim
2959 4622 3046 4693 abk
3063 4622 3483 4693 imperatoribus

1929 4704 2126 4761 abatur
2156 4702 2280 4782 vitis
2292 4699 2392 4782 “ad
2417 4689 2737 4770 plectendos
2753 4695 2974 4751 milites.
3014 4689 3186 4750 Sceva
3199 4690 3352 4782 apud
3371 4689 3484 4746 Lu-

1892 4789 2088 4832 canum
2113 4787 2188 4842 vi,
2220 4768 2343 4827 με.

2025 4966 2038 4982 .
2075 4931 2146 4983 .".
2181 4966 2196 4982 .
2231 4963 2246 4980 .
2284 4965 2297 4978 .
2337 4966 2352 4980 .
2390 4963 2404 4978 .
2430 4963 2442 4977 .
2469 4959 2485 4976 .
2515 4961 2568 4978 ..
2596 4961 2611 4976 .
2654 4915 3180 4987 Ibisanguinemnlto"

2018 4994 2279 5046 Promotus
2290 4989 2455 5042 latlam
2475 4988 2627 5051 longo
2640 4987 2774 5052 gerit
2788 4988 2965 5038 ordine
2982 4989 3152 5038 vitem.

1893 5184 2030 5242 Vide
2048 5183 2370 5242 Salmasium
2405 5183 2462 5239 in
2501 5182 2644 5239 notis
2670 5180 2738 5237 ad
2771 5179 3116 5253 Spartianum
3133 5193 3173 5253 ;_
3189 5175 3483 5253 Eusebium

1895 5257 2132 5332 Historia
2153 5254 2486 5332 _E_3cclesi_ast._
2507 5254 2601 5309 lib.
2617 5269 2690 5308 vn
2709 5247 2841 5332 capi,
2872 5250 2957 5317 l5,
2991 5263 3114 5332 pag.
3141 5247 3478 5332 durescat.

1895 5329 2049 5394 edit.,
2076 5327 2170 5384 ubi
2189 5327 2339 5382 locus
2360 5325 2625 5396 implexus
2651 5320 2916 5396 enodatur
2945 5337 2978 5376 a
2994 5320 3220 5396 ’Val‘esio
3244 5320 3299 5396 in
3316 5321 3481 5377 notis.

1975 5400 1992 5436 ι
2026 5388 2266 5454 Latinius
2291 5397 2420 5468 legit
2436 5388 2639 5468 rapere,
2661 5401 2718 5468 et
2734 5391 2964 5468 fortasse
2972 5391 3195 5468 _melius.
3229 5388 3485 5468 Attamen

1898 5470 2185 5544 lectionem
2205 5461 2453 5525 codic'um
2482 5461 2712 5532 retinui,
2739 5471 2928 5535 utpote
2948 5463 3014 5518 iis
3031 5475 3153 5532 quas
3172 5461 3505 5544 praecedunt

1897 5552 2487 5691 :igillliaamllgo
2517 5604 2823 5691 cardinalis
2839 5620 3004 5691 super
3141 5601 3178 5691 ¹ι
3196 5602 3331 5673 Reg.
3352 5552 3505 5691 νιξέι

1904 5682 2162 5739 Tribunus
2192 5689 2243 5737 et
2274 5680 2502 5735 centurio
2533 5678 2898 5750 sunt‘nomina
2930 5677 3282 5750 dignitatum:
3305 5689 3483 5750 nume.-

1901 5725 3501 5822 ἱτὶἶιιῖὲῗαῖἑηῖ⁷ἑὶι⁷εὲἷἀνῖᾇᾶἓεὶιῖζῖᾶεὶεὲῧὲιὲἷέῑἱᾶνῖεᾶὲέὲ.1
