3942 6348
456 273 562 332 259

1605 259 1660 315 S.
1704 255 1906 315 PETRI
1943 256 2378 316 CHRYSOLOGI

3643 259 3746 320 ιιι

453 387 721 447 homines,
746 382 837 452 qui
859 379 1022 436 variis
1060 375 1272 434 casibus
1304 372 1598 444 perierant,
1625 370 1911 427 inveniret.
1943 368 2046 438 Qui
2078 375 2126 434 Α
2152 369 2181 411 ιι
2203 371 2609 442 Philosophiam
2632 369 2858 441 lingunt,
2883 377 2944 430 ut
2963 370 3166 428 faciant
3191 372 3328 431 nihil
3344 375 3488 432 scire
3507 374 3752 435 homines

452 483 574 541 loca
598 481 816 544 fecerat,
841 477 969 548 quid
999 473 1123 529 novi
1146 471 1354 525 videret
1391 468 1443 522 in
1473 466 1640 523 locis?
1681 465 1790 522 Aut
1830 465 1903 522 illi
1924 464 2052 535 quid

454 576 662 639 aberat,
688 573 781 644 qui
804 572 999 639 ubique
1027 566 1184 623 erat?
1209 561 1278 618 Ut
1298 563 1460 618 homo
1481 560 1764 615 videbatur
1802 559 1856 614 in
1896 557 2049 623 locis,

457 668 557 725 sed
577 667 776 735 ubique
797 661 1013 718 videbat
1033 665 1093 713 ut
1112 656 1255 710 Deus
1278 671 1292 720 ;
1316 652 1533 706 videbat
1560 652 1763 720 utique,
1787 657 1843 705 et
1861 648 2054 720 despe-

451 769 606 818 ratos
625 759 858 821 videbat,
881 753 1077 825 quibus
1111 751 1225 806 ibat
1252 747 1432 804 divina
1455 746 1692 803 remedia
1724 745 2044 816 largiturus;

453 859 567 914 ibat
593 854 660 910 ad
699 867 884 910 eorum
926 863 1131 911 curam,
1155 845 1352 916 quibus
1371 844 1604 898 humana
1631 840 1743 911 jam
1777 839 2051 896 defecerat

450 967 600 1016 cura,
623 949 763 1004 sicut
791 944 1056 1002 hodierna
1095 940 1383 1013 probatum
1418 945 1503 994 est
1535 935 1784 992 lectione.
1817 932 1945 989 Cum
1963 950 2047 987 ve-

353 1074 356 1075 ν
449 1044 634 1105 uisset,
673 1037 872 1107 inquit,
894 1033 1050 1090 Jesus
1086 1042 1229 1088 trans
1253 1033 1438 1103 fretum
1471 1029 1524 1084 in
1547 1029 1808 1100 regionem
1829 1023 2048 1080 Gerase-

447 1147 656 1197 norum,
682 1135 1018 1185 occurrerunt
1056 1125 1103 1179 ei
1126 1122 1246 1188 duo,
1279 1119 1523 1176 habentes
1546 1118 1825 1182 dwmonia,
1859 1116 1922 1171 de
1940 1133 2052 1172 mo-

447 1223 706 1278 numentis
727 1227 971 1274 exeuntes
1000 1216 1120 1271 δανινὶ
1143 1214 1316 1277 nimis,
1341 1213 1415 1267 ita
1433 1221 1490 1265 ut
1517 1226 1667 1264 nemo
1689 1217 1858 1280 posset
1888 1217 2055 1262 trans-

448 1313 524 1367 ire
557 1329 648 1382 per
677 1311 813 1364 viam
847 1309 994 1363 illam
1026 1304 1250 1378 (Matth.
1276 1319 1364 1358 vut
1382 1302 1422 1372 ).
1449 1311 1472 1339 °
1498 1301 1672 1356 Lubet
1702 1300 1869 1355 scisse
1898 1305 1954 1354 et
1971 1297 2053 1353 vi-

449 1401 595 1458 disse
618 1401 905 1456 Dominum
925 1397 1054 1468 quid
1076 1396 1222 1460 mali,
1237 1394 1363 1464 quid
1386 1392 1609 1464 periculi
1631 1392 1736 1447 illis
1756 1391 2048 1446 haberetur

449 1496 507 1551 in
528 1495 695 1558 locis;
725 1502 782 1547 et
803 1491 924 1546 ideo
947 1490 1074 1544 illuc
1095 1488 1119 1526 δ
1144 1488 1250 1542 isse
1278 1485 1438 1542 utsic
1466 1483 1785 1555 desperatis,
1810 1479 2042 1548 afﬂictis,

451 1590 531 1647 sic
562 1587 774 1643 miseris
804 1583 1135 1640 subveniret.
1186 1580 1537 1634 Occurrerunt
1565 1579 1612 1632 ei
1646 1576 1747 1632 duo
1788 1574 2048 1630 dwmonia

2153 467 2276 540 plus
2297 465 2607 536 quzerendo.
2651 465 2792 523 Deos
2830 467 3029 523 multos
3069 465 3320 539 figurant,
3360 476 3424 526 ut
3468 469 3631 536 Deus,
3660 471 3750 544 qui

2155 575 2293 616 unus
2312 569 2368 615 et
2396 574 2557 616 verus
2585 567 2686 625 est,
2712 559 3003 616 nesciatur.
3042 559 3459 618 Occurreruntei
3487 563 3613 630 duo,
3642 565 3749 621 dc-

2153 654 2330 708 monia
2372 649 2634 708 habentes.
2688 650 2914 720 Quando
2953 652 3022 709 ad
3058 653 3195 709 duos
3240 653 3490 714 homines
3554 655 3753 715 (immo-

2155 744 2242 800 nia
2289 744 2494 811 multa,
2544 744 2614 800 ad
2654 760 2821 801 unum
2873 744 2891 786 ί
2942 745 3214 816 legionem
3262 755 3432 803 totam
3485 747 3752 819 signiﬁcat

2155 836 2474 892 convenisse
2499 854 2512 890 :
2540 836 2646 893 hoc
2675 836 2797 892 ideo
2829 836 2974 901 facit,
3021 847 3080 894 ut
3107 838 3303 896 doceat
3340 840 3616 898 cavendos
3636 857 3750 898 esse

2151 926 2444 990 daemones,
2487 943 2594 982 non
2645 928 2938 991 timendos;
2969 929 3238 1000 simulque
3283 941 3572 1001 monstrat,
3595 949 3750 1005 quam

2153 1017 2223 1075 sit
2271 1020 2512 1090 potentia
2552 1019 2753 1076 Christi
2795 1021 3080 1091 singularis
3107 1065 3123 1090 ,
3173 1023 3321 1094 quod
3365 1025 3591 1082 nomine
3635 1027 3748 1083 solo

2153 1109 2354 1166 Christi
2405 1110 2622 1180 fugatur
2659 1112 2836 1168 omnis
2880 1113 3186 1170 dtemonum
3218 1114 3525 1172 multitudo.
3559 1113 3751 1175 Occur-

2154 1216 2334 1262 rerunt
2360 1207 2407 1261 ei
2429 1205 2550 1273 duo,
2576 1206 2835 1262 dwmonia
2864 1205 3130 1263 habentes.
3157 1206 3398 1264 Exhibiti
3427 1225 3536 1266 non
3562 1211 3750 1268 volen-

2155 1305 2237 1355 tes
2259 1307 2554 1362 venerunt;
2585 1301 2603 1351 t
2641 1300 2953 1370 imperantis
2969 1298 3143 1371 jussu,
3189 1318 3299 1357 non
3337 1317 3439 1360 suo
3464 1317 3639 1369 ausu;
3669 1313 3750 1362 at-

2153 1391 2308 1446 tracti
2348 1399 2473 1446 sunt
2500 1391 2670 1456 inviti,
2702 1407 2810 1448 non
2839 1408 2936 1448 sua
2965 1402 3160 1464 sponte
3185 1403 3486 1452 currentes.
3512 1396 3751 1469 Denique

2152 1481 2219 1537 ad
2242 1483 2580 1553 praesentiam
2608 1481 2808 1540 Christi
2838 1484 3087 1541 homines
3107 1495 3309 1542 exeunt
3334 1487 3404 1543 de
3429 1503 3748 1546 monumen-

2153 1575 2242 1644 tis,
2276 1584 2330 1632 et
2357 1591 2513 1632 versa
2540 1577 2659 1632 vice
2682 1574 2710 1616 ι
2736 1579 2979 1649 captivos
3007 1577 3204 1645 ferunt,
3249 1595 3279 1634 a
3308 1580 3505 1650 quibus
3544 1579 3750 1638 fuerant

450 1681 726 1745 habentes,
770 1678 834 1731 de
869 1672 1211 1731 monumentis
1253 1680 1513 1726 exeuntes.
1551 1680 1572 1708 ο
1597 1667 1655 1722 ln
1686 1664 2051 1722 monumentis
2080 1692 2128 1752 Β
2153 1666 2436 1736 captivati;
2465 1666 2661 1721 sistunt
2688 1667 2883 1738 pinnis,
2925 1682 3156 1738 quorum
3181 1669 3508 1725 cruciatibus
3535 1679 3748 1741 torque—

449 1773 634 1829 sedem
664 1770 912 1826 fecerant
940 1765 967 1804 ά
1003 1765 1193 1820 mortis
1223 1771 1490 1818 auctores.
1521 1758 1791 1814 Attendite
1810 1772 1933 1827 qua:
1952 1771 2052 1812 sae-

449 1865 598 1930 vitia,
622 1863 744 1932 quis
767 1860 933 1925 furor,
951 1873 1071 1928 quae
1091 1857 1269 1912 rabies
1283 1855 1589 1910 dmmonum
1606 1867 1734 1922 erga
1755 1852 2048 1906 humanum

445 1972 656 2028 genus:
700 1953 946 2025 quamvis
987 1952 1152 2007 breve
1191 1958 1404 2020 tempus
1443 1947 1722 2003 hominum
1761 1945 1904 2001 ferre
1942 1959 2048 1999 non

447 2055 693 2121 possunt,
720 2043 964 2102 contenti
994 2058 1102 2098 non
1142 2049 1268 2097 sunt
1287 2039 1427 2096 mori
1467 2038 1736 2104 homines,
1769 2037 1864 2092 sed
1899 2036 2048 2091 vivos

448 2141 698 2197 homines
717 2138 955 2208 gestiunt
981 2134 1252 2207 sepelire;
1283 2147 1344 2189 se
1381 2130 1644 2203 sepulcris
1677 2130 1956 2192 mandant,
1993 2133 2048 2184 ut

448 2232 700 2288 homines
721 2240 744 2267 θ
767 2229 1028 2286 reducant
1049 2228 1100 2283 in
1131 2226 1375 2298 sepulcra
1402 2242 1416 2279 :
1450 2232 1746 2295 pascuntur
1765 2222 2047 2278 cadaveri-

448 2322 580 2390 bus,
609 2320 895 2394 putredine
927 2319 1270 2390 saginantur,
1295 2316 1618 2372 deliciantur
1638 2314 1828 2380 fetore,
1851 2313 2050 2385 quibus

449 2423 566 2472 tota
605 2415 856 2485 voluptas
897 2420 981 2468 est
1017 2411 1264 2466 homines
1303 2410 1545 2464 interire.
1595 2406 1702 2464 Sed
1751 2407 2047 2464 sentiamus

447 2509 575 2580 quid
605 2508 984 2564 machinentur
1019 2503 1329 2568 fraudibus,
1363 2501 1496 2572 quid
1534 2501 1827 2556 moliantur
1867 2499 2040 2564 malis,

445 2618 678 2674 quorum
717 2598 1008 2655 crudelitas
1026 2595 1247 2652 modum
1281 2609 1389 2649 non
1413 2593 1578 2648 habet
1600 2593 1652 2647 in
1675 2601 1882 2664 aperto.
1907 2591 2044 2659 Quid

447 2692 654 2750 faciunt
688 2692 776 2747 isti
797 2689 1015 2760 quando
1035 2687 1252 2744 divitias
1280 2694 1585 2751 ostentant,
1614 2684 1635 2724 τ
1660 2685 1760 2740 nisi
1791 2693 1850 2740 ut
1869 2685 2046 2741 avari-

447 2785 580 2840 tiam
618 2783 838 2838 serant?
881 2779 950 2835 Ut
978 2781 1219 2835 inserant
1263 2777 1602 2848 superbiam,
1633 2792 1886 2850 pompam
1915 2792 2043 2850 pro-

445 2882 674 2948 ponunt.
699 2872 1135 2942 Singularitatem
1157 2869 1453 2934 venditant,
1485 2877 1543 2925 ut
1573 2880 1596 2918 ε
1619 2869 1762 2940 quod
1791 2879 1874 2926 est
1899 2885 2043 2927 com-

445 2967 734 3032 munionis,
767 2963 1070 3020 excludant.
1101 2961 1168 3018 Ut
1196 2962 1332 3018 iram
1360 2962 1621 3026 nutriant,
1663 2976 1856 3018 causas
1887 2963 2040 3020 colo-

443 3065 587 3115 rant.
634 3055 702 3114 Ut
739 3057 998 3129 pietatem
1026 3054 1263 3122 violent,
1289 3051 1568 3111 affectibus
1595 3053 1730 3110 dant
1767 3057 2035 3127 querelas.

2151 1757 2349 1813 bantur
2379 1775 2393 1812 :
2427 1765 2616 1828 aptant
2643 1757 2710 1814 ad
2739 1758 3082 1823 sententiam,
3127 1774 3157 1814 a
3185 1761 3381 1831 quibus
3409 1760 3610 1819 addicti
3634 1762 3747 1818 fue-

2149 1860 2274 1906 rant
2295 1851 2406 1921 jam
2438 1851 2719 1921 sepulcris.
2749 1848 3097 1908 Occurrerunt
3129 1856 3176 1909 ei
3209 1853 3311 1910 duo
3349 1853 3616 1912 (immania
3653 1857 3746 1912 ha-

2152 1943 2244 1996 ben
2256 1952 2324 1997 tes
2348 1943 2471 1998 strui
2504 1943 2677 2007 nimis,
2703 1944 2777 1998 ita
2805 1953 2862 1998 ut
2893 1961 3042 2000 nemo
3063 1955 3236 2016 posset
3257 1949 3481 2002 transire
3497 1965 3593 2020 per
3617 1949 3747 2004 riam

2146 2035 2312 2091 illum.
2339 2035 2545 2091 Videtis
2572 2037 2697 2106 quia
2721 2037 2995 2094 dzemones
3018 2038 3357 2096 venientibus
3381 2040 3448 2096 ad
3477 2038 3744 2100 Christum

2147 2129 2530 2201 prmcluseraut
2551 2130 2713 2193 viam,
2733 2131 3016 2186 transitum
3037 2131 3388 2202 denegarant.
3414 2133 3630 2191 Etenim
3651 2136 3745 2192 da!-

2147 2236 2370 2276 monum
2398 2221 2498 2276 ista
2523 2236 2673 2284 cura,
2701 2237 2769 2277 ne
2796 2221 2864 2276 ad
2888 2222 3061 2278 Deum
3090 2223 3338 2280 homines
3365 2226 3580 2296 possint
3607 2226 3744 2283 redi-

2151 2323 2262 2372 tum
2287 2316 2550 2372 invenire.
2582 2315 2700 2372 Non
2725 2315 2868 2372 enim
2898 2316 3056 2373 aliter
3095 2327 3322 2389 possunt
3342 2318 3595 2376 homines
3621 2335 3744 2392 pos-

2146 2407 2343 2471 sidere,
2372 2407 2472 2463 nisi
2514 2422 2612 2463 eos
2652 2407 2719 2463 ab
2760 2409 2998 2464 auctoris
3025 2409 3106 2465 sui
3136 2410 3399 2466 societate
3427 2411 3742 2469 subducant.

2147 2498 2235 2555 Ita
2262 2511 2319 2555 ut
2344 2517 2493 2556 nemo
2521 2509 2692 2572 posset
2741 2501 2964 2556 transire
3003 2518 3095 2572 per
3122 2503 3257 2557 viam
3281 2501 3450 2558 illam.
3494 2501 3634 2562 IIinc
3670 2513 3744 2561 est

2145 2594 2292 2664 quod
2313 2591 2326 2632 ¹
2348 2593 2594 2650 Christus
2612 2592 2782 2648 factus
2804 2602 2888 2650 est
2906 2594 3011 2648 via.
3041 2591 3127 2648 Ita
3145 2604 3205 2648 ut
3223 2611 3373 2649 nemo
3394 2605 3568 2664 posset
3591 2606 3744 2651 trans-

2143 2688 2223 2742 ire
2250 2704 2342 2759 per
2377 2688 2514 2742 viam
2552 2685 2720 2741 illam.
2750 2685 2933 2753 illam,
2980 2702 3086 2742 non
3112 2687 3293 2743 istam.
3323 2685 3439 2758 Ego
3485 2704 3638 2756 sum,
3669 2689 3742 2745 in-

2144 2779 2282 2849 quit,
2315 2779 2399 2833 via
2429 2776 2611 2849 (Joan,
2642 2776 2774 2845 xxv).
2801 2775 2871 2835 Ut
2898 2777 2964 2834 ad
2994 2779 3136 2834 viam
3164 2795 3262 2851 per
3286 2779 3452 2848 viam,
3491 2781 3560 2837 ad
3582 2781 3740 2840 Deum

2145 2885 2244 2942 per
2270 2869 2439 2925 Deum
2479 2870 2820 2926 venientibus
2865 2869 3128 2928 obsistere
3165 2871 3248 2927 vis
3285 2871 3596 2930 daemonum
3641 2889 3740 2931 non

2145 2965 2353 3020 valeret
2376 2981 2389 3018 :
2414 2963 2481 3020 ad
2501 2963 2672 3021 Deum
2696 2964 2798 3020 nisi
2821 2979 2916 3035 per
2936 2965 3104 3020 Deum
3126 2973 3306 3036 potest
3324 2967 3619 3036 perveniri.
3640 2965 3740 3024 Sed

2141 3057 2252 3128 jam
2273 3055 2402 3128 quid
2421 3056 2697 3114 daemones
2716 3056 3086 3122 clamaverint,
3112 3059 3412 3116 audiamus.
3440 3057 3581 3126 Quid
3601 3061 3740 3117 nobis

516 3231 542 3300 ἐι
562 3219 620 3302 In
644 3219 801 3302 editis
827 3219 1042 3302 laborat
1060 3231 1171 3302 non
1189 3213 1449 3273 mediocri
1466 3215 1600 3274 vitio
1623 3215 1774 3274 locus
1794 3217 1915 3286 hic;
1936 3235 2037 3292 pro
2065 3221 2112 3286 C
2144 3219 2308 3276 etiam
2336 3217 2789 3302 lycanthropicos,
2812 3217 2980 3302 Gallis
2999 3219 3383 3302 loups-garous,
3406 3221 3587 3302 ltalis,_
3601 3221 3742 3295 Lupi

442 3293 581 3350 lubet
603 3292 830 3347 habetur
849 3291 992 3345 enim
1015 3291 1166 3343 lucet.

513 3363 542 3402 ιι
569 3362 659 3418 Sic
677 3360 1054 3430 corrigendum
1075 3365 1230 3430 putat
1255 3355 1517 3424 Latinius,
1544 3367 1600 3415 et
1625 3357 1867 3415 Castillo.
1889 3359 2036 3425 Mita,

442 3451 571 3491 esse.

521 3516 542 3543 ο
571 3501 913 3557 Monumenta
952 3500 1007 3554 in
1036 3499 1179 3570 agris
1206 3499 1602 3570 constituebant
1637 3498 1847 3570 Hebraei
1870 3539 1885 3565 ,
1932 3516 2040 3557 non

441 3576 499 3631 in
523 3573 762 3638 urbibus,
789 3587 855 3626 ne
875 3568 1386 3626 contaminarentur.
1415 3568 1607 3638 Exstat
1646 3569 1869 3638 insignis
1889 3571 2040 3627 locus

439 3644 662 3714 Josephi
709 3643 776 3697 de
805 3641 1019 3714 Herode
1058 3637 1685 3714 tetrarchamdiﬁcatore
1733 3637 2034 3714 Tiberiadis

439 3716 535 3772 lib.
561 3710 687 3770 ivm
725 3728 844 3784 cap.
877 3712 918 3784 3_
937 3725 1098 3784 quem
1140 3726 1246 3764 non
1269 3710 1710 3784 vidisse_pigebit.
1743 3711 1876 3784 Cum
1902 3727 2029 3768 vero

438 3784 745 3864 Judgeorum
763 3779 1022 3864 sepulcra
1039 3782 1147 3864 alta
1167 3790 1366 3864 essent,
1389 3790 1444 3864 e_t
1463 3779 1753 3864 fornicibus
1767 3782 2025 3864 obducta,

439 3855 705 3916 cubilbus
733 3851 947 3918 similia,
973 3859 1031 3907 ut
1051 3852 1213 3907 habet
1231 3851 1560 3916 Menochius,
1588 3853 1672 3908 vel
1699 3853 1852 3908 cellis
1873 3853 2028 3908 vina-

437 3928 552 3993 riis,
577 3935 636 3981 ut
655 3924 1010 3986 Maldonatus,
1036 3922 1190 3993 facile
1211 3929 1423 3992 poterat
1442 3921 1562 3993 quis
1583 3922 1634 3978 in
1657 3924 1735 3978 eis
1757 3924 2024 3980 habitare.

436 3991 574 4054 Vide
611 3997 766 4068 plura
803 3993 946 4065 apud
993 3991 1416 4049 eruditissimum
1466 3991 1748 4049 Nicolaum
1807 3994 1876 4050 de
1926 3994 2028 4050 Se-

433 4069 718 4194 l’u‘licrslz-ne
738 4137 1012 4192 daemones
1032 4135 1174 4191 circa
1207 4133 1463 4203 sepulcra
1500 4133 1776 4190 obversari
1804 4134 2027 4191 tradunt

434 4208 686 4264 Clemens
707 4205 1101 4262 Alexandrinus
1122 4204 1174 4259 in
1202 4202 1347 4274 Prot'
1364 4211 1473 4274 cpt.
1493 4245 1506 4270 ,
1532 4204 1843 4260 Lactantius
1872 4205 1964 4260 lib.
1989 4223 2026 4262 ιι

434 4295 555 4350 cap.
589 4278 673 4350 1i,
699 4276 1132 4350 Theophylactus
1154 4276 1208 4350 in
1231 4273 1418 4329 Matth.
1451 4292 1502 4340 ιι,
1527 4277 1620 4343 qui
1641 4285 1795 4350 putat
1814 4292 1880 4332 eo
1897 4285 2027 4332 tem-

433 4346 569 4421 pore
597 4348 839 4421 viguisse
865 4346 1095 4421 _dogma_
1122 4347 1329 4421 animas
1375 4354 1708 4421 mortuorum
1753 4347 2026 4404 daemones

432 4415 571 4475 iieri.
597 4415 731 4488 Vide
760 4416 1043 4488 Tatianum
1069 4415 1344 4488 Assyrium
1382 4424 1522 4488 orat.
1549 4417 1616 4471 ad
1655 4416 1872 4481 Gentes,
1897 4433 2018 4488 pag.

433 4489 539 4544 151
570 4508 582 4542 :
608 4487 778 4543 Porro
808 4487 1063 4558 daemones
1085 4485 1186 4557 qui
1198 4485 1486 4558 hominibus
1509 4487 1884 4558 imperantnon
1899 4485 2025 4544 sunt

432 4563 626 4616 animis
659 4558 948 4620 hominum;
971 4555 1300 4612 Clementem
1323 4555 1740 4613 Alexandrinum
1762 4557 2020 4615 Stromat.

429 4631 528 4686 lib.
558 4647 609 4686 vr
630 4643 752 4700 pag.
779 4627 902 4700 7511A.
927 4626 1055 4700 Quae
1094 4626 1192 4700 fuit
1235 4626 1636 4700 Platonicorum
1662 4630 1957 4695 sententia;
1989 4648 2021 4687 a

429 4696 723 4772 quainon:
743 4698 912 4754 abfuit
939 4696 1317 4772 Tertullianus,
1348 4706 1483 4772 teste
1509 4699 1807 4772 Augustino
1836 4700 1903 4772 de
1925 4701 2020 4772 Ci-

427 4767 527 4827 vit.
553 4770 650 4839 Dei
670 4769 763 4824 lib.
787 4785 839 4824 ιιι
860 4784 978 4839 cap.
1005 4768 1090 4839 1A1,
1115 4783 1215 4824 nec
1235 4767 1500 4838 Joscphus
1529 4767 1620 4824 lib.
1648 4786 1720 4826 vn
1758 4770 1825 4825 de
1846 4770 2015 4839 Bello,

427 4785 527 4827 vn.
553 4785 650 4826 uel
672 4785 763 4824 nu.
787 4785 839 4824 ιιι
860 4785 922 4824 ca
965 4807 978 4822 .
1005 4785 1090 4833 ιι,
1115 4785 1215 4824 nec
1235 4785 1500 4838 Joscpnus
1529 4785 1620 4824 ιιυ.
1648 4786 1720 4826 vn
1758 4785 1825 4825 ue
1846 4785 2015 4839 vello,

425 4859 550 4911 cap.
582 4838 672 4904 25,
707 4853 827 4911 pag.
860 4785 992 4911 98g.
1015 4836 1430 4911 Chrysostotnus
1459 4848 1637 4895 autem
1667 4849 1798 4896 tom.
1831 4839 1895 4907 V,
1928 4842 2021 4898 ho-

426 4859 490 4899 Οἱ]
536 4882 550 4896 .
582 4859 672 4904 ΖΟ,
707 4859 827 4910 pag.
860 4859 983 4893 νδι.
1015 4859 1430 4911 υιιιγδοδιοιιιιιδ
1459 4859 1637 4895 antem
1667 4859 1798 4896 ιΟΠΙ.
1839 4859 1895 4907 ν,
1928 4859 2016 4898 HO"

426 4859 542 4970 ιιιίῗ.
577 4911 664 4975 56,
698 4910 850 4980 cujus
878 4909 1063 4964 titulus
1096 4928 1108 4962 :
1142 4907 1293 4982 Quod
1320 4910 1508 4982 animae
1553 4927 1748 4975 eorum,
1797 4913 1882 4982 qui
1910 4913 2016 4967 vio-

425 4983 566 5038 lenta
594 4979 994 5050 morte’pereunt
1038 4997 1139 5035 non
1184 4980 1318 5050 ﬁant
1363 4979 1640 5044 daemones,
1671 4982 1777 5036 hoc
1804 4979 2014 5039 tantum

466 5065 744 5110 ersuasum
774 5050 937 5106 fuisse
966 5051 1042 5105 ait
1067 5051 1135 5105 de
1165 5050 1246 5105 his
1273 5051 1366 5119 qui
1393 5050 1628 5106 violenta
1655 5061 1831 5108 morte
1858 5067 2018 5109 occu-

467 5131 678 5187 uerant,
710 5130 766 5178 et
793 5137 931 5191 quos
962 5120 1326 5191 _Biothanatos
1353 5121 1645 5191 appellant.
1667 5190 1670 5191 ν
1690 5120 1823 5177 Vide
1851 5122 2018 5180 Baro-

425 5196 574 5250 nium
605 5193 671 5248 ad
701 5189 900 5247 annum
945 5189 1278 5263 Cbristi138
1310 5190 1337 5263 ᾗ
1370 5189 1455 5243 45.
1489 5190 1858 5263 Verosimilius
1899 5193 2018 5252 aliis

424 5265 639 5320 videtur
666 5264 930 5319 creditum
961 5269 1094 5334 tum
1135 5260 1298 5316 fuisse
1315 5260 1357 5315 'a
1393 5261 1575 5334 multis
1604 5263 1746 5318 inani
1776 5263 2016 5334 philoso-

424 5335 552 5405 phia
595 5334 852 5404 deceptis,
885 5330 1094 5388 animas
1121 5339 1459 5388 mortuorum
1505 5333 1711 5390 haerere
1738 5330 1882 5391 circa
1929 5351 2014 5393 se-

424 5407 635 5476 pulcra.

503 5485 527 5512 ο
556 5474 646 5530 Sic
682 5473 958 5530 emendavi
1007 5488 1076 5529 ex
1119 5488 1221 5528 ms.
1253 5470 1602 5530 Vallicellano
1647 5483 1703 5531 et
1727 5474 2010 5533 Vaticano.

425 5543 721 5618 Editioues,
747 5546 997 5618 redigant.
1019 5545 1177 5600 Putat
1197 5551 1375 5618 autem
1405 5543 1740 5618 Maldonatus
1759 5548 1810 5606 id
1840 5549 2010 5617 egisse

424 5616 720 5681 daemones,
753 5626 811 5672 ut
835 5616 1084 5674 obsessos
1111 5616 1289 5673 acrius
1335 5623 1649 5685 torquerent
1688 5617 1862 5675 fetore
1887 5616 2007 5678 loci.

425 5685 610 5742 Facile
636 5695 816 5742 autem
845 5687 898 5740 in
924 5688 1246 5745 sententiam
1275 5686 1660 5745 descenderem
1701 5689 2010 5746 existiman-

427 5757 566 5817 tium
591 5757 738 5814 viros
764 5757 864 5814 hos
909 5774 1016 5816 non
1045 5759 1218 5815 solum
1248 5757 1411 5816 fuisse
1458 5773 1869 5832 energumenos,
1917 5761 2012 5819 sed

2143 3289 2370 3351 manari,
2403 3298 2467 3358 et
2499 3289 2816 3358 gravissima
2845 3289 3204 3346 melancholia
3232 3291 3523 3348 laborasse.
3566 3289 3744 3351 Lucas

2141 3377 2252 3425 vm,
2285 3359 2355 3433 27
2390 3377 2401 3412 :
2434 3356 2686 3433 Occurrit
2703 3360 2780 3414 illi
2808 3361 2884 3415 uir
2905 3360 3146 3432 quidam,
3177 3363 3265 3433 qui
3292 3363 3516 3418 habebat
3542 3363 3742 3419 demo—

2139 3433 2285 3503 nium
2305 3431 2422 3503 jam
2451 3430 2761 3503 temporibus
2794 3430 2986 3503 multis,
3019 3440 3070 3485 et
3097 3430 3396 3503 vestimenta
3426 3451 3533 3488 non
3559 3436 3738 3490 indue-

2141 3501 2317 3566 batur,
2363 3516 2524 3566 neque
2551 3502 2605 3553 in
2635 3501 2786 3556 domo
2814 3501 3083 3565 manebat,
3135 3502 3228 3555 sed
3273 3505 3328 3557 in
3372 3509 3733 3561 monumentis.

2140 3570 2516 3628 Conferendus
2535 3579 2619 3625 est
2646 3587 2766 3626 cum
2795 3571 3124 3640 evangelista
3153 3570 3353 3629 Paulus
3378 3573 3618 3633 Medicus
3643 3577 3733 3632 lib.

2141 3660 2196 3699 ιιι
2218 3658 2350 3717 cap.
2384 3642 2450 3696 16
2483 3660 2495 3695 :
2527 3640 2633 3695 Per
2652 3644 3009 3717 noctemenim
3035 3645 3225 3717 egressi
3249 3643 3628 3717 lyeanthmpici
3655 3649 3735 3703 ιι·-

2141 3730 2232 3785 pos
2263 3715 2551 3776 imitantur,
2584 3722 2632 3765 et
2652 3713 2823 3784 quoad
2842 3712 3049 3768 illuceat
3066 3712 3208 3768 circa
3233 3712 3596 3786 defunctorum
3623 3735 3737 3773 nso-

2140 3791 2684 3864 ηιιιιιςςηιιιιιιίιξίιιιιΙιιι·ἶ

2136 3924 2178 3982 C
2215 3853 2324 3980 ltili
2352 3853 2594 3925 pluribus
2621 3854 2778 3910 editis
2817 3855 2972 3910 deest
3017 3855 3135 3910 nisi.
3168 3854 3246 3911 lta
3275 3872 3408 3914 vero
3453 3857 3651 3917 Colon.
3682 3868 3741 3918 et

2184 3941 2243 3981 as
2272 3943 2304 3979 ιι
2329 3941 2380 3980 o.

2184 3925 2380 3981 astillo.

2177 4007 2236 4120 Ίκ
2284 3994 2501 4052 Scilicet
2553 3994 2700 4066 quod
2757 4011 3042 4053 commune
3096 4005 3150 4052 et
3205 3998 3426 4068 vulgare
3478 4008 3564 4057 est
3619 4017 3737 4061 om-

2177 4083 2311 4120 nus.

2136 4083 2311 4122 ιιιιιιιε.

2207 4135 2232 4174 ¹ι
2265 4136 2398 4192 Vide
2424 4151 2543 4205 qua:
2589 4136 2657 4192 ad
2683 4151 2798 4192 rem
2827 4137 3014 4194 scribit
3059 4137 3384 4209 Augustinus
3411 4142 3503 4197 lib.
3536 4159 3640 4199 ιιιι
3668 4142 3736 4199 de

2132 4206 2325 4262 Trinit.
2358 4222 2480 4262 can.
2516 4206 2599 4260 19.

2181 4208 2325 4263 rinit.
2358 4222 2480 4277 cap.
2516 4208 2599 4260 19.

2210 4278 2223 4316 ί
2259 4278 2415 4352 Apud
2443 4277 2681 4334 Marcum
2714 4279 2917 4352 {Legio
2941 4280 3065 4335 mihi
3094 4297 3275 4336 nomen
3298 4293 3391 4348 est,
3424 4300 3549 4338 nam
3580 4284 3738 4340 multi

2130 4365 2323 4425 sumus.
2352 4349 2655 4425 Dtemones,
2699 4349 2774 4404 ait
2802 4349 3112 4425 Lactantius
3153 4353 3242 4407 lib.
3277 4371 3313 4409 ιι
3341 4369 3456 4425 cap.
3491 4353 3586 4420 15,
3625 4374 3738 4412 non

2129 4421 2306 4476 solum
2333 4419 2605 4475 dtemones
2633 4435 2692 4476 se
2737 4435 2858 4477 esse
2903 4420 3246 4487 conﬁtentur,
3296 4419 3472 4480 sed'et
3499 4419 3738 4482 nemina

2129 4506 2225 4546 sua
2256 4490 2508 4567 produnt.
2545 4489 2720 4567 Legio
2744 4499 2944 4567 _aut_em_
2983 4508 3048 4567 ex
3097 4492 3357 4567 licbraica
3404 4510 3575 4567 voce)
3614 4512 3741 4567 qm:

2055 4565 2104 4628 D
2128 4569 2288 4636 s_ou_a_t
2313 4561 2709 4636 multitudinem.
2732 4561 2898 4636 Unde
2925 4562 3057 4636 leg-io
3079 4565 3330 4619 olivarum
3356 4565 3494 4636 apud
3526 4561 3736 4636 ,Beiwef.

2131 4630 2703 4705 Rabb._,__Facilius_est_
2724 4630 3238 4705 legionem'olirarum
3261 4630 3500 4691 emt—fire.
3525 4635 3744 4696 Nume-

2126 4718 2219 4774 rus
2246 4702 2472 4774 militum
2522 4702 2575 4757 iu
2603 4702 2815 4772 legione
2843 4703 2984 4774 apud
3029 4704 3302 4764 Rmnanos
3346 4722 3451 4762 non
3496 4721 3744 4774 semper

2125 4772 2268 4898 ide‘m
2338 4773 2532 4844 stepius
2581 4772 2910 4829 immutatus.
2943 4773 3078 4830 Vide
3127 4775 3336 4833 Livium
3362 4777 3452 4832 lib.
3493 4782 3602 4836 vim
3635 4772 3741 4838 dc-

2155 4859 2184 4898 a
2231 4884 2243 4898 .
2325 4884 2337 4897 .

2123 4857 2243 4898 cad.
2288 4857 2310 4897 ‘l
2325 4884 2337 4897 .

2197 4916 2210 4989 ι
2251 4914 2346 4989 llis
2372 4914 2564 4989 similia
2593 4913 2757 4989 habet
2785 4913 3143 4989 Hieronymus
3171 4919 3225 4974 in
3254 4934 3370 4989 cap.
3397 4933 3488 4974 vui
3515 4917 3739 4978 Matth.

2192 4983 2219 5023 ¹ι
2249 4985 2381 5040 Nam
2411 4984 2478 5040 ad
2505 4982 2701 5042 Christi
2731 4982 3071 5054 praesentiam
3099 4990 3272 5044 coacti
3296 4982 3481 5046 venire
3507 4989 3748 5050 dmino-

2121 5070 2237 5121 nes,
2255 5072 2376 5182 110ιῦ
2387 5055 2556 5138 magis
2567 5055 2648 5111 sui
2671 5065 2800 5112 tunc
2818 5067 3100 5129 Compotes
3121 5067 3296 5124 erant,
3319 5075 3477 5130 quam
3497 5057 3748 5120 fuerant

2121 5135 2277 5182 antea
2306 5142 2339 5181 0
2379 5141 2528 5181 sessr.

2119 5135 2277 5182 antea
2306 5135 2528 5182 obsessi.

2196 5195 2212 5236 ¹
2247 5196 2356 5253 Cur
2381 5195 2633 5270 Christus
2660 5196 2746 5251 via
2787 5197 3024 5262 dicatur,
3064 5200 3416 5270 etiquomodo
3457 5199 3567 5264 sit,
3607 5205 3747 5262 vide

2117 5267 2496 5323 ilammonium
2519 5267 2572 5322 in
2594 5265 2797 5323 Catena
2830 5270 2897 5325 ad
2927 5271 3104 5327 locum
3124 5265 3348 5327 Joaz'nis
3366 5286 3472 5336 xxv,
3492 5271 3566 5338 6;
3606 5275 3748 5332 Cle-

2115 5347 2350 5394 mentem
2381 5337 2800 5417 Alexandrinum
2830 5340 2897 5417 ill
2933 5339 3200 5417 Protrept.
3232 5356 3354 5417 pag.
3385 5340 3482 5407 6'5;
3514 5337 3750 5417 Nysse.

2116 5424 2244 5464 num
2268 5416 2430 5483 _orat.
2491 5407 2800 5483 19‘_cont_r_a
2857 5407 3208 5483 Eunomiuin;
3235 5407 3749 5483 'Chrysostoinum

2113 5487 2244 5534 tom.
2268 5478 2307 5532 V
2339 5479 2484 5533 hom.
2512 5475 2615 5532 195
2635 5487 2690 5534 et
2723 5479 2787 5534 18
2809 5481 2937 5536 edit.
2984 5475 3282 5547 Parisien.;
3312 5475 3750 5544 Naziamenum

2113 5560 2252 5606 orat.
2287 5549 2379 5620 56;
2414 5549 2766 5620 Epiphaniam
2797 5552 2986 5608 haeresi
3015 5551 3102 5615 69,
3151 5553 3350 5610 clarius
3395 5554 3450 5609 in
3493 5554 3748 5616 Ancho-

2111 5631 2272 5695 rato;
2295 5618 2551 5695 Cyrillum
2583 5621 2939 5695 Hierosolym.
2972 5625 3241 5695 catecbesi
3284 5622 3584 5695 llluminat.
3631 5630 3750 5695 10;

2109 5691 2370 5766 Cyrillum
2397 5693 2818 5750 Alexandriam
2833 5691 2939 5751 lib.
2963 5713 3017 5751 rx
3038 5693 3412 5766 ἱιιὶιῐοιιιιιιιν,
3445 5693 3510 5758 ις
3535 5691 3754 5760 Theo;

2115 5765 2368 5824 deretum
2397 5769 2450 5824 in
2481 5771 2623 5828 hunc
2652 5773 2848 5835 locum,
2883 5766 3064 5836 ibique
3089 5765 3585 5838 Theophylactum.
