3902 6362
1577 379 1810 437 SERMO
1848 379 1987 437 XVI.

3295 391 3404 450 242

131 511 175 559 ιε
207 499 322 566 tibi,
351 497 436 571 fili
465 495 561 554 Dei
576 497 601 554 t
624 495 742 556 Hoc
768 496 1097 554 estdicere:
1125 494 1263 552 Vitas
1305 503 1494 552 auctor
1522 502 1550 532 ι
1578 492 1707 564 quid
1735 501 1778 558 Α
1808 501 2056 550 matura:
2087 504 2144 551 et
2169 496 2237 552 de
2258 505 2501 569 tempore
2519 500 2780 570 queritur,
2813 510 2835 539 ·
2863 501 3016 572 quasi
3044 510 3170 559 ante
3191 511 3405 580 tempus

132 597 216 654 tibi
236 608 359 652 cum
388 592 658 650 mortuis?
681 590 967 648 Habitator
989 589 1131 654 coeli,
1157 588 1283 660 quid
1325 588 1420 645 tibi
1459 602 1581 644 cum
1619 601 1708 642 se-

1811 586 2011 643 habere
2037 585 2284 644 debuerit
2312 591 2506 660 injuste
2527 591 2670 662 quod
2699 591 2987 662 desiderat,
3018 602 3074 650 et
3101 611 3208 652 non
3229 603 3290 653 ut
3310 612 3408 653 ex-

133 687 352 764 puleris?
375 682 526 742 Odor
549 684 801 757 paradisi,
832 683 960 754 quid
984 683 1078 740 tibi
1099 699 1220 739 cum
1245 680 1451 738 fetore?
1479 679 1626 748 Quos
1643 679 1711 734 de
1813 688 1932 736 orta
1960 689 2044 735 est
2071 679 2188 750 ejus
2211 682 2433 746 malitia,
2460 699 2585 740 mox
2615 685 2792 755 puniri
2819 703 2832 740 :
2872 684 2891 724 τ
2921 685 2989 741 de
3015 695 3259 758 tempore
3278 704 3410 745 cau-

136 780 258 837 emis
281 776 560 847 deiecisti,
593 792 730 847 quos
771 776 839 833 de
879 775 1128 847 paradiso
1171 773 1476 838 exclusisti,
1520 772 1713 843 quibus
1813 779 1963 828 satur
1993 771 2227 840 nequitia
2257 775 2435 830 s.'eculi
2466 774 2730 831 indurata.
2757 775 2909 833 Malis
2947 778 3203 848 patientia
3229 780 3409 836 brevis

138 885 260 928 nunc
279 869 424 925 tollis
447 869 630 932 urbes,
647 868 898 938 regiones
924 867 1242 924 habitabiles
1264 881 1445 937 negas,
1465 866 1714 937 permitte

139 962 419 1020 inhabitare
450 977 552 1017 nos
591 961 678 1018 vel
705 961 990 1032 sepulcra:
1022 969 1078 1016 et
1116 960 1162 1017 si
1205 975 1304 1016 nos
1341 958 1716 1030 persecutione

139 1063 268 1110 tanta
303 1053 456 1122 digni
492 1069 699 1117 sumus,
729 1062 787 1108 tu
827 1061 976 1108 tanta
1005 1067 1112 1108 non
1141 1067 1200 1107 es
1229 1051 1256 1090 δ
1284 1051 1476 1123 dignus
1503 1049 1716 1122 injuria.

142 1145 261 1213 Quid
285 1143 438 1201 nobis
465 1153 518 1201 et
572 1144 704 1200 tibi?
728 1143 900 1213 Quid?
927 1144 1072 1216 quod
1107 1142 1276 1214 judici
1316 1151 1372 1199 et
1410 1158 1537 1208 reo,
1573 1139 1718 1212 quod

143 1238 314 1294 vindici
334 1247 392 1293 et
416 1237 655 1308 ptenali,
685 1243 831 1308 quod
861 1237 975 1307 regi
999 1246 1054 1294 et
1081 1235 1365 1293 desertori.
1404 1233 1541 1301 Quid
1571 1233 1718 1288 nobis

143 1343 183 1386 et
203 1328 302 1397 tibi,
325 1329 406 1400 ﬁli
431 1328 570 1386 Dei?
593 1341 616 1370 ε
640 1329 758 1386 Hoc
775 1329 961 1386 dicunt
989 1330 1285 1402 possessori
1310 1328 1472 1395 iures,
1503 1326 1607 1382 hoc
1629 1326 1720 1381 do-

145 1425 268 1479 mino
305 1421 631 1492 praedones,
681 1430 866 1478 tenent
909 1423 1100 1493 spolia,
1128 1420 1362 1492 praedam
1390 1426 1633 1490 gestant,
1666 1426 1723 1474 et

145 1514 250 1585 quid
268 1513 368 1571 sibi
389 1528 522 1571 cum
544 1530 610 1572 eo
632 1515 702 1580 sit
720 1515 814 1585 qui
833 1530 928 1571 sua
953 1515 1188 1588 reposcit
1207 1515 1560 1585 interrogant.
1585 1509 1722 1578 Quid

146 1607 269 1662 nobis
292 1615 342 1661 et
380 1606 480 1662 tibi
505 1648 521 1675 ,
567 1607 649 1679 ﬁli
687 1605 827 1662 Dei?
851 1607 1023 1675 Quid?
1059 1605 1128 1664 Ut
1171 1606 1402 1662 reddatis
1443 1605 1716 1668 homines,

148 1696 375 1753 mundum
418 1698 720 1754 restituatis
759 1698 994 1760 auctori;
1041 1706 1097 1754 et
1135 1697 1386 1754 veniente
1431 1694 1718 1760 Creatore,

1816 873 1916 931 est,
1949 865 2105 922 bonis
2134 867 2286 923 tarda
2328 867 2494 936 ultio;
2524 870 2667 940 quod
2695 870 2833 927 laesis
2862 872 3075 942 longum
3105 882 3206 938 est,
3240 889 3410 946 angu-

1818 966 1958 1014 stum
1989 966 2072 1014 est
2099 957 2166 1014 ad
2203 959 2476 1016 lzedentes.
2510 959 2662 1028 Erat,
2701 962 2892 1032 inquit,
2927 980 3032 1018 non
3067 965 3216 1039 longe
3241 967 3306 1020 ab
3332 969 3412 1026 eis

1820 1067 1948 1124 grex
1972 1048 2244 1123 porcorum
2270 1053 2548 1108 multorum
2576 1070 2810 1126 pascens.
2835 1053 3106 1112 Daemones
3128 1067 3298 1114 autem
3322 1074 3414 1116 ro»

1820 1143 2016 1217 gabant
2053 1161 2166 1201 eum
2210 1146 2434 1203 dicentes
2457 1163 2476 1202 :
2501 1146 2562 1204 Si
2590 1149 2732 1220 ejicis
2761 1165 2874 1217 nos,
2905 1152 3049 1205 mitte
3085 1169 3180 1208 nos
3207 1154 3262 1208 in
3288 1170 3410 1227 gre-

1820 1257 1936 1312 gem
1957 1257 2247 1312 porcorum.
2275 1241 2441 1311 Digna
2465 1243 2600 1312 petit
2628 1242 2844 1313 indigna
2869 1245 3116 1300 servitus.
3139 1244 3292 1302 Mitte
3313 1263 3413 1307 nos

1819 1333 1876 1387 in
1905 1349 2106 1406 gregem
2147 1349 2438 1405 porcorum.
2471 1333 2548 1390 De
2575 1336 2938 1391 monumentis
2963 1336 3103 1392 mitti
3131 1352 3190 1394 se
3215 1353 3412 1409 preca-

1821 1432 1911 1481 tur
1937 1425 1991 1480 in
2018 1440 2216 1496 porcos
2244 1426 2482 1496 nequitia
2501 1467 2514 1491 ,
2547 1427 2674 1497 quia
2703 1426 2903 1484 fetores
2932 1429 3180 1486 amittere
3207 1431 3411 1496 nescit,

1820 1517 1917 1575 sed
1956 1527 2186 1575 mutare.
2218 1517 2368 1574 Mitte
2407 1535 2500 1574 nos
2528 1521 2580 1574 in
2622 1537 2824 1592 gregem
2865 1537 3155 1593 porcorum.
3186 1520 3420 1578 Coenum

1821 1618 2012 1681 petunt
2039 1620 2256 1666 ruentes
2282 1609 2452 1677 creto;
2485 1619 2608 1681 post
2633 1611 2896 1668 tethereas
2921 1612 3278 1669 habitationes
3299 1629 3386 1669 am
3403 1646 3422 1659 η

1823 1700 1977 1757 biunt
2003 1701 2284 1758 volutabra
2313 1718 2621 1774 porcorum.
2655 1702 2804 1758 Mitte
2839 1721 2934 1760 nos
2966 1706 3021 1760 in
3048 1722 3253 1778 gregem
3291 1723 3418 1779 por-

148 1789 303 1845 sciatis
324 1789 488 1845 vobis
507 1791 562 1845 in
585 1791 846 1848 creaturis
865 1790 1093 1862 amplius
1113 1790 1187 1845 nil
1209 1790 1390 1846 licere.
1418 1785 1556 1854 Quid
1576 1787 1724 1843 nobis
1759 1819 1798 1875 Β
1827 1810 2022 1850 corum.
2049 1805 2074 1842 8
2097 1791 2239 1849 Grex
2263 1794 2317 1850 in
2341 1808 2557 1864 gregem
2584 1794 2829 1861 mittitur,
2855 1805 2913 1851 ut
2939 1795 3201 1867 prodatur
3219 1797 3422 1855 dmino.

149 1890 191 1936 et
212 1879 324 1950 tibi,
363 1881 455 1953 ﬁli
497 1881 635 1939 Dei?
672 1881 870 1939 Venisti
915 1893 1034 1939 ante
1077 1892 1271 1954 tempus
1313 1892 1545 1955 torquere
1588 1881 1722 1937 nos?

150 1975 266 2044 Quid
290 1976 455 2033 nobis
501 1987 558 2034 et
603 1977 733 2034 tibi?
763 1977 829 2032 Et
865 1977 1020 2034 vobis
1057 1993 1179 2034 cum
1218 1977 1526 2034 hominibus
1552 1975 1722 2046 quid?

153 2064 270 2134 Quid
307 2067 463 2126 nobis
491 2079 543 2124 et
583 2071 704 2137 tibi,
741 2071 820 2140 ﬁli
848 2069 984 2126 Dei?
1012 2070 1350 2140 Agnoscunt,
1376 2065 1403 2107 ἀ
1425 2075 1726 2139 agnoscunt

153 2158 314 2227 Deum,
339 2160 587 2230 judicem
616 2163 959 2226 conﬁtentur,
985 2162 1221 2218 clamant
1255 2161 1514 2231 judicium
1540 2177 1598 2217 se
1626 2159 1724 2216 de-

153 2250 276 2312 bere.
309 2259 366 2308 et
399 2251 476 2309 de
505 2261 750 2326 tempore
786 2254 1157 2326 praescribunt.
1189 2252 1328 2319 Quid
1350 2251 1496 2309 nobis
1528 2262 1577 2308 et
1612 2251 1722 2320 tibi,

155 2344 218 2415 ﬁli
254 2342 385 2400 Dei?
425 2343 630 2403 Venisti
669 2357 790 2404 ante
833 2357 1028 2420 tempus
1085 2365 1303 2420 arguere
1345 2348 1477 2404 nos?
1511 2347 1734 2403 Auctori

154 2447 442 2511 temporum
462 2450 676 2512 tempus
703 2451 1002 2512 opponunt.
1037 2441 1234 2498 Venisti
1252 2451 1372 2498 ante
1400 2452 1596 2515 tempus
1626 2451 1734 2497 tor-

154 2547 287 2603 quer:
318 2531 461 2586 nos?
487 2531 566 2588 De
597 2542 839 2605 tempore
873 2534 953 2591 sic
991 2544 1317 2604 queruntur,
1361 2536 1517 2606 quasi
1558 2535 1732 2606 ipsum

156 2635 263 2676 cum
281 2630 530 2694 tempore
558 2622 802 2691 fecerint,
833 2633 893 2681 ut
922 2625 1070 2680 vivos
1098 2626 1436 2682 condiderint
1463 2626 1516 2681 in
1545 2627 1730 2698 sepul-

157 2711 263 2768 cris.
293 2712 496 2770 Venisti
533 2725 656 2770 ante
694 2725 886 2787 tempus
936 2725 1168 2790 torquere
1195 2718 1327 2774 nos?
1355 2716 1590 2790 Tempus
1631 2717 1730 2773 ab—

156 2803 351 2872 scindit,
375 2807 642 2878 prtevenit
659 2816 910 2875 mortem,
937 2810 1130 2881 sepelit
1151 2810 1302 2867 vivos
1324 2809 1612 2866 crudelitas
1631 2811 1735 2866 im-

268 2987 518 3064 Formula
545 2989 664 3046 haec
688 2989 902 3064 dicendi
929 2989 1070 3064 apud
1108 2989 1330 3064 Latinos
1362 2999 1734 3064 contemptum

160 3058 358 3134 videtur
383 3061 665 3134 inducere;
706 3071 762 3116 at
791 3058 1043 3134 Hebrte'is
1073 3062 1215 3134 aliud
1256 3062 1521 3134 signiﬁcat
1542 3101 1558 3128 ,
1585 3058 1734 3134 quod

161 3130 301 3204 clare
323 3139 466 3201 patet
493 3130 535 3186 Il
564 3130 839 3204 Regnavt,
884 3133 964 3187 lo.
1001 3131 1043 3187 ll
1071 3130 1396 3204 Paralipom.
1432 3130 1622 3204 xxxvi,
1640 3132 1729 3187 21.

158 3198 516 3275 Es‘senteotia
540 3198 673 3275 ergo
700 3201 1049 3275 Hebraeorum
1079 3198 1313 3274 loquitur
1349 3198 1730 3275 Chrysoldgus.

158 3270 478 3360 Graecis
504 3270 670 3328 etiam
699 3274 1001 3360 huiusmodi
1039 3270 1239 3360 locutio
1267 3270 1735 3360 tam.il.iari.s'..i{na-
1764 3297 1810 3360 ς

161 3357 321 3422 crocu
517 3366 605 3422 pro}
651 3350 734 3402 καὶ
771 3342 996 3422 ’μακροῖς
1033 3346 1193 3422 adici;
1232 3363 1244 3397 ε
1279 3342 1417 3410 Quid
1450 3345 1582 3422 mihi
1609 3361 1736 3422 funt

161 3415 348 3496 magnis
363 3413 542 3469 tibiis?
561 3413 947 3496 Demosthenes
965 3433 978 3469 :
995 3417 1204 3491 Τίνὸμῳ
1224 3421 1310 3474 καὶ
1327 3419 1538 3491 βασάνῳ
1557 3433 1570 3470 :
1599 3413 1737 3482 Quid

165 3483 254 3558 καί
271 3501 377 3558 sim
396 3486 715 3558 quaestione?

226 3553 252 3594 δ
275 3553 371 3628 Qui
392 3553 518 3611 cum
542 3555 802 3613 fetoribus
827 3565 884 3628 et
904 3555 1166 3628 sepulcris
1187 3557 1480 3614 miscearis.
1514 3555 1677 3613 Mm.

225 3636 247 3666 ε
270 3625 372 3682 Sed
393 3627 670 3697 quomodo
690 3643 806 3683 rem
828 3625 983 3682 furto
993 3627 1257 3683 sublatam
1278 3629 1398 3697 quis
1419 3628 1595 3684 adhuc
1618 3643 1738 3697 pos-

161 3694 318 3768 sidere
361 3694 591 3768 potest?
618 3696 754 3766 Quia
793 3697 939 3754 fures
975 3713 1083 3754 non
1124 3694 1373 3754 aufenint
1399 3694 1630 3754 Domino
1657 3699 1736 3754 rei

160 3763 351 3822 furtim:
365 3763 798 3840 possessionem,
828 3784 951 3840 cum
981 3769 1090 3838 ipsa
1121 3769 1390 3840 possessio
1412 3771 1528 3840 solo
1557 3770 1736 3840 animo

160 3837 460 3912 retineatur,
495 3839 531 3893 1.
562 3839 598 3892 ’5
628 3838 654 3911 §
687 3837 753 3893 In
772 3837 1194 3912 _ad_mittenda,il.
1229 3838 1290 3895 Si
1311 3839 1385 3912 id,
1413 3839 1440 3912 §
1471 3838 1646 3902 ﬁnale,
1681 3837 1734 3894 ll.

159 3906 218 3962 de
243 3911 448 3981 acquir.
481 3906 739 3981 possess;
769 3909 807 3964 Ι.
839 3909 999 3981 Licet,
1030 3925 1079 3966 c.
1113 3911 1181 3965 de
1219 3906 1492 3980 acquirén.
1525 3919 1580 3966 et
1608 3912 1740 3965 reti--

160 3980 305 4050 nend.
337 3979 578 4050 possess.
599 3979 878 4036 Dzemoues
901 3979 1028 4035 dum
1050 3979 1323 4036 hominem
1345 3981 1614 4046 obsident,
1633 3997 1742 4038 non

160 4049 359 4122 quidem
396 4066 773 4122 possessores,
815 4051 913 4122 sed
953 4051 1262 4107 detentores
1299 4059 1354 4106 et
1392 4061 1744 4122 occupatores

160 4120 230 4194 rei
265 4120 458 4194 aliena:
495 4139 510 4175 :
555 4121 677 4177 ideo
717 4121 860 4194 fures
890 4121 1012 4192 jure
1052 4137 1116 4178 ac
1157 4122 1352 4194 merito
1382 4120 1741 4194 appellantur.

160 4186 319 4263 [ionio
346 4193 496 4247 enim
535 4201 748 4248 creatus
787 4186 1020 4256 Dei'est,
1050 4203 1105 4246 et
1130 4192 1197 4246 ad
1242 4186 1740 4263 ipsius'iinaginem

160 4258 316 4334 iactus
335 4279 348 4316 :
367 4271 657 4334 propterea
679 4273 738 4334 ut
761 4263 900 4334 [ures
915 4279 957 4334 Va
981 4258 1324 4334 possessione
1345 4258 1588 4334 reiil'urto
1613 4265 1742 4320 sub-

161 4329 267 4405 latat
288 4329 552 4405 arcentur
576 4349 675 4405 per
703 4333 738 4388 l.
766 4331 801 4387 2
828 4343 886 4405 et
912 4333 948 4387 l.
974 4329 1006 4388 6
1028 4351 1076 4389 c.
1100 4333 1168 4390 de
1192 4332 1362 4388 furtis.
1395 4333 1558 4405 Ml'l'A.

219 4401 246 4438 ἀ
271 4402 352 4458 An
383 4401 660 4460 daemones
705 4418 831 4460 vere
860 4403 1026 4459 Deum
1074 4405 1391 4472 agnoverint
1409 4443 1426 4468 ,
1455 4404 1578 4460 vide
1605 4403 1740 4460 Mal-

161 4472 406 4530 donatum
436 4475 492 4531 in
521 4475 626 4546 hoc
651 4476 827 4546 capite
855 4473 1042 4546 Matth.
1075 4489 1184 4540 vni,
1217 4472 1306 4528 ‘29.
1331 4474 1626 4543 Agnovisse
1647 4491 1742 4530 au-

162 4551 256 4598 tem
284 4553 436 4615 patet
462 4561 530 4601 ex
561 4543 704 4601 Luca
719 4541 811 4608 ἰν,
841 4544 930 4599 41.
970 4541 1095 4599 Non
1128 4553 1299 4599 autem
1331 4541 1608 4615 voluntatis
1639 4547 1742 4601 ista

1829 1902 1956 1942 num
2002 1882 2030 1924 ιι
2079 1884 2365 1942 multitudo
2397 1903 2411 1938 :
2443 1894 2502 1941 ut
2549 1895 2806 1957 appareat
2851 1887 2957 1942 hoc
2999 1887 3135 1945 duos
3175 1898 3425 1961 portasse

1828 1977 2095 2042 homines,
2127 1978 2272 2048 quod
2302 1981 2658 2035 numerositas
2686 1996 2793 2035 non
2840 1979 3010 2036 valuit
3037 1981 3260 2039 sullerre
3288 1998 3421 2055 por-

1830 2083 2043 2126 corum.
2073 2069 2162 2124 Ait
2187 2069 2314 2135 illis,
2349 2067 2451 2124 Ite.
2489 2070 2558 2124 At
2584 2071 2661 2126 illi
2687 2081 2926 2126 exeuntes
2957 2073 3193 2128 abierunt
3217 2076 3273 2130 in
3298 2093 3424 2148 por-

1832 2180 1949 2230 cos;
1997 2172 2047 2219 et
2087 2179 2203 2219 ecce
2246 2164 2438 2234 impetu
2485 2161 2610 2218 abiit
2637 2173 2771 2219 totus
2813 2182 2939 2236 grex
2977 2164 3336 2238 iperpraeceps
3363 2169 3423 2223 in

1831 2273 1996 2322 mare,
2019 2266 2069 2310 et
2096 2257 2284 2311 mortui
2303 2266 2425 2310 sunt
2445 2257 2498 2309 in
2529 2257 2694 2329 aquis.
2721 2254 2972 2313 Traditur
2990 2257 3095 2313 vile
3120 2273 3285 2328 pecus
3312 2274 3426 2315 non

1833 2363 1932 2420 pro
1962 2346 2240 2403 voluntate
2267 2345 2591 2409 dzemonum,
2624 2347 2717 2402 sed
2740 2357 2798 2401 ut
2819 2348 2910 2402 tali
2933 2346 3073 2404 facto
3099 2349 3421 2416 innotescat,

1832 2439 2107 2512 quomodo
2139 2444 2153 2492 t
2193 2440 2246 2495 in
2292 2438 2540 2495 homines
2578 2441 2833 2505 s:eviunt,
2879 2440 3150 2510 quomodo
3177 2451 3428 2511 quaerunt:

1833 2543 2036 2588 mortes
2080 2531 2390 2596 hominum,
2420 2533 2513 2602 qui
2541 2533 2619 2588 sic
2645 2548 2840 2603 porcos
2879 2541 2938 2588 ut
2965 2533 3254 2604 perderent
3279 2549 3427 2604 quat-

1830 2626 2054 2682 sierunt.
2088 2625 2369 2682 Daemones
2397 2640 2556 2681 omne
2584 2626 2729 2696 quod
2761 2635 2870 2689 est,
2917 2627 3123 2698 agitur,
3158 2637 3425 2697 movetur,

1833 2717 1995 2782 vivit,
2027 2715 2218 2772 ardent
2244 2715 2496 2787 perdere,
2530 2731 2639 2772 non
2667 2717 2886 2774 habere.
2920 2717 2998 2774 Ne
3024 2719 3145 2788 quis
3182 2734 3310 2789 ergo
3339 2727 3428 2775 ta-

1837 2811 1904 2868 lis
1931 2809 1960 2850 ¹ί
1988 2808 2103 2867 ﬁeri
2129 2811 2296 2867 homo
2324 2820 2634 2882 praesumat,
2674 2810 2911 2868 humano
2936 2813 3123 2882 generi
3150 2813 3432 2871 inimicitia

1840 2989 1994 3045 titum
2025 2999 2143 3046 erat
2166 3005 2365 3060 porcos
2393 2989 2571 3055 edere,
2597 3006 2703 3046 non
2731 2991 2896 3046 alere.
2924 2989 2993 3045 Et
3019 2998 3146 3046 tunc
3171 2991 3434 3060 temporis

1878 3070 2094 3116 oterant
2138 3059 2267 3132 alia
2295 3059 2526 3125 Judteis,
2567 3061 2632 3132 ad
2680 3061 3123 3132 suppeditandam
3162 3059 3432 3118 annOnam

1891 3131 2099 3187 omanis
2125 3131 2376 3186 militibus
2402 3149 2414 3184 :
2439 3146 2543 3201 qua
2564 3131 2632 3186 de
2659 3131 2822 3201 causa
2843 3132 3009 3185 multa
3031 3147 3286 3186 concessa
3309 3147 3434 3186 sua-

1840 3202 1934 3257 riis
1951 3202 2227 3272 privilegia
2243 3199 2522 3270 leguntur;
2547 3201 2630 3256 vel
2652 3204 2776 3270 quia
2797 3199 3102 3256 Judzeorum
3120 3203 3271 3256 multi
3295 3203 3434 3257 inter

1839 3273 2085 3328 ethnicos
2107 3281 2507 3342 commorantes
2548 3274 2780 3342 propriis
2809 3272 3013 3341 legibus
3039 3273 3260 3342 astringi
3290 3272 3435 3342 passi

1843 3359 1951 3398 non
1991 3350 2142 3409 sunt,
2186 3341 2282 3397 sed
2309 3357 2404 3398 eas
2433 3341 2580 3397 lucro
2627 3357 2727 3398 suo
2765 3343 3140 3412 posthabuere.
3175 3341 3434 3397 Romanis

1843 3416 1986 3470 enim
2012 3429 2140 3469 caro
2179 3412 2333 3469 suilla
2363 3414 2414 3467 in
2459 3413 2630 3482 pretio
2670 3412 2799 3477 fuit;
2831 3412 2915 3467 vel
2942 3413 3153 3468 demum
3182 3413 3436 3469 animalia

1845 3485 1934 3540 illa
1965 3501 2072 3539 non
2096 3483 2402 3553 Judasorum
2433 3493 2608 3544 erant,
2642 3484 2733 3538 sed
2755 3483 3053 3552 gentilium,
3077 3485 3172 3553 qui
3197 3485 3323 3538 olim
3347 3500 3436 3539 re-

1842 3555 2031 3624 giones
2059 3564 2206 3610 trans
2228 3551 2518 3609 Jordancm
2546 3551 2838 3618 incoluere,
2867 3563 2921 3608 et
2951 3553 3007 3624 in
3033 3551 3432 3624 liis_Gadaram,

1838 3621 1938 3681 seu
1984 3623 2262 3680 Gerasam.
2304 3624 2512 3694 Revera
2554 3633 2733 3678 autem
2779 3623 3050 3694 quomodo
3095 3621 3438 3680 Gadarenses

1843 3696 2009 3767 fuisse
2029 3695 2242 3767 Judzeos
2269 3693 2547 3767 conﬁrmet
2579 3693 2841 3767 Barouius
2867 3709 3008 3749 anno
3033 3693 3120 3767 5‘1,
3148 3695 3175 3767 §
3207 3694 3293 3758 69,
3328 3711 3438 3751 non

1843 3766 1983 3836 bene
2012 3767 2185 3822 adhuc
2213 3765 2399 3836 liquet.
2425 3763 2632 3821 Gadara
2655 3765 2796 3820 enim
2819 3767 3027 3836 gemina
3054 3763 3178 3836 fuit}
3209 3775 3436 3836 utraque

1842 3833 2014 3893 Grteci
2043 3833 2288 3894 instituti.
2329 3835 2440 3890 Una
2483 3836 2548 3890 ad
2580 3836 2728 3890 littus
2752 3836 2914 3889 utaris
2957 3835 3328 3891 Mediterranei
3348 3833 3439 3892 'de

1843 3924 1949 3978 qua
1973 3908 2169 3978 Strabo
2208 3923 2348 3962 Lxu.
2382 3907 2558 3962 Altera
2584 3904 2766 3978 Pereat
2793 3907 2980 3978 civitas
3007 3905 3122 3978 fuit,
3150 3922 3312 3976 quam
3339 3905 3437 3963 Jo-

1845 3974 2045 4049 sephus
2065 3980 2132 4034 de
2155 3977 2302 4033 Bello
2324 3978 2416 4032 lib.
2435 3995 2470 4049 At
2486 3975 2665 4049 cap_._
2684 3974 2882 4049 Grteeis
2904 3974 3206 4049 homiyibus
3228 3978 3438 4049 tribuit.

1918 4049 1945 4089 ιι
1975 4049 2334 4121 Hieronymus
2359 4050 2410 4103 in
2433 4045 2867 4121 Vitallilarionis
2894 4060 3013 4121 pag.
3045 4045 3144 4100 95:
3167 4046 3440 4121 (iniuide-

1847 4131 1987 4185 rant,
2014 4136 2118 4174 non
2141 4117 2428 4191 potuissent
2447 4119 2605 4191 aliter,
2617 4119 2830 4191 credere
2841 4118 3008 4191 exisse
3031 4126 3222 4191 tantum
3245 4117 3307 4171 de
3339 4119 3438 4173 lio-

1848 4194 1987 4246 mine
2025 4187 2313 4246 dantonum
2351 4189 2746 4253 multitudinem,
2779 4189 2878 4242 nisi
2916 4187 3127 4256 grandis
3166 4205 3440 4258 porcorum

1849 4279 2110 4327 numerus,
2133 4277 2180 4333 ei
2201 4263 2347 4333 quasi
2383 4277 2416 4313 a
2447 4259 2619 4313 multis
2641 4269 2784 4333 actus
2805 4259 2918 4328 pari
2927 4267 2999 4311 ter
3032 4257 3324 4312 corruisset.
3343 4257 3440 4333 βία

1849 4333 2098 4401 impietas
2139 4329 2554 4386 Salium-acorum
2599 4329 2820 4399 angelos
2864 4337 3124 4398 negantes
3166 4329 3440 4386 convelle-

1847 4403 2026 4458 batur.

1929 4472 1941 4511 ί
1977 4470 2130 4540 Quod
2158 4471 2334 4526 solent
2372 4469 2703 4525 diemoniaci.
2738 4467 2873 4524 Hinc
2913 4467 3137 4524 fortasse
3166 4469 3440 4540 illustran»

1847 4543 1947 4600 dus
1976 4539 2257 4598 Hesichius
2285 4559 2298 4594 :
2331 4539 2673 4612 idazgoviCero
2715 4557 2804 4611 per
2842 4540 2987 4595 deria
3026 4557 3222 4612 errare.
3269 4539 3441 4597 Porro

161 4608 428 4688 genféssio,
469 4615 563 4670 sed
598 4616 917 4688 necessitatis
955 4616 1202 4682 exter-sia,
1233 4624 1292 4670 ut
1319 4631 1386 4671 ex
1414 4614 1742 4688 Hieronymo
1775 4614 1823 4673 ο
1847 4630 1996 4688 mare
2024 4614 2128 4688 hoc
2150 4621 2309 4688 p_ut_at_
2327 4608 2588 4688 Bai-unius
2610 4608 3402 4688 fuissethermasGadaritanas
3426 4633 3438 4663 :

161 4681 321 4757 Lucas
349 4681 658 4757 Brugensis.
1032 4743 1040 4754 ,

223 4765 248 4793 ο
276 4755 478 4812 Mirum
496 4771 658 4826 quam
687 4764 960 4826 corrupte,
991 4770 1152 4880 quam
1173 4755 1459 4825 depravate
1481 4756 1629 4812 locus
1657 4757 1746 4813 hic

235 4827 560 4880 editionibus
591 4825 793 4880 iaceat.
837 4842 936 4880 nec
974 4842 1003 4880 c
1028 4827 1258 4880 ariorem
1307 4827 1479 4880 lucem
1519 4828 1746 4880 atterunt

161 4826 206 4881 in
235 4827 560 4883 editionibus
581 4826 793 4896 jaceat,
837 4842 936 4896 nec
974 4826 1258 4882 clariorem
1307 4827 1479 4882 lucem
1519 4828 1749 4883 atterunt

161 4911 278 4951 mss.
309 4895 604 4971 Vaticanus
631 4897 803 4971 codex
836 4915 848 4950 :
880 4895 950 4971 Et
970 4897 1033 4950 de
1066 4906 1290 4969 tempore
1321 4899 1567 4970 queritur,
1596 4900 1749 4971 quasi

162 4978 242 5020 aut
260 4977 458 5039 tempus
477 4967 666 5023 habere
684 4966 930 5039 debuerit,
953 4976 1010 5021 ut
1027 4966 1210 5022 exorta
1229 4978 1304 5039 est
1322 4966 1460 5024 mors
1479 4966 1652 5039 puniri
1684 4969 1747 5022 de

163 5035 380 5111 tempore
399 5035 938 5111 causaturLNequitia
965 5039 1140 5111 seaculi
1166 5037 1434 5111 indurata.
1459 5037 1538 5094 Ex
1551 5039 1748 5111 _Bono-

163 5107 330 5166 triensi
355 5110 528 5166 veteri
556 5118 614 5164 et
651 5107 874 5164 Castillo
901 5119 957 5164 et
996 5108 1122 5162 Mita
1165 5110 1513 5165 restituimus.
1545 5109 1748 5166 Sensus

165 5187 336 5235 autem
361 5181 625 5252 obscurus
652 5181 844 5252 adhuc.
875 5177 1125 5236 Fortasse
1151 5181 1226 5252 ait
1246 5178 1609 5252 Chrysologus
1635 5181 1746 5252 dte-

163 5263 347 5322 tuones
360 5261 578 5322 optasse
607 5251 912 5307 hominibus
927 5264 1154 5322 nocere:
1179 5250 1228 5306 id
1258 5250 1401 5321 quod
1428 5250 1624 5320 injuste
1651 5251 1748 5306 de-

164 5319 549 5378 siderant—ante
577 5330 790 5390 tempus
810 5363 824 5388 ,
867 5321 1072 5376 scilicet
1098 5329 1223 5390 ante
1257 5319 1445 5378 eorum
1483 5319 1747 5390 mortem,

163 5391 246 5446 rel
271 5394 396 5462 quia
422 5409 532 5450 non
568 5389 832 5464 putabant
869 5401 978 5464 tam
1006 5391 1114 5447 cito
1141 5389 1411 5448 Christum
1435 5401 1748 5464 venturum;

166 5470 220 5516 et
256 5477 362 5519 non
401 5472 460 5520 ut
487 5462 811 5534 punirentur
834 5462 1034 5528 statim,
1065 5478 1129 5518 ac
1167 5477 1358 5519 eorum
1399 5462 1600 5518 malitia
1630 5477 1754 5534 per-

167 5542 346 5588 soecta
364 5533 543 5588 fuerit.

164 5542 590 5730 git-in
609 5620 827 5662 causam
846 5618 956 5662 sua:
973 5601 1302 5662 defensionis
1330 5615 1541 5677 tempus
1581 5604 1753 5660 addu-

241 5715 256 5730 .
339 5693 448 5730 I'I’A.

241 5715 256 5730 .
291 5693 448 5734 ΒΙΠΑ.

235 5755 264 5795 ι
297 5745 519 5804 Ubinam
546 5748 652 5820 loci
681 5756 828 5805 tanta
858 5748 1144 5820 multitudo
1172 5761 1457 5820 porcorum
1487 5745 1627 5820 apud
1655 5743 1752 5800 Ju-

167 5816 332 5901 dteos,
359 5834 479 5876 cum
520 5819 777 5901 prodigus
820 5819 893 5901 ad
914 5835 1024 5901 eos
1046 5816 1286 5901 _alendos
1323 5819 1377 5901 in
1404 5817 1754 5901 longinquam

167 5889 440 5950 titionem
466 5887 938 5952 commiiraverit?
965 5890 1064 5949 Vel
1090 5906 1159 5948 es
1184 5906 1251 5946 eo
1289 5891 1414 5948 auia
1433 5887 1629 5946 Iudaeis
1655 5901 1752 5948 ve-

1853 4686 1920 4740 de
1946 4685 2139 4754 quibus
2155 4680 2488 4754 Epiphanius
2517 4681 2717 4754 haeres.
2739 4683 2806 4754 50
2837 4680 3074 4754 iiunn'l;
3107 4696 3201 4754 eos
3231 4697 3360 4754 vero
3389 4682 3444 4737 in

1853 4750 2026 4811 lacqu
2056 4750 2351 4810 Tiber-indis
2379 4752 2654 4807 demersos
2694 4750 2854 4807 fuisse
2897 4752 3102 4807 eruitur
3141 4753 3210 4807 ab
3248 4751 3445 4808 Hiero-

1855 4842 2016 4900 nymo
2044 4825 2110 4881 de
2136 4823 2262 4900 Luc.
2279 4823 2456 4900 _Hebr.

1931 4897 1944 4948 i
1985 4896 2130 4953 lnter
2155 4895 2410 4967 plurimas
2424 4909 2615 4948 causas
2629 4909 2726 4947 cur
2737 4892 2982 4967 Christus
2997 4893 3102 4948 hoc
3118 4893 3440 4967 permiserit,

1854 4966 1972 5024 haec
2009 4961 2224 5037 quoque
2251 4961 3188 5037 commemoratura_Qhrysos_tomo
3217 4963 3446 5037 aliisque

1857 5033 2278 5095 enarratoribus.
2304 5035 2371 5089 Et
2398 5043 2544 5090 certe
2573 5035 2624 5088 in
2656 5033 2799 5088 aliud
2828 5033 3046 5088 humani
3067 5035 3311 5104 corporis
3339 5035 3442 5088 ho-

1849 5109 2066 5180 spitium
2105 5109 2377 5180 daemones
2418 5105 2799 5180 ii_i_mmigrare
2837 5105 3183 5180 maluissent;
3226 5111 3281 5156 at
3319 5118 3445 5158 cum

1850 5173 2208 5252 p'mviderent
2233 5193 2292 5234 se
2319 5177 2371 5252 id
2400 5173 2986 5252 a‘Christohumquani
3028 5175 3408 5243 impetraturos
3428 5211 3444 5238 ,

1851 5244 2216 5322 poposcerunt
2253 5248 2338 5322 vel
2366 5245 2616 5322 animalia
2657 5244 2964 5300 dominandi
2991 5252 3346 5322 potestatein,
3391 5253 3447 5298 et

1851 5313 2252 5392 quodammodo
2304 5318 2611 5392 hominibus
2659 5324 2945 5392 nocerent;
2992 5313 3100 5392 rei
3132 5313 3445 5392 animalium

1848 5383 2136 5462 jacturam,
2160 5388 2515 5462 quia_domini
2544 5386 3015 5462 eorum‘indignati
3041 5383 3311 5462 Christum
3334 5399 3445 5440 non

1857 5456 2236 5534 suscepissent.
2262 5460 2594 5534 iheronymo
2621 5458 2674 5510 in
2704 5457 2810 5534 vita
2837 5456 3134 5534 _llilarionis
3181 5464 3446 5534 consonat

1861 5525 2179 5606 Euthjmius
2204 5550 2218 5606 ξ
2251 5525 2673 5606 δμιᾴεηίρρνςοδ
2701 5528 2950 5591 occidere,
2981 5535 3229 5606 utrorum
3251 5525 3444 5581 damno

1861 5597 2149 5660 contristati
2179 5602 2374 5657 domini
2404 5597 2572 5672 gregis
2591 5597 2767 5672 Iesum
2795 5598 3250 5672 nonsusciperent.

1933 5674 1956 5714 ι
1991 5673 2244 5731 Diabolus
2283 5665 2452 5728 factus
2494 5665 2580 5724 est
2621 5667 2866 5723 inimicus
2905 5665 3140 5733 homini,
3185 5681 3252 5720 ne
3279 5665 3442 5722 homo

1860 5745 2034 5802 eidem
2063 5743 2342 5801 assimilari
2383 5740 2621 5810 audeat;
2654 5738 2750 5810 sed
2787 5740 2966 5810 potius
3006 5752 3184 5810 mores
3222 5735 3365 5796 illius
3385 5744 3444 5793 et

1859 5817 2228 5892 suggestiones
2256 5823 2528 5892 tamquam
2553 5808 2756 5866 inimici
2779 5806 3084 5868 abhorreat.
3109 5806 3272 5869 Mm.
