3942 6348
418 331 529 393 285

1661 320 1719 376 S.
1759 317 1968 376 PETRI
2003 313 2443 374 CHRYSOLOGI

3601 323 3706 384 ιιι

414 455 606 516 vetus,
636 445 743 502 ﬁxa
770 444 883 514 ira,
913 443 1119 502 malitia
1152 440 1418 497 destinata
1444 443 1546 494 est.
1578 435 1862 493 Dzemones
1906 433 2009 490 nisi
2038 437 2092 498 Α
2114 432 2182 490 ad
2236 431 2544 490 ﬂuctuantis
2598 431 2785 488 mundi
2843 431 2864 472 τ
2922 433 3182 493 terminos
3233 435 3484 509 eor-puri
3537 441 3705 496 nostri

416 539 586 596 vincti
611 554 722 595 non
748 536 966 604 cedunt,
995 531 1190 592 laedere
1215 547 1326 588 non
1352 530 1538 587 valent
1563 529 1667 584 nisi
1689 526 1844 599 jussi.
1874 525 2007 581 Tra-

328 615 333 626 I‘
417 634 566 690 ditur
591 646 721 704 ergo
748 631 852 686 vile
880 646 1062 702 pecus,
1093 637 1152 682 ut
1177 626 1358 683 luceat
1384 623 1719 681 dmmonibus
1743 622 1800 677 in
1826 621 2007 678 homi-

417 742 519 782 nes
545 725 622 781 nil
650 725 831 790 licere,
855 723 1049 795 quibus
1075 721 1131 777 in
1158 733 1355 794 porcos
1369 717 1580 790 jussum
1607 724 1692 773 est
1721 725 1748 754 ι
1777 725 1837 771 ut
1874 715 2008 772 lice-

417 825 523 874 ret.
555 816 663 873 Nos
690 829 817 885 ergo
845 823 938 870 aut
962 814 1107 870 vitiis
1133 813 1336 871 nostris
1373 810 1600 870 facimus
1643 817 1704 866 ut
1740 809 1818 865 illi
1863 808 2008 865 acci-

417 911 572 983 piant
601 917 924 983 potestatem
979 907 1247 976 nocendi,
1289 913 1382 963 aut
1432 904 1720 962 virtutibus
1767 901 2010 972 subjecta

418 1001 574 1062 nobis
601 999 906 1057 dmmonum
927 1001 1066 1057 colla
1088 998 1306 1056 Christo
1329 998 1691 1071 triumphante
1710 996 2005 1054 calcamus.

1002 1134 1234 1192 SERMO
1269 1131 1431 1192 XVII.

997 1247 1073 1303 De
1101 1245 1439 1305 dwmoniaco.

493 1366 714 1423 Venisse
743 1363 1028 1420 Dominum
1056 1370 1207 1419 trans
1232 1361 1429 1418 fretum
1463 1362 1518 1417 in
1546 1361 1824 1432 regionem
1850 1357 2019 1418 Gera-

419 1451 677 1518 senorum
700 1498 714 1523 ,
764 1466 820 1512 ct
859 1455 1078 1513 exeunti
1124 1457 1174 1511 ei
1201 1455 1270 1511 de
1297 1455 1421 1510 navi
1448 1455 1631 1511 statim
1659 1453 1686 1492 δ
1717 1454 2019 1511 occurrisse

421 1554 698 1611 hominem
721 1550 788 1606 de
817 1547 1181 1605 monumentis
1200 1548 1489 1604 habentem
1517 1547 1762 1619 spiritum
1784 1546 2019 1602 immun—

423 1648 574 1714 dum,
605 1645 811 1702 catenis
840 1652 895 1700 et
922 1643 1269 1715 compedibus
1296 1644 1554 1706 vinctum,
1578 1641 1888 1712 evangelico
1915 1640 2019 1696 ho-

423 1740 513 1796 die
559 1753 811 1794 sermone
850 1738 1200 1807 cognovimus
1231 1735 1429 1808 (Μαι-ι’.
1460 1753 1512 1800 v,
1545 1733 1639 1807 5);
1670 1735 1763 1805 qui
1792 1733 2014 1791 domici-

2110 527 2324 596 navigio
2376 525 2732 592 transmittit,
2782 525 2851 583 ad
2897 525 3076 583 littora
3117 529 3366 598 pervenit
3389 529 3584 587 salutis
3613 547 3705 587 no-

2109 631 2236 680 stra:
2281 622 2488 695 repleta
2544 621 2875 690 naufragiis,
2922 630 2979 676 et
3026 621 3303 691 regionem
3348 623 3511 680 castis
3557 625 3705 693 igno-

2108 717 2296 774 rantia:
2345 714 2582 772 telebris
2629 713 2888 778 infusam,
2930 714 3065 770 lucis
3108 731 3219 771 suae
3262 717 3556 787 splendore
3585 733 3705 789 por-

2107 807 2312 874 fundit,
2369 808 2551 866 callidi
2605 806 2776 864 hostis
2820 807 3258 878 deprehensurus
3310 809 3575 872 insidias,
3630 812 3705 881 ip-

2109 919 2336 974 sumque
2361 902 2663 975 principem
2705 901 2958 972 nequitiae
2981 902 3275 972 apiritualis
3312 918 3439 958 cum
3477 903 3594 959 suis
3639 903 3710 959 le-

2110 997 2378 1068 gionibus,
2403 996 2548 1066 regia
2570 1002 2840 1066 potestate
2862 992 3174 1064 fugaturus;
3204 1001 3264 1048 ut
3283 993 3504 1050 tandem
3527 993 3709 1049 reddat

2110 1092 2346 1158 liberos,
2377 1105 2516 1161 quos
2559 1089 2652 1144 diu
2681 1087 2857 1144 tenuit
2900 1095 3143 1159 potestas
3188 1087 3402 1143 inimica
3443 1088 3704 1158 captivos.

2122 1182 2346 1247 Videas,
2376 1181 2582 1252 inquit,
2625 1179 2806 1236 Iesum
2841 1196 2875 1233 α
2905 1181 3090 1251 longe,
3131 1180 3360 1234 cucurrit
3393 1189 3447 1234 et
3477 1180 3710 1235 adorauit

2114 1292 2250 1340 eum,
2273 1283 2324 1331 et
2343 1274 2580 1330 clamans
2604 1290 2725 1330 uoce
2747 1289 2959 1345 magna,
2982 1271 3116 1327 dicit
3145 1288 3164 1326 :
3197 1270 3339 1336 Quid
3373 1272 3506 1326 mihi
3523 1281 3578 1327 et
3602 1272 3706 1341 tibi,

2115 1369 2241 1426 Iesu
2265 1369 2345 1441 ﬁli
2388 1368 2488 1425 Dei
2510 1369 2738 1424 mmini?
2764 1367 2964 1439 Adjuro
2995 1376 3042 1421 te
3065 1381 3158 1439 per
3183 1365 3352 1422 Damt
3377 1381 3447 1422 ne
3480 1382 3569 1424 nu
3611 1376 3709 1422 tor-

2117 1477 2292 1534 queas.
2335 1459 2416 1516 Ad
2449 1469 2637 1516 nutum
2666 1456 2867 1514 Christi
2906 1473 3202 1516 conversus
3239 1467 3323 1514 est
3349 1459 3488 1515 ordo
3529 1473 3712 1531 pcena-

2118 1571 2268 1621 rum;
2300 1565 2426 1610 ante
2451 1552 2812 1608 latrocinante
2855 1552 3074 1609 diabolo
3121 1553 3286 1609 homo
3308 1553 3614 1609 vexabatur
3634 1554 3712 1609 ln-

2121 1662 2361 1713 nocuus;
2400 1660 2544 1701 nunc
2574 1644 2739 1700 homo
2781 1643 2972 1708 currit,
3003 1645 3098 1700 sed
3145 1644 3393 1700 diabolus
3439 1645 3706 1702 incurrit:

2123 1742 2411 1798 inclinatur
2429 1754 2581 1803 caro,
2611 1737 2708 1793 sed
2743 1736 3048 1792 immundus
3081 1737 3248 1807 jacet,
3277 1745 3332 1794 et
3354 1739 3713 1810 prosternitur

424 1832 554 1887 lium
583 1830 810 1886 haberet
837 1829 893 1885 in
920 1829 1316 1896 monumentis,
1347 1837 1537 1884 auctor
1574 1827 1796 1895 mortis,
1827 1827 2019 1882 mortis
2048 1832 2095 1894 Β
2120 1836 2358 1908 spiritus.
2397 1831 2638 1888 Cucurrit
2667 1841 2721 1886 et
2757 1830 2996 1887 adoravit
3034 1830 3262 1902 (Matth.
3294 1829 3391 1904 ιν).
3437 1831 3581 1899 Quid
3610 1837 3709 1898 est,

422 1923 643 1978 incubat
687 1922 1015 1989 mansiones,
1047 1929 1103 1976 et
1142 1921 1390 1976 humanm
1431 1919 1581 1976 necis
1626 1919 1834 1986 avidus,
1882 1933 2020 1989 quos

423 2015 741 2071 crudelitate
769 2030 866 2070 sua
894 2013 1145 2070 occidere
1173 2029 1282 2069 non
1309 2021 1521 2084 potest,
1552 2011 1707 2067 vivos
1732 2011 1894 2082 gestit
1935 2011 2019 2067 fe-

422 2111 608 2164 raliter
653 2109 923 2164 funerare.
957 2106 1152 2174 Saevit,
1197 2105 1326 2162 furit
1352 2105 1600 2162 interitus
1628 2104 1798 2160 nostri
1826 2119 2032 2160 avarus

423 2209 684 2269 exactor,
731 2201 820 2256 cui
863 2215 1023 2272 pmna
1069 2207 1153 2255 est
1177 2198 1323 2269 quod
1351 2199 1513 2254 homo
1559 2197 1834 2265 nascitur;
1875 2197 2022 2268 quod

424 2291 634 2347 tardius
661 2292 908 2358 moritur,
939 2291 1214 2347 cruciatur
1237 2309 1250 2343 :
1273 2289 1508 2345 hominis
1534 2289 1674 2346 hanc
1701 2289 1873 2361 ipsam
1897 2289 2023 2345 bre-

425 2385 702 2440 vissimam
728 2385 896 2440 vitam
925 2382 1212 2439 amandare
1239 2381 1456 2439 horrida
1495 2382 1685 2438 nititur
1712 2398 1812 2453 per
1836 2383 2020 2452 sepul-

427 2494 558 2544 cra;
610 2477 862 2533 confusus
889 2477 1087 2542 hostis,
1128 2484 1182 2532 et
1209 2475 1279 2531 ad
1304 2483 1588 2545 utrumque
1623 2490 1908 2546 perversus
1936 2476 2023 2530 in-

426 2572 568 2640 gerit
595 2572 856 2643 sepulcris
883 2572 1061 2638 vivos,
1093 2570 1319 2626 mortuis
1347 2582 1369 2610 ο
1400 2569 1624 2641 apponit
1660 2569 1841 2634 cibos,
1872 2583 2022 2624 mera

427 2660 620 2728 fundit,
653 2671 711 2717 ut
740 2671 795 2718 et
823 2663 973 2718 vivos
1001 2672 1209 2726 enecet,
1242 2669 1298 2718 et
1323 2669 1570 2718 mortuos
1609 2661 1893 2730 inquietet.
1925 2658 2027 2715 Ca-

427 2754 568 2809 tenis
595 2762 650 2810 et
677 2755 1026 2826 compedibus
1061 2755 1270 2810 vinctus
1296 2754 1582 2811 tenebatur
1607 2753 1772 2810 homo
1799 2771 1812 2808 :
1845 2749 1873 2790 ά
1902 2753 2023 2809 vin-

429 2853 548 2900 ctus
577 2845 753 2901 alieno
781 2841 1025 2912 crimine,
1059 2856 1113 2901 et
1140 2847 1459 2902 habitatoris
1486 2847 1709 2913 scelere,
1740 2847 2024 2902 habitacu-

429 2933 542 2991 lum
569 2937 830 2993 innocens
859 2939 1230 3007 torquebatur.
1256 2938 1466 2994 Diaboli
1495 2939 1651 3009 culpa
1679 2939 1913 2994 hominis
1939 2953 2027 2994 re-

430 3025 706 3082 dundabat
732 3028 798 3083 ad
827 3043 1063 3098 pmnam,
1095 3037 1152 3084 et
1177 3029 1372 3099 praedm
1398 3029 1629 3086 miseriis
1656 3030 1842 3101 prtedo
1879 3032 2024 3100 sagi-

427 3119 659 3175 nabatur
711 3121 984 3189 inclusus;
1042 3136 1142 3177 nec
1195 3115 1520 3189 facientem,
1576 3119 1670 3178 sed
1731 3123 2025 3194 patientem

2120 1927 2355 1991 diabole,
2379 1940 2540 1995 quem
2563 1925 2705 1980 trina
2722 1924 3020 1979 tentatione
3040 1924 3373 1994 provocabas
3392 1922 3459 1978 ad
3484 1922 3710 1995 lapsum.

2121 2033 2286 2089 quem
2304 2016 2668 2089 promissione
2690 2015 2843 2085 regni
2879 2021 2941 2070 ut
2976 2020 3030 2071 te
3057 2015 3306 2071 adoraret
3323 2013 3587 2071 subdolus
3605 2027 3714 2071 am—

2119 2111 2330 2175 biebas,
2347 2125 2490 2166 nunc
2503 2117 2741 2165 tremens
2765 2116 2821 2164 et
2840 2107 3175 2164 miserandus
3193 2107 3496 2178 prolaberis
3513 2116 3574 2163 et
3589 2107 3716 2164 ade»

2120 2203 2246 2259 ras?
2292 2201 2432 2258 Ecce
2464 2202 2558 2272 qui
2593 2201 2832 2258 honores
2860 2214 3050 2256 omnes
3089 2199 3241 2268 regni
3272 2198 3629 2270 promittebat
3663 2204 3714 2254 et

2121 2295 2327 2366 gloriae,
2358 2294 2604 2349 habitare
2625 2292 2804 2350 fetidis
2832 2293 3180 2364 corruptione
3201 2292 3531 2348 cadaverum
3564 2303 3715 2364 repe-

2121 2391 2259 2445 ritur
2280 2390 2333 2445 in
2357 2388 2592 2444 tumulis.
2623 2386 2733 2452 Sic,
2761 2387 2841 2443 sic
2863 2389 2966 2444 iste
2985 2387 3187 2459 decipit
3207 2402 3327 2443 cum
3349 2387 3640 2458 promittit,
3660 2391 3716 2442 ut

2123 2482 2193 2538 ad
2220 2480 2426 2537 inferna
2453 2496 2638 2536 secum
2666 2481 2967 2550 pertrahat,
2991 2494 3114 2536 cum
3138 2479 3207 2534 de
3233 2479 3488 2550 supernis
3507 2491 3570 2534 se
3590 2491 3716 2536 eon-

2123 2573 2348 2630 sulentis
2378 2583 2404 2623 t
2434 2572 2778 2629 consulentes
2801 2569 2831 2610 ιι
2855 2570 3014 2627 fallax
3039 2571 3338 2643 promissor
3360 2571 3558 2628 illudit.
3585 2569 3715 2637 ρικ

2123 2667 2251 2722 mihi
2279 2674 2331 2722 et
2365 2665 2474 2732 tibi,
2502 2664 2581 2737 ﬁli
2609 2663 2710 2719 Dei
2749 2664 2974 2719 summi?
3006 2663 3140 2719 Nam
3169 2673 3225 2719 et
3249 2663 3414 2720 modo
3450 2671 3513 2718 ut
3532 2663 3714 2719 adula-

2123 2767 2231 2824 tor,
2256 2774 2365 2815 non
2392 2765 2453 2814 ut
2479 2757 2708 2814 devotus
2733 2766 2790 2813 et
2815 2757 3121 2826 obsequens
3141 2757 3229 2812 hic
3256 2755 3467 2820 adorat,
3491 2757 3715 2812 evadere

2125 2853 2350 2924 cupiens
2372 2866 2608 2922 poenam,
2639 2850 2876 2923 przedam
2901 2849 3130 2922 perdere
3157 2850 3568 2921 pertimescens.
3592 2848 3716 2906 Cre-

2126 2943 2206 3000 dit
2225 2943 2410 2999 infelix
2434 2952 2493 2998 ut
2521 2958 2646 2999 eum
2667 2955 2827 3013 quem
2848 2943 3147 2998 tentatione
3161 2942 3400 3006 vincere,
3426 2955 3591 3012 quem
3606 2955 3714 2998 mu-

2126 3034 2345 3092 neribus
2374 3036 2616 3106 nequivit
2653 3033 2929 3092 inflectere
2951 3075 2967 3099 ,
3007 3035 3180 3106 possit
3206 3034 3515 3091 adulatione
3542 3035 3714 3108 pulsa-

2126 3143 2187 3184 re
2220 3147 2234 3182 :
2263 3127 2358 3185 sed
2403 3127 2494 3184 ille
2544 3127 2826 3185 consuevit
2864 3128 3076 3184 vinctos
3121 3127 3423 3194 absolvere,
3466 3139 3717 3186 revocare

430 3220 454 3248 ο
486 3213 830 3270 exsecrabilis
875 3213 1098 3286 exponit
1144 3211 1361 3271 invidia.
1394 3207 1531 3272 Huic
1569 3215 1762 3273 morbo
1808 3217 2033 3290 cupiens
2061 3227 2106 3292 ο
2135 3222 2398 3294 captivos,
2425 3237 2527 3278 nec
2554 3222 2865 3292 acquisitos,
2908 3221 3004 3278 sed
3024 3221 3273 3278 conditos
3293 3236 3324 3276 a
3343 3235 3407 3278 se
3433 3223 3532 3278 sibi
3559 3223 3715 3278 restis

425 3298 687 3362 Dominus
740 3307 1062 3373 subvenire,
1114 3306 1428 3362 transfretat
1473 3321 1626 3362 mare
1675 3323 1688 3361 :
1739 3309 1844 3364 hoc
1896 3319 2017 3374 est,

503 3518 529 3548 ἰ
558 3508 802 3563 Christus
829 3509 970 3564 enim
1002 3509 1054 3563 in
1077 3509 1177 3564 hac
1202 3522 1262 3564 re
1290 3521 1396 3563 non
1423 3507 1533 3560 vim
1561 3513 1829 3574 agentem,
1860 3513 1920 3560 ut
1940 3505 2022 3560 lo-

431 3579 523 3650 qui
545 3586 748 3650 amant,
774 3580 1032 3643 exercuit,
1055 3580 1146 3634 sed
1171 3579 1274 3634 vim
1297 3576 1556 3650 impedire
1574 3576 1845 3650 volentem
1865 3576 2026 3650 susti-

432 3646 567 3705 nuit.
593 3647 793 3715 Voluit,
823 3658 882 3704 ut
909 3650 1096 3705 liceret
1122 3646 1452 3704 daemonibus
1480 3646 1532 3702 id
1563 3646 1709 3715 quod
1736 3646 1869 3702 alias
1908 3646 2024 3702 elli-

434 3736 557 3776 cere
585 3727 854 3789 poterant,
880 3721 934 3774 ni
963 3720 1165 3790 majore
1186 3721 1238 3774 vi
1256 3717 1658 3789 impedirentur.

505 3790 529 3830 b
561 3791 617 3845 lu
664 3791 926 3860 superiori
963 3807 1211 3845 sermone
1238 3790 1371 3860 duos
1393 3830 1408 3854 ,
1456 3805 1596 3842 nunc
1625 3801 1785 3860 unum
1815 3794 2023 3860 tantum

435 3857 855 3930 energumenum
875 3859 1089 3915 Christo
1111 3862 1322 3916 obviam
1348 3859 1511 3914 fuisse
1533 3860 1626 3914 ait.
1654 3857 1791 3930 Vere
1815 3857 2024 3930 Marcus

435 3942 490 4000 et
514 3929 684 3988 Lucas
714 3932 868 3986 unius
889 3932 1234 4000 energumeni
1255 3931 1548 3986 meminere
1574 3947 1586 3982 :
1613 3929 1696 3984 vel
1719 3930 1862 3997 quod
1887 3929 2024 3985 forte

435 3997 572 4059 alter
598 4019 664 4057 ex
707 4004 772 4058 iis
799 4011 914 4058 erat
943 3997 1152 4066 notior,
1186 4003 1238 4057 in
1279 4017 1387 4071 quo
1419 4001 1522 4056 erit
1549 4000 1689 4071 legio
1729 4000 2026 4056 daemonio-

433 4090 584 4140 rum,
618 4081 676 4128 ut
716 4075 791 4128 ait
828 4072 1186 4143 Augustinus,
1216 4073 1283 4128 de
1299 4068 1578 4143 Concord.
1620 4068 1909 4143 Evangel.;
1941 4072 2026 4127 vel

435 4146 576 4216 quod
605 4145 773 4214 magis
797 4141 1100 4216 vexaretur.
1137 4143 1289 4216 Unde
1333 4141 1824 4216 ejusdem__sanatio
1867 4141 2026 4211 longe

434 4210 768 4342 i‘niraiiilio'r,
817 4224 910 4271 aut
954 4215 1100 4284 quod
1147 4215 1234 4270 hic
1277 4210 1426 4270 solus
1468 4229 1496 4267 a
1546 4210 1761 4268 Christo
1807 4210 2027 4268 sanatus

459 4303 570 4342 ueri
601 4325 615 4339 .

459 4288 615 4343 'uerit.

512 4368 536 4396 ο
568 4357 839 4426 Improbat
864 4372 1071 4412 morem
1101 4356 1404 4426 opponendi
1430 4355 1579 4411 cibos
1606 4369 1767 4424 super
1787 4354 2029 4425 sepulcra

433 4437 794 4486 mortuorum.
821 4426 1059 4494 Quarum
1085 4428 1461 4496 sepulcralium
1485 4426 1758 4496 epularum
1783 4435 1938 4496 usum
1963 4428 2030 4481 ab

435 4498 696 4566 ethnicis,
746 4498 814 4552 de
859 4499 1052 4566 quibus
1097 4495 1218 4552 vide
1258 4496 1691 4566 Kirchmannuni
1718 4495 1786 4551 de
1831 4495 2027 4550 Funer.

437 4565 624 4635 ηοω..
655 4569 708 4623 in
733 4565 1068 4623 Christianos
1089 4568 1252 4623 etiam
1281 4568 1335 4622 in
1366 4568 1630 4637 primitiva
1654 4565 1894 4622 Ecclesia
1917 4583 2032 4622 ma-

440 4650 632 4706 nasse;
663 4647 718 4694 et
747 4655 853 4693 non
884 4639 1068 4709 paucis
1093 4639 1343 4694 abusibus
1371 4638 1884 4709 volventibusannis
1909 4638 2031 4709 pol-

437 4709 613 4780 lutum
659 4710 852 4773 fuisse,
883 4706 952 4766 ex
976 4709 1288 4780 Augustino
1317 4717 1376 4780 et
1397 4706 1667 4780 Cypriane
1689 4707 1855 4780 docet
1897 4706 2023 4762 Cui.

437 4779 654 4836 lielmus
683 4780 932 4836 Stuckius
957 4776 1140 4848 Antiq.
1169 4777 1339 4834 Conv.
1367 4776 1502 4835 libli
1531 4793 1652 4848 cap.
1681 4776 1854 4848 26.7ld
1877 4787 2036 4834 mtate

437 4866 656 4921 quoque
677 4850 993 4924 Chrysqlogi
1020 4847 1182 4920 supra
1209 4860 1502 4924 martyrum
1525 4847 1738 4924 tumulis
1771 4847 1884 4924 fieri
1906 4863 2039 4924 con-

440 4917 684 4978 siievisse
707 4917 920 4977 abunde
946 4917 1206 4976 docemur
1233 4936 1300 4976 ex
1323 4917 1626 4974 Ambrosio.
1661 4917 1916 4973 Paulinus
1937 4918 2040 4974 No-

439 4991 615 5060 lanus,
640 5007 838 5064 poema
860 5005 983 5048 xxvr
1009 4991 1172 5047 natal.
1199 4989 1234 5045 9
1263 5007 1382 5062 pag.
1415 4989 1517 5045 642
1539 5004 1680 5045 vers.
1716 4985 1854 5042 56%:

473 5205 479 5211 ,
538 5186 568 5211 ,γ
595 5185 609 5198 .
645 5183 660 5198 .
697 5181 711 5198 .
737 5145 1042 5211 Ignoscenda
1062 5153 1226 5211 tamen
1250 5149 1368 5208 puto
1383 5143 1504 5211 talia
1531 5145 1696 5211 parvis

537 5210 739 5273 Gaudia,
763 5205 874 5273 Quae
895 5209 1079 5258 ducunt
1101 5205 1288 5270 epulis;
1310 5205 1698 5273 quia‘tneutibus
1723 5215 1864 5253 error

536 5271 717 5334 lrrepit
730 5267 943 5321 rudibus
967 5285 980 5320 :
1009 5285 1100 5320 nec
1118 5267 1266 5334 tanta
1285 5267 1659 5334 conscisculpm

537 5329 830 5396 §implicitas
856 5336 1042 5396 pietate
1066 5332 1214 5390 cadit,
1235 5332 1362 5396 male
1381 5329 1582 5396 credula
1601 5335 1799 5396 sanctos

537 5390 758 5447 Perl‘usis
777 5390 972 5446 halante
998 5407 1137 5445 mero
1157 5392 1376 5456 gaudere
1399 5390 1660 5454 sepulcris.

449 5559 568 5638 i_l_oc
591 5573 674 5638 est
695 5581 837 5638 ntere
877 5568 1116 5638 fundere,
1147 5564 1293 5638 quod
1333 5561 1697 5638 Chrysologus
1734 5562 1953 5638 damnat
1980 5571 2040 5617 ut

450 5635 649 5690 diaboli
695 5632 997 5704 inventum,
1046 5632 1299 5691 Paulinus
1346 5642 1405 5688 ut
1432 5632 1788 5703 simplicitatis
1832 5633 2038 5702 lapsum

450 5713 692 5779 excusat.
728 5704 856 5760 Vide
890 5707 1230 5779 Chrysologo
1267 5707 1640 5779 cohaerentem
1652 5704 2039 5779 _Augu_s_tinum

449 5784 585 5832 tom.
609 5774 658 5832 Χ
683 5789 845 5831 serm.
886 5778 942 5832 in
967 5773 1234 5834 cathedra
1260 5778 1318 5833 S.
1350 5775 1526 5842 Petri,
1569 5783 1626 5832 et
1652 5773 2040 5832 Tertullianum

451 5848 545 5906 lib.
579 5847 646 5906 de
673 5845 891 5904 Resurr.
925 5863 1044 5922 cap.
1072 5847 1100 5903 ι
1119 5888 1136 5918 ,
1167 5848 1224 5904 in
1251 5847 1535 5920 principio.

2131 3323 2284 3372 tuere
2326 3314 2342 3354 ί
2378 3315 2678 3372 terminos:
2711 3315 2925 3372 hostem
2968 3313 3138 3371 libera
3160 3314 3362 3372 virtute
3401 3316 3713 3388 peruenere.

2201 3509 2229 3548 ἀ
2259 3508 2481 3566 Fatetur
2499 3511 2626 3567 Mita
2654 3511 2759 3566 hoc
2784 3511 3008 3580 intelligi
3035 3511 3233 3580 debere
3261 3508 3329 3564 de
3358 3509 3584 3565 crimine
3611 3510 3714 3566 de.

2129 3582 2326 3644 monis,
2349 3584 2440 3651 qui
2464 3584 2756 3653 humanum
2786 3579 2971 3651 genus
2995 3582 3047 3635 in
3080 3579 3231 3636 Aine
3259 3581 3559 3653 tentatione
3600 3595 3715 3653 pes-

2128 3653 2424 3723 sumdedit,
2474 3652 2626 3723 cujus
2670 3652 3076 3722 comparatione
3121 3653 3282 3723 homo
3319 3652 3581 3723 innocens
3605 3652 3712 3708 est.

2128 3720 2377 3795 Attamen
2423 3720 2646 3795 mystice
2687 3720 3070 3795 interpretatur
3111 3722 3180 3795 de
3223 3721 3635 3795 crimineEvm
3667 3731 3716 3778 et

2127 3793 2194 3848 de
2220 3795 2465 3863 originali
2483 3792 2737 3865 peccato.
2772 3792 2921 3848 Unde
2943 3792 3301 3848 daemoniacus
3329 3793 3418 3865 hic
3460 3794 3716 3850 innocens

2124 3866 2302 3934 quoad
2330 3863 2544 3937 culpam
2570 3866 2860 3936 propriam,
2891 3877 3018 3920 reus
3045 3872 3158 3919 erat
3186 3863 3364 3934 quoad
3386 3865 3604 3936 culpam
3631 3880 3718 3937 pa-

2125 3944 2357 3990 rentum.

2163 4015 2189 4044 ο
2247 4005 2369 4078 illoc
2396 4015 2496 4071 est,
2529 4007 2875 4078 exsecrabilis
2915 4005 3112 4060 invidia
3153 4004 3413 4060 daemonis
3441 4021 3549 4078 non
3579 4006 3719 4078 pati-

2126 4083 2215 4131 tur
2243 4077 2413 4146 ipsum
2445 4079 2498 4133 in
2527 4079 2631 4133 hoc
2661 4077 2802 4132 facto
2829 4090 3088 4147 apparere
3110 4083 3400 4142 tortorem;
3432 4076 3527 4131 sed
3549 4075 3720 4147 scium

2127 4148 2391 4219 permittit
2417 4149 2690 4203 hominem
2721 4146 3046 4219 vider-italia
3076 4147 3206 4217 pati,
3249 4156 3521 4219 quatenus
3549 4146 3719 4202 homi-

2135 4217 2218 4274 his
2233 4227 2815 4302 Apeccatumupmpter
2846 4218 2990 4302 quod
3023 4217 3533 4302 ipse‘malapatitur
3548 4233 3720 4302 Eappa:

2131 4287 2268 4354 reat,
2299 4299 2354 4344 et
2379 4287 2635 4345 daemonis
2662 4287 2818 4358 culpa
2846 4301 2952 4342 non
2981 4296 3249 4344 cernatur.
3281 4287 3530 4358 ΜιτΑ.-
3548 4287 3722 4342 Multa

2134 4359 2396 4415 editiones
2432 4371 2485 4414 et
2512 4376 2611 4415 ms.
2653 4357 2913 4416 Vallicell.
2939 4359 3139 4413 habent
3167 4357 3475 4414 miserabilis
3504 4359 3718 4413 invidia.

2211 4430 2228 4469 τ
2260 4431 2314 4485 id
2332 4439 2434 4498 est,
2451 4432 2696 4487 homines
2718 4436 3049 4498 peccatores,
3069 4430 3219 4497 juxta
3244 4429 3370 4498 illud
3393 4427 3498 4484 Joh
3522 4443 3717 4498 xxxvn,

2135 4502 2185 4566 5,
2219 4501 2288 4555 Et
2315 4493 2485 4557 lumen
2516 4503 2658 4558 illius
2690 4493 2843 4573 super
2869 4493 3109 4573 terminos
3132 4505 3298 4573 leg-nr".
3324 4493 3422 4553 Vel
3451 4499 3637 4573 potius
3661 4497 3722 4573 ad

2133 4587 2294 4628 omne
2316 4574 2390 4637 id,
2420 4574 2563 4642 quod
2593 4574 2645 4626 in
2673 4569 2772 4627 suo
2793 4571 3071 4625 dominatu
3095 4569 3380 4625 includitur
3405 4587 3419 4623 :
3450 4569 3605 4626 Dabo
3638 4569 3722 4624 tibi

2057 4682 2109 4742 Β
2132 4653 2306 4715 gentes
2326 4655 2375 4698 et
2394 4644 2762 4715 possessionem
2785 4653 2923 4696 tuam
2944 4642 3184 4696 terminos
3206 4650 3374 4694 terras.

2209 4723 2234 4742 ι
2275 4714 2350 4742 IP-
2394 4729 2471 4742 ..νυ-
2538 4714 2775 4742 νΑΙΙΞΑΑ-ΙΙ
2841 4721 2892 4742 ιιι
2931 4712 3079 4742 ναιῖη
3141 4711 3374 4742 ΝηιιηηΙΙη

2209 4723 2234 4761 ε
2273 4714 2352 4769 Ex
2393 4710 2493 4770 ins.
2538 4714 2798 4770 Yallicell.
2841 4721 2897 4769 et
2931 4712 3100 4767 Vatic.
3139 4711 3417 4766 Nonnulla
3457 4710 3723 4767 editiones

2137 4786 2480 4841 consolantes.

2208 4854 2425 4920 hAlias,
2451 4856 2633 4928 falsus.
2677 4854 2778 4922 Qui
2817 4866 3048 4928 superna
3090 4851 3396 4928 consulunt,
3430 4857 3487 4928 et
3503 4863 3551 4928 _a
3593 4851 3724 4907 falso

2136 4921 2466 4997 promissore
2489 4921 2800 4990 illuduntur,
2834 4926 2867 4978 ii
2887 4921 3020 4997 sunt
3040 4923 3129 4997 qui
3169 4921 3344 4997 futura
3373 4922 3476 4976 soli
3503 4922 3616 4997 Deo
3638 4937 3726 4997 eo-

2138 4992 2282 5066 gnita
2314 5013 2345 5052 a
2366 4999 2610 5053 daemone
2637 4997 2884 5052 consulto
2904 4996 3043 5066 scire
3066 4993 3398 5066 desiderant,
3424 4992 3573 5062 quod
3600 4993 3725 5066 olim

2137 5061 2325 5136 gentes
2347 5068 2535 5123 fecisse
2563 5075 2773 5122 constat
2810 5080 2932 5120 cum
2971 5064 3114 5118 idola
3152 5063 3218 5117 de
3241 5061 3724 5136 futurisconsule-

2137 5132 2277 5191 rent.
2309 5138 2470 5192 Mira.
2496 5136 2727 5202 —Quid
2767 5138 2956 5190 mirum
3006 5142 3153 5203 pater
3199 5133 3498 5203 mendacii,
3553 5132 3728 5199 inquit

2136 5205 2368 5278 Cyrillus
2386 5201 2624 5263 lerosol.’
2658 5207 2926 5278 cateches.
2950 5201 3123 5258 illum.
3160 5215 3282 5274 pag.
3325 5201 3456 5266 124,
3478 5203 3528 5257 si
3570 5215 3729 5274 opera

2137 5277 2392 5350 mendacii
2413 5277 2744 5350 speculatur?

2217 5348 2235 5388 ί
2262 5348 2395 5404 Vide
2424 5341 2756 5418 superiorem
2796 5354 2982 5399 notam
3019 5341 3069 5398 5.
3088 5343 3360 5418 Antiquis
3388 5342 3528 5397 alios
3556 5343 3725 5418 lignea,

2141 5419 2280 5475 alius
2309 5411 2584 5486 terminus;
2606 5419 2673 5473 de
2693 5418 2888 5487 quibus
2916 5415 3137 5487 consule
3182 5411 3730 5487 Ho’fmannurnﬁon-

2142 5491 2240 5546 tin.
2275 5489 2453 5546 Lexici
2481 5483 2610 5545 tom.
2635 5483 2850 5559 ill-pag.
2883 5487 2983 5559 '54”;
3026 5485 3342 5540 Salmasium
3389 5485 3454 5537 ad
3483 5483 3730 5559 ﬁglinum

2143 5576 2265 5633 pag.
2290 5561 2412 5616 680.
2440 5562 2646 5633 Addam,
2664 5553 2924 5614 terminos
2944 5558 3184 5633 finesque
3207 5569 3455 5624 agrorum
3479 5571 3506 5608 a
3525 5553 3734 5633 Roma-

2146 5628 2580 5702 nis—quandoque
2600 5632 2772 5686 dictos
2813 5647 2960 5702 arcas
3001 5628 3205 5702 ﬁnales,
3229 5642 3350 5702 qua:
3377 5642 3486 5702 non
3518 5632 3730 5702 tantum

2146 5693 2392 5758 finiendis
2418 5693 2578 5773 agris,
2605 5715 2788 5756 verum
2818 5693 3011 5773 _etiam'
3036 5693 3333 5754 condendis
3376 5696 3735 5773 cadaveribus

2144 5764 2526 5832 inserviebam.
2567 5764 2771 5828 llarum
2803 5768 3033 5841 ﬁguram
3069 5779 3382 5840 expressam
3419 5779 3489 5825 ex
3517 5764 3733 5838 Hygino

2143 5846 2313 5902 habes
2331 5845 2472 5918 apud
2491 5844 2768 5901 laudatum
2793 5839 3136 5897 Sa'lmaaium.
