3942 6348
494 328 600 385 247

1738 320 1801 380 S.
1841 318 2047 377 PETRI
2085 316 2523 378 CHRYSOLOGI

3660 323 3762 385 ω

491 442 627 513 ejus,
659 448 709 495 et
736 440 932 495 dimisit
971 455 1086 494 eam
1111 437 1284 510 febris.
1311 432 1519 492 Videtis
1555 432 1828 505 quomodo
1854 432 2076 489 dimittit
2100 432 2154 495 Α
2182 450 2282 491 nus
2314 454 2327 491 :
2358 434 2431 490 Et
2469 443 2552 503 tu,
2584 435 2862 503 Bethleem,
2907 436 3087 493 domus
3126 436 3300 503 Iuda,
3336 454 3441 493 non
3468 456 3523 495 es
3557 410 3767 496 minima

491 532 679 597 febris,
705 542 733 571 ι
753 547 912 603 quem
934 531 1165 587 tenuerit
1186 527 1432 584 Christus
1455 544 1469 581 :
1494 526 1570 582 ibi
1591 541 1700 583 non
1725 532 1833 581 stat
1854 524 2080 581 inﬁrmi-

489 637 595 693 tas,
627 628 719 683 ubi
740 634 925 683 auctor
952 625 1137 680 salutis
1178 622 1413 690 assistit;
1444 637 1696 680 accessus
1733 622 1863 678 illuc
1888 622 2079 678 mortis

489 721 670 776 nullus
706 727 807 783 est,
848 718 937 773 ubi
967 714 1312 772 viviﬁcatoris
1343 715 1615 784 ingressus
1634 720 1737 769 est.
1764 712 1968 781 Tenuit,
1996 713 2079 768 in-

489 812 625 882 quit,
650 827 861 865 manum
894 810 1026 881 ejus.
1066 807 1196 876 Quae
1223 807 1519 863 necessitas
1548 806 1800 876 tangendi
1825 816 1962 870 erat,
1987 805 2080 862 ubi

489 903 665 957 inerat
686 902 775 971 jus
808 899 1071 971 jubendi?
1110 899 1216 956 Sed
1253 897 1498 955 Christus
1525 898 1696 954 tenuit
1716 912 1935 953 manum
1959 912 2079 953 mu-

487 994 635 1048 lieris
656 992 724 1047 ad
748 992 942 1059 vitam,
974 991 1103 1062 quia
1138 991 1311 1046 Adam
1351 990 1419 1047 de
1445 1005 1610 1045 manu
1646 988 1888 1045 mulieris
1924 1003 2081 1045 acce-

484 1092 641 1155 perat
673 1092 925 1139 mortem.
965 1082 1152 1137 Tenuit
1201 1099 1413 1137 manum
1440 1082 1572 1153 ejus.
1618 1078 1689 1137 Ut
1733 1080 1879 1151 quod
1915 1096 2077 1136 manu

487 1174 518 1214 ι)
547 1176 922 1246 ιιι-ωειιιιιθηῑὶε
955 1174 1247 1239 amiserat,
1293 1189 1484 1229 manus
1511 1180 1791 1244 repararet
1817 1172 2073 1229 auctoris.

490 1265 678 1322 Tenuit
700 1284 913 1322 manum
945 1268 1075 1339 ejus.
1130 1265 1202 1322 Ut
1230 1266 1501 1337 acciperet
1540 1264 1925 1335 indulgentiam
1962 1280 2079 1321 ma-

487 1372 609 1422 nus,
634 1372 754 1427 quae
781 1366 1057 1428 carpserat
1074 1358 1140 1412 de
1160 1365 1334 1413 morte
1356 1357 1701 1412 sententiam.
1734 1354 1806 1411 Et
1831 1357 2073 1425 surrexit,

486 1448 683 1518 inquit,
716 1458 766 1504 et
794 1459 815 1487 ε
837 1449 1174 1503 ministrabat
1198 1451 1263 1503 ei.
1305 1448 1374 1504 Et
1401 1447 1648 1505 Christus
1678 1448 1921 1505 mulieris
1941 1448 2079 1504 indi-

486 1541 648 1611 gebat
673 1542 953 1612 obsequio,
981 1551 1035 1598 et
1055 1542 1295 1598 mulieris
1314 1550 1586 1614 provecta:
1610 1543 1806 1606 aetatis,
1830 1550 2079 1599 senectu-

488 1633 560 1687 tis
580 1648 804 1688 summa:
826 1674 841 1700 ,
873 1633 997 1688 ﬁliis
1024 1634 1364 1703 aggravatae?
1405 1633 1483 1688 sic
1511 1634 1565 1688 in
1586 1632 1748 1689 domo
1776 1631 1922 1689 Petri
1966 1649 2077 1690 non

487 1732 608 1781 erat
634 1725 876 1790 vernula,
910 1740 1018 1780 non
1046 1724 1321 1790 minister,
1354 1740 1462 1780 non
1483 1723 1781 1789 familiaris,
1814 1740 1923 1779 non
1944 1740 2075 1796 pro-

2178 530 2234 584 in
2263 530 2579 601 principibus
2604 528 2780 597 Iuda;
2820 548 2885 586 ex
2921 540 2969 586 te
3005 534 3144 587 enim
3180 534 3316 588 exiet
3341 533 3481 598 dux,
3511 536 3604 608 qui
3630 544 3765 608 reget

2180 621 2423 693 papulum
2462 638 2631 677 meum
2665 621 2837 677 Israel
2868 621 2888 694 (
2908 620 3072 677 dficit.
3102 622 3197 693 v).
3243 621 3398 680 Unde
3441 633 3500 682 et
3538 626 3769 698 Aposto-

2180 712 2264 769 lus
2304 730 2317 766 :
2361 711 2449 768 Ex
2487 712 2670 785 quibus
2704 711 2939 769 Christus
2973 712 3252 769 secundum
3299 731 3544 781 carnem,
3580 718 3670 789 qui
3694 728 3765 775 est

2178 802 2322 860 Deus
2352 804 2647 860 benedictus
2674 806 2728 859 in
2749 805 2943 860 saecula
2974 803 3166 875 (Rom.
3190 804 3300 877 ιι).
3331 804 3461 861 Cum
3480 807 3701 864 uenisset
3716 811 3767 865 is

2181 896 2389 951 domum
2408 894 2581 962 Petri,
2608 896 2736 950 vidit
2756 912 2958 951 socrum
2986 896 3100 967 ejus
3124 896 3384 967 jacentem
3410 906 3463 952 et
3475 898 3766 970 febricitan-

2181 998 2299 1045 tem.
2335 998 2361 1038 κ
2378 987 2525 1045 Vidit
2552 1002 2884 1061 synagogam
2917 988 3189 1059 jacentem
3218 989 3273 1044 in
3299 988 3538 1061 perﬁdia:
3565 1007 3677 1049 sua:
3701 1000 3766 1049 te-

2180 1082 2364 1140 nebris
2392 1124 2409 1151 ,
2470 1082 2882 1138 decumbentem
2934 1082 3036 1137 sub
3089 1097 3311 1139 suorum
3362 1083 3582 1140 sarcina
3642 1100 3764 1156 pec-

2178 1183 2454 1242 catorum,
2511 1174 2656 1231 vitiis
2709 1172 2778 1230 ad
2822 1174 3132 1247 phrenesim
3181 1189 3353 1246 usque
3398 1174 3763 1234 febrientem:

2178 1276 2235 1323 et
2259 1267 2383 1323 ideo
2409 1267 2582 1323 tenuit
2606 1281 2824 1323 manum
2851 1264 2993 1336 ejus,
3024 1266 3150 1335 quia
3188 1282 3297 1322 non
3333 1276 3548 1324 tantum
3584 1268 3762 1335 verbo,

2177 1358 2275 1416 sed
2294 1367 2351 1415 et
2371 1359 2619 1415 manibus
2639 1356 2873 1415 Iudaicae
2892 1358 3067 1427 gentis
3088 1366 3342 1430 operatur
3359 1358 3613 1416 salutem.
3633 1360 3762 1416 Audi

2177 1450 2517 1523 prophetam,
2542 1447 2683 1505 Deus
2706 1458 2877 1504 autem
2902 1448 3016 1504 Rex
3036 1458 3211 1505 noster
3229 1459 3350 1504 ante
3369 1449 3566 1505 saecula
3589 1467 3765 1522 opere-

2178 1555 2260 1601 tus
2284 1555 2363 1601 est
2384 1544 2601 1601 salutem
2627 1547 2682 1601 in
2704 1545 2873 1601 medie
2903 1554 3071 1599 teme.
3104 1543 3289 1600 Tenuit
3308 1562 3522 1601 martum
3544 1546 3679 1619 ejus.
3701 1545 3765 1603 Ut

2178 1645 2306 1693 ante
2326 1636 2713 1708 prophetarum
2740 1636 3002 1705 sanguine
3030 1651 3222 1691 manus
3249 1636 3366 1706 ejus
3394 1637 3760 1707 mundaretur,

2177 1743 2341 1799 quam
2362 1727 2771 1784 ministrationis
2797 1726 3177 1789 ecclesiastica:
3202 1736 3441 1785 sumeret
3463 1744 3763 1787 sacramen-

484 1818 739 1889 pinquus,
772 1825 919 1873 certe
948 1815 975 1855 d
1005 1833 1115 1872 non
1161 1830 1317 1883 uxor,
1368 1831 1488 1886 quae
1516 1816 1708 1871 matris
1754 1815 2073 1887 obsequium
2102 1825 2152 1887 Β
2177 1828 2308 1875 tum.
2342 1818 2414 1874 Et
2439 1820 2665 1875 surrexit
2690 1826 2743 1873 et
2778 1818 3106 1873 ministravit.
3140 1816 3278 1874 Hinc
3298 1826 3384 1875 est
3410 1819 3561 1889 quod
3591 1830 3760 1877 erecta

482 1910 843 1982 praeveniret?
870 1917 925 1965 et
952 1909 1021 1965 ad
1049 1925 1336 1975 summam,
1369 1908 1563 1964 Petrus
1591 1908 1707 1980 ipse
1732 1924 1924 1965 causas
1964 1924 2074 1966 sua:

481 2002 822 2058 verecundia:
849 2017 960 2058 non
987 2000 1224 2069 videbat,
1277 2008 1339 2057 ut
1377 1995 1484 2057 hoc
1530 2015 1669 2056 anus
1691 2040 1707 2066 ,
1754 1999 1860 2056 hoc
1887 2014 2074 2056 socrus

480 2094 687 2150 faceret
721 2095 981 2164 magistro
1022 2094 1321 2164 discipulus
1348 2093 1495 2163 quod
1540 2093 1811 2149 debebat?
1856 2091 2070 2157 fratres,

484 2182 735 2241 Christus
763 2186 831 2240 ab
861 2184 951 2239 illa
978 2185 1276 2240 humanum
1305 2199 1413 2239 non
1442 2183 1692 2254 exigebat
1731 2183 2070 2254 obsequium,

484 2280 574 2353 cui
601 2278 961 2335 ministerium
1006 2277 1303 2333 divinitatis
1351 2277 1688 2347 impenderat
1736 2294 1750 2331 :
1791 2277 1887 2334 sed
1912 2276 2074 2332 mini-

483 2379 664 2427 strare
703 2370 851 2425 illam
880 2369 950 2424 ad
996 2368 1255 2424 indicium
1294 2368 1518 2425 reddita:
1545 2368 1792 2424 sanitatis
1837 2368 2070 2424 admisit.

483 2460 732 2519 Christus
760 2462 839 2518 sic
859 2460 1008 2531 fugat
1034 2461 1273 2525 morbos,
1304 2468 1367 2515 ut
1392 2461 1534 2516 vires
1560 2460 1815 2531 pristinas
1841 2476 1971 2516 mox
1989 2475 2077 2515 re-

482 2553 648 2610 ducat
680 2572 693 2608 :
726 2554 818 2609 ubi
858 2561 1012 2609 curat
1038 2569 1160 2619 ars,
1209 2553 1283 2609 ibi
1311 2552 1634 2608 inﬁrmitatis
1673 2552 1873 2609 residet
1916 2552 2075 2609 lassi-

484 2647 648 2716 tudo;
680 2648 778 2704 ubi
800 2656 956 2703 sanat
982 2648 1184 2713 virtus,
1226 2647 1300 2702 ibi
1328 2646 1555 2716 languor
1579 2656 1602 2685 ο
1632 2646 1919 2716 vestigium
1963 2661 2075 2703 non

481 2741 757 2811 relinquit.
791 2739 898 2796 Sed
925 2741 981 2795 in
1006 2740 1113 2796 hac
1132 2738 1366 2796 lectione
1392 2738 1521 2809 quid
1549 2739 1843 2810 spiritualis
1870 2739 2074 2796 intelli-

483 2833 682 2903 gentiae
727 2832 896 2887 lateat
940 2832 984 2888 si
1024 2832 1165 2887 scire
1192 2830 1459 2897 volumus,
1488 2832 1779 2887 verborum
1824 2830 2076 2889 ﬂosculos

486 2940 598 2981 non
645 2938 952 2995 quaeramus
983 2941 997 2977 :
1028 2924 1122 2993 qui
1172 2922 1193 2961 ί
1240 2922 1540 2978 saturitatis
1583 2921 1816 2978 fructum
1860 2924 2071 2993 quaerit,

483 3018 715 3090 despicit
742 3033 956 3074 amoena
984 3032 1301 3088 camporum
1334 3034 1347 3070 :
1379 3015 1565 3083 violat,
1597 3030 1754 3081 rosae,
1786 3016 1917 3082 lilia,
1950 3032 2077 3072 nar-

482 3112 674 3177 cissus,
707 3110 845 3180 grati
873 3109 1052 3178 ﬂores,
1084 3109 1178 3165 sed
1203 3108 1409 3180 gratior
1432 3109 1610 3180 panis.
1643 3106 1797 3176 Quod
1824 3116 1910 3165 est
1935 3109 2075 3166 odor

2176 1919 2259 1967 est
2279 1926 2400 1981 quae
2416 1909 2649 1980 jacebat,
2674 1918 2731 1965 et
2754 1905 2784 1947 ¹ι
2811 1908 3082 1965 ministrat
3100 1907 3347 1976 Christo,
3371 1909 3503 1966 dum
3528 1910 3761 1969 sanctiic

2176 2011 2264 2057 cat
2288 2018 2479 2057 manus
2518 2015 2643 2056 suas
2670 1999 2835 2056 modo
2872 2000 2925 2055 in
2962 2000 3217 2073 operibus
3251 2000 3443 2068 bonis,
3481 2017 3621 2074 quas
3646 2012 3762 2062 ante

2176 2091 2335 2146 malis
2363 2090 2619 2162 operibus
2640 2089 2941 2163 polluebat.
2982 2089 3223 2163 Vespere,
3252 2092 3445 2162 inquit,
3471 2096 3614 2165 facta
3636 2095 3764 2149 abut-

2176 2184 2346 2239 lerunt
2370 2184 2418 2238 ei
2438 2183 2648 2248 multos,
2672 2183 2932 2238 daemonia
2951 2181 3198 2239 habentes
3215 2225 3231 2251 ,
3270 2192 3323 2239 et
3352 2184 3597 2257 ejiciebat
3618 2189 3763 2259 spiri-

2178 2285 2259 2331 tus
2298 2276 2466 2332 verbo.
2518 2275 2636 2331 Hoc
2678 2274 2988 2331 humanitus
3008 2275 3282 2345 quomodo
3311 2276 3539 2348 intelligi
3570 2287 3758 2349 potest.

2177 2376 2239 2424 ut
2276 2374 2588 2437 contempto
2627 2365 2715 2421 die
2737 2404 2753 2430 ,
2792 2380 3019 2437 vespere
3047 2367 3276 2431 multos,
3309 2375 3365 2423 et
3390 2368 3533 2424 male
3561 2371 3762 2426 saucios

2175 2458 2363 2516 salutis
2388 2457 2529 2513 avidi
2558 2456 2627 2511 ad
2667 2456 2858 2512 salutis
2880 2457 3119 2513 remedia
3156 2457 3498 2528 bajularent?
3531 2458 3641 2516 Sed
3678 2476 3761 2518 ve-

2174 2533 2334 2623 spere
2355 2558 2458 2613 est,
2483 2563 2607 2605 cum
2628 2546 2811 2603 linitur
2830 2547 2949 2604 dies
2968 2549 3169 2615 saeculi,
3188 2550 3420 2605 mundus
3446 2565 3481 2606 a
3496 2551 3617 2608 luce
3638 2560 3759 2609 tem-

2174 2657 2382 2715 porum
2412 2656 2536 2698 cum
2578 2639 2834 2696 declinat.
2872 2638 3009 2697 Sero
3035 2640 3171 2696 lucis
3204 2642 3446 2698 redditor
3482 2645 3669 2711 venit,
3710 2654 3762 2700 ut

2176 2737 2333 2794 nobis
2367 2735 2647 2807 gentibus,
2692 2734 2786 2803 qui
2832 2733 2886 2789 in
2935 2742 3095 2790 nocte
3131 2735 3376 2791 venimus
3416 2737 3756 2802 saeculorum,

2175 2829 2321 2885 diem
2347 2827 2598 2883 redderet
2625 2826 3028 2897 sempiternam.
3063 2825 3285 2899 Vespere
3301 2838 3475 2884 autem
3503 2831 3661 2903 facta,
3678 2831 3762 2886 ob-

2178 2920 2406 2976 tulerunt
2431 2919 2479 2973 ei
2511 2915 2528 2955 ί
2565 2918 2754 2973 multos
2782 2916 3038 2973 demenia
3067 2918 3327 2975 habentes.
3357 2918 3631 2992 Vespere,
3666 2922 3760 2979 hoc

2174 3021 2278 3078 est,
2304 3011 2598 3067 novissimo
2622 3018 2869 3080 tempore
2892 3024 2992 3065 nos
3018 3018 3210 3079 gentes
3227 3010 3386 3067 oil'ert
3414 3012 3528 3068 Deo
3553 3023 3760 3085 aposto-

2174 3107 2350 3163 lorum
2369 3105 2460 3175 pia
2492 3111 2549 3160 et
2576 3103 2834 3159 solemnis
2862 3102 3081 3159 devotio
3105 3122 3119 3159 :
3149 3111 3208 3160 et
3238 3105 3514 3176 pelluntur
3544 3122 3578 3161 a
3615 3107 3760 3163 nobis

483 3206 703 3261 naribus
724 3246 740 3271 ,
792 3205 895 3260 hoc
942 3210 1027 3259 est
1073 3202 1291 3257 auribus
1330 3201 1595 3257 sermonis
1641 3210 1898 3269 ornatus;
1926 3202 2071 3272 quod
2097 3197 2145 3261 C
2176 3199 2468 3262 daemones,
2519 3196 2613 3267 qui
2660 3196 2819 3252 nobis
2870 3195 3141 3253 idolorum
3188 3197 3364 3254 cultus
3412 3200 3757 3271 imperabant.

480 3298 577 3355 dat
602 3300 756 3371 panis
783 3299 928 3362 vitae,
960 3296 1068 3353 hoc
1111 3295 1337 3351 scientia
1382 3294 1474 3350 dat
1519 3295 1699 3350 saluti.
1749 3293 2075 3366 Seponenda

482 3397 569 3447 est
594 3405 725 3461 ergo
754 3389 1079 3459 eloquentia:
1096 3388 1367 3457 voluptas,
1398 3387 1614 3458 quando
1642 3388 1879 3443 scientia:
1906 3388 2074 3460 depo-

482 3484 653 3541 scitur
689 3482 967 3538 fortitudo.
1014 3479 1143 3536 Cum
1181 3481 1423 3545 venisset,
1467 3480 1662 3551 inquit,
1691 3478 1844 3536 Iesus
1878 3482 1935 3536 in
1980 3481 2075 3537 do-

483 3592 624 3631 mum
650 3574 817 3629 Petri.
845 3572 927 3628 Ad
954 3572 1175 3629 domum
1214 3570 1362 3627 Petri
1389 3573 1539 3628 venit
1564 3570 1810 3628 Christus
1831 3613 1847 3639 ,
1889 3581 1950 3628 ut
1975 3572 2075 3629 do-

483 3683 605 3723 mus
632 3666 780 3723 Petri
806 3666 1017 3721 veniret
1042 3664 1109 3719 ad
1135 3662 1427 3720 Christum.
1452 3662 1605 3721 Tunc
1631 3663 1699 3719 ad
1726 3664 1944 3721 domum
1965 3666 2071 3721 Pe-

483 3763 556 3818 tri
582 3761 732 3817 venit
758 3757 1023 3825 Christus,
1056 3757 1275 3829 quando
1301 3757 1607 3813 habitacula
1655 3765 1855 3813 nostras
1891 3758 2070 3815 carnis

484 3852 724 3910 intravit.
756 3850 885 3906 Cum
908 3850 1121 3905 venisset
1140 3847 1295 3904 Iesus
1327 3849 1382 3902 in
1413 3848 1622 3903 domum
1660 3846 1811 3903 Petri
1838 3847 2063 3921 (Matth.

481 3960 576 4002 vm
595 3944 637 4018 ).
669 3943 801 4013 Quae
828 3950 912 3999 est
937 3942 1132 3999 domus
1158 3940 1345 3998 Petri?
1372 3939 1480 4006 illa,
1511 3939 1580 3995 de
1606 3954 1714 4010 qua
1734 3939 1865 3996 dicit
1884 3939 2068 3998 Domi-

564 4134 592 4164 ⁸
611 4123 709 4179 Ms.
740 4120 1008 4185 Vaticani,
1034 4119 1212 4175 tenuit.

557 4194 588 4236 ιι
622 4184 1229 4261 Ριδωδιιιιψῑοινοωιυιζ
1255 4186 1427 4244 Adam
1454 4194 1512 4243 et
1538 4186 1627 4243 hic
1654 4202 1685 4241 a
1712 4184 2068 4259 Chrysologo,

481 4275 539 4324 et
565 4282 596 4321 a
616 4264 832 4321 δθᾱιιιίο
854 4258 946 4318 lib.
970 4278 1009 4318 ιι
1036 4276 1177 4317 vers.
1200 4258 1255 4314 4.

574 4367 682 4417 Nec
702 4364 833 4416 solus
847 4364 1070 4413 meritam
1087 4364 1409 4425 presumptor
1428 4364 1658 4410 senserat
1679 4358 1819 4420 iram,

482 4487 619 4529 voce
637 4484 825 4541 parum
854 4466 1047 4541 Latina
1054 4504 1081 4541 _,
1116 4472 1171 4520 et
1197 4463 1348 4541 cujus
1373 4464 1459 4518 vix
1486 4462 1628 4541 apud
1670 4460 1950 4518 Sidonium
1978 4478 2073 4519 ve-

2177 3290 2321 3346 Audi
2342 3288 2662 3360 prophetam
2690 3305 2705 3341 :
2733 3284 2925 3343 Omnes
2951 3288 3024 3342 dii
3049 3290 3278 3360 gentium
3304 3290 3556 3347 dmonia
3585 3291 3757 3364 (Psal.

2174 3396 2299 3445 xcv,
2333 3378 2407 3451 5).
2436 3378 2752 3447 lgnorantes
2775 3377 2919 3433 enim
2940 3394 3108 3434 unum
3143 3378 3313 3437 Deum
3344 3383 3637 3439 innumeris
3660 3384 3760 3442 diis

2176 3471 2544 3529 serviebamus
2586 3468 2851 3541 sacrilega
2877 3478 2935 3526 et
2964 3470 3333 3529 sordidissima
3371 3476 3649 3533 servitute.
3691 3476 3759 3531 Et

2174 3564 2417 3637 ejiciebat
2461 3563 2676 3635 spiritus
2719 3562 2871 3618 verbo
2912 3560 3090 3631 (Rom.
3135 3581 3202 3630 x,
3240 3565 3352 3638 l7).
3392 3565 3532 3635 Quia
3574 3568 3638 3624 ad
3663 3584 3757 3625 nos

2176 3656 2423 3714 Christus
2448 3671 2613 3713 carne
2638 3672 2746 3713 non
2768 3656 2936 3725 venit,
2969 3658 3115 3713 venit
3140 3658 3308 3716 verbo
3340 3678 3353 3714 :
3385 3662 3481 3717 ubi
3517 3678 3643 3734 ergo
3668 3678 3760 3720 ve-

2177 3752 2259 3808 nit
2279 3750 2412 3806 lides
2436 3764 2504 3805 ex
2526 3748 2732 3813 auditu,
2756 3748 2969 3805 auditus
2990 3765 3090 3821 per
3118 3751 3372 3817 verbum,
3415 3768 3519 3810 nos
3546 3754 3665 3811 fecit
3691 3754 3756 3809 li-

2174 3844 2337 3901 beros
2364 3842 2694 3899 dxemoniaca
2721 3841 3001 3908 servitute,
3026 3842 3297 3901 daemones
3320 3845 3557 3903 reddidit
3575 3863 3640 3904 ex
3659 3848 3758 3903 im-

2173 3938 2265 4013 pia
2286 3934 2658 3994 dominatione
2684 3935 2947 4007 captivos.
2993 3934 3131 3993 Hinc
3171 3946 3257 3994 est
3303 3939 3448 4009 quod
3484 3940 3756 4007 daemones

2178 4114 2432 4171 stolarum
2453 4114 2685 4187 nomina,
2709 4116 2795 4186 qui
2815 4116 3008 4187 nuptiis
3033 4131 3245 4187 operam
3265 4117 3540 4187 dederunt,
3565 4134 3597 4174 a
3619 4118 3756 4175 Gra-

2178 4187 2303 4242 culo
2331 4183 2565 4263 quodam
2594 4183 2787 4263 assuta
2818 4183 3123 4263 censentur.
3155 4184 3339 4257 Neque
3369 4187 3461 4263 hic
3480 4186 3759 4263 Chrysalo-

2177 4271 2277 4383 ἕως»
2309 4254 2470 4339 negat
2506 4268 2731 4337 uxorem
2760 4254 2923 4338 fuisse
2960 4254 3122 4339 Petro
3167 4275 3187 4339 ξ
3230 4254 3423 4340 asserit
3450 4254 3662 4342 tantum
3696 4276 3756 4317 α

2216 4343 2327 4382 om:
2353 4342 2461 4381 non
2482 4324 2714 4381 adfuisse
2740 4343 2752 4379 :
2784 4341 2910 4383 quia
2936 4326 3070 4381 alias
3089 4342 3256 4383 ipsius
3274 4337 3618 4383 potissmium
3645 4347 3756 4383 mu-

2216 4327 2327 4399 omi
2353 4324 2461 4399 non
2482 4324 2714 4381 adfuisse
2740 4343 2752 4379 :
2784 4326 3070 4399 quia_ali_a_s
3089 4327 3256 4399 ipsius
3274 4328 3618 4399 potissimum
3645 4347 3756 4387 mu-

2177 4398 2324 4453 neris
2368 4396 2555 4452 fuisset
2593 4404 2875 4452 matrema
2904 4396 3149 4452 familiari
3187 4396 3367 4453 rerum
3412 4398 3756 4457 administra-

2178 4468 2327 4523 tione
2347 4467 2648 4522 suhlevare.
2670 4464 2769 4521 Vel
2796 4466 2922 4535 quia
2942 4467 3243 4523 communis
3265 4466 3487 4524 Patrum
3516 4471 3756 4528 doctrina

485 4533 702 4615 stigiu'm
733 4536 992 4615 invenies.
1025 4534 1141 4590 Non
1158 4534 1281 4615 _alia_
1291 4542 1489 4615 .autem
1509 4533 1586 4615 _de
1624 4547 2067 4615 prwsum-
2095 4544 2149 4605 ι)
2172 4544 2257 4615 est
2280 4535 2661 4615 eam‘Petrum,
2692 4533 2950 4607 aliosque,
2992 4537 3039 4593 si
3075 4538 3168 4609 qui
3196 4536 3365 4603 fuere,
3398 4550 3528 4597 ante
3550 4551 3757 4615 aposto-

486 4602 604 4686 ριόι·
642 4610 857 4686 dicitur,
892 4607 993 4686 nisi
1031 4602 1575 4686 quodIad'ipiscepdae
1616 4602 2067 4686 divinitatisyana
2097 4602 2133 4605 ⁷
2172 4608 2342 4686 latum
2365 4607 2651 4663 dimisisse.

484 4671 609 4739 eum
633 4671 854 4736 ambitio
883 4671 1149 4747 tetigerat.
1181 4671 1418 4730 Alcimus
1440 4673 1629 4728 Avitus
1667 4671 1853 4729 Poem.
1878 4674 1971 4731 lib.
2004 4691 2061 4732 ιι.

609 4796 720 4848 Diis
737 4805 849 4842 esse
872 4793 1004 4853 cupit
1022 4790 1211 4851 similis,
1231 4789 1487 4852 serpitque
1509 4799 1754 4840 venenum

606 4857 887 4907 Ambitione
914 4865 1112 4904 nocens.

560 4977 582 5006 ε
606 4964 835 5021 Secutus
858 4967 941 5017 est
958 4956 1200 5016 Grzecam
1218 4957 1526 5025 lectionem,
1558 4971 1667 5014 non
1686 4957 1761 5013 eis
1780 4964 1840 5013 ut
1857 4955 2069 5015 Marcus

483 5046 539 5095 et
564 5036 755 5091 Lucas.

555 5106 580 5146 ά
611 5106 771 5162 Solus
800 5102 991 5159 Petrus
1018 5102 1159 5157 inter
1193 5098 1470 5171 apostolos
1510 5098 1707 5171 legitur
1728 5097 1890 5153 fuisse
1924 5112 2063 5171 uxo-

482 5187 650 5234 ratus.
676 5175 743 5230 Et
762 5176 875 5230 haec
904 5168 1256 5244 plurimorum
1275 5168 2059 5244 veterum_Patrum_sententia.

483 5248 673 5303 Ailesis
698 5238 1031 5301 Clemelitem
1054 5239 1469 5297 Alexandrinum
1499 5238 1699 5295 Strom.
1725 5239 1817 5294 lib.
1855 5254 1911 5293 ιιι
1940 5252 2061 5308 pag.

483 5252 673 5303 Adesis
698 5252 1031 5328 Clementem
1054 5252 1469 5297 Alexandrinum
1499 5252 1699 5295 Strom.
1726 5252 1817 5294 nn.
1855 5254 1911 5293 ιιι
1940 5252 2061 5362 ρὲξ.

483 5317 619 5383 448;
643 5317 703 5370 Β.
720 5316 1074 5390 Epiphagmm
1090 5312 1280 5367 hmres.
1306 5308 1635 5390 5_l_,_Alog9!.
1656 5323 1777 5390 pag.
1804 5308 1952 5381 457§
2045 5351 2061 5377 ,

485 5397 540 5443 et
568 5378 779 5442 ἥξει-θεῖ’
803 5378 889 5450 50,
922 5384 1114 5439 Ebion.
1148 5396 1267 5452 pag.
1315 5378 1417 5452 14]
1465 5380 1494 5452 §
1530 5378 2063 5452 ’22;'yieronymum

488 5458 580 5512 lib.
602 5474 617 5512 ι
642 5448 895 5512 adversus
914 5448 1180 5510 Iovinian.
1222 5448 1346 5523 pag.
1368 5450 1437 5503 2'7
1456 5448 1489 5516 ;’
1512 5458 1567 5505 et
1594 5451 1646 5523 in
1674 5449 1841 5519 Epist.
1876 5448 1943 5523 ad
1960 5448 2063 5523 Iu—

488 5528 614 5581 lian.
642 5526 741 5589 5L;
791 5535 1066 5581 auctorem
1088 5519 1441 5593 quaestionum
1463 5521 1663 5574 veteris
1701 5521 1916 5593 et__novi
1958 5519 2064 5576 Te-

487 5608 646 5652 stam.
670 5598 808 5665 apud
832 5589 1181 5665 Augustinum
1213 5604 1344 5648 tom.
1372 5590 1435 5645 ιιι
1469 5598 1673 5665 recent.
1706 5589 2057 5665 _edit._qu:est.

488 5667 593 5721 127
613 5660 733 5735 pag.
746 5665 880 5735 7719.4,
907 5664 966 5718 Ε.
992 5665 1329 5735 Quapropter
1357 5678 1522 5732 penes
1550 5660 1817 5735 lgnatium
1852 5662 1905 5715 in
1947 5661 2063 5735 cpi:

466 5731 628 5794 stola
656 5731 722 5790 ad
743 5731 1299 5805 Philadclphq'quam
1329 5731 1676 5805 emunctioris
1707 5731 1849 5805 naris
1890 5732 2062 5789 critici

486 5807 774 5870 uenuinam
801 5821 920 5864 esse
932 5802 1273 5870 proﬁtentur,
1297 5804 1461 5863 verba
1480 5804 1601 5861 illa:
1625 5811 1674 5859 et
1694 5802 1913 5859 aliorum
1934 5820 2062 5876 apo.

2249 4690 2271 4716 ε
2302 4676 2437 4733 Cum
2456 4693 2575 4732 eam
2600 4678 2843 4733 continuo
2863 4692 2894 4732 a
2925 4676 3058 4733 febri
3078 4677 3353 4735 dimissam
3378 4691 3568 4739 narret
3586 4682 3756 4740 Evan-

2172 4748 2596 4825 gelium,_innuit
2618 4762 2742 4825 eam
2762 4748 2943 4825 statim
2963 4748 3227 4825 redditam
3266 4752 3485 4825 sanitati
3510 4795 3526 4819 ,
3560 4755 3755 4825 absque

2173 4817 2242 4874 eo
2271 4818 2416 4889 quod
2444 4834 2581 4889 opus
2618 4817 2896 4889 habuisset
2920 4819 3179 4889 temporis
3199 4828 3260 4874 ut
3284 4821 3429 4876 vires
3467 4817 3686 4879 iterum'
3704 4834 3757 4880 et

2172 4887 2340 4977 mbur
2365 4887 2941 4977 acquireretﬁls‘arltitas
2961 4887 3079 4977 quis
3097 4892 3359 4977 confertgr
3376 4908 3411 4945 a
3435 4890 3575 4957 Deo,
3591 4895 3755 4977 inquit

2173 4957 2533 5083 Hiezonymus
2569 4958 2626 5014 in
2674 4957 2862 5014 Matth.
2905 4957 3149 5016 laudatus
3188 4957 3219 5015 a
3259 4959 3409 5025 Mita,
3456 4972 3568 5018 tota
3607 4957 3755 5020 simul

2173 5046 2225 5083 re
2262 5048 2278 5083 t
2307 5070 2319 5083 .

2168 5046 2459 5163 reafuliditi,
2490 5098 2821 5154 maturitatis.
2845 5096 3164 5153 Emendavit
3183 5098 3465 5157 Meursius.

2241 5168 2707 5245 {Febricitantem
2729 5168 2980 5245 leminam
2998 5167 3305 5245 _Synag_og:e
3336 5171 3506 5245 fuisse
3547 5182 3750 5245 typum,

2168 5240 2389 5310 tradunt
2413 5240 2575 5294 etiam
2596 5238 2944 5310 Theophylus
2982 5238 3349 5310 Antiochenus
3378 5242 3471 5297 lib.
3512 5238 3588 5300 ιιι”
3606 5238 3755 5299 ’Ληθι

2166 5308 2967 5391 gor.;Bonav_entura.ad‘cap.
3020 5326 3070 5365 iv
3109 5308 3300 5379 Luca;
3338 5311 3484 5369 Beda
3511 5322 3643 5372 tom.
3686 5313 3750 5381 ν,

2168 5380 2234 5436 ad
2256 5396 2376 5449 cap.
2400 5396 2490 5436 vni
2512 5379 2749 5435 Matthxi
2766 5419 2781 5443 .
2805 5379 2926 5435 etc.
3740 5379 3742 5381 ’

2225 5452 2268 5534 ff
2304 5450 2576 5534 dli-nistrat
2604 5448 2808 5505 Christo
2832 5458 2889 5507 et
2919 5448 3195 5523 discipulis
3226 5450 3362 5522 ejus,
3404 5454 3500 5525 qui
3518 5470 3641 5513 eum
3661 5471 3755 5513 eo-

2164 5522 2341 5577 mitati
2369 5521 2601 5577 fuerant.
3055 5521 3072 5523 ’
3259 5521 3266 5522 ί
3421 5521 3441 5525 ⁷

2243 5591 2260 5631 ί
2302 5590 2435 5676 Cum
2480 5590 2728 5676 Christus
2772 5590 3097 5676 advenerat,
3131 5592 3299 5676 .multi
3339 5608 3370 5649 a
3419 5593 3756 5676 daemonibus

2162 5663 2517 5745 vexabantur,
2545 5661 2746 5745 S_atana
2773 5662 2943 5745 magis
2975 5662 3305 5745 insanienti},
3336 5678 3404 5745 eo
3444 5667 3588 5735 quod
3616 5684 3757 5745 pne-

2163 5734 2393 5789 senserit
2424 5749 2547 5790 eum
2574 5734 2736 5789 breve
2754 5741 3126 5802 regnaturum,
3170 5741 3224 5789 et
3252 5734 3517 5792 idolorum
3547 5734 3755 5799 cultum

2164 5812 2221 5862 et
2241 5804 2587 5863 tenebrarum
2614 5812 2940 5878 potestatem
2967 5804 3207 5866 funditus
3229 5806 3514 5865 ruituram.
