3902 6362
525 343 638 404 255

1780 335 1840 394 s.
1879 307 2101 393 parm"
2123 331 2556 393 cnnvsonom

525 461 756 520 sonabat
782 458 961 519 rabies
990 467 1018 498 ι
1036 455 1390 522 subditorum,
1419 452 1742 525 populorum
1771 451 2008 523 gurgites
2026 467 2112 508 ro-
2135 463 2188 525 Α
2212 450 2432 522 gemitu,
2465 445 2589 504 ﬁdei
2615 460 2770 515 voce,
2785 444 3104 504 Christianis
3127 446 3393 522 lacrymis,
3406 450 3595 522 ploratu
3619 458 3726 533 alto,

526 553 801 618 labantur,
839 549 1078 624 perﬁdiae
1115 547 1444 604 notabantur
1478 544 1719 616 scOpuli,
1746 542 1776 585 δ
1803 545 2116 616 mugiebant

526 643 708 700 littora
735 641 1054 709 Christiana,
1080 640 1350 712 lapsorum
1383 649 1406 678 ο
1437 635 1716 708 naufragia
1737 637 2111 704 versabantur,

526 743 583 792 et
611 742 728 792 erat
749 736 915 790 totius
933 732 1117 788 mundi
1145 747 1311 788 unum
1335 731 1645 799 discrimen,
1677 746 1950 802 unumque
1977 745 2114 786 nau-

525 826 773 897 fragium.
795 825 936 880 Tunc
956 824 1194 897 discipuli
1205 823 1456 879 accedunt
1475 823 1544 878 ad
1557 821 1857 890 Dominum,
1880 832 1932 878 et
1948 825 2114 879 susci-

529 926 924 983 taverunteum,
956 915 1216 971 dicentes:
1238 914 1492 983 Domine,
1517 913 1663 970 salva
1693 930 1822 982 nos,
1857 915 2116 987 perimus;

523 1019 575 1065 et
595 1009 720 1063 dicit
739 1009 812 1062 eis
833 1007 1007 1074 Iesus,
1033 1005 1173 1072 Quid
1201 1007 1368 1062 timidi
1395 1008 1517 1063 estis
1533 1046 1548 1073 ,
1583 1006 1802 1085 modica
1821 1006 1947 1079 ﬁdei
1965 1007 1992 1061 1’
2008 1005 2114 1064 Su-

523 1101 748 1158 scitatus
785 1114 916 1172 ergo
957 1116 990 1156 a
1027 1101 1306 1172 discipulis
1340 1097 1619 1168 Christus,
1659 1115 1837 1167 mare,
1869 1099 1975 1157 hoc
2001 1108 2112 1168 est,

524 1193 802 1260 mundum,
835 1193 1077 1264 corripit,
1109 1191 1422 1262 tranquillat
1447 1191 1635 1248 orbem
1653 1233 1667 1259 ,
1699 1205 1857 1261 reges
1883 1191 2112 1261 mitigat,

523 1290 823 1354 potestates
849 1283 1056 1354 placat,
1100 1283 1253 1338 sedat
1281 1280 1506 1350 ﬂuctus,
1549 1282 1825 1353 componit
1852 1283 2112 1354 populos,

527 1375 802 1431 Romanos
829 1373 994 1431 efﬁcit
1016 1372 1368 1430 Christianos.
1395 1371 1424 1413 ει
1445 1372 1527 1428 Ex
1554 1374 1687 1445 ipsis
1713 1387 1950 1444 quoque,
1968 1389 2119 1430 exse-

527 1476 745 1523 cutores
771 1466 924 1524 verbi
949 1464 1270 1523 Christiana:
1311 1464 1436 1521 ﬁdei
1473 1465 1734 1532 reddidit,
1776 1465 1870 1534 qui
1905 1463 2119 1521 fuerant

525 1566 902 1629 persecutores
917 1557 1148 1614 nominis
1159 1555 1466 1614 Christiani.
1499 1555 1648 1614 Hanc
1674 1556 2116 1627 tranquillitatem

527 1660 744 1710 servant
786 1651 1059 1724 principes
1092 1650 1411 1718 Christiani,
1453 1649 1695 1706 Ecclesia
1735 1657 1914 1716 tenet,
1953 1649 2120 1706 habet

525 1742 921 1810 Christianitas,
952 1743 1223 1814 gentilitas
1250 1743 1566 1799 admiratur.
1600 1741 1762 1809 Tunc,
1786 1741 1977 1812 inquit,
1999 1758 2117 1797 sur-

2214 541 2528 615 apostolicis
2555 539 2882 598 clamoribus
2908 540 3234 609 excitemus,
3275 551 3333 598 et
3365 543 3584 604 dicamus
3609 567 3622 605 :
3647 552 3731 612 Do.

2214 637 2370 702 mine,
2421 635 2568 691 salva
2611 650 2726 701 nos,
2775 636 3018 707 perimus.
3067 632 3138 689 Et
3162 634 3291 706 quia
3317 635 3468 694 lectio
3493 650 3600 712 apte
3623 651 3730 704 tem.

2213 729 2335 802 pori
2379 728 2676 794 convenit,
2732 735 2789 784 et
2841 727 2982 783 sicut
3032 728 3294 799 scriptum
3345 739 3470 786 est:
3525 732 3545 774 τ
3582 736 3732 809 Aquilo

2213 819 2380 877 durus
2405 826 2597 878 ventus
2625 818 2806 888 (Prov.
2842 835 3034 886 xxvm,
3063 817 3156 892 25)
3173 860 3190 885 ,
3221 820 3432 878 nomine
3455 831 3611 882 autem
3633 827 3734 888 Dex.

2217 920 2300 969 ter
2343 918 2569 968 vocatur
2611 911 2706 981 qui
2751 911 2908 967 nobis
2948 919 3137 981 gentes
3171 911 3251 967 sic
3287 911 3440 981 feras,
3476 916 3547 974 sic
3569 933 3734 980 amaras

2217 1005 2466 1062 advectat
2495 1022 2511 1073 ;
2553 1005 2642 1061 hic
2669 1019 2800 1076 ergo
2837 1003 3034 1076 Aquilo
3069 1013 3264 1062 ventus
3289 1006 3447 1064 durus
3471 1017 3495 1058 ι
3520 1025 3607 1082 per
3623 1013 3734 1072 Dex.

2215 1107 2378 1165 trum,
2421 1112 2521 1170 per
2547 1095 2816 1162 Africum,
2859 1111 2961 1168 per
2987 1097 3246 1153 Austrum
3261 1140 3276 1166 ,
3318 1114 3414 1171 per
3449 1099 3628 1161 Eurum
3662 1107 3736 1164 dil-

2213 1188 2388 1246 fundit
2405 1205 2467 1246 se
2480 1189 2506 1227 ³³
2523 1189 2663 1245 tristi
2683 1189 2916 1256 turbine,
2938 1189 3109 1244 maria
3129 1188 3420 1259 confundit,
3442 1190 3461 1231 ί
3477 1191 3604 1251 delet
3624 1212 3734 1266 aera,

2216 1291 2430 1338 montes
2457 1281 2658 1352 dejicit,
2689 1281 2876 1338 sorbet
2902 1281 3082 1347 urbes,
3111 1281 3414 1353 provincias
3447 1287 3633 1356 mergit,
3671 1297 3736 1346 to-

2216 1373 2323 1430 tius
2343 1373 2490 1430 orbis
2512 1373 2656 1444 cogit
2679 1387 2848 1428 unum
2870 1387 2992 1428 esse
3021 1370 3374 1443 naufragium.
3403 1372 3530 1432 Hinc
3545 1381 3738 1449 estquod

2218 1464 2464 1521 navicula
2489 1461 2689 1520 Christi
2719 1479 2863 1519 nunc
2884 1463 3095 1519 tollitur
3113 1462 3184 1518 ad
3211 1463 3422 1532 coelum,
3453 1482 3578 1523 nunc
3595 1468 3640 1524 in
3654 1479 3731 1527 tre-

2215 1558 2551 1632 pidationum
2581 1559 2688 1614 ima
2715 1557 3013 1624 descendit,
3046 1572 3192 1613 nunc
3218 1555 3413 1614 Christi
3449 1561 3626 1630 regitur
3640 1564 3738 1618 viri-

2217 1649 2338 1718 bus,
2371 1665 2514 1706 nunc
2538 1648 2825 1706 formidine
2839 1648 3095 1720 jactatur,
3129 1663 3274 1704 nunc
3295 1649 3524 1720 operitur
3545 1648 3739 1709 fluctibus

2216 1743 2550 1815 passionum,
2583 1757 2726 1798 nunc
2758 1740 3165 1798 confessionum
3192 1740 3428 1811 remigiis
3462 1751 3638 1798 enatat.
3661 1743 3741 1802 Sed

443 1823 446 1826 ”
525 1853 650 1910 gens
677 1837 948 1909 imperavit
967 1837 1126 1891 ventis
1154 1844 1204 1891 et
1221 1837 1355 1891 mari
1373 1877 1387 1903 ,
1419 1844 1470 1890 et
1496 1837 1636 1908 facta
1664 1844 1741 1890 est
1767 1836 2116 1908 tranquillitas
2145 1850 2194 1912 Β
2219 1848 2318 1890 nos
2343 1832 2538 1888 fratres
2563 1833 2759 1889 iterum
2787 1839 2952 1903 atque
2978 1831 3177 1888 iterum
3196 1831 3482 1889 clamemus
3511 1851 3523 1888 :
3549 1831 3736 1904 Domine,

525 1943 737 2000 magna.
762 1925 934 1983 Porro
965 1927 1194 1983 homines
1213 1926 1291 1982 illi
1318 1927 1493 1982 mirati
1513 1935 1633 1981 sunt
1661 1926 1903 1994 dicentes,
1937 1923 2118 1992 Qualis

525 2028 602 2074 est
620 2019 721 2087 hic,
753 2021 873 2092 quia
891 2028 944 2074 et
961 2021 1096 2076 venti
1116 2029 1168 2076 et
1184 2037 1328 2075 mare
1346 2020 1590 2075 obediunt
1608 2021 1695 2075 ei?
1720 2019 1977 2092 Discipuli
1993 2029 2120 2075 sunt

504 2097 583 2165 hi
607 2111 698 2180 qui
728 2109 994 2167 accedunt
1011 2110 1082 2167 ad
1109 2110 1417 2178 Dominum,
1440 2111 1535 2181 qui
1562 2111 1828 2167 suscitant
1848 2125 1991 2178 eum,
2023 2111 2118 2181 qui

525 2202 737 2258 salvare
755 2218 816 2259 se
833 2203 1025 2259 humili
1050 2202 1444 2275 supplicatione
1463 2201 1762 2274 deposcunt
1786 2219 1799 2256 :
1826 2211 1850 2240 ε
1870 2201 2119 2258 homines

527 2307 659 2348 vero
689 2291 942 2349 dicuntur
969 2293 1064 2363 qui
1095 2293 1365 2349 elementa
1400 2291 1617 2349 Christo
1652 2293 1831 2349 taliter
1870 2291 2118 2349 obediSse

528 2382 812 2438 mirantur.
839 2381 980 2440 Vere
1001 2383 1248 2440 homines
1273 2392 1419 2451 sunt,
1451 2391 1507 2440 et
1532 2384 1717 2441 saeculi
1735 2383 2002 2451 homines,
2023 2384 2117 2454 qui

527 2474 793 2530 mirantur
834 2472 904 2530 ad
942 2473 1304 2531 obedientiam
1342 2471 1543 2531 Christi
1577 2474 1836 2531 mundum
1874 2474 1952 2531 sic
1997 2489 2120 2532 esse

527 2579 866 2633 conversum,
922 2566 1018 2636 qui
1053 2566 1376 2637 templorum
1421 2566 1622 2624 vertice
1666 2567 1814 2622 velut
1850 2566 2116 2622 undarum

527 2663 769 2714 tumores
787 2665 1008 2730 stupent
1033 2659 1112 2717 sic
1135 2673 1255 2716 esse
1281 2657 1540 2730 dejectos,
1569 2660 1662 2730 qui
1690 2659 1956 2716 idolorum
1983 2675 2115 2731 spu-

527 2765 664 2818 mas,
695 2749 1000 2808 dzemouum
1017 2751 1205 2808 vident
1223 2752 1466 2809 turbines
1493 2753 1572 2810 sic
1590 2753 1808 2824 fugisse,
1825 2769 1964 2824 quos
1983 2761 2119 2810 atto-

525 2841 672 2896 nitos
695 2840 872 2898 reddit
889 2839 1180 2898 Christiani
1208 2843 1442 2899 nominis
1467 2851 1588 2900 toto
1607 2845 1741 2901 orbe
1765 2843 2034 2916 profunda
2061 2853 2124 2920 et

527 2930 720 2987 diﬁ‘usa
767 2932 1140 3003 tranquillitas.
1188 2932 1258 2989 Et
1301 2949 1432 2990 vere
1475 2932 1704 3003 fratres,
1731 2935 2034 2992 dormiente
2060 2935 2116 2989 in

526 3031 704 3079 morte
727 3021 962 3092 Christo,
993 3024 1048 3080 in
1084 3023 1327 3082 Ecclesia
1353 3041 1548 3098 magna
1575 3035 1660 3084 est
1685 3036 1876 3085 exorta
1905 3037 2114 3100 tempe-

525 3121 678 3182 stas;
706 3122 1023 3184 resurgente
1049 3129 1082 3170 a
1103 3116 1332 3173 mortuis
1357 3114 1594 3187 Christo,
1624 3116 1879 3176 Ecclesia:
1906 3121 2115 3177 reddita

2221 1927 2365 1982 salva
2393 1943 2508 1993 nos,
2540 1927 2784 1998 perimus.
2833 1924 2903 1980 Et
2951 1939 3164 1992 revera,
3215 1923 3423 1993 fratres,
3472 1925 3516 1982 si
3552 1940 3739 1983 essemus

2220 2034 2416 2085 unum,
2447 2025 2504 2074 et
2530 2018 2824 2073 humanum
2851 2031 3068 2088 corpus,
3100 2017 3149 2072 si
3191 2031 3289 2072 eos
3326 2016 3415 2086 qui
3452 2026 3649 2088 pereunt
3669 2033 3739 2074 no-

2219 2117 2332 2166 stra
2358 2123 2479 2165 esse
2507 2109 2712 2164 viscera
2736 2107 3101 2176 crederemus,
3128 2105 3416 2164 afﬂictione
3437 2107 3622 2178 jejunii,
3645 2124 3738 2181 pre-

2219 2216 2345 2257 cum
2369 2200 2591 2270 gemitu,
2621 2198 2884 2255 eﬁ'usione
2911 2198 3160 2266 ﬂetuum,
3186 2198 3383 2270 iugiter
3413 2199 3736 2256 clamaremus:

2219 2292 2459 2360 Domine,
2480 2293 2626 2348 salva
2663 2309 2778 2359 nos,
2819 2293 3066 2364 perimus.
3097 2289 3170 2347 Et
3193 2291 3519 2349 studeremus
3554 2291 3680 2348 nobis
3700 2295 3738 2350 in

2220 2386 2419 2442 nostris
2445 2384 2700 2441 fratribus
2726 2384 3053 2443 subvenire:
3086 2398 3192 2440 nec
3218 2382 3424 2440 furente
3456 2383 3612 2454 gladio
3649 2399 3739 2440 san-

2216 2477 2393 2547 guinis
2421 2476 2589 2532 nostri
2633 2491 2784 2532 mare
2829 2475 3140 2530 videremus
3194 2474 3249 2530 in
3301 2475 3468 2538 terris,
3521 2487 3607 2529 nec
3627 2481 3737 2530 tanta

2217 2585 2525 2642 corporum,
2550 2569 2644 2626 sed
2666 2585 2766 2626 nec
2793 2569 3093 2624 animarum
3113 2567 3232 2639 jam
3277 2564 3536 2636 naufragia
3561 2566 3738 2621 sentire-

2217 2675 2363 2726 mus,
2395 2669 2556 2731 atque
2584 2660 2773 2716 humili
2795 2673 2931 2716 voce
2959 2673 3347 2731 precaremur:
3377 2655 3593 2723 Domine,
3630 2657 3738 2712 tam

2216 2770 2331 2819 nos,
2368 2753 2612 2825 perimus.
2641 2751 2754 2808 Nec
2774 2759 2957 2808 tamen
2976 2751 3087 2807 ulla
3109 2749 3431 2822 compassio,
3455 2749 3607 2821 pietas
3643 2747 3737 2814 ulla,

2217 2845 2358 2900 ullus
2376 2859 2564 2916 pavor,
2591 2845 2917 2916 quicumque
2961 2843 3142 2917 pudor
3187 2860 3306 2911 nos,
3353 2843 3437 2900 vel
3460 2840 3738 2914 compunctio

2216 2937 2512 2994 exsuscitat
2537 2937 2607 2993 ad
2633 2937 2901 2994 dolorem.
2934 2937 3052 3004 Dei,
3111 2937 3212 2995 Dei
3239 2947 3322 2993 est
3365 2935 3502 3008 quod
3542 2948 3739 3005 urgemur

2215 3029 2390 3093 malis,
2421 3028 2565 3099 quod
2594 3029 2943 3086 verberamur
2969 3041 3204 3101 semper,
3236 3029 3379 3100 quod
3398 3036 3568 3099 gentes
3583 3026 3735 3090 valent,

2215 3120 2360 3192 quod
2387 3121 2497 3176 ruit
2521 3120 2745 3190 grando,
2776 3121 2922 3192 quod
2949 3123 3145 3192 rubigo
3173 3121 3359 3190 inﬁcit,
3388 3119 3523 3192 quod
3548 3118 3738 3190 impietas

524 3211 639 3274 est,
687 3205 829 3264 sicut
871 3207 1131 3279 scriptum
1157 3216 1275 3277 est,
1325 3211 1684 3280 tranquillitas
1711 3226 1923 3282 magna.
1955 3211 2115 3270 Modo
2141 3224 2190 3290 ρ
2217 3222 2415 3285 potest,
2446 3213 2590 3284 quod
2636 3213 2986 3271 dominantur
3025 3217 3224 3284 morbi,
3255 3214 3398 3288 quod
3435 3211 3571 3270 saevit
3609 3225 3734 3272 mors.

525 3313 625 3354 nos
651 3297 1007 3357 dormientem
1033 3297 1090 3354 in
1129 3298 1285 3356 nobis
1309 3298 1586 3358 Christum
1614 3309 1730 3359 toto
1755 3303 2113 3376 prtecordium

598 3436 727 3512 31:3}
756 3436 860 3494 ﬁde
879 3440 1230 3512 manuscript.
1257 3439 1420 3512 Editi,
1431 3441 1775 3512 traditarum.

527 3506 626 3632 55b
654 3506 946 3565 Nemorum
972 3506 1192 3583 mugitus
1212 3552 1226 3578 ,
1257 3506 1414 3584 apud
1430 3509 1662 3568 Plinium
1686 3512 1781 3569 lib.
1821 3529 1960 3581 xvu,
1989 3529 2109 3584 cap.

603 3659 626 3687 ε
655 3646 745 3727 $ic
772 3646 996 3707 Castillo
1023 3659 1078 3707 et
1116 3667 1218 3708 ms.
1259 3651 1501 3710 Cesente.
1544 3651 1689 3709 Editi
1715 3662 1772 3709 et
1794 3655 1910 3727 ipse
1945 3654 2110 3722 Mita,

527 3718 866 3774 vexabantur.

599 3785 628 3826 ἀ
652 3787 730 3844 Ita
751 3789 880 3860 legit
899 3788 1146 3867 Latinius
1169 3811 1182 3846 :
1207 3794 1295 3867 cui
1321 3793 1918 3867 favent_mss._ln_ed_it.,
1940 3797 2110 3867 ipsos-

525 3874 626 3934 que
649 3871 988 3934 exsecutores.
1014 3861 1136 3934 Hoc
1156 3870 1259 3929 est,
1283 3864 1456 3934 inquit
1480 3865 1629 3926 Mita,
1662 3863 1788 3920 fecit
1816 3861 2108 3933 Romanos,

529 3927 614 4006 vel
641 3944 709 3984 ex
738 3929 995 4006 [inmanis
1012 3927 1307 4006 ministres,
1334 3927 1693 4006 exsequentes
1711 3935 1932 3990 verbum
1951 3927 2110 3992 ChriQ

527 3999 714 4084 stianze
733 3997 878 4084 fidei,
892 4003 1058 4084 _quq_d_
1078 4012 1162 4060 est
1179 3997 1418 4084 credere.

601 4079 626 4152 ξ
647 4067 874 4152 Videtur
892 4067 980 4152 hic
999 4071 1362 4152 Chrysologus
1383 4074 1658 4152 adhzerere
1674 4077 2109 4152 putantihus‘eos

526 4139 619 4218 qui
647 4139 1018 4218 in‘Evangelio
1038 4139 1218 4218 mirati
1253 4139 1404 4218 s'unt,
1436 4161 1546 4201 non
1586 4139 1749 4218 fuisse
1782 4147 2104 4218 discipulos,

525 4209 622 4294 sed
639 4211 726 4266 vel
745 4209 1068 4294 evangelicae
1093 4217 1354 4294 naviculae
1381 4209 1591 4294 nautas,
1621 4217 1708 4274 vel
1736 4217 1790 4272 in
1819 4209 1938 4294 aliis
1959 4209 2110 4294 navi}

527 4280 645 4354 bus,
676 4281 760 4336 vel
788 4282 843 4337 in
870 4280 1051 4354 littore
1095 4287 1388 4342 existentes
1422 4280 1699 4354 homines;
1729 4295 1786 4343 et
1825 4287 1898 4342 ita
1940 4291 2110 4346 sensit

527 4349 784 4434 Drigenes
811 4361 866 4408 et
900 4353 1254 4434 Maldpnatus,
1286 4358 1338 4434 i_n
1361 4373 1480 4434 cap.
1510 4374 1602 4413 vlu
1621 4349 2103 4434 Matth:‘num._'27.

528 4419 596 4497 At
617 4419 974 4497 Hieronymus
997 4426 1214 4497 ibidem
1241 4419 1262 4482 ἐ
1293 4419 1548 4493 Basilius,
1606 4437 1745 4484 orat.
1776 4427 1847 4482 22
1873 4429 1928 4484 in
1969 4429 2103 4497 ﬁne,

527 4489 681 4572 llugo
707 4489 1234 4572 card.,_(_lajetanus,
1265 4506 1404 4572 etc.,
1445 4489 1663 4572 opinati
1687 4509 1816 4572 sunt
1842 4500 1932 4556 hic
1970 4489 2105 4572 apol

525 4565 697 4632 stolos
723 4565 905 4620 vocari
930 4565 1176 4624 homines
1192 4607 1207 4632 ,
1239 4568 1310 4624 ob
1337 4565 1601 4625 modicam
1633 4568 1794 4625 ﬁdem
1821 4565 2030 4626 eorum:

599 4629 618 4670 τ
651 4631 998 4716 Μετείῃξεᾳθ,
1031 4644 1092 4691 ut
1110 4629 1337 4716 vocant_,
1366 4637 1898 4716 Chrysolgginotant
1925 4641 2106 4698 locum

524 4702 688 4785 hunc,
708 4702 874 4785 veluti
901 4705 1240 4785 desumptum
1261 4725 1290 4764 a
1313 4702 1542 4785 lectione
1561 4702 1706 4785 LXX
1725 4711 2098 4785 interpretum.

524 4772 593 4845 ᾼι
619 4772 814 4845 ibidem
842 4775 1036 4845 legitur
1066 4772 1201 4834 {sed
1229 4790 1403 4835 ventus
1442 4780 1626 4845 Aquilo
1664 4772 1883 4836 σηπίιαὶ
1915 4783 2094 4839 nubes.

521 4842 709 4922 Lectio
740 4842 1337 4922 Apctoris,‘secundum
1365 4842 1513 4922 quod
1537 4858 1690 4922 putat
1714 4849 1976 4922 Castillo,
2008 4869 2097 4910 re-

521 4915 682 4992 spicit
731 4915 1312 4992 etl'ectum_Aquilonis,
1342 4915 1464 4991 qui,
1489 4915 1676 4992 utpote
1693 4915 2095 4992 frigidissimus,

521 4985 672 5113 gilvo?
697 5001 972 5113 inﬁrmaque
991 4989 1046 5046 in
1066 4985 1799 5060 glaciem-induratIOVidius
1821 4985 2104 5050 Metamor-

520 5071 676 5127 pnos.
709 5071 800 5113 nn.
829 5075 880 5114 vr
913 5077 926 5114 :

643 5156 924 5223 induroque
947 5161 1103 5222 nives,
1129 5167 1182 5213 et
1198 5167 1358 5214 terras
1376 5165 1615 5227 grandine
1635 5165 1792 5229 pulso.

591 5268 616 5304 κ
647 5257 703 5315 S.
737 5259 1084 5342 augustinus,
1115 5273 1246 5342 tom.
1270 5265 1339 5320 IV
1365 5266 1434 5323 de
1464 5267 1745 5342 Consensu
1765 5269 1966 5342 Evang.
1999 5273 2090 5330 lib.

519 5344 553 5384 ll
583 5345 704 5401 cap.
717 5331 782 5412 “4
805 5331 1078 5412 {Mundus
1118 5336 1227 5407 ipse
1266 5345 1485 5412 quatuor
1510 5341 1741 5412 partibus
1771 5331 2094 5412 terminatur,

517 5417 645 5494 quas
672 5402 954 5494 aliquando
974 5402 1295 5494 alvenifruné
1333 5402 1838 5494 nomine-Scriptura
1875 5402 2098 5494 comme;

518 5482 706 5526 morat.
741 5473 821 5529 Ah
858 5473 1102 5541 Oriente,
1135 5476 1400 5546 Aquilone
1425 5488 1480 5535 et
1506 5473 1744 5538 Meridie.
1783 5483 1870 5540 Sic
1898 5484 2100 5544 Auctor

520 5547 1148 5636 npster‘qua-tuo‘tlorbis
1173 5557 1354 5618 partes
1382 5551 1654 5636 intelligit,
1687 5555 1741 5608 in
1769 5557 1964 5636 quibus
1999 5573 2098 5628 per

521 5625 585 5692 ea
617 5620 856 5685 tempora
875 5657 890 5680 ,
932 5617 1056 5672 licet
1084 5617 1192 5674 non
1212 5635 1426 5692 semper
1453 5617 1649 5678 iisdem
1669 5617 1824 5680 annis
1851 5641 1915 5682 ac
1940 5617 2095 5683 men-

521 5682 696 5747 sibus,
738 5689 1028 5741 maximum
1066 5698 1183 5745 erat
1219 5692 1274 5746 in
1315 5693 1514 5748 mundo
1542 5691 1892 5748 naufrauium.
1925 5695 2095 5748 Ouan-

521 5695 696 5747 sinus,
738 5695 1028 5741 maximum
1066 5698 1183 5745 erat
1219 5695 1274 5746 in
1315 5695 1514 5748 mundo
1542 5695 1892 5764 naufragium.
1925 5695 2100 5764 Quan-

521 5751 810 5841 doquidem
824 5758 1019 5841 ﬁngli,
1042 5759 1261 5841 domitis
1286 5761 1492 5829 Scotis,
1523 5761 1794 5841 Pictisque
1822 5783 1852 5841 e
1879 5766 2098 5841 S_cythia

521 5827 763 5889 oriundis
777 5870 794 5901 ,
823 5827 1156 5891 Britanniam
1179 5827 1527 5908 subegerunt.
1563 5827 1746 5899 Africa
1763 5838 1864 5900 sub
1889 5827 2097 5901 Genu-

2218 3304 2365 3376 quod
2393 3317 2409 3358 ι
2451 3305 2635 3362 tremit
2657 3314 2803 3363 terra
2829 3326 2842 3362 :
2875 3323 2974 3365 nos
3021 3315 3208 3365 tamen
3235 3323 3334 3365 nec
3361 3305 3627 3370 tremimus,
3664 3314 3739 3358 nec

2214 3442 2329 3518 rico
2349 3460 2381 3499 a
2403 3443 2658 3518 Vandalis
2685 3454 2864 3517 capta,
2889 3445 3098 3518 direpta
3129 3455 3188 3504 et
3217 3447 3412 3518 Ariana
3431 3446 3541 3518 labe
3559 3442 3735 3518 infecta.

2216 3512 2431 3588 ﬂamma
2481 3515 2734 3588 ferroque
2754 3512 3095 3588 consumpta
3120 3527 3226 3575 est.
3262 3517 3438 3588 Sicilia
3464 3513 3737 3588 depredala.

2216 3582 2485 3641 Panormo
2529 3582 2811 3644 obsidione
2838 3582 3036 3644 cincto.
3070 3586 3339 3644 Armorici
3377 3587 3442 3642 ab
3477 3582 3740 3644 imperatore

2215 3653 2547 3730 Occidentali
2573 3656 2887 3730 defccemnt
2909 3659 3138 3730 :_Attila,
3167 3660 3262 3730 qui
3288 3659 3381 3715 Dei
3401 3653 3635 3730 ﬁaggllutn
3651 3663 3741 3718 οοεο

2216 3727 2612 3802 nominabatur,
2636 3727 2920 3802 Thraciam
2935 3724 3214 3802 Illyricum
3234 3724 3486 3802 vastavit,
3495 3724 3740 3802 Galliasque

2216 3797 2440 3876 invasit,
2483 3805 2539 3854 et
2579 3799 2793 3876 demum
2822 3800 2890 3876 ad
2918 3793 3178 3876 Aquileiae
3201 3799 3522 3876 obsidionem
3534 3803 3594 3876 ει

2215 3862 2572 3948 vastationem
2592 3884 2651 3924 se
2671 3870 2924 3948 accinxit.
2955 3862 3014 3926 lii
3034 3869 3211 3948 Gallia
3221 3873 3514 3948 imperator
3529 3862 3738 3948 Decidat!-

2212 3939 2283 3994 tis
2311 3940 2702 3996 nobilissimum
2729 3942 3029 3997 exercitum
3075 3943 3259 3998 amisit
3291 3938 3489 3996 {duces
3512 3938 3572 3992 ab
3604 3938 3736 4003 impe-

2213 4016 2397 4066 ratore
2424 4010 2738 4067 defecerunt
2763 4011 2831 4066 ad
2859 4012 3071 4078 hostes,
3119 4012 3194 4067 ita
3221 4019 3279 4069 ut
3303 4012 3468 4074 fame,
3496 4005 3640 4078 bello,
3664 4015 3736 4072 Ρθ·

2212 4080 2470 4147 stilentia,
2503 4087 2831 4148 ternemotu,
2863 4077 3122 4149 cladibus,
3155 4083 3414 4139 incendiis
3439 4077 3736 4149 Barbaroruiu

2212 4158 2360 4222 totus
2387 4146 2534 4222 orbis
2573 4151 2804 4219 agitatus
2819 4146 2898 4207 'sit
2922 4153 2994 4208 ob
3020 4146 3337 4222 gentilitiam
3377 4146 3736 4222 impietatem}!

2211 4221 2460 4277 haeresim
2494 4210 2944 4278 Christianorum.
2977 4210 3113 4279 Vide
3150 4225 3205 4280 in
3247 4210 3522 4280 praemissis
3552 4210 3736 4270 Annales

2212 4289 2452 4354 Baronii,
2482 4300 2613 4348 tom.
2645 4291 2690 4347 V
2713 4299 2768 4347 et
2795 4292 2894 4358 Vl,
2933 4294 3001 4349 ab
3029 4309 3172 4350 anno
3211 4284 3406 4350 Christi
3441 4288 3537 4345 450
3571 4284 3628 4340 ad
3660 4296 3737 4336 aur

2212 4377 2341 4432 num
2371 4360 2503 4428 450;
2536 4361 2779 4417 Rubeum
2810 4362 3053 4419 Ravenn.
3078 4372 3133 4420 et
3153 4365 3442 4421 Dolconem
3462 4359 3735 4432 Tarcaﬁnof-

2211 4429 2374 4506 him.
2406 4462 2475 4472 —
2497 4432 2716 4506 Auctori
2743 4434 2936 4503 Aquilo
2959 4434 3040 4506 di:
3046 4435 3156 4490 itur
3172 4435 3399 4506 Dexter;
3420 4432 3622 4506 fortasse
3640 4429 3736 4506 tif“?

2210 4500 2256 4554 si
2277 4516 2520 4580 apponas
2547 4501 2737 4580 faciem
2777 4498 3296 4580 cbntra_0ccasum,
3340 4498 3425 4560 hic
3467 4498 3736 4580 enim

2209 4569 2472 4645 canorum
2523 4573 2760 4645 motibus
2804 4575 3057 4645 proprior
3111 4583 3194 4633 est
3247 4569 3303 4632 et
3354 4569 3732 4631 convenientiam

2210 4641 2404 4714 Aquilo
2432 4659 2648 4714 semper
2668 4644 2764 4700 tibi
2792 4641 2983 4699 dexter
3009 4647 3132 4702 erit.

2281 4699 2310 4750 δι
2338 4699 2615 4786 Italege're
2665 4699 2867 4785 placuit
2894 4731 2961 4771 ex
2990 4699 3330 4786 conjectura;
3361 4715 3481 4786 licet
3523 4706 3642 4786 ultra
3658 4699 3736 4786 id};

2205 4798 2323 4854 cem
2369 4782 2682 4852 editiones,
2750 4801 2885 4854 quas
2937 4786 3038 4842 sub
3085 4782 3256 4844 oculis
3320 4785 3488 4841 habeo
3539 4784 3588 4833 et
3629 4782 3730 4827 mss-

2202 4851 2446 4910 Vallicel.
2479 4863 2534 4910 et
2552 4851 3020 4911 CaesenChabeant
3041 4856 3232 4914 Christi
3253 4857 3464 4913 turbine.

2279 4922 2298 5000 ξ
2329 4923 2644 5000 _Suspi_catur
2662 4925 2902 5000 Latinius
2921 4941 2996 5000 an
3017 4929 3096 5000 sic
3123 4929 3424 5000 legendum.
3544 4988 3556 5000 ο

2280 4993 2295 5045 i
2333 4994 2392 5050 In
2413 4979 2634 5074 casae
2660 4979 3476 5074 manassiasessent;=
3511 4979 3735 5074 $433921"

2203 5063 2384 5120 Caesar
2402 5065 2690 5140 Augustus,
2717 5082 2818 5140 una
2848 5083 2971 5140 cum
2992 5071 3215 5140 populo,
3245 5070 3343 5125 sub
3369 5067 3455 5122 diu
3475 5062 3736 5140 νὶᾎωξξῗ

2205 5144 2378 5211 runt,_
2407 5152 2476 5192 ne
2491 5132 2856 5211 'abruentihus
2869 5132 3126 5211 Byzantii
3153 5132 3388 5196 tediiiciis
3419 5132 3735 5211 opprimit}:-

2207 5187 3583 5266 iis;saansaan;iis:’li;+xi':ii5ﬁi;an‘iom
3608 5187 3733 5249 coelo.

2207 5278 2310 5354 nisi
2338 5294 2516 5354 sequo
2542 5279 2628 5333 hic
2652 5287 2781 5354 tunc
2815 5282 3074 5354 temporis
3097 5281 3198 5338 fuit
3223 5276 3599 5354 pronuntiatus,

2207 5347 2454 5422 Wandali
2497 5349 2777 5420 imperium
2830 5357 2886 5422 et
2928 5341 3241 5422 regionem'
3263 5351 3604 5422 Romam)?!"

2207 5417 2349 5490 bello
2384 5407 2735 5490 impetérant;
2783 5421 2868 5475 vel
2924 5422 2978 5477 id
2993 5407 3266 5480 “evenerit
3309 5433 3446 5476 anno
3467 5407 3594 5471 45ος

2209 5469 2602 5566 ᾉῘέἷῖπιέῖἆίίῖῖ
2614 5469 2768 5545 “sunt
2785 5469 3737 5566 ;'figi“pilaa'Isaszgnos,scich

2208 5558 2312 5634 459
2334 5534 2664 5634 eumve-orum
2694 5534 3737 5634 ³1-ῐῆἰε’δὲτῗίίξξῧιέὧυζυὺᾳεει-υηῐε⁸ἧς

2207 5630 2775 5706 improbandaegrun}
2795 5636 3062 5706 sententia
3078 5618 3193 5706 ‘qui
3207 5618 3265 5691 in
3287 5649 3355 5706 eo
3379 5618 3559 5706 ᾱξηῃψ
3577 5618 3737 5706 ﬁt:

2203 5687 2360 5772 pirias
2385 5715 2528 5772 anno
2549 5699 2653 5772 440
2673 5700 2725 5756 in
2747 5687 2897 5757 Italia
2928 5687 3264 5762 etWSiicil—ia'a
3285 5687 3544 5760 Wandalis
3577 5687 3736 5760 Perre'

2205 5771 2348 5829 truta
2372 5771 2641 5844 deplorari
2669 5781 2928 5846 putarunt
2947 5789 3016 5833 ex
3037 5774 3397 5838 Tlllemontio.
