3902 6362
1564 338 1794 400 SERMO
1829 337 1970 397 XXI.

3259 366 3269 386 ι
3307 341 3416 402 25s

143 475 394 534 ﬁmus,
424 479 527 523 nec
549 462 884 522 declinamus
908 476 942 520 a
968 460 1145 528 malis,
1169 473 1272 519 nec
1293 460 1596 533 appetimus
1615 459 1718 515 ho-
1744 457 1799 522 Λ
1821 453 2083 527 sepultus,
2129 450 2223 510 ubi
2247 449 2554 510 ascendisse
2576 449 2634 508 in
2659 449 2878 521 coelum,
2900 449 3078 511 Patris
3111 451 3181 512 ad
3225 454 3415 516 dexte-

146 581 222 622 as.
248 559 485 618 Avaritia
514 556 658 624 furit,
690 555 911 613 anhelat
956 569 1188 627 pompa,
1220 553 1473 625 iniquitas
1519 552 1717 624 placet,

144 655 301 714 aliena
344 649 650 715 delectant,
681 647 778 705 sed
827 655 1013 704 nostra
1041 655 1304 718 pereunt;
1361 646 1459 703 Dei
1511 643 1721 716 ﬂagella

140 746 363 808 miunt,
394 741 492 797 sed
519 748 722 797 nostra:
741 747 1040 812 provocant
1051 739 1240 811 culpae.
1271 737 1330 796 Si
1357 739 1500 796 Deus
1521 737 1718 809 justus,

144 839 308 909 utique
332 833 510 890 nostri
539 831 868 891 misericors.
898 830 1134 897 Fratres,
1152 839 1488 888 revertamur
1513 830 1582 886 ad
1611 830 1721 886 Do-

146 929 346 990 initium,
395 934 462 982 ut
500 933 808 982 revertatur
853 923 924 980 ad
977 939 1078 980 nos
1120 923 1295 991 Deus;
1350 923 1723 979 renuntiemus

147 1019 300 1084 malis,
324 1025 383 1074 ut
421 1016 792 1090 respondeant
815 1017 999 1074 bona:
1042 1016 1340 1073 serviamus
1387 1016 1501 1073 Deo
1554 1015 1720 1083 bono,

148 1122 198 1171 ut
215 1127 314 1170 non
340 1111 504 1168 malis
523 1111 774 1183 gentibus
801 1119 859 1168 et
884 1111 1245 1183 potestatibus
1270 1109 1469 1180 iniquis
1515 1108 1722 1165 servia-

148 1221 268 1272 mus,
292 1201 516 1260 Christo
542 1203 774 1260 Domino
801 1217 866 1260 ac
892 1203 1254 1274 gubernatore
1281 1216 1384 1258 nos
1409 1200 1721 1265 auxiliante,

148 1299 298 1355 honor
315 1294 476 1366 cujus
502 1304 560 1353 et
579 1295 838 1367 majestas
863 1296 982 1353 sine
1003 1294 1110 1352 ﬁne
1136 1303 1419 1367 permanet
1444 1295 1500 1350 in
1526 1293 1723 1350 saecula

148 1389 464 1447 seculorum.
497 1388 691 1445 Amen.

677 1489 705 1520 ει
735 1479 970 1538 SERMO
1015 1479 1157 1537 XXI.

768 1571 851 1630 De
882 1572 1084 1629 eadem.

207 1664 422 1734 Quoties
448 1663 698 1722 Christus
716 1672 904 1721 nostra
931 1663 1133 1722 dormit
1157 1664 1212 1721 in
1240 1665 1384 1731 navi,
1415 1672 1472 1720 et
1499 1662 1726 1735 ignaviae

153 1767 324 1816 nostra:
358 1773 566 1816 somno
592 1765 882 1830 soporatur
926 1757 982 1814 in
1031 1773 1278 1829 corpore,
1304 1757 1463 1814 irruit
1486 1758 1725 1830 procella

1825 565 1942 606 ram
1960 546 2287 616 consedisse,
2317 546 2461 603 unde
2481 547 2723 603 vivorum
2742 555 2799 604 et
2816 556 3154 606 mortuorum
3175 549 3415 620 judicem

1821 657 1946 700 esse
1996 649 2284 698 venturum
2319 639 2606 711 singularis
2641 640 2832 697 salutis
2868 649 2954 697 est
2979 641 3265 712 conﬁteri;
3321 645 3416 716 qui

1823 733 2003 790 taliter
2022 733 2076 789 in
2098 732 2221 788 navi
2239 740 2424 788 nostra
2443 731 2716 789 Christum
2743 733 3022 792 confessus
3048 739 3415 808 assumpserit,

1825 833 1881 882 et
1906 826 1954 882 si
1978 824 2221 882 tunditur
2237 823 2495 880 fluctuum
2515 824 2800 893 scandalis,
2831 841 2941 883 non
2963 834 3144 884 tamen
3163 829 3419 900 periculis

1823 917 2104 988 mergitur,
2139 924 2197 974 et
2233 917 2476 989 operitur
2511 915 2796 974 undarum.
2824 917 2897 973 Et
2926 920 3067 992 facta
3093 930 3189 988 est,
3220 922 3415 992 inquit,

1825 1009 2054 1083 procella
2098 1026 2291 1083 magna
2309 1010 2444 1066 venti
2470 1018 2521 1066 et
2547 1011 2732 1082 fluctus
2760 1009 2995 1066 mittebat
3011 1013 3069 1067 in
3087 1014 3262 1069 navim
3284 1055 3301 1081 ,
3339 1016 3420 1070 ita

1823 1110 1882 1156 ut
1907 1101 2278 1175 adimpleretur
2313 1102 2480 1158 navis.
2517 1101 2588 1158 Et
2626 1102 2767 1160 facta
2792 1111 2876 1160 est
2903 1105 3139 1176 procella
3177 1121 3372 1178 magna
3401 1126 3414 1163 :

1826 1209 1936 1250 non
1958 1209 2090 1250 ausa
2117 1203 2202 1251 est
2220 1195 2504 1266 explorare
2523 1194 2738 1252 Domini
2775 1196 3094 1254 dormientis
3120 1198 3374 1256 virtutem
3397 1238 3414 1266 ,

1826 1286 1920 1344 sed
1941 1286 2325 1358 discipulorum
2352 1287 2573 1358 pulsare
2592 1287 2771 1356 ﬁdem,
2803 1289 3052 1346 timorem
3083 1291 3336 1363 prodere,
3359 1301 3420 1348 ut

1827 1381 2036 1438 auctori
2075 1397 2174 1438 suo
2202 1389 2462 1452 quantum
2498 1381 2774 1437 servitutis
2801 1380 3042 1450 deberet,
3083 1384 3416 1441 ostenderet.

1826 1471 1898 1528 Et
1915 1482 2046 1540 erat,
2079 1472 2271 1544 inquit,
2319 1474 2377 1527 in
2421 1475 2581 1546 puppi
2618 1474 2900 1530 dormiens.
2942 1474 3026 1530 Ad
3062 1475 3420 1533 dormientem

1827 1565 2142 1635 confugiunt
2162 1564 2477 1636 vigilantes;
2499 1573 2556 1620 et
2583 1565 2812 1621 credunt
2847 1564 3112 1622 obsistere
3147 1567 3419 1623 szevienti-

1827 1661 1930 1717 bus
1948 1660 2230 1717 elementis
2260 1674 2388 1716 eum
2423 1659 2512 1716 cui
2535 1673 2786 1716 somnum
2837 1659 3104 1716 dominari
3143 1657 3173 1700 ει
3211 1677 3419 1718 summa

1828 1754 2232 1825 compressione
2283 1753 2623 1825 conspiciunt
2663 1771 2678 1808 :
2719 1755 3156 1827 contemplantur
3200 1757 3422 1814 irruisse

152 1859 247 1908 tota
268 1849 593 1907 confusione
618 1858 921 1917 ventorum,
951 1849 1178 1906 smviunt
1197 1849 1437 1906 minaces
1465 1849 1640 1916 undae,
1671 1856 1728 1905 et
1756 1855 1805 1918 Β
1831 1849 2011 1904 taliter
2028 1848 2278 1904 humanae
2310 1847 2647 1904 necessitatis
2675 1862 2929 1921 saporem
2952 1865 2968 1916 ;
2991 1857 3052 1905 ut
3069 1864 3171 1906 nec
3207 1849 3424 1922 fragore

152 1943 257 2000 dum
279 1943 558 2014 spumosis
581 1941 834 2000 ﬂuctibus
860 1943 1054 2014 saepius
1075 1941 1356 1998 elevantur
1375 1950 1432 1998 et
1449 1941 1724 2008 decidunt,

153 2049 309 2093 amara
334 2035 722 2105 navigantibus
748 2035 974 2106 gignunt
1000 2035 1406 2106 exspectatione
1426 2033 1724 2105 naufragia,

154 2129 268 2186 sicut
289 2141 536 2199 pmsens
567 2127 912 2196 evangelista:
938 2126 1100 2182 lectio
1121 2125 1447 2194 declaravit,
1494 2125 1681 2182 dicens
1710 2141 1724 2179 :

154 2217 292 2274 Etait
305 2219 419 2274 illis
448 2217 477 2258 δ
497 2217 653 2275 Iesus
672 2219 768 2274 illa
782 2218 865 2274 die
885 2235 1001 2274 cum
1019 2235 1134 2274 sero
1161 2227 1294 2274 esset
1315 2220 1529 2292 factum,
1555 2227 1729 2274 trans-

153 2328 301 2367 eamus
335 2321 530 2368 contra
548 2329 568 2379 ,'
608 2321 660 2368 et
679 2312 992 2367 dimittentes
1045 2310 1266 2378 turbam,
1315 2321 1586 2368 assumunt
1611 2328 1728 2367 eum

154 2407 216 2460 ita
240 2417 261 2444 α
285 2416 341 2460 ut
365 2415 489 2461 erat
503 2407 562 2462 in
589 2406 713 2462 navi
759 2404 952 2478 (Marc.
984 2421 1056 2470 tv,
1088 2402 1176 2473 55,
1227 2404 1340 2477 56).
1391 2403 1459 2460 Et
1495 2406 1570 2460 ait
1621 2405 1728 2461 illis

153 2495 280 2554 Iesus
305 2497 402 2553 illa
417 2497 522 2552 die.
541 2494 658 2565 Qua
687 2496 819 2553 die?
847 2497 940 2553 illa
969 2512 1164 2568 nempe
1183 2512 1310 2568 qua,
1337 2497 1490 2568 juxta
1510 2496 1724 2564 Isaiam,

155 2590 391 2662 consurgit
411 2589 746 2662 confringere
765 2595 958 2643 terram
971 2587 1126 2662 (Isai.
1158 2604 1215 2652 ll,
1246 2587 1336 2660 20)
1355 2604 1370 2656 ;
1387 2587 1478 2644 illa
1496 2587 1604 2653 die,
1621 2603 1729 2659 qua

155 2689 254 2738 tota
274 2681 560 2738 mundana:
579 2680 715 2738 lucis
743 2681 962 2738 claritas
982 2681 1342 2754 vesperascit;
1363 2682 1473 2748 illa,
1502 2697 1610 2752 qua
1629 2682 1730 2738 im-

156 2775 373 2831 minente
393 2773 761 2830 tentationum
781 2781 944 2831 nocte
969 2775 1320 2832 crebrescunt
1354 2774 1614 2845 imagines
1641 2773 1728 2830 fu-

155 2865 338 2937 gienda
382 2867 707 2922 vanitatum.
739 2864 868 2922 Cum
891 2883 1007 2924 sero
1042 2877 1176 2924 esset
1210 2870 1424 2942 factum.
1442 2867 1578 2925 Sero
1601 2875 1732 2926 tunc

156 2965 246 3024 est,
269 2973 387 3016 cum
407 2965 621 3031 tempus
647 2966 952 3015 extremum
986 2967 1042 3016 et
1073 2959 1209 3016 hora
1237 2960 1528 3016 novissima
1556 2960 1729 3016 sensi-

156 3048 251 3108 bus
270 3053 512 3109 humanis
539 3051 888 3109 coufusiones
933 3068 1116 3110 rerum
1144 3053 1411 3122 nuntiant,
1452 3069 1574 3124 quae
1600 3069 1732 3124 pro-

158 3144 364 3202 cedunt.
397 3144 735 3202 Transeamus
757 3155 956 3202 contra.
1000 3146 1080 3202 De
1108 3147 1337 3202 terrenis
1364 3145 1434 3202 ad
1467 3145 1729 3210 cmlestia,

1829 1941 2012 2008 maris,
2037 1955 2139 1997 nec
2155 1940 2394 1997 clamore
2414 1937 2688 2008 ﬂuctuum,
2722 1955 2824 1998 nec
2841 1949 3086 1998 extremo
3105 1942 3422 2000 imminente

1827 2034 2108 2104 naufragio
2147 2035 2386 2106 potuerit
2422 2035 2688 2090 suscitari.
2730 2033 2801 2089 Et
2835 2035 2926 2090 ubi
2964 2043 3050 2092 est
3091 2035 3261 2093 illud:
3285 2035 3424 2094 Ecce

1827 2145 1932 2184 non
1954 2127 2292 2194 domitabit,
2323 2143 2485 2200 neque
2530 2126 2834 2195 obdormiet,
2865 2129 2952 2200 qui
2989 2129 3214 2184 custodit
3253 2129 3424 2186 Israel

1830 2220 2001 2292 (Psal.
2027 2237 2150 2288 cxx,
2174 2220 2230 2291 4)
2246 2219 2386 2278 ?Per
2412 2235 2471 2277 se
2492 2236 2601 2278 non
2615 2220 2834 2286 dormit,
2855 2235 3030 2291 neque
3048 2222 3150 2278 sibi
3168 2223 3427 2279 dormitat

1829 2313 2084 2384 majestas
2111 2329 2304 2385 expers
2348 2312 2694 2382 lassitudinis,
2723 2313 2920 2383 quietis
2959 2313 3172 2385 ignara;
3202 2314 3300 2371 sed
3337 2322 3426 2372 to-

1829 2411 1944 2460 tum
1971 2419 2071 2476 per
2087 2419 2176 2460 me
2196 2403 2326 2460 mihi
2345 2405 2475 2475 agit,
2509 2405 2604 2476 qui
2640 2405 2855 2476 quoties
2881 2407 3118 2476 speciem
3145 2407 3230 2464 sui
3249 2414 3424 2473 actus,

1829 2495 1914 2552 sui
1949 2497 2129 2553 vultus
2157 2497 2424 2563 immutat,
2458 2497 2623 2553 toties
2662 2507 2966 2554 nostrarum
3003 2499 3296 2557 varietates
3339 2515 3428 2557 ar-

1829 2589 1964 2661 guit,
1986 2599 2044 2647 et
2061 2590 2248 2663 culpas
2266 2591 2584 2647 animarum.
2608 2590 2748 2648 Audi
2769 2590 3084 2664 prophetam
3113 2593 3384 2652 dicentem
3409 2610 3424 2649 τ

1831 2679 2110 2754 Palpebras
2127 2681 2240 2754 ejus
2259 2682 2584 2755 interrogant
2609 2681 2750 2754 ﬁlios
2770 2681 3036 2739 hominum
3057 2682 3229 2756 (Psal.
3263 2699 3320 2751 ι,
3345 2681 3424 2755 5);

1832 2771 2025 2830 Videte
2043 2771 2494 2844 quemadmodum
2509 2772 2606 2828 Dei
2620 2773 2763 2830 oculi
2777 2774 3116 2842 clauduntur,
3134 2789 3204 2832 ne
3212 2775 3429 2833 videant

1833 2881 1948 2934 eos,
1973 2873 2032 2922 ut
2051 2865 2342 2934 vindicent,
2383 2866 2477 2936 qui
2496 2864 2833 2936 delinquunt.
2863 2866 3066 2934 Averte,
3107 2866 3300 2937 inquit,
3342 2869 3428 2940 fa-

1835 2962 1966 3018 ciem
1989 2970 2128 3017 tuam
2154 2978 2189 3016 a
2215 2962 2439 3034 peccatis
2465 2961 2594 3016 meis
2617 2959 2788 3034 (Psal.
2814 2977 2866 3028 1.,
2891 2959 3003 3031 li).
3035 2959 3104 3016 Et
3121 2961 3316 3019 iterum
3333 2977 3430 3035 pa-

1834 3060 1969 3120 tent,
1992 3059 2052 3108 ut
2069 3060 2350 3109 currentes
2368 3051 2614 3116 incitent,
2638 3051 2995 3108 lassescentes
3009 3053 3238 3122 erigant,
3259 3054 3430 3124 respi-

1837 3144 1984 3202 ciant
2010 3143 2395 3214 supplicantes.
2419 3141 2520 3199 Hic
2539 3156 2670 3213 ergo
2690 3143 2904 3198 Domini
2942 3158 3164 3200 somnus
3182 3145 3430 3216 explorat

159 3234 220 3294 de
235 3238 584 3308 prasentibus
605 3237 674 3294 ad
701 3235 898 3294 futura.
929 3235 999 3293 Et
1023 3237 1164 3294 bene
1185 3245 1392 3302 contra,
1411 3236 1538 3306 quia
1551 3235 1732 3292 divina
1756 3241 1804 3306 ο
1834 3235 2222 3308 discipulorum
2259 3233 2438 3301 tidem,
2461 3233 2852 3291 dubitationem
2880 3233 3082 3306 prodit,
3113 3243 3171 3292 et
3203 3235 3431 3293 modica:

160 3343 354 3400 semper
378 3330 656 3387 contraria
681 3337 808 3386 sunt
830 3328 1114 3386 humanis:
1145 3329 1274 3384 dum
1321 3328 1424 3384 ista
1463 3327 1738 3399 subjectos

163 3420 419 3476 attrahunt
437 3422 509 3476 ad
536 3420 900 3492 fragilitatem,
924 3420 994 3477 ad
1012 3421 1268 3478 virtutem
1290 3420 1379 3476 illa
1392 3421 1484 3491 qui
1504 3435 1739 3491 sequun-

165 3519 256 3579 tur,
279 3513 550 3570 attollunt.
580 3511 652 3567 Et
699 3512 1010 3568 dimittentes
1059 3511 1280 3568 turbam.
1313 3512 1599 3568 Dimittunt
1627 3521 1740 3568 tur-

163 3599 287 3670 bam,
313 3605 408 3675 qui
427 3604 749 3676 popularem
793 3619 981 3660 auram
1027 3612 1084 3660 et
1124 3604 1342 3674 vulgum
1369 3603 1628 3660 deserunt
1653 3603 1738 3659 in-

163 3703 296 3752 certo
329 3710 550 3768 semper
596 3695 800 3766 judicio
839 3703 1226 3767 pervagantem
1259 3714 1271 3750 :
1315 3710 1490 3766 neque
1541 3694 1740 3752 addicti

165 3788 452 3846 rumoribus
493 3788 746 3845 humanis
791 3803 824 3844 a
869 3788 1084 3845 virtutis
1122 3787 1315 3844 itinere
1356 3787 1739 3854 retardantur,

165 3880 248 3937 sed
264 3881 328 3939 de
344 3882 494 3939 bono
523 3881 868 3940 conscientiae
895 3882 1117 3939 stabiles
1161 3890 1218 3938 et
1243 3882 1419 3938 securi
1442 3882 1660 3939 laudum
1687 3891 1745 3940 et

167 3973 566 4046 derogationum
592 3974 882 4032 mendaces
919 3973 1147 4043 ﬂuctus,
1189 3974 1406 4032 Christo
1427 3975 1742 4043 comitante,

167 4073 550 4135 pertranseunt.
584 4066 654 4121 Et
680 4076 949 4123 assumunt
967 4083 1100 4135 eum,
1133 4067 1326 4137 inquit,
1356 4067 1433 4123 ita
1473 4076 1532 4122 ut
1557 4069 1744 4124 eratin

169 4159 290 4214 nari.
320 4158 460 4228 Quid
501 4160 652 4216 hoc?
679 4160 838 4217 aliter
865 4168 950 4217 est
995 4159 1239 4218 Christus
1281 4161 1335 4216 in
1373 4161 1532 4228 ccelo,
1589 4163 1748 4219 aliter

170 4249 380 4306 habetur
405 4248 654 4307 Christus
679 4251 735 4306 in
776 4251 921 4319 navi,
953 4252 1110 4307 aliter
1151 4252 1206 4308 in
1234 4251 1519 4323 majestate
1546 4252 1743 4320 Patris,

170 4343 310 4399 aliter
326 4344 380 4400 in
399 4343 637 4402 hominis
663 4345 966 4402 humilitate
993 4346 1240 4412 sentitur,
1267 4347 1426 4405 aliter
1445 4356 1748 4406 coaeternus

172 4431 320 4502 Patri,
337 4436 496 4493 aliter
511 4444 730 4493 aetatum
749 4445 1055 4494 nostrarum
1074 4437 1328 4508 gradibus
1346 4440 1587 4496 cernitur
1606 4448 1747 4496 tem-

172 4529 376 4598 poralis,
407 4530 567 4586 aliter
593 4539 782 4586 nostro
810 4530 1010 4586 dormit
1036 4531 1090 4586 in
1119 4545 1368 4602 corpore,
1392 4531 1550 4588 aliter
1568 4531 1624 4587 in
1662 4531 1747 4589 sui

1841 3344 1936 3386 eos
1956 3328 2293 3386 credulitatis
2312 3328 2487 3399 aperit
2523 3341 2662 3395 esse,
2703 3327 2798 3399 qui
2835 3343 2944 3384 non
2971 3328 3134 3386 modo
3153 3329 3207 3386 in
3227 3345 3289 3387 se
3307 3339 3432 3388 tan-

1839 3427 1973 3486 tum,
1995 3419 2092 3476 sed
2119 3421 2175 3477 in
2205 3420 2382 3492 ipsum
2419 3426 2695 3476 auctorem
2740 3419 2968 3476 credunt
2984 3436 3146 3492 posse
3163 3422 3432 3483 elementa

1840 3527 2186 3584 consurgere.
2209 3511 2446 3580 Fluctus,
2478 3512 2670 3584 inquit,
2711 3512 2948 3568 mittebat
2979 3515 3036 3570 in
3074 3517 3265 3572 navim.
3297 3515 3432 3584 Quia

1841 3606 2178 3663 Dominicam
2197 3620 2410 3673 navem,
2432 3612 2694 3676 quantum
2721 3606 3055 3664 extrinsecus
3091 3608 3344 3678 quatiunt
3379 3619 3435 3667 et

1841 3699 2131 3756 infundunt
2165 3699 2323 3755 undat
2362 3698 2604 3770 gentium
2640 3699 2831 3765 moles,
2865 3707 3075 3756 tantum
3113 3700 3436 3760 intrinsecus

1847 3805 1872 3834 ο
1887 3795 2076 3852 tumidi
2088 3795 2462 3851 hzereticorum
2476 3794 2688 3850 irruunt
2701 3802 2757 3852 et
2766 3793 3436 3854 desmviuntlluctusﬁanc

1844 3897 2219 3962 tempestatem
2239 3889 2432 3945 beatus
2445 3886 2645 3944 Paulus
2659 3903 2718 3944 se
2730 3888 3016 3959 pertulisse
3035 3889 3292 3956 declarat,
3316 3904 3437 3948 cum

1843 3981 1975 4038 dicit
1998 3999 2013 4035 :
2035 3979 2194 4036 Foris
2215 3997 2423 4054 pugnae,
2463 3981 2603 4036 intus
2626 3983 2831 4036 timores
2862 3979 2928 4052 (Il
2957 3979 3076 4036 Cor.
3100 3997 3192 4048 vn,
3225 3980 3300 4052 9).
3327 3980 3437 4050 Ita,

1843 4081 1902 4128 ut
1920 4071 2290 4145 adimpleretur
2309 4071 2473 4126 navis.
2498 4069 2691 4127 Merito
2716 4071 2984 4142 spumosis
3005 4069 3254 4128 ﬂuctibus
3275 4085 3414 4128 evan
3435 4101 3441 4116 ι

1845 4165 2035 4235 gelista
2056 4163 2222 4221 refert
2265 4161 2431 4219 fuisse
2477 4177 2671 4218 navem
2715 4162 2994 4233 repletam,
3045 4177 3168 4217 cum
3193 4170 3276 4218 tot
3301 4177 3441 4234 pene

1846 4259 2080 4314 haereses
2110 4255 2352 4313 Ecclesia
2389 4253 2626 4326 patiatur
2652 4263 2785 4324 quot
2811 4252 3002 4309 divinm
3043 4253 3176 4323 legis
3215 4253 3443 4325 legimus

1849 4364 1966 4410 esse
1985 4347 2329 4422 quaestiones.
2371 4344 2443 4400 Et
2485 4353 2618 4413 erat,
2649 4345 2742 4411 ait,
2765 4345 2876 4418 ipse
2905 4345 2962 4400 in
2983 4347 3142 4419 puppi
3181 4346 3444 4404 dormiens

1847 4455 2001 4511 super
2028 4437 2307 4504 cervicale;
2327 4445 2376 4492 et
2394 4437 2626 4492 excitant
2645 4452 2779 4504 eum,
2801 4445 2852 4492 et
2871 4435 3050 4492 dicunt
3076 4439 3143 4505 ei,
3169 4437 3442 4511 Magister,

1848 4549 1954 4589 non
1973 4532 2046 4586 ad
2066 4540 2113 4587 te
2133 4533 2355 4604 pertinet
2373 4531 2494 4603 quia
2514 4530 2782 4603 perimus?
2818 4538 2870 4586 et
2903 4547 3203 4603 exsurgens,
3227 4533 3444 4588 commi-

172 4620 342 4692 vigilat
363 4621 598 4694 Spiritus
632 4623 934 4680 sanctitate.
965 4622 1246 4678 Assumunt
1281 4640 1396 4678 eum
1423 4625 1499 4679 ita
1525 4633 1583 4679 ut
1618 4633 1748 4691 erat,
1778 4626 1833 4687 D
1856 4633 2007 4680 natus
2027 4631 2105 4679 est
2121 4630 2288 4689 vento,
2329 4630 2379 4676 et
2416 4620 2551 4676 dixit
2575 4621 2750 4676 mari:
2791 4628 2904 4676 tace
2937 4629 2988 4676 et
3024 4620 3341 4688 obmutesce;
3396 4629 3446 4676 et

173 4713 348 4785 inquit,
376 4718 432 4771 in
454 4717 595 4772 navi.
621 4715 762 4773 Laus
781 4714 906 4772 ﬁdei
933 4707 1054 4780 est,
1079 4715 1154 4770 ita
1193 4715 1468 4772 Christum
1504 4716 1749 4788 recipere

175 4813 226 4859 ut
249 4815 330 4862 est
353 4819 411 4863 et
435 4807 668 4864 habetur
693 4806 750 4862 in
795 4806 936 4872 navi,
968 4807 1075 4862 hoc
1107 4812 1192 4862 est
1235 4809 1291 4861 in
1328 4804 1568 4862 Ecclesia
1597 4824 1609 4860 :
1656 4806 1749 4864 ubi

177 4905 340 4964 natus,
380 4898 472 4954 ubi
509 4897 764 4964 adolevit,
795 4897 886 4954 ubi
911 4913 1122 4970 passus,
1169 4897 1262 4953 ubi
1298 4895 1604 4965 cruciﬁxus,
1655 4899 1747 4956 ubi

242 5150 268 5180 ἰ
303 5139 368 5198 Et
384 5141 642 5215 praesenti
667 5140 832 5215 etiam
854 5155 1142 5215 sermone
1163 5139 1511 5215 prosequitur
1546 5139 1750 5199 Auctor

177 5210 405 5269 suorum‘
419 5213 630 5270 dierum
673 5213 1030 5272 calamitates.
1081 5210 1216 5268 Vide
1261 5211 1599 5283 superiorem
1646 5228 1748 5269 no-

179 5290 504 5412 megensus
532 5355 874 5425 evangelistae
911 5359 1026 5410 est:
1058 5351 1146 5408 illa
1175 5352 1263 5425 die
1289 5367 1396 5425 qua
1422 5353 1508 5408 bis
1534 5353 1754 5425 concio«

180 5432 388 5481 naturus
415 5434 554 5483 erat.
597 5413 749 5483 Licet
774 5425 865 5480 alii
885 5432 1076 5496 putent
1093 5439 1202 5479 non
1227 5413 1324 5479 illa
1347 5423 1434 5479 die
1459 5439 1564 5494 qua
1593 5413 1752 5480 Chri-

180 5503 287 5550 stus
306 5497 660 5550 praecedentia
681 5496 961 5550 docuerat.
993 5494 1090 5550 sed
1117 5495 1296 5550 aliqua
1324 5495 1452 5549 alia.

178 5503 287 5551 stus
297 5497 660 5622 praecedentia
681 5496 961 5578 docuerat,
993 5496 1090 5550 sed
1117 5496 1296 5564 aliqua
1324 5496 1452 5549 alia.
1543 5565 1556 5577 .

251 5579 274 5606 ε
317 5570 570 5649 _ysticum
591 5582 808 5623 sensum
835 5574 974 5649 eruit
993 5564 1379 5649 Chrvsologus.
1411 5565 1494 5621 Ad
1521 5564 1755 5622 litteram

180 5645 367 5693 sonat:
395 5649 748 5709 susceperunt
773 5652 897 5709 eum
927 5645 978 5692 in
1012 5645 1158 5709 navi,
1189 5646 1244 5692 et
1271 5651 1392 5692 sese
1423 5653 1754 5709 composue-

181 5716 406 5774 rat;seu
443 5707 726 5782 pulvillum
765 5707 882 5780 ejus
919 5707 1082 5782 capiti
1119 5708 1662 5782 supposuerint,__seu
1690 5707 1756 5764 li-

181 5791 337 5848 gnum
378 5776 669 5852 quoddam
695 5776 1002 5852 aptaverini
1045 5778 1119 5852 in_
1153 5776 1340 5852 puppi,
1374 5777 1466 5834 ubi
1503 5776 1756 5852 Christus

181 5858 338 5922 caput
361 5848 514 5910 suum
540 5848 852 5917 reclinaret,
890 5848 1347 5922 quemadniodum
1373 5848 1544 5906 sensit
1577 5848 1754 5906 Theo-

1853 4717 2069 4773 cessavit
2094 4723 2288 4780 ventus,
2329 4721 2378 4768 et
2397 4714 2538 4786 facta
2557 4721 2635 4769 est
2654 4711 3004 4785 tranquillitas
3031 4730 3242 4785 magna.
3275 4713 3345 4769 Et
3371 4716 3448 4768 ait

1849 4809 1977 4874 illis,
2017 4805 2142 4881 quid
2179 4804 2348 4862 timidi
2382 4804 2525 4872 estis,
2564 4803 2783 4860 necdum
2819 4803 3020 4860 habetis
3060 4805 3263 4875 ﬁdem?
3308 4803 3446 4860 Dum

1852 4900 2053 4958 factum
2080 4895 2268 4969 pandit
2296 4895 2477 4960 lectio,
2525 4900 2740 4966 tempus
2784 4894 3128 4952 commendat
3173 4896 3444 4967 exemplo.

1857 5138 2158 5212 phylactus,
2189 5150 2353 5206 super
2371 5149 2489 5206 cap.
2521 5132 2770 5212 tvMarci.
2793 5134 2862 5191 Ut
2888 5143 3002 5212 erat
3022 5152 3040 5191 :
3061 5136 3277 5212 elegans
3297 5135 3446 5212 locu-

1860 5204 1950 5266 iio'
1986 5204 2336 5290 Latinorum,
2379 5204 2499 5290 quae
2528 5204 2796 5290 significat
2829 5207 3295 5290 continuationem
3328 5205 3448 5277 ejus

1859 5280 2005 5352 quod
2043 5278 2191 5350 prius
2220 5283 2368 5332 erat:
2399 5287 2456 5331 ut
2476 5287 2588 5331 erat
2615 5276 2814 5349 dejecta
2852 5277 3084 5349 capillos.
3365 5276 3370 5277 ⁷

1933 5350 1961 5388 ά
1999 5349 2080 5404 lta
2119 5347 2335 5419 scripsit
2380 5363 2449 5403 ex
2492 5346 2804 5419 conjectura
2842 5347 2970 5403 Mita
2999 5357 3056 5406 et
3095 5347 3170 5404 ita
3211 5346 3444 5418 legitur,

1862 5421 1990 5479 licet
2029 5436 2157 5475 mss.
2204 5418 2641 5490 constantissime
2681 5419 2891 5490 legatur
2917 5435 3012 5475 sua
3058 5420 3444 5490 commissione;

1861 5492 2030 5548 veluti
2057 5490 2202 5545 dicat
2232 5507 2262 5543 a
2305 5506 2501 5561 somno
2535 5487 2808 5561 Christum
2848 5489 3011 5546 fuisse
3050 5487 3442 5561 compressum.

1863 5562 2003 5645 Quid
2029 5561 2318 5645 si'Christo
2334 5559 2446 5645 jam
2477 5558 2619 5645 fesso
2648 5560 2908 5645 lassoque.
2925 5576 3146 5645 somnus
3166 5558 3448 5645 cumpatie-

1862 5629 2056 5706 batur?
2082 5630 2324 5688 Insciens
2351 5631 2584 5696 locutio;
2615 5631 2712 5687 sed
2746 5647 2778 5686 a
2806 5629 2961 5706 style
2979 5629 3302 5706 Chrysplogi
3336 5648 3447 5692 non

1863 5712 1973 5760 tam
2001 5705 2320 5776 absona,iut
2350 5719 2476 5776 eam
2500 5717 2790 5776 n9n.n_em_o
2818 5703 2989 5776 possit
3029 5703 3298 5776 amplecti.

1937 5787 1961 5816 ο
2001 5774 2317 5831 Ambrosius
2345 5774 2400 5830 in
2441 5772 2706 5830 laudanda
2736 5769 2888 5828 Pauli
2915 5776 3080 5830 verba
3100 5769 3248 5831 illis
3283 5775 3447 5832 verbis

1861 5848 2139 5906 multorum
2163 5845 2516 5902 hareticorum
2545 5844 2755 5900 denotat
2777 5843 3039 5909 dogmata.
