3902 6362
1807 228 1868 290 S.
1908 228 2117 288 PETRI
2152 227 2593 291 CHRYSOLOGI

3650 260 3731 324 tu

568 352 714 411 Satis
732 348 1110 421 servussomni
1128 346 1336 419 est,qui
1350 344 1446 403 tali
1459 348 1515 402 et
1526 350 1681 401 tanto
1702 344 1939 403 clamore
1959 362 2068 403 non
2087 346 2158 403 ad
2182 354 2237 414 Α
2259 356 2375 404 stus
2407 361 2539 418 ergo
2572 345 2714 403 sicut
2738 344 2877 412 ovis,
2919 352 2977 404 et
3012 346 3218 417 volens,
3264 361 3320 412 et
3344 363 3512 419 tacens
3539 369 3733 433 tondetur

566 447 805 505 ocelestis
830 446 974 516 regis
998 444 1212 516 nuptias
1238 441 1546 497 suscitatur.
1571 438 1643 493 Et
1661 455 1748 495 vos
1766 439 1963 495 similes
1984 439 2155 496 homi-

568 541 720 598 nibus
743 536 1151 613 exspectantibus
1189 535 1454 590 dominum
1491 549 1659 600 suum,
1690 532 1897 607 quando
1934 534 2156 589 veniata

568 635 782 706 nuptiis,
802 642 861 686 ut
878 647 993 686 cum
1011 629 1204 685 venerit
1220 637 1271 683 et
1289 627 1587 700 pulsaverit,
1623 627 1892 699 confestim
1917 627 2159 698 aperiant

568 729 636 783 ei.
659 726 894 783 Veniens
913 724 1105 795 pulsat,
1123 736 1219 778 cor
1235 720 1375 777 bene
1393 718 1644 777 conscius
1665 719 1859 790 aperit,
1876 718 2016 774 male
2030 732 2157 776 con-

568 819 713 876 scius
749 816 979 880 claudit;
1015 814 1163 885 justa
1197 828 1351 870 mens
1379 813 1610 884 patescit
1648 811 1718 867 ad
1742 811 2037 882 praemium,
2068 810 2155 866 in-

565 910 730 982 iusta,
753 909 879 980 quia
902 925 1011 965 non
1034 907 1251 975 meruit,
1275 922 1335 964 se
1354 906 1652 978 praecludit.
1681 905 1975 976 Vigilemus
2000 918 2151 975 ergo,

564 1002 916 1070 dilectissimi,
945 1010 1007 1059 ut
1030 999 1421 1057 beatitudinem
1452 1014 1573 1071 qua:
1591 999 1833 1070 sequitur
1857 1011 2158 1067 consequa-

565 1113 705 1153 mur.
732 1095 880 1152 Beati
898 1096 1031 1151 servi
1048 1094 1129 1150 illi
1156 1110 1282 1168 quos
1304 1110 1418 1149 cum
1438 1093 1631 1149 venerit
1650 1091 1887 1147 dominus
1907 1089 2158 1146 invenerit

563 1188 857 1261 vigilantes.
887 1184 1168 1243 Suﬁiciant
1209 1183 1554 1241 beatitudinis
1590 1183 1706 1239 haec
1746 1181 2033 1255 promissa,
2058 1178 2157 1237 sed

563 1278 692 1348 quia
711 1276 955 1334 Christus
974 1277 1141 1348 ipsius
1159 1275 1506 1333 beatitudinis
1525 1276 1795 1345 eloquitur
1812 1273 2150 1341 charitatem,

562 1368 875 1426 differamus
900 1368 1083 1435 hodie,
1106 1377 1167 1423 ut
1190 1368 1402 1440 plenius
1422 1366 1704 1423 audiamus
1723 1366 1854 1437 quid
1881 1365 1991 1421 suis
2032 1363 2155 1421 ﬁliis

564 1460 876 1531 promiserit
894 1460 1018 1516 talis
1038 1458 1217 1515 Pater.

1127 1550 1358 1607 SERMO
1392 1549 1577 1607 XXIII.

565 1643 646 1700 De
666 1654 981 1702 terrenarum
1000 1662 1126 1701 cura
1157 1645 1485 1718 despicienda
1522 1654 1573 1701 et
1610 1645 1949 1717 promissione
1980 1644 2149 1717 regni.

2255 437 2283 477 ι’
2300 447 2361 495 ιιι
2389 447 2535 510 tegat
2552 438 2700 495 illam
2726 455 2888 511 quam
2907 439 3075 497 Adam
3089 444 3286 514 primus
3298 448 3461 508 intulit
3476 456 3733 534 nuditatem

2254 531 2404 588 velut
2429 545 2601 602 agnus
2627 531 2909 600 occiditur,
2945 540 3008 587 ut
3033 543 3305 604 peccatum
3332 541 3481 600 totius
3501 531 3736 612 mundum.

2255 624 2492 680 molatus
2518 623 2796 693 absolvat;
2842 625 2999 697 ponit
3031 640 3131 697 pro
3164 629 3345 688 ovibus
3376 635 3579 694 animam
3608 659 3736 715 suam,

2256 724 2319 771 ut
2344 716 2567 809 impleat
2592 724 2649 772 et
2689 717 2947 809 pietatem
2974 719 3206 789 pastoris
3242 728 3296 777 et
3318 738 3503 783 curam.
3529 728 3627 790 Tibi
3646 751 3738 809 ergo

2254 823 2373 875 rex,
2405 808 2502 864 tibi
2529 807 2802 877 sacerdos,
2849 808 2946 865 tibi
2974 817 3177 881 pastor,
3215 812 3309 868 tibi
3350 818 3652 893 sacriﬁcium,
3672 807 3740 886 tibi

2257 904 2393 972 ovis,
2416 904 2515 960 tibi
2538 901 2739 974 Agnus,
2768 903 2867 961 tibi
2891 912 3063 960 totum
3084 903 3253 962 factus
3270 914 3368 975 est,
3394 911 3479 979 qui
3502 911 3667 972 fecerat
3684 909 3758 977 to?

2255 1003 2391 1053 tum.
2421 994 2492 1052 Et
2536 997 2630 1068 qui
2674 996 2777 1053 sibi
2820 1010 3127 1066 numquam,
3170 997 3262 1054 tibi
3297 1000 3446 1058 toties
3486 1002 3741 1076 immutatur,

2255 1099 2479 1162 propter
2505 1097 2561 1146 te
2584 1089 2761 1146 varias
2805 1097 3136 1146 monstratur
3177 1090 3231 1146 in
3277 1090 3488 1162 formas,
3513 1098 3591 1168 qui
3613 1113 3745 1159 manet

2256 1182 2417 1238 unica
2440 1197 2551 1238 sua:
2574 1182 2873 1253 majestatis
2898 1183 2953 1238 in
2981 1182 3171 1239 forma.
3200 1180 3269 1239 Et
3291 1185 3413 1255 quid
3433 1186 3598 1258 plural
3618 1191 3690 1249 dat
3707 1211 3745 1251 se

2257 1272 2355 1328 tibi
2395 1273 2537 1329 Deus
2582 1273 2748 1329 homo
2788 1281 2851 1329 ut
2895 1271 3039 1329 ferre
3081 1280 3268 1345 potes,
3297 1274 3417 1344 quia
3440 1284 3496 1332 ut
3515 1287 3587 1335 est
3607 1287 3747 1339 tunon

2255 1373 2414 1436 potes
2441 1364 2728 1421 sustinere.
2751 1363 2857 1420 Sed
2886 1364 3166 1421 audiamus
3186 1363 3297 1435 jam
3320 1366 3440 1436 quid
3462 1368 3625 1437 pusillo
3645 1375 3750 1443 gregi

2259 1457 2382 1514 talis
2402 1456 2715 1527 promiserit
2738 1463 2946 1528 pastor.
2972 1454 3171 1523 Nolite,
3193 1456 3380 1527 inquit,
3407 1458 3575 1527 timere,
3594 1463 3751 1532 pusillus

2255 1565 2410 1621 grex,
2466 1549 2588 1622 quia
2624 1548 2936 1620 complacuit
2982 1546 3138 1602 Patri
3181 1556 3344 1604 oestro
3393 1548 3509 1604 dare
3552 1550 3664 1607 vobis
3696 1570 3751 1609 re-

2255 1658 2433 1713 gnum.
2489 1639 2535 1696 Ο
2597 1641 2815 1698 bonitas
2876 1640 3084 1698 eﬁ'usa!
3147 1638 3193 1696 0
3242 1640 3469 1697 inaudita
3514 1642 3684 1714 pietas!
3722 1644 3753 1701 0

632 1738 870 1795 Audistis
894 1738 1055 1795 hodie
1093 1737 1552 1807 quemadmodum
1589 1737 1850 1793 Dominus
1896 1736 2159 1808 pastorali
2189 1734 2233 1795 Β
2261 1734 2547 1791 ineﬁabilis
2621 1734 2875 1793 aifectio!
2941 1737 3002 1792 In
3074 1736 3334 1793 societate
3400 1752 3574 1795 census
3620 1747 3754 1811 pastor

560 1829 731 1899 iubilo
750 1830 1059 1901 clangorem
1086 1830 1230 1886 tuba:
1254 1830 1489 1886 caelestis
1513 1829 1778 1900 adjunxit,
1808 1837 1867 1885 ut
1891 1830 1982 1885 diu
2003 1829 2160 1886 incli-

560 1928 718 1980 natas
737 1919 921 1976 ovium
941 1928 1151 1977 mentes
1171 1920 1241 1975 ad
1260 1920 1439 1976 divina
1468 1920 1714 1988 tolleret,
1737 1920 1959 1977 caleste
1983 1921 2157 1991 proti-

560 2029 664 2070 nus
701 2021 1050 2085 promoveret
1075 2012 1145 2069 ad
1184 2026 1431 2083 regnum.
1474 2010 1675 2079 Nolite,
1706 2012 1898 2082 inquit,
1941 2013 2155 2079 timere,

559 2108 778 2178 pusillus
789 2125 935 2179 grex,
951 2108 1196 2181 quoniam
1212 2106 1521 2178 complacuit
1536 2103 1690 2160 Patri
1703 2114 1869 2160 uestro
1884 2104 2010 2160 dare
2018 2104 2158 2160 vobis

559 2212 774 2269 regnum
795 2196 944 2269 (Luc.
977 2196 1096 2259 xu).
1121 2196 1420 2268 Acquisivit
1439 2195 1714 2251 humilitas
1740 2195 1991 2266 superbia
2012 2194 2159 2265 quod

559 2289 757 2357 amisit,
787 2296 844 2345 et
868 2303 1001 2360 grex
1024 2289 1257 2361 pusillus
1283 2304 1349 2345 ac
1373 2287 1520 2344 mitis
1550 2296 1692 2345 totas
1736 2296 1791 2345 et
1810 2289 1990 2344 varias
2023 2288 2157 2345 edo-

558 2382 695 2436 muit
741 2382 961 2452 propria
998 2381 1413 2438 mansuetudine
1459 2380 1721 2438 feritates.
1750 2380 1984 2437 Pusillus
2024 2395 2158 2451 grex

557 2474 687 2531 vicit
714 2490 778 2530 ac
807 2474 967 2544 fregit
1000 2482 1083 2531 tot
1111 2484 1138 2514 ι
1166 2488 1366 2545 genera
1411 2473 1709 2530 bestiarum
1755 2481 1892 2543 quot
1926 2472 2154 2529 diversi-

557 2575 698 2625 tates
724 2568 963 2624 subdidit
998 2567 1127 2639 jugo
1166 2567 1371 2623 Christi
1409 2567 1711 2622 nationum.
1743 2563 1884 2623 Grex
1932 2566 2157 2638 pusillus

556 2674 624 2715 ac
658 2659 804 2715 mitis
832 2660 926 2716 diu
966 2667 1259 2717 contentus
1291 2659 1499 2723 occidi,
1540 2658 1633 2715 diu
1675 2658 1927 2716 devorari
1965 2673 2156 2730 passus

557 2759 657 2817 est,
687 2752 863 2808 donec
889 2753 1107 2823 gentilis
1134 2752 1340 2808 saevitia
1379 2752 1643 2823 sanguine
1675 2752 1893 2818 satiata,
1920 2752 2009 2807 vel
2036 2766 2156 2808 car-

558 2840 733 2906 nibus,
779 2841 1078 2912 evangelici
1115 2841 1301 2913 pabuli
1328 2841 1681 2909 suavitatem,
1713 2850 1768 2898 et
1796 2841 1963 2897 divini
1991 2840 2156 2898 fontis

556 2934 758 2991 ﬂuenta
786 2935 1110 3006 degustans,
1142 2943 1317 2992 totum
1344 2936 1656 3006 contagium
1692 2935 1875 2993 saeculi
1903 2935 2151 3001 evitaret,

555 3035 613 3084 et
637 3034 852 3099 pastum
878 3044 893 3095 ;
925 3035 1090 3098 atque
1118 3027 1174 3083 in
1199 3027 1478 3084 hominem
1509 3027 1716 3083 rediret
1743 3042 1812 3083 ex
1837 3026 2155 3098 bestia,-qui

2259 1844 2390 1885 oves
2462 1831 2713 1897 assumit,
2767 1837 2932 1901 atque
2990 1829 3060 1885 ad
3127 1829 3447 1886 consortium
3504 1830 3754 1890 dominatio-

2257 1922 2343 1978 nis
2369 1938 2558 1979 servos
2577 1922 2831 1985 dominus
2858 1922 3105 1990 asciscit;
3137 1920 3206 1977 ad
3237 1933 3260 1961 ε
3287 1921 3629 1994 participatum
3648 1926 3755 1994 regni

2258 2029 2355 2070 rex
2384 2028 2602 2085 gregem
2634 2014 2822 2086 populi
2853 2015 3022 2071 totius
3052 2012 3318 2070 admittit:
3351 2012 3456 2080 sic,
3487 2012 3557 2070 sic
3582 2014 3673 2082 dat,
3698 2016 3755 2070 cui

2257 2104 2488 2162 deﬁcere
2519 2120 2747 2173 census,
2795 2104 2884 2163 cui
2928 2119 3162 2177 regnum
3204 2105 3401 2171 minui,
3434 2104 3625 2161 vacuari
3650 2113 3756 2176 pote

2258 2208 2371 2256 stas
2402 2216 2511 2257 non
2541 2208 2722 2273 potest
2751 2198 3048 2270 largiendo.
3089 2195 3437 2255 Providenter
3464 2205 3621 2253 autem
3643 2198 3758 2268 cupit

2257 2291 2550 2358 Dominus,
2586 2292 2850 2349 dicende:
2875 2290 3057 2348 Nolite
3085 2292 3282 2359 timere,
3309 2289 3512 2361 pusillus
3535 2306 3654 2362 gres,
3676 2291 3758 2363 quia

2258 2386 2568 2459 complacuit
2588 2384 2741 2441 Patri
2760 2393 2926 2441 vestro
2949 2383 3076 2440 dare
3095 2383 3238 2439 vobis
3258 2398 3482 2455 regnum.
3509 2378 3757 2436 Promissio-

2256 2492 2383 2534 nem
2426 2477 2579 2547 regni
2624 2477 2741 2533 sine
2784 2477 2981 2533 timore
3023 2475 3238 2532 servilis
3282 2481 3447 2531 status
3486 2471 3647 2529 audire
3678 2486 3756 2527 non

2256 2567 2487 2635 sufﬁcit,
2535 2569 2664 2639 quia
2710 2568 2805 2639 qui
2849 2567 3101 2624 libertate
3146 2565 3239 2623 vix
3280 2564 3465 2636 dignus
3492 2572 3593 2629 est,
3621 2577 3759 2633 capere

2256 2676 2368 2718 non
2402 2661 2545 2717 valet
2576 2659 2774 2716 infulas
2807 2660 3162 2732 principatus.
3215 2657 3466 2714 Dominus
3493 2669 3604 2726 ergo
3630 2669 3761 2710 servo-

2255 2769 2379 2810 rum
2410 2762 2620 2811 mentes
2654 2754 2749 2809 tali
2782 2768 2915 2810 voce
2948 2752 3268 2819 conﬁrmat,
3308 2765 3376 2807 ne
3401 2764 3491 2806 eos
3519 2746 3761 2819 repentinus

2254 2848 2505 2920 promissi
2551 2846 2705 2917 regni
2748 2853 3057 2917 prosternat
3113 2843 3347 2900 auditus.
3413 2840 3629 2911 Regnum
3665 2836 3762 2893 velle

2255 2954 2503 3004 servum,
2566 2938 2772 2994 crimen
2831 2944 2917 2993 est
2961 2935 3112 2992 adire
3170 2933 3504 3007 periculum;
3554 2927 3762 2987 temeritas

2254 3045 2367 3085 non
2411 3030 2622 3085 timere.
2681 3027 2789 3085 Sed
2831 3027 2939 3084 hoc
2983 3026 3051 3083 ad
3075 3012 3375 3082 Christum
3417 3027 3647 3093 quantum
3681 3017 3763 3074 est?

554 3133 623 3176 ex
650 3120 872 3176 homine
912 3118 1091 3176 fuerat
1116 3118 1355 3191 dilapsus
1399 3118 1455 3174 in
1487 3118 1737 3175 bestiam.
1761 3118 1878 3174 Hoc
1917 3119 2151 3175 sensisse
2176 3113 2222 3176 C
2255 3132 2349 3179 aut
2393 3138 2555 3193 quam
2599 3122 2828 3190 mirum,
2876 3120 3024 3191 quod
3066 3119 3164 3176 dat
3206 3120 3376 3176 servis
3405 3130 3634 3187 regmun,
3660 3108 3763 3181 quod

552 3221 680 3269 ante
706 3212 1019 3285 prophetas,
1063 3212 1171 3269 hoc
1208 3210 1487 3283 apostolos
1514 3210 1797 3283 implesse,
1828 3211 1933 3267 hoc
1958 3219 2148 3282 pertu-

552 3306 678 3364 lisse
705 3316 971 3380 martyres
995 3314 1231 3374 constat,
1262 3313 1555 3363 attestante
1575 3305 1668 3361 illo
1692 3305 1788 3376 qui
1816 3304 1975 3371 dicit,
2008 3304 2148 3361 Pro-

552 3407 666 3470 pter
704 3408 753 3453 te
796 3400 1174 3470 mortiﬁcamur
1202 3406 1309 3453 tota
1345 3397 1447 3464 die,
1475 3398 1719 3453 cestimati
1744 3412 1919 3451 sumus
1956 3405 2014 3450 ut
2032 3414 2147 3453 oves

553 3490 831 3544 occisionis
874 3488 1065 3561 (Psal.
1098 3504 1246 3557 xun,
1275 3486 1346 3541 22
1366 3487 1407 3560 ).
1450 3485 1523 3543 Ut
1547 3502 1680 3543 vero
1709 3487 1812 3542 iste
1852 3484 1983 3557 grex
2020 3487 2149 3543 novi

556 3578 764 3634 ordinis
791 3579 1176 3649 aggrederetur
1195 3579 1458 3651 praelium,
1482 3578 1574 3635 ubi
1601 3580 1734 3634 vivit
1760 3579 1848 3635 ille
1875 3580 1968 3649 qui
1989 3578 2151 3636 fuerit

555 3668 789 3736 occisus,
820 3669 913 3739 qui
960 3668 1294 3737 occubuerit,
1323 3668 1519 3736 vincit;
1553 3668 1759 3726 invenit
1784 3670 2018 3726 animam
2054 3672 2149 3742 qui

559 3759 795 3827 amittit;
827 3760 1067 3816 imitatus
1091 3769 1175 3817 est
1199 3776 1355 3816 suum
1382 3774 1565 3830 regem
1581 3801 1597 3828 ,
1621 3760 1770 3816 illam
1797 3776 1973 3829 ovem,
1998 3760 2147 3817 illum

552 3857 771 3906 secutus
791 3857 875 3907 est
893 3851 1124 3921 Agnum,
1153 3851 1247 3922 qui
1274 3852 1407 3905 sicut
1424 3852 1531 3906 ovis
1560 3850 1631 3905 ad
1645 3852 1950 3907 occisionem
1966 3851 2146 3907 ductus

551 3948 647 4005 est,
664 3949 715 3997 et
726 3941 861 3997 sicut
873 3958 1039 4015 agnus
1054 3959 1229 3998 coram
1244 3941 1487 3998 tondente
1505 3959 1581 4009 se,
1596 3959 1699 3998 non
1714 3946 1914 4016 aperuit
1928 3961 1984 4000 os
1998 3960 2149 4000 suum

552 4030 709 4101 (lsai.
729 4032 864 4106 un).
888 4032 1074 4100 Tacet,
1092 4034 1183 4105 qui
1199 4034 1386 4090 volens
1400 4034 1623 4106 patitur,
1647 4036 1845 4091 clamat
1858 4037 1953 4106 qui
1972 4036 2148 4093 lania-

550 4133 639 4181 tur
654 4126 870 4183 invitus.
889 4126 1000 4184 Nec
1025 4134 1207 4199 potest
1224 4126 1293 4184 de
1314 4135 1490 4184 morte
1509 4128 1788 4198 conqueri,
1810 4129 1903 4198 qui
1919 4138 2150 4186 mortem

548 4222 816 4293 dignatus,
840 4238 948 4279 non
970 4232 1208 4290 coaetus,
1227 4222 1469 4279 assumit.
1499 4220 1792 4279 Potestatis
1817 4223 2026 4293 insigne
2045 4232 2146 4292 est,

550 4328 672 4369 cum
687 4330 788 4385 pro
813 4314 994 4370 multis
1005 4313 1193 4370 volens
1206 4314 1329 4385 quis
1341 4314 1571 4370 moritur
1587 4331 1601 4381 ;
1620 4314 1811 4371 nolens
1830 4331 1954 4371 cum
1978 4317 2147 4373 mori-

550 4414 656 4476 tur,
679 4417 764 4465 est
776 4410 1112 4466 necessitatis
1130 4418 1406 4476 extremae,
1430 4412 1557 4482 quia
1580 4413 1728 4468 venit
1746 4413 1815 4470 de
1834 4421 2149 4487 contemptu

2250 3213 2355 3270 sibi
2386 3228 2573 3270 servos
2604 3212 2732 3269 facit
2765 3213 2820 3268 in
2854 3212 3228 3268 dominatione
3259 3215 3556 3271 consortes,
3585 3202 3661 3275 qui
3684 3216 3765 3257 ser-

2249 3321 2441 3363 vorum
2472 3304 2639 3377 pedes
2670 3304 2835 3371 lavat,
2872 3311 2934 3359 ut
2962 3311 3210 3360 extrema
3243 3300 3413 3357 servis
3441 3297 3618 3356 serviat
3642 3291 3765 3350 servi-

2250 3397 2407 3452 tute?
2442 3396 2467 3434 ⁸
2502 3394 2737 3451 Veniant
2769 3394 2909 3461 huc,
2944 3393 3202 3461 veniant,
3238 3391 3333 3462 qui
3364 3386 3633 3446 discutiunt
3656 3390 3766 3456 pote-

2249 3499 2447 3547 statem
2478 3490 2630 3561 ejus,
2667 3497 2724 3545 et
2756 3496 2887 3545 tunc
2916 3487 2987 3544 de
3032 3485 3153 3557 ejus
3192 3486 3447 3556 aequitate
3487 3477 3762 3539 contendant.

2249 3600 2375 3641 cum
2405 3584 2685 3655 potuerint
2711 3590 2919 3638 tantam
2950 3595 3170 3653 capere,
3207 3579 3393 3650 loqui,
3424 3575 3664 3633 aestimare
3685 3570 3767 3642 pie-

2249 3685 2451 3746 tatem;
2485 3691 2589 3733 nec
2612 3675 2728 3748 jam
2760 3674 3190 3741 calumnientur,
3239 3672 3288 3729 si
3319 3686 3379 3729 se
3410 3670 3464 3727 in
3493 3675 3657 3725 nostro
3681 3678 3769 3720 cor-

2249 3782 2385 3839 pore
2421 3777 2445 3807 ο
2480 3775 2636 3839 patre
2668 3766 2935 3823 minorem
2966 3765 3131 3832 dicat,
3169 3764 3269 3836 qui
3302 3778 3411 3821 non
3440 3761 3603 3826 dicto,
3632 3754 3706 3813 sed
3732 3760 3770 3809 et

2248 3858 2426 3927 facto,
2477 3874 2601 3916 cum
2646 3858 2812 3931 pedes
2855 3859 3004 3915 lavat
3046 3873 3366 3922 servorum,
3413 3870 3472 3911 se
3512 3850 3708 3910 subdidit
3732 3852 3771 3901 et

2250 3951 2480 4023 subjecit
2523 3952 2750 4024 pedibus
2796 3952 3157 4008 servulorum.
3202 3949 3380 4008 Ποιηο
3396 3992 3412 4019 ,
3443 3947 3549 4018 jam
3577 3942 3660 4000 tibi
3682 3954 3772 4013 par-

2250 4062 2347 4114 ce,
2395 4045 2523 4117 quia
2548 4044 2569 4085 ί
2593 4053 2657 4101 ιιι
2700 4045 2799 4102 tibi
2843 4060 3117 4119 parceres,
3166 4052 3298 4101 tuos
3341 4042 3480 4099 Deus
3520 4036 3659 4102 lavit,
3685 4040 3772 4088 tuos

2250 4139 2457 4208 tenuit,
2506 4147 2631 4197 tuos
2676 4139 3015 4211 amplexatus
3060 4146 3145 4195 est
3187 4137 3375 4211 pedes.
3427 4132 3531 4191 Sed
3559 4129 3619 4187 ad
3644 4131 3774 4198 erepta

2250 4232 2536 4289 redeamus
2560 4249 2573 4284 :
2612 4228 2793 4288 Nolite
2815 4231 3018 4299 timere,
3044 4231 3267 4303 pusillus
3286 4244 3434 4302 grex,
3458 4224 3570 4299 quia
3594 4216 3774 4288 compla-

2251 4326 2359 4381 cuit
2397 4322 2554 4380 Patri
2589 4332 2755 4380 vestro
2795 4324 2922 4379 dare
2954 4322 3096 4380 vobis
3130 4338 3367 4395 regnum.
3419 4316 3552 4373 Ecce
3578 4310 3659 4384 qui
3692 4306 3774 4369 dat.

2252 4417 2384 4474 dare
2430 4417 2668 4488 loquitur
2712 4415 2947 4473 Patrem.
3019 4413 3294 4486 Numquid
3338 4410 3623 4483 largitatem
3661 4410 3776 4488 suam

549 4502 739 4559 mortis
758 4502 1007 4570 alterum,
1038 4503 1269 4560 alterum
1297 4503 1366 4561 de
1387 4504 1701 4563 conditione
1727 4514 1955 4564 naturae.
1986 4486 2144 4565 Chri-
2168 4500 2225 4564 D
2250 4486 2520 4579 denegat,
2563 4507 2645 4565 sic
2686 4506 2956 4564 dicendo?
3007 4504 3196 4571 Absit,
3232 4517 3345 4559 non
3376 4503 3675 4574 potestatem
3702 4486 3777 4544 mi-

620 4737 648 4768 ι
664 4727 782 4786 Hoc
806 4728 1037 4803 nomine
1048 4729 1277 4803 audiunt
1298 4745 1466 4803 penes
1492 4732 1715 4791 Latinos
1743 4735 1991 4792 homines
2011 4735 2139 4793 ferar.

546 4816 614 4857 ac
638 4801 867 4873 agrestis
894 4800 1109 4873 indolis,
1138 4817 1247 4873 quo
1267 4800 1430 4860 sensu
1457 4803 1748 4873 Apostolus
1767 4808 1981 4862 vocavit
2007 4804 2140 4865 Cre-

544 4880 732 4950 tenses
740 4872 920 4950 malas
947 4871 1408 4930 bestiaszrianus
1427 4875 1481 4931 in
1506 4871 1815 4950 Epictetum
1836 4877 1927 4933 lib.
1945 4894 1994 4950 Αιι
2013 4894 2133 4950 cap.

544 4941 617 5017 9:
647 4942 753 5017 Alii
779 4942 982 5017 quidem
1021 4952 1253 5017 nostrum
1284 4962 1489 5017 magna
1521 4941 1695 5003 bestia:
1722 4957 1876 5013 sunt;
1899 4948 1992 5017 alii
2018 4941 2137 5005 vero

542 5012 775 5088 bestiglre
792 5012 1057 5085 malignae.
1101 5012 1535 5088 Theophylactus
1559 5018 1613 5072 in
1635 5018 1766 5088 illud
1787 5012 1863 5073 ad
1885 5016 2133 5075 Corinth.

542 5100 632 5147 xv.
662 5083 748 5161 δῷ,
781 5083 941 5161 vocat
960 5083 1369 5161 contentionem
1399 5088 1656 5161 adversus
1675 5086 1888 5145 Judteos
1907 5106 2135 5161 pugnam

540 5171 656 5239 cum
702 5153 913 5239 bestiis“;
940 5162 997 5239 et
1040 5156 1109 5211 ad
1149 5154 1308 5213 Luca:
1334 5175 1408 5225 vr,
1439 5157 1790 5215 Publicanum
1833 5153 2027 5216 malum
2047 5162 2136 5218 be-

538 5227 698 5281 stiam
722 5227 980 5298 appellat.

610 5293 639 5381 ξ
668 5295 767 5381 litis.
799 5295 1136 5381 pinsenmuut
1154 5297 1301 5381 uellet
1318 5300 1487 5381 illam.

614 5376 639 5405 θ
662 5365 819 5446 apud
836 5366 1033 5446 iulium
1053 5367 1416 5446 Capitolinum
1436 5372 1494 5446 in
1521 5370 1666 5446 vero
1692 5390 1705 5427 :
1729 5371 1987 5446 Defuncto
2008 5374 2128 5441 Pio,

538 5434 803 5516 Maximus
836 5441 892 5493 in
912 5457 1029 5495 eum
1068 5434 1243 5516 omnia
1272 5441 1488 5516 contulit
1509 5434 1829 5516 principatus
1857 5447 2011 5499 etiam
2033 5434 2133 5500 im;

539 5510 1110 5588 peratorice_potesta_tis
1148 5510 1370 5588 indulto.
1401 5510 1551 5570 Isaac
1575 5510 1926 5588 casaubonus
1961 5532 2127 5588 repo-

539 5576 781 5659 nendum
805 5576 965 5659 docet
1012 5579 1414 5659 Partieipatum,
1434 5599 1599 5659 quam
1632 5586 1924 5659 lectionem
1953 5576 2129 5659 ﬁrmat

540 5644 706 5726 editio
730 5647 1165 5726 Mediolanensis.
1189 5644 1834 5726 Itaapud'Sparitanum
1880 5658 1935 5713 in
1974 5658 2130 5715 Didio

537 5714 773 5790 Iuliano,
796 5720 891 5778 ubi
917 5721 973 5779 in
995 5722 1173 5781 verbis
1200 5742 1213 5779 :
1235 5714 1520 5783 Claudium
1529 5714 1925 5800 Pompeianum
1947 5744 1979 5786 e
1999 5714 2130 5789 Ter—

2240 4735 2510 4795 racinensi
2554 4735 2626 4792 ad
2670 4738 3021 4809 principum
3061 4736 3347 4809 evocagit,
3388 4728 3662 4809 l_egeudum_

2239 4789 2618 4879 peragam
2635 4789 2926 4865 eadem;
2936 4789 3016 4865 Si
3031 4789 3232 4865 codice
3246 4789 3515 4870 Palatino,
3538 4796 3666 4871 apud
3681 4789 3781 4849 Ηοιη

2241 4894 2581 5033 ’ῗῗιωὲξῖἷίη
2614 4948 2821 5033 έΕιίιιιιι
2836 5020 2866 5033 υ
2880 4955 2939 5033 _et
2953 4946 3317 5033 “Eunomium
3358 4942 3646 5003 hmreticos.
3677 4931 3783 4989 Vide

2240 5019 2597 5145 Augustinum
2612 5021 2807 5105 limes.
2834 5019 2921 5075 δι.
2952 5017 3115 5105 Mira.

2240 5160 2251 5170 _
2390 5091 2509 5170 Jale
2538 5106 2682 5170 enim
2708 5092 2923 5170 aliquot
2961 5089 3254 5162 Scriptura:
3281 5089 3404 5147 loca
3436 5076 3782 5170 ἀειοιςφξξξξξίξ

2234 5160 2494 5217 haeretici.
2532 5153 2867 5219 Catholicu'm
2896 5153 3098 5218 earum'
3115 5177 3337 5219 sensum
3370 5153 3782 5230 explicat’aucwf

2234 5246 2534 5305 anonymus
2582 5233 2667 5305 ἰιιῌ
2683 5211 2959 5305 Breviario
2995 5211 3356 5305 ﬁdeijcontra
3388 5211 3782 5305 Ariianolsrﬁlﬁﬁlﬂ

2235 5287 2580 5360 Sirmondum
2606 5287 2780 5359 ’Tom;
2827 5303 2849 5359 I
2895 5317 3017 5429 pacg.
3048 5287 3185 5388 .925.
3205 5287 3215 5288 ί
3236 5300 3358 5358 Nos
3391 5301 3526 5385 enim
3570 5287 3784 5375 Cathplid

2235 5372 2402 5428 Deum
2445 5384 2680 5429 nostrum
2722 5373 2903 5429 Iesum
2980 5375 3216 5429 hnstum.
3251 5383 3305 5428 et
3336 5383 3585 5428 minorem
3604 5364 3783 5417 deum“

2233 5372 2402 5448 Qeum
2445 5384 2682 5448 nostrum
2722 5364 2913 5448 Iesum
2937 5364 3216 5440 Christum,
3251 5383 3305 5428 et
3336 5373 3587 5448 minore!!!

2232 5442 2407 5511 Patri,
2443 5456 2493 5500 et
2512 5445 2781 5519 aqualem.
2824 5445 3084 5501 Minorem
3114 5452 3325 5518 propter
3358 5440 3707 5497 humanitatem
3722 5440 3787 5478 08-

2232 5526 2487 5555 gmmm-m
2574 5514 2841 5555 Rmmlpm
2888 5526 3097 5555 cal-nn!"
3146 5515 3471 5555 ﬁniunt-tom
3508 5510 3786 5555 υρωεωαπι.

2231 5526 2533 5640 ‘v'iml’mm'.
2562 5514 2844 5599 φιαιεηι
2888 5514 3123 5589 ρνοριετ’
3146 5514 3786 5619 divinitatemyerpetuarlnl.

2283 5586 2370 5642 Ide
2394 5586 2669 5670 ﬂaminum
2709 5585 3339 5670 adversus__Eunom1um
3378 5589 3532 5640 ιιιιιιο
3569 5582 3690 5631 tom.
3771 5600 3786 5631 ν

2233 5671 2359 5730 pag.
2394 5657 2480 5723 79,
2506 5665 2563 5714 et
2582 5657 2674 5714 lib.
2705 5674 2781 5725 ιιι,
2807 5672 2930 5728 pag.
2962 5655 3050 5714 35.

2314 5730 2332 5769 τ
2362 5728 2440 5785 Ita
2464 5744 2531 5784 ex
2552 5727 2658 5786 ﬁde
2682 5730 3097 5802 manuscriptor.
3121 5728 3291 5794 Edit.,
3315 5734 3375 5781 ut
3397 5724 3488 5781 tibi
3507 5727 3703 5795 parcet.
