3902 6362
1588 323 1822 384 SERMO
1859 318 2051 383 XXIV.

3343 331 3449 389 266

174 436 311 502 nuit,
345 435 449 492 sed
491 434 680 508 pandit.
710 433 991 494 allectum:
1039 432 1119 490 sic
1147 433 1378 492 dicendo
1412 451 1520 493 non
1553 437 1756 493 distan-
1781 444 1830 501 Λ
1857 437 1976 494 Νοιι
2009 436 2209 508 poterit
2241 437 2337 492 tibi
2371 445 2518 494 tuam
2551 438 2836 510 pecuniam
2868 440 3169 514 denegare,
3217 445 3315 517 qui
3351 448 3447 504 tibi

175 527 295 582 tiam
322 524 490 594 facit,
515 537 542 566 ⁸
590 526 686 583 sed
717 527 905 599 patris,
943 541 1204 597 suamque
1237 521 1568 584 voluntatem
1599 543 1757 584 mon-

174 627 315 686 strat,
350 619 534 674 ﬁrmat
579 619 860 676 unitatem.
901 617 1057 687 Quod
1089 627 1273 675 autem
1311 619 1480 685 dixit,
1517 619 1756 691 compla-

174 713 300 778 cuit,
336 719 394 766 et
425 727 540 767 non
572 711 741 778 dixit,
794 711 1028 784 placuit;
1071 727 1266 767 munus
1297 711 1490 768 edocet
1521 711 1755 767 Trinita-

175 805 249 869 tis,
271 803 396 872 quia
417 803 570 874 quod
597 819 726 874 erga
758 819 858 860 nos
888 802 1026 859 Filio
1047 803 1278 875 placuit,
1303 805 1410 861 hoc
1430 804 1756 876 complacuit

175 894 426 949 Trinitati.
473 893 658 951 Nolite
697 897 906 962 timere,
937 895 1155 966 pusillus
1179 913 1340 968 grex,
1367 897 1490 970 quia
1524 896 1755 968 compla-

173 988 264 1041 cuit
308 985 473 1042 Patri
519 997 685 1044 uestra
733 987 861 1044 dare
910 989 1051 1044 vobis
1086 1004 1347 1062 regnum:
1384 988 1510 1060 post
1546 995 1753 1043 tantam

172 1094 285 1150 ergo
327 1077 594 1135 Dominus
638 1079 975 1150 largitatem,
1023 1087 1148 1152 post
1193 1095 1347 1135 suam
1393 1079 1622 1150 gratiam
1655 1078 1752 1135 tibi

171 1169 426 1241 copiosius
478 1171 764 1239 collatam,
812 1169 1026 1242 abjecta
1069 1178 1127 1227 et
1159 1171 1286 1226 vilia
1337 1170 1548 1241 peculia
1583 1169 1752 1226 servi-

174 1262 286 1317 tutis
310 1261 472 1332 jubet
505 1263 740 1333 abjicere
772 1271 1140 1334 regnaturum.
1199 1260 1418 1316 Vendite
1445 1278 1558 1334 qua:
1583 1263 1752 1334 possi-

172 1357 316 1422 detis,
348 1367 400 1411 et
447 1357 570 1411 date
605 1357 998 1430 eleemosynam.
1053 1354 1332 1412 Plebeium
1365 1355 1569 1411 cultum
1603 1355 1750 1426 regia

171 1465 262 1506 non
291 1448 533 1504 admittit
571 1458 832 1520 potestas,
869 1457 1128 1520 angustus
1159 1449 1336 1505 honor
1368 1465 1476 1504 non
1508 1448 1611 1504 nisi
1634 1449 1751 1504 dia-

170 1539 361 1594 demate
395 1539 683 1596 confertur
731 1550 787 1597 et
835 1557 1091 1613 purpura.
1146 1539 1394 1611 Abjicere
1427 1555 1558 1610 ergo
1589 1540 1752 1597 debet

171 1633 388 1692 habitum
442 1635 756 1701 servitutis,
805 1635 899 1706 qui
945 1649 1004 1690 se
1051 1648 1233 1703 regem
1277 1633 1448 1690 credit
1493 1633 1748 1688 divinitus

169 1733 551 1782 rnnsecratum.
616 1727 753 1782 llinc
797 1733 880 1782 est
925 1726 1068 1796 quod
1117 1741 1213 1780 rex
1260 1741 1528 1796 supernus
1573 1725 1742 1791 illum,

1861 528 2041 585 omnia
2074 543 2172 584 sua
2217 530 2476 596 contulit,
2523 530 2617 600 qui
2646 537 2702 586 te
2734 532 2888 603 regni
2919 533 3005 589 sui
3036 541 3094 591 et
3123 533 3334 594 honore
3364 539 3447 594 di-

1860 620 1991 676 tavit
2023 627 2078 675 et
2115 619 2304 690 gloria.

2421 708 2653 770 SERMO
2688 713 2877 773 XXIV.

2099 801 2179 859 De
2213 821 2359 860 servo
2389 806 2532 878 vigili
2563 816 2613 862 et
2637 807 2886 880 felicitate
2904 813 3050 884 regni
3073 809 3194 869 Dei.

1925 893 2168 966 Semper,
2212 903 2269 951 et
2312 895 2380 952 ad
2413 897 2594 952 omnia
2641 898 2850 969 vigilias
2870 915 2989 958 esse
3021 903 3286 962 salutares
3317 907 3444 964 nul-

1852 984 1938 1042 lus
1970 987 2202 1057 ignorat,
2238 989 2367 1058 quia
2400 1005 2461 1045 re
2490 1005 2620 1047 vera
2653 991 2777 1062 plus
2808 993 3065 1063 vigilare,
3105 995 3226 1068 plus
3256 998 3444 1056 vivere

1853 1085 1955 1136 est.
1997 1077 2130 1134 Nam
2163 1080 2293 1151 quid
2329 1089 2436 1136 tam
2467 1084 2660 1139 mortis
2693 1083 2892 1154 simile,
2927 1101 3092 1157 quam
3122 1088 3444 1150 dormientis

1851 1175 2141 1246 aspectus?
2185 1175 2314 1246 quid
2358 1182 2471 1230 tam
2506 1176 2611 1232 vita
2643 1177 2864 1248 plenum
2895 1193 3060 1250 quam
3100 1180 3274 1240 forma
3304 1185 3440 1256 vigi-

1850 1267 2051 1323 lantis?
2083 1266 2471 1338 Indulgendum
2505 1285 2698 1327 somno
2731 1277 2844 1339 est,
2872 1279 2937 1328 ut
2967 1289 3167 1346 corpus
3197 1285 3436 1348 reparet,

1849 1375 1959 1415 non
1999 1359 2268 1427 resolvat;
2301 1367 2356 1416 et
2382 1361 2525 1416 vires
2573 1370 2825 1431 revocet,
2860 1379 2971 1420 non
3003 1373 3243 1422 enervet.
3283 1367 3440 1425 Sem-

1847 1465 1948 1522 per
1993 1465 2122 1521 ergo
2168 1451 2238 1507 ad
2283 1452 2462 1507 omnia
2531 1453 2742 1524 vigilias
2786 1469 2908 1512 esse
2950 1456 3215 1514 salutares
3258 1459 3439 1516 nullus

1848 1541 2082 1613 ignorat.
2123 1541 2252 1611 Qute
2298 1560 2418 1609 ars,
2453 1545 2602 1614 quod
2637 1562 2806 1618 opus,
2855 1548 3002 1618 quod
3032 1556 3276 1622 tempus,
3317 1566 3439 1622 quat

1847 1643 2121 1708 potestas,
2182 1637 2328 1706 quod
2377 1635 2642 1704 ofﬁcium,
2691 1654 2799 1694 non
2846 1640 2972 1696 vita:
3004 1640 3156 1697 lucra
3184 1641 3438 1698 lucubra-

1846 1730 1995 1786 tione
2023 1730 2321 1802 perquirit?
2348 1729 2482 1785 Hinc
2503 1730 2742 1800 estquod
2765 1747 2862 1786 rex
2881 1731 2900 1770 ί
2926 1731 2981 1787 in
3004 1733 3287 1804 procinctu
3305 1749 3436 1808 per-

170 1816 244 1888 qui
271 1832 389 1872 cum
452 1817 672 1888 indigna
709 1825 856 1873 veste
884 1815 1179 1886 majestatis
1212 1813 1328 1886 ejus
1361 1831 1523 1871 ausus
1551 1823 1633 1870 est
1666 1815 1746 1869 in-
1774 1825 1823 1887 Β
1847 1821 1971 1890 vigil
2001 1821 2176 1877 callidi
2204 1821 2376 1878 hostis
2395 1830 2694 1893 praecavet,
2746 1831 2803 1878 et
2829 1824 2997 1880 evitat
3027 1824 3274 1894 insidias;
3306 1833 3436 1885 tunc

172 1919 290 1964 trare
319 1911 657 1976 convivium,
682 1911 854 1981 ligari,
892 1909 1236 1981 pnncipitari,
1260 1909 1473 1964 detrudi
1506 1910 1560 1964 in
1592 1917 1743 1964 tene-
1777 1967 1780 1969 Α

168 1999 271 2059 bras
293 2000 465 2072 jussit
497 2002 799 2059 exteriores
833 2000 1049 2076 (Matth.
1074 1999 1242 2072 χιιι),
1272 2001 1397 2072 quia
1431 1999 1744 2056 deformitas

169 2096 350 2152 invitati
409 2095 486 2152 ad
547 2097 825 2152 invitantis
882 2094 1146 2152 redundat
1192 2093 1462 2164 injuriam.
1526 2091 1742 2149 Peculia

167 2201 355 2260 quoque
401 2190 650 2262 pristina:
683 2190 980 2257 libertatis,
1012 2187 1124 2260 jam
1167 2187 1400 2254 divitiis,
1437 2187 1550 2257 jam
1584 2187 1742 2257 regiis

169 2280 344 2336 ditatus
388 2281 591 2353 opibus
631 2283 726 2352 qui
770 2289 1044 2345 reservat,
1093 2279 1122 2319 δ
1157 2280 1402 2351 captivus
1433 2278 1648 2334 miseria
1682 2293 1742 2334 se

168 2371 318 2426 nescit
359 2387 489 2427 esse
535 2370 766 2428 felicem.
819 2370 916 2426 Est
961 2369 1398 2434 consuetudinis,
1446 2376 1532 2425 est
1575 2367 1740 2423 animi

168 2460 328 2526 felicis,
365 2469 427 2516 ut
474 2461 714 2517 adscitus
747 2461 814 2516 ad
849 2475 1092 2532 regnum,
1129 2461 1273 2532 quod
1308 2459 1408 2515 fuit
1439 2461 1735 2532 proprium,

168 2555 290 2624 quod
315 2556 620 2626 privatum,
671 2573 800 2612 mox
844 2557 1190 2628 parentibus,
1240 2571 1369 2612 mox
1399 2556 1735 2630 propinquis,

168 2644 346 2700 civibus
391 2647 756 2717 indigentibus
803 2647 1100 2702 liberaliter
1131 2657 1153 2686 ο
1188 2661 1517 2718 prorogare,
1561 2663 1631 2702 ne
1671 2649 1742 2702 sit

168 2737 420 2795 mendicus
453 2741 657 2807 animo,
694 2741 788 2810 qui
834 2756 1002 2796 censu
1049 2738 1262 2796 functus
1295 2747 1380 2795 est
1421 2748 1478 2796 et
1508 2740 1734 2796 honore.

168 2818 269 2886 Tali
299 2847 425 2902 ergo
471 2832 810 2904 providentia
860 2831 1151 2898 Dominus,
1201 2831 1431 2888 consilio
1459 2831 1576 2896 tali,
1613 2831 1739 2887 vilia

167 2933 216 2982 et
243 2925 433 2982 caduca
475 2925 634 2996 jubet
666 2936 725 2982 ut
760 2926 1090 2992 vendamus,
1127 2933 1188 2982 ut
1219 2925 1529 2996 largiamur,
1553 2932 1613 2981 ut
1643 2925 1742 2982 do-

167 3032 374 3082 nemus,
420 3019 510 3088 qui
558 3019 613 3072 in
659 3018 871 3074 caelesti
929 3033 1098 3088 regno
1132 3017 1312 3073 omnia
1345 3034 1464 3088 qua:
1496 3018 1552 3073 in
1579 3017 1736 3086 melo,

169 3118 221 3166 et
264 3125 378 3180 quae
417 3111 469 3166 in
515 3120 658 3166 terra
706 3119 866 3179 sunt,
916 3111 1165 3166 volumus
1217 3111 1513 3183 possidere.
1554 3110 1661 3167 Sed
1693 3111 1740 3166 si

1849 1911 1905 1966 in
1953 1912 2142 1967 castris
2181 1911 2335 1967 miles
2381 1913 2818 1984 supervenientes
2859 1922 3157 1972 nocturnos
3200 1917 3438 1989 impetus

1846 2013 2004 2060 cauta
2045 2005 2454 2076 pernoctatione
2500 2007 2768 2077 propellit.
2827 2005 2918 2063 Sic
2960 2017 3125 2064 nauta
3162 2008 3434 2078 vigilando

1844 2095 2019 2152 diffusi
2062 2097 2268 2151 itineris
2311 2097 2546 2153 incertas
2586 2098 2701 2153 vias
2742 2099 2938 2164 intrat,
2968 2106 3025 2154 et
3051 2099 3216 2156 calles
3240 2099 3434 2157 transit

1845 2190 2019 2246 invios
2032 2203 2055 2257 ,‘
2079 2198 2134 2246 et
2159 2191 2388 2261 vestigio
2417 2190 2614 2247 furtivo
2643 2191 2711 2246 ad
2745 2192 2942 2249 lucrosi
2981 2203 3168 2264 portus
3193 2195 3432 2251 votivam

1843 2283 2091 2354 pervenit
2134 2283 2487 2338 mansionem.
2540 2283 2679 2339 Hinc
2724 2291 2908 2354 pastor
2951 2284 3194 2356 adjungit
3245 2294 3434 2342 noctes

1843 2375 2061 2442 diebus,
2092 2382 2149 2431 et
2175 2383 2348 2430 totum
2373 2375 2474 2430 sibi
2505 2383 2715 2446 tempus
2735 2375 2966 2446 denegat
2999 2376 3333 2443 dormiendi,
3365 2393 3433 2432 ne

1844 2484 1948 2539 qua
1991 2467 2164 2538 lupis,
2207 2466 2535 2537 suffragante
2574 2483 2796 2534 somno,
2829 2469 3106 2536 grassandi
3134 2469 3188 2523 in
3215 2481 3432 2538 gregem

1845 2559 2148 2632 praebeatur
2194 2559 2428 2615 occasio.
2469 2557 2560 2614 Sic
2599 2559 2776 2614 viator
2807 2559 2979 2615 solers
3017 2575 3117 2630 per
3143 2575 3302 2615 auras
3329 2575 3431 2616 no-

1842 2653 1974 2717 ctis,
2010 2659 2172 2706 testas
2216 2651 2347 2706 solis
2386 2650 2677 2721 praevenit,
2710 2659 2736 2698 8
2766 2658 3056 2722 aptumque
3074 2650 3216 2707 diem
3245 2653 3430 2721 provi-

1842 2741 2056 2798 dentius
2090 2741 2312 2813 deputat
2345 2741 2632 2797 mansioni.
2681 2740 2796 2803 Hoc
2823 2742 3085 2812 propheta
3115 2743 3292 2799 sciens
3320 2759 3430 2802 non

1842 2834 1929 2890 die
1961 2834 2111 2900 solo,
2143 2832 2238 2888 sed
2265 2833 2334 2888 de
2378 2839 2537 2888 nocte
2565 2839 2680 2888 tota
2713 2832 2982 2888 clamabat
3007 2831 3074 2887 ad
3102 2832 3427 2889 Dominum:

1841 2925 2068 2982 Domine
2101 2924 2240 2982 Deus
2273 2925 2458 2980 salutis
2491 2929 2652 2991 me'az,
2700 2925 2756 2979 in
2801 2924 2884 2978 die
2915 2923 3168 2992 clamavi,
3201 2934 3252 2980 et
3283 2933 3431 2980 nocte

1842 3039 2016 3076 coram
2051 3030 2098 3076 te
2132 3019 2304 3094 (Psal.
2339 3018 2599 3092 uxxvn).
2641 3016 2779 3085 Quid
2813 3018 3006 3088 plura?
3033 3017 3152 3089 Ipse
3171 3018 3430 3076 Dominus

1842 3122 2125 3188 pernoctat
2167 3114 2219 3168 in
2263 3112 2511 3169 oratione
2557 3110 2653 3166 Dei
2695 3108 2848 3180 (Luc.
2886 3109 2991 3182 vt),
3043 3119 3102 3166 ut
3153 3120 3279 3169 ante
3327 3129 3428 3170 nos

167 3202 239 3258 vis
267 3218 478 3259 servare
523 3212 741 3260 tuorum
777 3203 954 3276 pretia
988 3202 1310 3274 prmdiorum
1329 3242 1344 3266 ,
1392 3211 1448 3258 et
1491 3203 1736 3258 sacculo-
1763 3211 1810 3276 ο
1839 3205 1869 3244 ιι
1898 3207 2143 3262 oratione
2170 3205 2363 3260 liberet
2388 3218 2552 3273 quam
2585 3201 2812 3257 redimat
2845 3201 3112 3270 passione.
3153 3201 3222 3256 Et
3248 3203 3295 3258 si
3327 3220 3427 3274 pro

169 3310 272 3352 rum
311 3295 449 3352 forte
495 3296 715 3352 condita
761 3304 815 3352 te
868 3295 1170 3362 delectant,
1221 3294 1306 3350 fac
1351 3295 1450 3350 tibi
1494 3295 1737 3351 sacculos

169 3389 334 3459 quales
367 3388 460 3444 ille
493 3390 770 3460 prascepit,
806 3388 901 3460 qui
927 3387 1042 3459 jam
1070 3388 1378 3460 cupiditatis
1419 3397 1522 3443 tute
1554 3397 1737 3446 custos

172 3490 244 3535 est
281 3489 329 3536 et
375 3479 650 3552 provisor.
703 3479 972 3549 Denique,
1023 3485 1083 3532 ut
1136 3477 1298 3542 vidit,
1337 3478 1484 3547 quod
1531 3478 1738 3533 duriter

171 3571 310 3626 dixit:
336 3571 557 3628 Vendite
577 3589 691 3645 qua:
719 3571 1012 3644 possidetis,
1035 3586 1160 3628 mox
1183 3569 1410 3640 adjecit:
1436 3569 1621 3625 Facite
1645 3589 1736 3626 υο-

171 3663 234 3717 bis
255 3665 502 3731 sacculos,
530 3666 616 3737 qui
637 3681 740 3719 non
762 3672 1110 3730 veterascunt,
1145 3663 1439 3718 thesaurum
1469 3679 1573 3718 non
1603 3665 1735 3737 defi-

168 3757 357 3810 cientem
399 3759 458 3810 in
495 3757 653 3812 caelis.
693 3756 893 3811 lterum
925 3755 1273 3811 contristatus
1297 3770 1387 3822 es,
1423 3757 1548 3826 quia
1586 3756 1735 3826 quod

167 3845 309 3902 habes
326 3888 340 3912 ,
396 3847 454 3903 in
485 3846 638 3903 caelis
658 3847 868 3917 cogeris
895 3846 1202 3904 collocare?
1236 3845 1406 3916 Rogo,
1431 3847 1590 3903 crede
1622 3848 1736 3904 Deo

167 3947 262 4004 tuo,
292 3937 318 3979 ά
351 3941 448 4012 qui
479 3957 640 3998 servo
671 3941 876 4007 credis,
915 3949 971 3997 et
1015 3939 1186 4010 magis
1219 3939 1332 3996 Deo
1364 3955 1526 4012 quam
1558 3940 1736 3996 homi-

167 4033 212 4089 ni
237 4034 566 4090 commenda.
607 4032 716 4090 Sed
747 4033 796 4088 si
832 4033 988 4090 times
1007 4049 1076 4088 ne
1095 4035 1228 4104 quid
1260 4032 1387 4089 inde
1419 4041 1729 4104 praesumat,

167 4139 223 4181 ne
257 4127 380 4197 quid
425 4126 698 4198 dispergat
741 4127 916 4198 pietas
976 4126 1282 4196 largitoris,
1336 4135 1359 4164 °
1407 4126 1559 4195 signa
1607 4125 1734 4182 ﬁdei

163 4220 338 4276 annulo
371 4219 620 4276 sacculos
653 4226 796 4283 tuos,
833 4227 893 4274 ut
926 4218 1022 4275 tali
1055 4218 1278 4275 custode
1298 4217 1535 4274 dormias
1568 4225 1623 4273 tu
1645 4233 1733 4274 se—

165 4325 331 4378 curus,
364 4312 496 4383 quia
539 4311 632 4367 ubi
663 4311 754 4366 ille
784 4318 902 4376 est,
951 4311 1026 4366 ibi
1069 4311 1221 4367 locus
1264 4309 1446 4366 nullus
1483 4319 1568 4366 est
1601 4310 1726 4367 furi.

225 4494 246 4526 ἰ
269 4486 502 4562 Cyrillus
519 4487 912 4562 Alexandrinus
934 4488 1027 4543 lib.
1051 4505 1104 4562 tv
1125 4503 1243 4560 cap.
1270 4485 1320 4554 5,
1353 4486 1408 4542 in
1432 4486 1592 4562 .loan.
1616 4505 1728 4556 Vill,

171 4556 237 4623 l7,
258 4556 378 4632 pag.
404 4558 528 4624 4M,
564 4561 712 4632 ponit
742 4559 883 4614 istud
914 4576 1048 4632 ante
1065 4560 1175 4630 ipso
1190 4556 1290 4632 pro
1309 4559 1659 4632 peculiariter,
1683 4568 1733 4615 et

167 4631 381 4714 proprie,
417 4631 702 4685 secundum
739 4631 1176 4755 perlectissimam
1222 4631 1637 4701 conformitatem
1683 4638 1734 4684 et

167 4700 465 4755 identitatem
503 4699 778 4755 uoluntatis
867 4709 1016 4755 atrts.

167 4699 465 4755 identitatem
503 4699 778 4755 uoluntatis
815 4699 1016 4755 Patris.

221 4770 245 4810 δ
270 4769 366 4842 iis.
390 4769 590 4842 vatim,
619 4772 848 4842 captivus
869 4771 1072 4842 misere.

1837 3298 2007 3354 servis
2033 3296 2282 3352 dnminus
2309 3295 2528 3364 vigilat,
2559 3291 2752 3348 merito
2778 3307 2876 3362 pro
2909 3291 3100 3361 seipsis
3128 3308 3314 3349 servos
3340 3297 3424 3350 vi-

1839 3391 2006 3462 gilare
2035 3389 2112 3445 sic
2145 3387 2318 3458 jubet.
2355 3385 2666 3450 Prwcincti,
2691 3383 2890 3454 inquit,
2921 3385 3026 3438 sint
3058 3385 3215 3440 lumbi
3251 3387 3423 3452 vestri,

1840 3493 1890 3539 et
1923 3484 2144 3538 lucerna:
2187 3479 2428 3534 ardentes
2472 3479 2527 3531 in
2571 3475 2810 3531 manibus
2843 3477 3042 3540 uestris,
3079 3484 3129 3530 et
3160 3493 3244 3532 vos
3280 3477 3426 3532 simi-

1841 3576 1913 3630 les
1948 3572 2236 3629 hominibus
2269 3565 2682 3640 exspectantibus
2715 3565 2980 3620 dominum
3010 3581 3177 3633 suum,
3217 3565 3425 3638 quando

1841 3668 2015 3722 veniat
2047 3682 2080 3718 a
2112 3663 2305 3735 nuptiis
2342 3659 2493 3732 (Luc.
2529 3657 2648 3732 xu).
2699 3656 2821 3714 Sint
2841 3656 3000 3712 lumbi
3019 3658 3172 3714 uestri
3203 3660 3425 3730 praecin-

1839 3761 1926 3814 cti.
1967 3757 2148 3813 Novus
2175 3753 2308 3810 ordo
2336 3753 2656 3823 vigiliarum,
2688 3766 2860 3806 novus
2878 3750 3090 3806 habitus
3109 3750 3421 3821 imperatur.

1841 3849 1961 3907 Sint
2006 3846 2164 3902 lumbi
2209 3847 2364 3900 vestri
2409 3845 2709 3917 praecincti,
2744 3850 2795 3898 et
2828 3851 3052 3897 lucerna:
3095 3841 3334 3898 ardentes
3365 3845 3424 3898 in

1837 3940 2076 3996 manibus
2109 3939 2306 3993 vestris.
2347 3935 2431 3991 Nil
2458 3935 2525 3991 de
2552 3935 2783 4002 vestitu,
2819 3933 2894 3988 nil
2923 3933 2991 3990 de
3023 3933 3421 4002 Calceamentis,

1839 4034 1914 4089 nil
1939 4033 2006 4090 de
2039 4031 2205 4104 ipsius
2246 4045 2504 4086 occursus
2545 4035 2806 4099 apparatu
2845 4020 2986 4082 servi
3013 4026 3202 4096 vigiles
3231 4027 3424 4083 admo-

1839 4133 2060 4190 tuentur;
2097 4122 2192 4179 sed
2231 4129 2344 4178 tota
2380 4121 2432 4176 in
2472 4118 2861 4191 prmcingendis
2901 4115 3094 4172 lumbis
3137 4117 3422 4173 mandatur

1837 4232 1988 4281 cura,
2021 4223 2133 4270 tota
2154 4213 2208 4268 in
2230 4211 2660 4281 constringendis
2689 4209 2881 4266 lumbis
2905 4208 3160 4264 statuitur
3185 4209 3266 4264 vis
3292 4225 3422 4282 prte-

1836 4308 1980 4380 cepti
1999 4347 2013 4372 ,
2059 4304 2242 4361 addito
2284 4305 2624 4360 lucernarum
2664 4300 2856 4358 solatio
2898 4308 3139 4367 tantum,
3168 4299 3286 4358 sine
3311 4315 3420 4373 quo

1837 4485 1984 4541 nobis
1999 4484 2284 4565 signacula
2317 4483 2552 4565 columba
2573 4482 2648 4565 (in
2665 4481 2823 4565 cujus
2841 4481 3021 4564 specie
3040 4482 3271 4565 Spiritus
3289 4501 3418 4565 san-

1837 4565 1956 4626 ctus
1983 4551 2281 4624 descendit)
2301 4596 2328 4626 ,ν
2357 4555 2435 4626 rel
2468 4551 2625 4626 piscis
2660 4551 2793 4626 (quo
2817 4551 3036 4626 nomine
3061 4551 3309 4612 Christus
3346 4559 3419 4614 si-

1836 4625 2207 4698 gnificabatur,
2239 4623 2298 4698 ut
2318 4625 2454 4679 infra
2468 4623 2824 4698 :videbitnus),
2848 4623 2924 4698 vel
2944 4626 3108 4688 navis,
3133 4643 3247 4698 qua:
3267 4645 3418 4684 cursu

1838 4695 1992 4776 celeri
2023 4714 2057 4750 a
2081 4707 2236 4776 genta
2270 4697 2432 4776 fertur
2461 4695 2713 4776 (quaque,
2750 4703 2809 4776 ut
2840 4695 3183 4750 observatum
3210 4707 3321 4776 est,
3342 4700 3417 4776 ii-

1837 4775 2061 4847 guratur
2080 4765 2364 4847 Ecclesia),
2403 4765 2858 4847 uel‘lyr‘anmusica,
2895 4781 3134 4847 quausus
3155 4777 3230 4847 est
3251 4767 3416 4842 Poly-

225 4852 245 4882 ε
411 4816 1118 4914 ’ξ
1174 4839 1303 4914 Mita
1320 4881 1336 4905 ,
1380 4839 1728 4914 librariorum
1755 4816 1811 4878 Β
1833 4816 2186 4910 Eideéftqia'c'
2194 4816 2771 4914 ῐυξιείέςέῖῄῖέίέιξῶῆί
2792 4816 3416 4914 ιγῇἲῄίᾑῖέξεὶιὶξξηῖἒ-

166 4909 382 4968 fortassis
417 4909 622 4984 incuria
641 4951 656 4974 ,
705 4909 867 4968 habet
915 4928 1226 4984 prterogare.
1270 4909 1562 4967 Parisiens.
1610 4909 1729 4966 Mo-

166 4991 293 5055 gunt.
316 4991 372 5039 et
391 4983 530 5046 alim,
553 4999 786 5055 erogare.

225 5052 248 5092 ἀ
274 5053 448 5109 innuit
477 5050 662 5108 unum'
678 5069 743 5108 ex
775 5053 1084 5109 muneribus
1114 5067 1391 5109 servorum
1410 5091 1426 5116 ,
1449 5050 1592 5122 quod
1613 5059 1732 5107 erat

164 5125 479 5180 Arcariorum
509 5141 528 5178 :
568 5123 725 5179 sicuti
765 5122 1026 5179 Erasthus
1059 5124 1168 5193 ille,
1205 5123 1357 5193 cujus
1397 5123 1604 5193 mentio
1632 5139 1728 5177 oc-

165 5199 309 5266 currit
351 5196 404 5251 in
450 5193 622 5266 Epist.
659 5194 724 5247 ad
761 5193 918 5248 Rom.
953 5211 1024 5250 v1.
1077 5191 1300 5266 Saltem—7
1323 5194 1467 5266 hunc
1491 5192 1730 5266 Chryso-

165 5263 256 5336 lpgi
281 5267 453 5321 locum
476 5263 512 5330 ,⁷
537 5265 1042 5336 itaﬂinterpretatur
1078 5263 1372 5336 APignorius
1409 5265 1499 5336 de_
1523 5263 1725 5318 Servis.

163 5331 282 5391 Vide
305 5336 576 5391 Zenonem
606 5331 814 5391 Veron;
837 5335 906 5390 ad
925 5331 1262 5404 Neophytutn
1291 5349 1453 5389 serm.
1480 5333 1532 5388 1.

227 5415 248 5444 ο
271 5406 490 5477 Annulis
525 5406 867 5477 potissimum
917 5420 1019 5477 pro
1056 5405 1244 5477 sigillis
1263 5405 1722 5477 utebantur_vete-_

164 5490 255 5532 res.
286 5476 417 5533 Vide
443 5473 709 5532 Clément.
745 5475 898 5530 Alex.
918 5473 1023 5530 Ἰώ.
1060 5473 1125 5531 ιιι
1166 5473 1364 5544 Pedag.
1392 5489 1509 5545 cap.
1547 5473 1723 5545 2,7ubi

163 5555 420 5620 postquam
441 5548 575 5620 dixit
607 5561 801 5602 aureos
831 5546 1060 5602 annulos
1093 5547 1405 5620 mulieribus
1423 5544 1728 5620 ceucedenf

162 5615 418 5684 dos,‘non
459 5619 526 5675 ad
559 5627 808 5675 ornatum
841 5625 1082 5682 tantum,
1113 5617 1210 5672 sed
1239 5625 1297 5671 ut
1327 5631 1391 5671 ea
1423 5630 1542 5686 qua:
1578 5615 1726 5670 domi

161 5699 272 5746 sunt
302 5691 558 5747 servanda
612 5689 991 5758 obsignentur;
1037 5703 1189 5743 usum
1233 5687 1500 5757 improbat
1526 5701 1725 5758 eorum

162 5761 241 5832 qui
260 5761 525 5832 numinum
557 5756 755 5830 figuras
775 5762 828 5815 in
849 5760 929 5815 eis
956 5758 1179 5832 insculpi
1200 5756 1480 5832 curabant.
1524 5756 1725 5826 Dignus

161 5828 235 5889 est
257 5834 402 5892 locus
431 5831 522 5904 qui
554 5828 891 5888 eiscribatur
931 5839 986 5888 et
1024 5828 1341 5903 explicetur.
1400 5828 1520 5884 Sint
1551 5837 1724 5885 autem

414 5929 693 6000 ΡΑτιιοι.
743 5923 870 5988 ιιι.

1830 4917 1989 4964 vocat
2013 4903 2041 4974 ,’
2063 4903 2149 4963 “ιιι
2185 4907 2438 4978 opinatur
2473 4906 2789 4978 schpliastes
2815 4903 3050 4978 'Sidonii
3090 4906 3416 4978 Apollinaris

1829 4979 1973 5048 apud
2010 4973 2374 5052 Sirtnondum,
2399 4990 2528 5052 pag.
2566 4973 2686 5039 909,
2725 4991 2873 5052 num.
2906 4973 3050 5047 154),
3075 4973 3202 5032 ειὶὶ
3234 4981 3304 5032 sit
3335 4983 3416 5052 pi-

1829 5047 1983 5104 scans
2015 5049 2220 5122 aliquis,
2255 5049 2583 5102 meminerint
2613 5047 2833 5117 apostoli
2861 5055 2911 5099 et
2928 5063 3200 5116 puerorum
3232 5051 3318 5122 qui
3335 5047 3415 5106 ἐπ

1832 5137 1967 5193 aqua
1999 5119 2358 5175 extra/runtur.
3245 5119 3255 5122 '

1909 5189 1928 5228 ί
1960 5190 2078 5260 ipsa
2122 5190 2433 5244 imminente
2465 5185 2840 5258 expeditione,
2876 5193 2937 5242 ut
2975 5186 3101 5241 alibi
3127 5191 3414 5246 annotavi-

1832 5277 1972 5316 mus.

1903 5342 1929 5379 s
1957 5328 2314 5386 Emendatum
2358 5345 2427 5386 ex
2471 5328 2684 5386 Latinio
2710 5326 2856 5401 quod
2885 5326 3090 5384 habent
3125 5327 3412 5400 editiones,

1830 5412 2118 5475 actumque-

1899 5472 1931 5510 ιι
1953 5470 2152 5528 Cliristi
2177 5472 2352 5528 oratio
2385 5471 2454 5527 ad
2487 5470 2700 5527 Patrem
2735 5485 2835 5526 nos
2853 5470 3053 5526 liberos
3071 5471 3411 5540 ostendebat,

1830 5552 1891 5600 ut
1922 5546 2170 5626 membra.
2209 5543 2354 5626 unici
2399 5542 2519 5597 Filii
2571 5542 3185 5626 tantmcapitiuinsertan.
3229 5541 3414 5626 Dassie

1828 5631 1961 5671 vero
1992 5630 2097 5670 non
2124 5615 2367 5669 absolute
2388 5621 2634 5684 respectu
2663 5611 2898 5668 omnium
2929 5611 3126 5684 liberos
3149 5611 3296 5684 facit,
3321 5616 3414 5671 sed

1831 5687 2182 5758 redemptos:
2225 5687 2350 5755 quia
2399 5683 2590 5758 tollens
2644 5699 2742 5758 nos
2797 5699 2828 5737 a
2858 5683 3144 5758 servitute
3189 5683 3411 5758 diaboli,

1831 5771 1959 5812 suos
1981 5754 2107 5814 fecit
2132 5754 2317 5812 servos
2336 5756 2510 5826 pretio
2531 5755 2662 5809 tanti
2685 5754 2958 5824 sanguinis
2977 5762 3208 5826 emptos.
3245 5755 3410 5810 Mm.
