3902 6362
1528 417 1754 477 SERMO
1793 419 1959 476 XXV.

3280 428 3385 494 270

116 541 229 602 huc,
279 545 421 606 quoa
448 535 705 592 detulerit
733 533 917 592 Patri?
945 534 1046 604 Qui
1072 534 1170 591 tibi
1199 533 1252 589 in
1281 543 1422 589 terra
1452 534 1684 591 lavando
1711 542 1762 602 Α
1789 535 1858 592 ad
1887 549 2114 602 summa,
2161 538 2278 608 ipso
2305 550 2362 593 se
2403 534 2472 598 ad
2495 535 2718 594 humilia
2746 537 2950 609 dejicit,
2980 538 3050 595 ad
3076 554 3246 611 egena
3283 545 3386 600 de-

115 630 285 704 pedes,
320 640 343 666 ι
372 638 676 685 extremum
706 629 1112 702 repnesentavit
1139 629 1476 698 obsequium,
1510 637 1565 685 et
1604 645 1692 685 re-

116 721 362 795 promittit
389 722 444 776 in
473 723 785 778 coelestibus
814 722 1160 777 novissimam
1189 723 1539 782 servitutem?
1565 721 1694 779 Cre.

115 816 190 881 de,
220 816 486 882 lucretlce,
519 823 575 872 et
616 825 674 872 tu
715 816 789 872 illi
818 816 973 872 stude
1015 816 1240 877 reddere
1290 817 1564 872 talionem.
1595 817 1693 880 ille

114 908 198 964 tibi
223 909 274 963 in
303 909 616 964 coelestibus
646 917 800 981 parat
838 910 1141 968 convivium
1171 925 1229 966 se
1259 911 1524 978 ministro,
1556 919 1610 965 et
1634 919 1692 972 tu

114 1001 178 1056 illi
207 1001 256 1054 in
283 1008 426 1055 terra
468 1017 579 1056 non
610 1001 812 1056 desinis
841 1003 1126 1057 continuas
1155 1000 1400 1080 ingerere
1440 1009 1495 1056 et
1522 1016 1689 1074 gene-

113 1109 218 1151 rare
253 1093 647 1166 blasphemias;
691 1095 854 1152 faciet
879 1103 934 1151 et
964 1096 1054 1151 ille
1084 1096 1338 1152 transitus
1385 1112 1533 1166 suos,
1562 1097 1690 1167 quia

113 1189 356 1245 transiens
397 1189 732 1246 ministrabit
779 1191 914 1256 illis;
947 1191 1014 1246 de
1053 1191 1423 1248 dominatione
1451 1190 1520 1245 ad
1556 1189 1690 1246 lide-

112 1284 223 1338 lium
243 1297 463 1336 suorum
493 1283 584 1353 pia
613 1283 842 1338 transiet
870 1291 926 1338 et
951 1284 1201 1353 migrabit
1221 1283 1508 1352 obsequia;
1541 1283 1606 1336 ad
1637 1290 1692 1339 te

111 1376 165 1430 de
189 1375 571 1430 misericordim
599 1384 756 1447 patre
797 1377 1198 1432 severissimum
1232 1377 1479 1432 transibit
1507 1376 1559 1430 in
1597 1376 1687 1448 ju-

112 1468 279 1523 dicem.
312 1464 384 1521 Et
428 1471 692 1524 transiens
740 1470 1056 1526 ministrabit
1105 1471 1230 1525 illis.
1273 1469 1686 1542 Conlitentibus,

113 1561 529 1629 exspectantibus
559 1563 886 1620 ministrabit
915 1565 1122 1634 epulas,
1146 1565 1472 1620 ministrabit
1493 1574 1548 1620 et
1571 1566 1686 1638 tibi,

111 1651 187 1705 sed
210 1650 424 1719 dignam
451 1652 521 1707 de
552 1661 640 1707 tua
666 1655 950 1724 negatione
971 1655 1315 1712 sententiam.
1342 1656 1411 1710 Et
1431 1658 1475 1712 si
1497 1658 1691 1712 uenerit

110 1744 380 1798 uerecunda
401 1745 602 1818 uigilia,
645 1757 696 1801 et
725 1749 772 1802 si
805 1750 858 1804 in
896 1751 1045 1804 tertia
1079 1750 1254 1822 vigilia
1284 1752 1493 1818 uenerit,
1536 1761 1585 1804 et
1612 1753 1687 1806 ita

111 1839 346 1902 interierit,
373 1837 515 1893 beati
543 1850 665 1894 sunt
686 1843 819 1896 serui
857 1842 953 1896 illi.
1000 1841 1057 1896 Si
1099 1844 1150 1897 in
1181 1843 1418 1899 secunda
1447 1853 1501 1899 et
1527 1845 1686 1899 tertia

1792 629 1964 704 ponit.
2015 626 2122 686 Sed
2170 629 2308 686 scire
2356 631 2628 700 convenit,
2673 640 2830 702 pater
2870 633 2974 690 iste
3017 634 3112 704 qui
3153 644 3254 702 est,
3298 639 3386 698 vel

1791 720 1966 792 qualis
1995 726 2097 786 est,
2131 720 2215 786 vel
2260 720 2406 792 quod
2451 735 2674 791 regnum
2717 723 2832 780 suis
2872 721 2996 780 ﬁliis
3032 728 3380 796 repromittit.

1792 811 1922 882 Quis
1950 813 2020 870 sit
2047 813 2150 874 iste
2177 822 2352 886 pater,
2384 815 2628 886 quotidie
2664 823 2716 872 te
2743 816 3036 874 conﬁtente
3064 822 3383 890 cognoscis,

1793 925 1915 968 cum
1936 909 2139 968 clamas
2173 925 2185 964 :
2230 906 2393 966 Pater
2413 918 2588 966 noster
2626 911 2710 982 qui
2733 926 2786 966 es
2815 911 2871 966 in
2898 912 3042 970 caelis
3065 911 3279 983 (Matth.
3306 931 3382 980 vt,

1792 1000 1869 1074 9).
1902 1000 2086 1068 Qualis
2115 1009 2296 1058 autem
2324 1000 2414 1068 sit,
2443 1000 2558 1072 ipsa
2588 1018 2814 1073 operum
2842 1005 3213 1074 magnitudine
3253 1022 3383 1076 per-

1791 1094 1972 1152 vidisti
1999 1112 2012 1148 :
2037 1109 2102 1150 ex
2131 1093 2300 1156 nihilo
2340 1092 2467 1150 fecit
2494 1095 2710 1165 cmlum,
2750 1105 2808 1156 et
2844 1105 3046 1156 terram
3078 1096 3098 1140 ί
3131 1099 3386 1159 solidavit

1793 1199 1862 1241 ex
1915 1184 2139 1260 liquido,
2170 1193 2382 1242 montes
2411 1195 2436 1230 κ
2466 1187 2655 1244 statuit
2690 1187 2758 1243 ad
2795 1196 3072 1255 stateram,
3104 1191 3274 1246 maria
3303 1191 3388 1246 iri-

1792 1285 1877 1334 tra
1905 1277 2175 1346 legitimos
2205 1278 2464 1334 terminos
2483 1279 2597 1336 sola
2624 1281 2878 1352 praecepti
2907 1283 3232 1340 auctoritate
3253 1300 3388 1342 con~

1792 1372 1972 1430 clusit.
2005 1370 2204 1428 Verum
2235 1373 2280 1430 si
2308 1373 2480 1444 regni,
2512 1374 2660 1443 quod
2687 1376 2954 1446 promittit
2982 1377 3206 1448 pusillis,
3238 1379 3386 1434 desi-

1791 1462 1952 1524 deras
1979 1479 2138 1520 nosse
2160 1465 2498 1536 qualitatem,
2527 1465 2642 1539 ipse
2671 1467 2868 1538 aperit,
2897 1469 2976 1528 sic
3001 1469 3230 1525 dicendo
3257 1487 3270 1524 :
3302 1469 3388 1525 Si.

1792 1557 1904 1616 nite
1931 1559 2186 1632 parvulos
2213 1560 2400 1618 venire
2429 1559 2497 1620 ad
2527 1576 2644 1626 me;
2674 1561 2864 1626 talium
2888 1571 2972 1620 est
2997 1564 3142 1620 enim
3162 1578 3388 1633 regnum

1791 1650 2049 1710 caelorum
2082 1649 2296 1722 (Matth.
2339 1668 2447 1722 xix,
2483 1651 2592 1722 14).
2629 1651 2758 1709 Esse
2797 1654 2852 1712 in
2880 1654 3022 1714 caelo
3051 1655 3244 1714 mirum
3275 1663 3386 1723 est;

1791 1742 1844 1798 in
1873 1742 2012 1798 coelo
2039 1742 2240 1809 vivere,
2273 1752 2358 1800 est
2400 1743 2720 1814 majestatis.
2750 1744 2870 1810 lam
2898 1761 3126 1818 regnare
3153 1749 3207 1804 in
3247 1749 3388 1808 cmlo

1788 1835 1976 1906 quanti
2005 1835 2092 1902 sit,
2126 1850 2317 1894 sensus
2344 1836 2544 1894 desinit
2587 1839 2856 1900 aestimare
2901 1840 3174 1908 mortalis;
3204 1849 3262 1900 et
3303 1851 3388 1898 ta-

111 1931 258 2000 vigilia
286 1933 508 1986 venerit
553 1951 565 1985 :
607 1933 816 2002 vigilias
861 1933 886 1972 δ
917 1935 1147 1990 mundus
1188 1936 1390 2008 plures,
1423 1945 1532 1992 tres
1568 1944 1689 1994 tan~
1717 1945 1764 2006 B
1790 1945 1936 1995 men.
1967 1930 2152 1998 homo.
2191 1931 2338 2002 quod
2383 1933 2654 1996 aestimare
2693 1949 2800 1994 non
2845 1944 3020 2006 potes,
3071 1937 3386 2008 percepisti.

113 2022 438 2091 tumvigilias
480 2025 632 2078 novit
673 2027 1006 2096 exspectatio
1036 2026 1340 2095 Trinitatis;
1384 2044 1552 2098 quare
1601 2038 1684 2084 ta-

116 2129 214 2168 men
241 2129 268 2167 a
297 2114 544 2168 secunda
572 2116 754 2186 cmpit,
787 2127 842 2172 et
872 2119 1039 2174 tacuit
1064 2119 1324 2190 primam?
1348 2118 1482 2186 Quia
1512 2120 1682 2190 prima

112 2205 196 2275 iam
228 2205 404 2275 vigilia
439 2206 492 2259 in
533 2215 660 2262 ortu
696 2207 987 2265 Dominicze
1029 2211 1324 2266 nativitatis
1353 2193 1679 2268 excesserat.

114 2293 314 2351 Probant
351 2298 462 2353 hoc
491 2308 759 2368 pastores,
800 2302 892 2371 qui
925 2302 1052 2358 dum
1083 2319 1244 2376 supra
1274 2319 1488 2375 gregem
1525 2321 1683 2360 suum

112 2389 317 2459 vigilant,
349 2391 534 2460 gregis
557 2393 730 2463 ipsum
748 2404 1026 2464 pastorem
1051 2396 1102 2450 in
1126 2397 1388 2470 praesepio
1419 2397 1679 2468 invenire,

113 2481 282 2548 videre,
306 2490 499 2537 tenere
521 2493 799 2538 merentur
827 2493 882 2539 et
910 2486 1339 2552 auctorem;st
1361 2503 1480 2558 qua:
1508 2487 1577 2542 sit
1605 2503 1687 2543 se-

114 2575 258 2630 cunda
276 2585 329 2631 et
351 2577 514 2632 tertia
535 2578 719 2647 vigilia
743 2580 1099 2648 requiramus.
1132 2580 1283 2638 Sicut
1304 2581 1488 2652 utique
1509 2582 1682 2654 prima

115 2670 265 2740 vigilia
292 2679 378 2726 est
407 2671 493 2726 sui
524 2683 680 2726 ortus
706 2673 756 2726 in
784 2689 968 2738 carne,
1001 2674 1072 2727 ita
1102 2674 1340 2730 secunda
1369 2683 1453 2730 est
1483 2671 1698 2746 vigilia,

114 2778 198 2833 qua
218 2773 395 2819 nostra
427 2763 571 2819 redit
599 2773 655 2820 et
682 2765 1036 2821 resuscitatur
1063 2765 1116 2820 in
1145 2781 1328 2822 carne.
1360 2767 1602 2837 Denique
1626 2774 1688 2824 ut

115 2856 168 2911 ad
186 2866 548 2928 resurgentem
577 2858 782 2923 veniat,
818 2869 840 2897 ο
873 2874 1045 2913 annus
1065 2859 1351 2922 excitatur,
1383 2867 1439 2914 et
1465 2859 1686 2932 evigilat

114 2949 334 3006 mundus.
362 2949 547 3007 Tertia
587 2951 766 3021 vigilia
795 2961 877 3006 est
925 2953 1012 3008 illa
1055 2968 1162 3022 qua
1204 2952 1539 3024 exspectatio
1569 2962 1683 3008 tota

114 3045 385 3101 novissimo
412 3045 682 3101 venientis
711 3046 894 3100 linitur
915 3046 1183 3116 adventu;
1215 3054 1274 3101 ut
1301 3046 1440 3104 sicut
1474 3047 1562 3101 ille
1591 3063 1681 3104 re-

111 3137 332 3193 surrexit
360 3139 525 3206 nobis,
555 3139 632 3194 ita
654 3155 754 3195 nos
781 3140 855 3196 illi
884 3137 910 3176 ἀ
941 3139 1053 3210 jam
1082 3149 1401 3214 perpetuam
1429 3156 1680 3218 resurga-

113 3241 216 3281 mus
237 3226 304 3282 ad
333 3229 510 3283 vitam.

661 3299 894 3355 SEBMO
931 3299 1091 3356 XXV.

118 3387 182 3444 De
198 3400 510 3448 tenuiorum
529 3409 654 3448 cura
677 3393 1026 3468 despicienda,
1056 3404 1108 3451 et
1144 3397 1482 3468 promissione
1513 3397 1676 3469 regni.

177 3502 326 3560 Hodie
353 3505 622 3562 Dominus
661 3509 958 3578 evangelici
1000 3509 1179 3580 gregis
1211 3518 1234 3546 °
1265 3509 1458 3582 pusilla
1489 3518 1543 3565 et
1569 3517 1682 3564 ter-

118 3615 224 3655 rena
264 3603 582 3673 primordia,
615 3619 776 3672 quam
817 3605 1012 3660 blanda
1042 3606 1423 3684 exhortatione
1451 3607 1520 3664 sit
1547 3622 1684 3664 con-

119 3695 310 3759 solatus,
343 3697 595 3752 audistis.
632 3697 812 3754 Nolite
833 3700 1026 3764 timere,
1066 3699 1258 3769 inquit,
1295 3701 1513 3773 pusillus
1534 3717 1682 3772 great,

119 3787 214 3857 quia
233 3789 545 3859 complacuit
566 3787 719 3843 Patri
751 3800 915 3845 vestro
950 3790 1076 3845 dare
1110 3791 1248 3848 vobis
1282 3809 1496 3864 regnum
1529 3789 1682 3864 (Luc.

118 3877 210 3946 xu).
235 3879 423 3934 Aufert
451 3896 578 3951 spes
625 3882 829 3946 anxias,
877 3882 1071 3940 dubios
1121 3883 1260 3938 tollit
1289 3893 1530 3950 eventus,
1564 3900 1684 3948 0m-

121 3986 314 4042 nemque
361 3975 643 4045 propellit,
697 3985 750 4030 et
794 3977 1032 4032 excludit
1082 3978 1351 4046 timorem,
1383 3977 1600 4048 quando
1631 3977 1686 4034 in

120 4064 305 4118 exordio
334 4065 457 4136 ipso
480 4081 704 4135 regnum
728 4068 1070 4122 nascentibus
1091 4069 1396 4140 pollicetur.
1425 4065 1686 4134 Quoniam

120 4158 396 4226 complacuit
433 4158 589 4213 Patri
628 4170 790 4215 vestro
831 4161 957 4214 dare
994 4161 1133 4216 vobis
1179 4179 1412 4234 regnum.
1445 4159 1576 4230 Quis
1615 4160 1684 4217 de

120 4250 251 4316 vieta,
273 4254 399 4324 quis
429 4254 497 4310 de
527 4255 746 4322 vestitu,
777 4256 898 4328 quis
928 4256 994 4312 de
1017 4257 1228 4327 plebeio
1257 4273 1441 4320 censu,
1474 4265 1532 4314 et
1555 4272 1681 4312 ver-

121 4344 227 4398 nalis
261 4346 490 4416 cespitis
529 4347 737 4402 vilitate
786 4348 1039 4418 suspirat,
1081 4348 1148 4402 de
1188 4363 1354 4417 regno
1384 4356 1584 4414 certus,
1616 4347 1684 4402 de

121 4431 456 4496 nlominatione
483 4441 746 4495 seems?
785 4438 930 4496 Satis
955 4440 1057 4495 sibi
1085 4440 1288 4495 invidet
1321 4441 1415 4511 qui
1443 4441 1685 4496 elevatus

1787 2020 2049 2094 Apostolo
2071 2023 2149 2078 sic
2167 2021 2381 2078 dicente
2407 2041 2420 2076 :
2447 2022 2599 2088 Quod
2625 2026 2804 2084 oculus
2828 2042 2932 2082 non
2953 2028 3096 2097 uidit,
3120 2045 3213 2088 nec
3242 2030 3388 2089 auris

1787 2116 2002 2182 audivit,
2029 2133 2123 2172 nec
2154 2117 2208 2170 in
2240 2133 2328 2172 cor
2361 2116 2584 2172 hominis
2623 2119 2880 2189 ascendit,
2919 2137 3034 2192 quo
3071 2122 3388 2192 prteparauit

1786 2206 1926 2263 Deus
1949 2207 2280 2280 diligentibus
2309 2225 2363 2263 se
2393 2207 2458 2280 (ll
2481 2207 2599 2268 Cor.
2634 2227 2690 2276 ιι,
2715 2209 2791 2283 9).
2822 2209 2894 2268 Et
2918 2213 3066 2282 quod
3095 2221 3149 2268 te
3188 2211 3386 2274 mereri

1784 2298 2017 2366 dubitas,
2041 2300 2244 2356 habere
2267 2309 2338 2370 te,
2364 2309 2420 2356 et
2439 2303 2738 2374 possidere,
2755 2302 2870 2374 jam
2885 2305 3096 2374 coactis
3115 2306 3383 2364 conliteri.

1787 2390 1926 2460 Quid
1953 2407 2082 2462 ergo
2112 2408 2234 2448 cum
2264 2399 2412 2448 terra
2452 2393 2528 2450 illi
2571 2395 2664 2466 qui
2704 2395 2944 2466 possidet
2969 2397 3207 2460 celum?
3245 2397 3386 2467 Quid

1785 2484 1862 2539 illi
1890 2500 2012 2540 cum
2041 2485 2310 2552 humanis,
2351 2486 2444 2556 qui
2489 2486 2718 2558 adeptus
2758 2495 2844 2546 est
2883 2489 3000 2560 jam
3039 2490 3254 2548 divina?
3283 2492 3386 2552 nisi

1784 2574 1924 2633 forte
1953 2577 2169 2648 placent
2189 2577 2442 2647 gemitus,
2465 2578 2737 2648 eliguntur
2755 2581 2990 2648 labores,
3022 2593 3273 2646 amantur
3295 2601 3386 2657 pen

1784 2669 1975 2736 ricula,
2007 2670 2244 2741 pessima
2290 2686 2440 2728 mors
2484 2670 2736 2741 delectat,
2769 2681 2824 2732 et
2862 2675 3010 2736 illata
3051 2677 3195 2734 mala
3223 2679 3386 2736 bonis

1784 2771 1912 2819 sunt
1938 2764 2176 2836 gratiora
2202 2763 2434 2820 collatis.
2467 2762 2575 2822 Sed
2604 2766 2883 2826 videamus
2911 2769 3058 2838 quod
3097 2770 3192 2828 dat
3219 2769 3382 2830 Pater

1787 2863 1970 2918 tantus
1997 2855 2282 2922 consiliqu
2312 2856 2637 2924 regnaturis.
2685 2856 2906 2920 Vendite
2931 2876 3048 2932 qua:
3083 2863 3382 2933 possidetis,

1784 2957 1835 3004 et
1871 2948 1992 3004 date
2017 2948 2416 3022 eleemosynam.
2448 2946 2506 3006 Si
2533 2950 2771 3006 victuros
2811 2967 2928 3016 vos,
2965 2953 3014 3014 si
3040 2963 3379 3022 regnaturos,

1785 3040 1832 3096 si
1857 3057 1957 3098 vos
1978 3039 2092 3114 jam
2121 3040 2316 3098 divites
2342 3055 2462 3096 esse
2489 3041 2710 3098 creditis
2735 3041 2792 3096 in
2815 3044 3084 3113 supernis,
3115 3045 3204 3102 ubi
3232 3045 3382 3104 futu-

1785 3131 1853 3200 ri,
1895 3145 2004 3202 quo
2044 3131 2343 3202 migraturi,
2377 3130 2467 3187 ubi
2496 3131 2770 3202 regnaturi
2801 3133 2950 3201 estis,
3002 3151 3100 3192 vos
3139 3136 3230 3192 illa
3258 3153 3381 3207 qua:

1786 3233 1966 3282 vestra
2002 3223 2262 3294 suntiam
2288 3223 2628 3296 pratcedant;
2659 3241 2792 3296 opes
2814 3225 3042 3284 miseras
3067 3228 3380 3286 misericor-

1785 3317 1873 3374 dia
1902 3323 2246 3390 computate;
2275 3331 2394 3386 qua:
2416 3315 2650 3378 humana
2678 3315 2882 3374 suntin
2901 3316 3082 3376 divina
3109 3321 3382 3380 converti-

1789 3421 1859 3468 te.
1903 3409 1972 3466 Et
2013 3425 2082 3466 ne
2126 3408 2214 3464 cui
2255 3408 2483 3466 forsitan
2524 3407 2741 3464 deesset
2769 3408 2982 3466 evectio
3019 3410 3088 3466 ad
3115 3413 3382 3482 portanda

1785 3505 1878 3562 illa
1905 3518 2024 3576 quae
2052 3501 2340 3566 dimittitis,
2367 3498 2392 3536 ιι
2419 3501 2730 3572 angariatus
2767 3508 2852 3562 est
2898 3517 3104 3573 pauper
3145 3521 3158 3558 :
3201 3503 3384 3564 lerunt

1785 3610 2054 3668 pauperes
2083 3610 2250 3652 onera
2280 3600 2486 3659 nostra,
2527 3600 2582 3648 et
2612 3593 2856 3648 volentes
2880 3592 3080 3659 ferunt,
3122 3595 3248 3665 quia
3283 3595 3384 3654 tali

1786 3709 1895 3750 non
1924 3691 2300 3762 deprimuntur
2320 3687 2579 3761 pondere,
2604 3687 2697 3744 sed
2719 3688 2988 3752 levantur.
3030 3687 3250 3746 Vendite
3267 3705 3384 3764 qua

1787 3786 2080 3860 possidetis,
2111 3795 2160 3840 et
2189 3785 2308 3840 date
2345 3783 2754 3854 elemosynam;
2786 3784 2944 3854 facite
2963 3783 3102 3840 vobis
3123 3786 3380 3853 sacculos,

1785 3883 1870 3954 qui
1891 3898 1996 3936 non
2016 3886 2356 3944 ceterascuut,
2376 3877 2666 3936 thesaurum
2683 3892 2786 3930 non
2803 3875 3126 3946 deﬁcientem
3144 3879 3199 3934 in
3221 3879 3382 3945 coriis,

1784 3974 1870 4030 ubi
1901 3975 1984 4046 fur
2021 3989 2126 4028 non
2167 3971 2466 4044 appropiat,
2495 3986 2656 4041 neque
2689 3970 2828 4024 tinea
2855 3973 3153 4041 corrumpit.
3197 3970 3388 4029 Facito

1784 4066 1924 4124 vobis
1944 4065 2198 4130 sacculos,
2228 4063 2312 4137 qui
2342 4079 2448 4120 non
2467 4071 2805 4118 ueterascunt.
2837 4063 3045 4118 Videtis
3071 4065 3196 4131 quia
3227 4071 3384 4133 pater

1786 4161 1887 4217 iste
1908 4159 2080 4214 ditare
2112 4157 2224 4212 vult
2247 4153 2404 4220 ﬁlios,
2427 4169 2538 4210 non
2566 4153 2789 4210 nudare.
2821 4151 3007 4208 Facite
3032 4154 3171 4212 vobis
3199 4171 3382 4210 saccu.

1788 4252 1892 4314 los,
1925 4251 2010 4322 qui
2050 4263 2155 4303 non
2193 4252 2533 4300 veterascunt.
2563 4243 2714 4300 Novo
2744 4242 2924 4312 modo,
2958 4243 3142 4308 immo,
3173 4245 3382 4304 cmlesti

1789 4344 1972 4406 modo,
2004 4342 2095 4412 qui
2119 4342 2262 4396 hunc
2289 4337 2455 4406 audit,
2481 4337 2764 4393 vendendo
2805 4346 3102 4409 comparat,
3134 4341 3382 4396 recondit

1791 4433 2085 4504 erogando,
2115 4430 2244 4487 dum
2293 4429 2492 4484 amittit
2519 4428 2770 4500 acquirit.
2815 4426 2986 4500 Quam
3029 4431 3178 4502 cupit
3223 4448 3382 4508 pecu.

122 4586 234 4663 lita,
259 4601 310 4646 et
337 4591 590 4658 Castillo,
621 4602 677 4650 et
704 4609 804 4649 ms.
837 4591 1044 4648 Caesen.
1070 4592 1314 4663 genuinze
1345 4592 1562 4649 lectioni
1590 4606 1680 4648 re-
1708 4595 1760 4658 D
1785 4586 1958 4663 Exod.
1980 4601 2070 4641 xrx
2097 4602 2112 4638 :
2140 4581 2178 4640 Ι
2180 4599 2265 4640 am
2293 4599 2428 4638 nunc
2456 4583 2657 4640 veniam
2686 4582 2758 4640 ad
2786 4593 2834 4640 te
2858 4584 2914 4642 in
2960 4585 3182 4658 caligine
3208 4585 3384 4646 nubis.

121 4661 374 4718 stituimus.
410 4665 591 4726 Arius,
642 4665 838 4734 aliique
879 4681 945 4720 ex
973 4661 1091 4720 hoc
1108 4674 1289 4730 textu,
1326 4663 1484 4717 Pater
1512 4665 1684 4734 major

123 4747 182 4804 tlte
202 4745 286 4798 est,
317 4746 557 4804 arguunt
579 4735 770 4790 Filium
794 4737 906 4800 Dei,
933 4737 1093 4789 etiam
1124 4738 1299 4804 quoad
1325 4735 1678 4800 divinitatem,

125 4797 246 4858 Patre
272 4797 542 4860 minarem
567 4822 704 4862 esse.
731 4807 836 4861 Sed
863 4797 1065 4862 textum
1087 4797 1233 4860 illum
1261 4823 1379 4861 cum
1404 4797 1684 4860 catholicis

121 4873 292 4946 sincere
322 4878 620 4932 noluerunt
654 4878 978 4945 intelligere,
1003 4879 1094 4946 qui
1122 4877 1394 4932 communi
1424 4892 1587 4931 sensu
1615 4876 1683 4930 de

121 4941 422 5002 humanitate
449 4957 657 5003 tantum
679 4941 1098 5020 it'iterpretant'ur
1130 4967 1143 5001 ε
1179 4949 1324 5018 quod
1354 4949 1548 5072 smpius
1570 4946 1682 5000 Au-

121 5024 288 5072 ctorem
317 5026 568 5072 nostrum
609 5019 852 5072 pluribus
891 5021 942 5072 in
986 5019 1118 5072 locis
1156 5019 1404 5072 docuisse
1449 5021 1677 5072 iubetur.

119 5024 288 5089 gorem
317 5026 568 5074 nostrum
609 5019 852 5089 pluribus
891 5021 942 5073 in
986 5019 1118 5074 locis
1156 5019 1404 5074 docuisse
1434 5019 1677 5076 habetur.

120 5081 161 5138 S.
181 5088 484 5160 Anthr-asins
515 5081 669 5146 libfu
689 5107 810 5160 cap.
843 5107 880 5145 ιι
913 5089 1084 5154 Lucae,
1109 5099 1296 5145 contra
1327 5089 1545 5144 eosdem
1574 5091 1684 5160 bte-

118 5159 310 5238 r'ttioos:
331 5161 403 5238 Et
427 5163 703 5238 miramur,
733 5158 780 5217 si
809 5161 1043 5216 Christus
1065 5161 1216 5215 Patri
1245 5161 1430 5234 defert,
1448 5162 1534 5238 qui
1561 5158 1684 5214 subs

117 5227 229 5283 ditur
251 5235 446 5288 matri?
476 5232 639 5288 Mm.

172 5309 193 5336 ¹
227 5302 346 5360 Huic
373 5314 618 5360 extrema
647 5303 877 5360 servitus
896 5318 926 5357 a
954 5300 1170 5358 Christo
1198 5302 1428 5358 Domino
1456 5300 1685 5371 discipu-

117 5365 168 5422 lis
188 5376 434 5499 cubilium,
466 5392 504 5430 a
529 5376 589 5431 Β.
615 5375 910 5434 Laurentio
940 5373 1242 5432 Justiniano
1270 5374 1561 5452 prodigium
1581 5365 1680 5429 vo-

118 5454 260 5498 catur.
339 5464 448 5499 ΙΤΔ.

118 5454 260 5498 catur.
284 5454 448 5501 MITA.

169 5511 192 5549 ¹³
216 5515 416 5572 Hebimi
448 5518 578 5573 olim
606 5518 747 5573 diem
776 5518 1035 5573 secabant
1071 5517 1124 5571 in
1154 5523 1386 5587 quatuor
1413 5515 1684 5587 quadran-

117 5588 198 5648 leS,
216 5602 347 5656 quos
376 5599 433 5642 ut
466 5589 693 5644 Romani
717 5605 780 5644 ac
805 5588 980 5645 Graeci
1009 5586 1212 5660 uigilias
1242 5595 1521 5644 vocarunt.
1553 5586 1684 5642 lude

29 5711 32 5716 .
117 5665 301 5730 noctem
324 5662 491 5730 ipsam
516 5660 568 5714 in
595 5661 765 5716 tribus
790 5662 983 5729 vigiliis
1003 5661 1318 5716 diviserunt.

135 5795 146 5807 ι
173 5738 193 5767 ε
221 5728 295 5785 Ita
317 5727 382 5788 ex
411 5731 792 5788 emendatione
823 5727 1022 5787 Eatinii
1054 5739 1109 5786 et
1141 5747 1241 5794 ms.
1267 5729 1526 5794 Vallicell.
1558 5727 1685 5786 Edi-

28 5795 32 5832 ξ
117 5795 286 5866 lituo.
309 5820 529 5860 manus.

168 5870 354 5945 1}“,
375 5875 430 5931 ω
456 5884 562 5945 es},
595 5884 748 5940 tunc;
779 5876 958 5945 signat
990 5875 1135 5931 enim
1165 5882 1378 5945 tempus
1405 5872 1645 5945 futurum
1667 5890 1680 5938 ;

117 5947 165 5994 ιιι
202 5940 353 6001 heat
379 5962 410 6000 v
445 5965 456 5998 :
493 5940 577 6000 Ea:
627 5947 720 6000 hoc
761 5940 860 6000 eri}
900 5947 1016 6014 jam
1064 5940 1296 6001 homines
1345 5947 1572 6014 capiens.
1605 5943 1686 5999 Ex

1785 4659 2041 4784 MlIliilos
2067 4726 2211 4783 enim
2233 4725 2526 4799 alloquitur
2545 4724 2808 4799 Christus,
2838 4727 2930 4798 qui
2959 4726 3252 4799 disciplina:
3272 4745 3386 4788 sum

1784 4817 1903 4858 sese
1927 4799 2278 4863 tradiderant,
2307 4797 2395 4852 vel
2421 4797 2571 4852 brevi
2601 4797 2891 4858 tradituros
2918 4807 3092 4854 erant.

1860 4873 1878 4910 ί
1913 4871 2173 4926 Nimirum
2217 4868 2414 4924 Cenes.
2445 4885 2482 4931 ι,
2510 4867 2778 4940 ἓνθὺγεεί
2823 4870 3042 4940 nomine
3070 4870 3384 4940 designatur

1785 4957 2042 5013 aquarum
2087 4941 2310 5013 materia
2339 4939 2706 5013 mixtaadhua
2731 4947 2787 4996 et
2809 4939 3032 5013 confusa
3061 4939 3377 5013 cumiterra.

1785 5007 1921 5069 Vide
1961 5012 2310 5068 Severianum
2359 5007 2686 5082 Gabulorum
2734 5011 3044 5082 episcopum
3091 5015 3158 5069 de
3195 5011 3376 5067 Great.

1783 5084 1969 5208 Mundil
1995 5091 2133 5208 orgtt.
2160 5082 2210 5150 i,
2236 5082 2379 5156 apud
2403 5080 2848 5156 Chrysostomtnn
2868 5080 2998 5142 toni.
3018 5081 3104 5150 Vl,
3128 5099 3250 5154 pag.
3275 5083 3381 5140 448

1783 5171 1942 5208 recen
1976 5196 1987 5208 .
2013 5170 2044 5208 θ
2083 5172 2096 5207 1
2129 5195 2140 5207 .

1783 5164 1987 5212 recent.
2013 5157 2140 5210 edit.

1859 5238 1883 5275 ε
1915 5227 2152 5296 Respicit
2177 5223 2242 5278 ad
2265 5223 2392 5298 illud
2420 5223 2573 5281 lsaize
2599 5240 2688 5290 ιι,
2721 5222 2790 5288 12
2820 5242 2834 5278 :
2865 5233 2915 5280 et
2935 5225 3138 5286 libravit
3164 5225 3222 5278 in
3248 5242 3381 5298 pon—

1784 5299 1904 5353 dere
1931 5309 2151 5358 montes,
2183 5306 2233 5349 et
2261 5296 2417 5350 colles
2438 5299 2492 5352 in
2520 5304 2734 5354 statera.

1855 5370 1882 5410 ιι
1911 5370 1984 5426 De
2009 5369 2252 5438 Angariis
2272 5367 2394 5421 vide
2416 5383 2536 5436 quae
2557 5367 2720 5422 habet
2739 5365 3072 5438 Stolbgrgius
3087 5366 3137 5420 in
3159 5364 3377 5425 dissert.

1784 5442 1868 5498 cui
1901 5435 2126 5510 titulus}
2154 5438 2216 5493 de
2255 5435 2499 5510 Auguriis
2541 5447 2693 5510 ceter.
2731 5447 2861 5510 tom.
2905 5435 2973 5494 X7
2998 5435 3184 5510 Ctjitic.
3235 5453 3378 5510 sacr.

1822 5528 1904 5582 ag.
1933 5512 2050 5566 10L
2087 5508 2400 5582 Angariain
2425 5508 2547 5582 jure
2573 5517 2656 5563 est
2681 5508 2872 5582 injusta
2897 5509 3141 5582 exactio;
3173 5509 3279 5582 sed
3296 5515 3384 5582 est

1822 5529 1904 5582 ag.
1933 5529 2050 5566 ’IU'l.
2087 5529 2316 5579 Allgal'la
2348 5529 2400 5563 Ill
2425 5529 2547 5578 ,μιΓο
2573 5529 2656 5563 ρει
2681 5529 2872 5576 Illjlb‘la
2897 5529 3141 5575 exacuo;
3173 5529 3266 5564 SC“
3296 5529 3382 5566 8δῦ

1783 5529 2066 5656 Bonarum
2094 5598 2221 5656 vox,
2251 5581 2444 5656 quibus
2467 5579 2686 5656 ἄγγαρφς
2708 5580 2984 5656 dicebatur
3003 5580 3183 5649 regius
3209 5579 3382 5636 tabel-

1783 5655 1875 5711 lio.
1911 5653 2088 5712 Persae
2115 5654 2256 5708 enim
2277 5650 2472 5732 itinera
2502 5650 2607 5732 sua
2618 5650 2927 5732 dividebant
2950 5652 3000 5732 in
3030 5664 3379 5732 parasangas;

1785 5733 1840 5782 et
1867 5736 1925 5780 ut
1945 5739 2276 5797 parasangas
2301 5723 2588 5797 attigerant
2610 5722 2946 5797 tabelliones,
2969 5721 3239 5797 bajnlique
3259 5723 3383 5797 qui-

1785 5793 2059 5863 escebant,
2086 5808 2139 5852 et
2159 5793 2324 5852 onera
2345 5793 2440 5850 sua
2463 5795 2579 5850 aliis
2600 5794 2824 5864 ulterius
2844 5794 3094 5852 euntibus
3115 5809 3210 5864 per
3233 5793 3380 5864 vices

1784 5861 2194 5924 transmittenda
2223 5866 2647 5921 committebant.
2683 5863 2737 5919 Si
2767 5865 2918 5926 plura
2966 5861 3255 5926 desidéras,
3289 5861 3382 5922 ad!

1788 5940 2074 5995 Meursium
2102 5937 2301 6007 Castig.
2331 5953 2448 6008 cap.
2484 5934 2552 5988 ‘29
2581 5951 2700 6006 pag.
2739 5934 2855 5989 1‘76.
