3942 6348
491 336 594 400 971

490 547 604 606 dita
632 562 968 620 permanere,
999 547 1093 616 qui
1129 545 1258 603 dicit
1291 565 1304 600 :
1337 548 1495 620 facite
1536 545 1676 602 vobis
1715 546 1968 614 sacculos,
2000 549 2088 620 qui

490 657 597 698 non
627 640 974 697 veterascunt!
995 638 1135 696 Ecce
1164 649 1186 676 ⁸
1209 640 1372 697 docet
1399 639 1702 707 avaritiam,
1726 641 1817 710 qui
1846 649 2089 712 cmperat

490 731 723 789 suadere
750 737 1114 802 contemptum
1153 749 1166 784 :
1213 733 1371 805 facile
1414 732 1554 788 vobis
1582 733 1837 800 sacculos,
1868 734 1954 806 qui
1981 748 2088 788 non

490 834 828 881 veterascunt.
846 823 913 880 Et
933 825 1024 895 qui
1055 825 1481 882 thesaurizantcs
1509 827 1882 897 temporaliter
1897 841 2088 897 argue-

489 916 603 984 bat,
634 919 701 974 ad
730 926 900 974 totum
921 919 1232 990 cupiditatis
1254 918 1496 975 fomitem
1517 919 1670 990 jubet
1697 920 1944 977 sacculos
1971 920 2088 975 sine

488 1009 597 1067 ﬁne
617 1013 875 1083 perquiri.
905 1012 1137 1080 Christe,
1168 1029 1277 1084 quo
1308 1021 1361 1068 te
1383 1014 1644 1085 pertrahit
1672 1030 1825 1069 amor
1844 1013 2089 1068 tuorum?

489 1108 548 1158 ut
576 1119 798 1159 avarum
821 1103 1140 1172 lucrifacias,
1175 1105 1304 1161 lacis
1333 1122 1454 1161 eum
1484 1107 1628 1176 quod
1657 1106 1945 1172 desiderat,
1979 1121 2088 1160 non

485 1195 633 1266 quod
679 1203 928 1266 oportet,
987 1197 1220 1253 audire:
1263 1199 1510 1254 sacculos
1549 1197 1815 1270 imperas,
1856 1204 2090 1253 teternos

487 1288 792 1356 thesauros,
810 1291 905 1359 qui
926 1307 1033 1346 non
1053 1291 1325 1355 deﬁciant,
1345 1291 1423 1346 vis
1446 1292 1646 1362 parari;
1669 1298 1727 1346 ut
1749 1306 1942 1346 avarus
1961 1289 2089 1344 dum

488 1391 747 1437 consueta
778 1385 1045 1454 percurrit
1066 1384 1133 1439 ad
1163 1385 1330 1448 lucra,
1363 1391 1456 1438 aut
1485 1384 1738 1439 virtutem
1768 1383 1964 1453 capiat,
1997 1387 2090 1436 aut

490 1487 521 1526 a
552 1473 750 1529 virtute
778 1475 1040 1545 capiatur.
1073 1475 1214 1532 Vere
1261 1476 1422 1531 Pater
1449 1491 1527 1543 es,
1559 1476 1651 1546 qui
1680 1491 1804 1532 cum
1837 1475 1944 1529 tuis
1971 1473 2090 1544 qui-

489 1569 820 1642 buscumque
840 1573 1076 1643 parvulis
1089 1574 1168 1630 sic
1188 1574 1318 1642 agis.
1345 1572 1588 1642 Namque
1613 1579 1669 1628 et
1697 1587 1795 1627 nos
1823 1569 2090 1626 interdum

489 1665 693 1719 nostris
720 1666 958 1735 parvulis
979 1666 1288 1736 petentibus
1328 1666 1488 1721 noxia
1519 1665 1810 1735 ingerimus
1831 1663 2090 1718 salutaria

488 1757 592 1815 sub
613 1758 794 1828 specie
825 1759 1128 1825 noxiorum,
1160 1758 1406 1814 fallentes
1435 1758 1818 1829 insipientiam,
1850 1773 1959 1813 non
1989 1757 2087 1812 de-

1756 337 1812 398 S.
1856 339 2060 399 PETRI
2099 340 2530 403 CHRYSOLOGI

490 455 638 514 niam
655 451 972 524 perdurare,
996 457 1319 524 perpetuare
1338 451 1583 508 sacculos
1602 450 1931 518 divitiarum,
1956 471 2088 511 con-
2113 469 2162 524 Α

2766 455 3000 516 SERMO
3035 460 3226 523 XXVI.

2657 595 2739 654 De
2764 599 2910 671 ﬁdeli
2939 601 3313 675 dispensatore.

2261 752 2418 820 Quod
2445 753 2607 810 hodie.
2627 755 2887 813 Dominus
2900 757 3253 831 interroganti
3268 761 3432 822 Petro
3445 767 3788 840 respondisse

2189 843 2386 913 legitur
2400 861 2497 916 per
2513 844 2736 916 figuram
2753 848 2821 904 ad
2836 851 3114 922 apostolos
3132 853 3296 924 ipsos,
3321 855 3389 911 ad
3411 857 3520 914 doc
3545 876 3672 915 ores
3687 870 3787 918 tan-

2194 942 2308 991 tum
2333 944 2390 992 et
2414 936 2479 992 ad
2497 953 2591 993 eos
2610 949 2632 978 ο
2649 939 2742 1010 qui
2757 939 3014 998 Ecclesiis
3027 945 3333 1015 prmsident,
3351 948 3580 1017 dictum,
3598 953 3785 1010 multo-

2191 1045 2308 1084 rum
2331 1032 2596 1100 persensit
2625 1033 2856 1090 auditus.
2888 1035 3192 1107 lntet'rogat
3219 1037 3429 1107 Petrus,
3448 1039 3709 1110 Domine,
3725 1045 3784 1100 ad

2192 1137 2288 1176 nos
2324 1122 2453 1177 dicis
2493 1123 2629 1178 lianc
2660 1126 2987 1197 parabolam,
3021 1145 3092 1182 an
3129 1140 3180 1185 et
3217 1131 3288 1184 ad
3321 1136 3546 1189 omnes?
3587 1135 3682 1191 Cui
3714 1156 3783 1192 re~

2191 1213 2403 1283 spondit
2441 1213 2739 1272 Dominus:
2773 1215 2901 1282 Quis
2941 1229 3092 1291 putas
3138 1230 3216 1276 est
3247 1223 3418 1294 ﬁdelis
3458 1226 3782 1300 dispensator

2191 1315 2242 1359 et
2269 1307 2527 1376 prudens,
2569 1327 2718 1381 quem
2748 1313 3011 1366 constituit
3056 1313 3295 1372 dominus
3339 1334 3496 1391 super
3537 1322 3782 1392 [cnsilium

2192 1415 2360 1466 suam,
2401 1410 2459 1454 ut
2496 1402 2580 1457 det
2617 1403 2723 1458 illis
2760 1405 2817 1458 in
2840 1414 3064 1477 tempore
3103 1410 3260 1464 tritici
3293 1415 3783 1470 mensuram?Bea-

2195 1502 2274 1547 tus
2311 1511 2484 1550 servus
2523 1495 2630 1563 ille,
2655 1514 2802 1570 quem
2831 1515 2946 1552 cum
2975 1503 3165 1555 venerit
3185 1501 3457 1571 dominus,
3480 1507 3559 1560 ita
3589 1507 3783 1562 int-ene

2192 1588 2261 1641 rit
2301 1588 2615 1660 facientem:
2655 1606 2772 1644 vere
2808 1589 2924 1646 dico
2963 1592 3100 1648 vobis
3129 1596 3265 1666 quod
3284 1613 3443 1668 super
3481 1601 3663 1654 omnia
3685 1617 3781 1673 quis

2193 1681 2422 1754 possidet
2475 1685 2752 1739 constituet
2797 1701 2932 1740 eum.
2987 1684 3140 1751 Quod
3183 1690 3230 1743 si
3281 1690 3425 1744 dicat
3475 1709 3658 1748 servus
3707 1695 3780 1748 ille

2192 1777 2246 1830 in
2301 1776 2456 1832 corde
2501 1793 2636 1832 suo:
2691 1794 2892 1833 moram
2939 1781 3070 1851 facit
3115 1780 3354 1838 dominus
3397 1800 3545 1840 meus
3594 1788 3776 1851 venire,

488 1850 749 1921 sipientes
777 1849 1048 1907 allectum.
1074 1852 1265 1907 Dixisti
1295 1870 1308 1905 :
1341 1851 1528 1906 Facite
1558 1851 1697 1906 vobis
1725 1851 1980 1916 sacculos,
2000 1852 2088 1924 qui
2121 1859 2168 1920 Β
2193 1880 2243 1922 ει
2292 1872 2500 1942 (apem
2519 1880 2787 1940 μενεαιενε
2825 1849 3044 1944 pum”,
3078 1881 3129 1928 ει
3166 1875 3406 1943 ancillas,
3430 1888 3483 1931 ει
3521 1879 3700 1945 ede",
3740 1849 3779 1934 εξ

488 1959 590 1997 non
633 1952 972 2009 veterascunt,
1027 1943 1294 1998 thesauros
1348 1959 1452 1997 non
1495 1942 1792 2014 deﬁcientes
1839 1944 1893 1997 in
1936 1943 2082 1997 cmlo.

486 2030 747 2090 Sacculus
773 2051 873 2092 cur
900 2036 1156 2106 paratur?
1177 2035 1315 2103 Quid
1339 2035 1410 2090 ibi
1438 2036 1693 2103 claustra,
1726 2035 1814 2091 ubi
1845 2036 1958 2106 ipsa
1988 2052 2086 2092 cu-

487 2134 602 2182 stos
629 2134 717 2183 est
746 2127 1089 2185 innocentia?
1116 2127 1188 2183 ibi
1218 2128 1345 2198 quid
1379 2128 1734 2196 signaculum,
1766 2128 1856 2183 ubi
1887 2127 2089 2183 fraudis

488 2235 598 2288 sus
621 2220 726 2276 icio
756 2236 863 2274 non
892 2220 1158 2276 habetur?
1178 2219 1233 2275 Si
1255 2229 1310 2276 et
1340 2221 1390 2275 in
1421 2221 1560 2277 cmlo
1583 2220 1811 2276 sacculis
1832 2237 1968 2291 opus
1983 2227 2085 2286 est,

489 2327 619 2368 cura
647 2328 758 2368 non
791 2313 1085 2378 amittitur,
1113 2312 1208 2368 sed
1237 2319 1493 2366 mutatur.
1527 2311 1770 2379 Domine,
1799 2321 1857 2366 tu
1883 2310 2084 2376 vidisti,

488 2403 616 2473 quia
655 2403 709 2458 in
740 2403 1005 2460 thesauris
1033 2411 1147 2459 tota
1177 2402 1337 2470 ﬁdes,
1371 2411 1484 2459 tota
1514 2419 1637 2474 spes
1684 2404 1736 2458 in
1766 2403 1992 2459 saeculis
2021 2402 2092 2458 sit

489 2495 670 2551 avaris
695 2515 708 2549 :
739 2505 796 2551 et
825 2496 945 2553 ideo
975 2497 1331 2568 imputribiles
1359 2496 1412 2551 in
1441 2497 1580 2552 emlo
1614 2495 1859 2552 sacculos
1881 2496 1960 2552 vis
1989 2511 2088 2567 pa-

488 2588 616 2652 rari,
651 2595 708 2643 ut
728 2589 821 2659 qui
851 2597 904 2645 te
933 2606 1040 2644 non
1069 2590 1312 2660 sequitur
1339 2589 1406 2645 ad
1436 2591 1629 2646 emlnm
1649 2632 1664 2657 ,
1696 2597 1956 2660 sequatur
1983 2590 2092 2644 sal-

488 2688 601 2734 tem
628 2681 875 2737 sacculos
895 2697 1042 2736 suos.
1076 2680 1270 2749 Arare,
1293 2681 1374 2738 fac
1396 2682 1494 2737 tibi
1522 2682 1785 2748 sacculos,
1811 2689 1868 2737 et
1895 2680 1979 2737 fac
2000 2680 2091 2750 ju-

487 2770 649 2829 bente
687 2773 820 2840 Deo,
868 2773 993 2843 quia
1031 2774 1174 2828 votis
1215 2774 1320 2828 tuis
1360 2775 1551 2828 annuit
1578 2774 1759 2828 divina
1809 2773 2085 2844 majestas.

489 2862 598 2919 Sed
635 2861 720 2920 fac
761 2864 856 2919 tibi
905 2865 1150 2920 sacculos
1189 2865 1485 2934 erogando,
1516 2866 1642 2935 quia
1672 2865 1929 2936 quidquid
1957 2882 2091 2936 pau-

489 2969 591 3028 per
617 2957 906 3026 acceperit,
936 2954 1098 3011 Pater
1133 2955 1370 3012 ccelestis
1403 2958 1646 3028 suscipit.
1677 2956 1745 3010 Et
1775 2957 1863 3011 ubi
1893 2973 2088 3012 recon-

487 3047 607 3103 dit?
635 3048 689 3103 in
718 3049 877 3105 cmlo.
933 3047 1002 3103 Et
1043 3065 1113 3105 ne
1153 3048 1292 3105 forte
1338 3049 1635 3120 perdidisse
1677 3058 1730 3106 te
1771 3049 1956 3106 doleas
2003 3051 2090 3106 vel

489 3135 518 3178 δ
544 3142 1104 3212 usuram,centuplam
1127 3142 1180 3196 in
1203 3141 1408 3198 caelesti
1441 3141 1629 3198 fenore
1660 3141 1909 3214 recipies,
1933 3143 2090 3212 quid-

2193 1960 2382 2025 bibere,
2425 1971 2474 2016 et
2512 1963 2782 2029 inebriari,
2825 1964 2990 2019 veniet
3027 1964 3266 2021 dominus
3286 1971 3419 2024 servi
3451 1970 3599 2026 illius
3638 1973 3692 2026 in
3711 1971 3777 2028 die

2189 2069 2292 2124 qua
2340 2069 2446 2107 non
2484 2064 2678 2124 sperat,
2711 2063 2762 2109 et
2799 2055 2930 2111 liora
2967 2073 3070 2129 qua
3107 2061 3288 2126 nescit,
3329 2071 3382 2115 et
3422 2062 3621 2118 dividet
3656 2082 3775 2130 eum,

2192 2155 2488 2218 partemque
2525 2147 2638 2218 ejus
2677 2164 2793 2201 cum
2830 2148 3127 2219 inﬁdelibus
3167 2162 3338 2224 ponet.
3383 2152 3645 2211 Ecclesia:
3670 2158 3775 2226 qui-

2190 2237 2313 2293 dem
2342 2239 2602 2308 przesules
2631 2239 2730 2294 ista
2769 2256 2933 2309 quam
2954 2242 3186 2314 primum
3206 2245 3502 2302 similitudo
3523 2249 3777 2305 constrin-

2190 2331 2285 2399 git,
2312 2328 2338 2367 ά
2365 2331 2459 2386 sed
2489 2332 2760 2388 hominem
2785 2335 3010 2403 nullum,
3029 2340 3312 2394 mortalem
3342 2341 3549 2397 nullum
3570 2358 3777 2416 prorsus

2191 2423 2380 2479 eximit
2417 2424 2532 2481 htec
2578 2424 2766 2495 figura,
2798 2443 2919 2497 qute
2958 2428 3086 2484 dum
3127 2431 3368 2500 loquitur
3403 2433 3473 2490 ad
3513 2435 3777 2508 dispensa-

2190 2524 2398 2583 torem,
2441 2517 2723 2584 omnibus,
2767 2535 2878 2575 uno
2933 2519 3322 2592 interrogante,
3380 2527 3698 2597 respondit;
3728 2527 3775 2584 Si

2191 2615 2277 2663 est
2304 2608 2588 2677 quisquam
2627 2610 2720 2680 qui
2749 2625 2780 2665 a
2811 2610 2924 2667 Deo
2955 2613 3030 2666 nil
3058 2615 3357 2686 acceperit,
3395 2617 3776 2677 discussionem

2190 2701 2650 2772 dispensationis,
2702 2703 3097 2775 dispensatoris
3137 2707 3376 2765 oflicium
3417 2727 3529 2768 non
3560 2713 3774 2769 timebit.

2191 2791 2388 2860 Homo,
2419 2794 2464 2849 si
2493 2795 2599 2850 hoc
2637 2795 2810 2866 ipsum
2839 2797 2986 2867 qnod
3018 2798 3146 2867 das,
3194 2803 3486 2874 accepisti,
3518 2807 3777 2878 accepisse

2191 2893 2246 2940 te
2272 2886 2418 2955 quod
2447 2887 2614 2942 habes
2652 2889 2925 2958 quomodo
2961 2899 3016 2946 tu
3057 2894 3324 2964 negabis?
3361 2897 3440 2953 De
3481 2899 3777 2956 cmicstibus

2191 2976 2444 3041 conditis,
2467 2977 2535 3034 de
2565 2979 2775 3035 horreis
2803 2981 2997 3038 ditinis
3024 2985 3292 3042 rationem
3319 2988 3530 3057 reddet,
3562 3002 3776 3062 prasta-

2189 3070 2271 3125 bit
2291 3086 2482 3126 causas
2512 3081 2536 3110 ε
2567 3072 2823 3129 Ecclesia:
2876 3087 3219 3148 prorogator.
3265 3079 3334 3136 Et
3370 3093 3578 3153 quanto
3617 3085 3777 3156 majus

2192 3162 2419 3233 suscipit
2439 3163 2722 3230 creditum,
2757 3175 2908 3222 tanto
2956 3169 3130 3239 majus
3166 3186 3226 3226 se
3263 3170 3502 3229 debitum
3532 3193 3638 3233 non
3683 3178 3778 3234 du-

487 3232 618 3303 quid
647 3233 701 3288 in
730 3235 889 3299 cmlo,
919 3250 1156 3306 paupere
1179 3236 1542 3291 transmiseris
1571 3234 1898 3307 perferente.
1920 3233 2088 3290 Usura

2197 3232 2352 3309 bitat
2373 3255 2727 3321 redditurum,
2761 3258 2976 3315 dicente
2999 3232 3230 3318 Domino
3265 3263 3398 3321 :Cui
3419 3268 3532 3338 plus
3567 3232 3643 3324 est
3673 3232 3780 3324 ere

489 3323 673 3381 mundi
703 3333 919 3380 centum
949 3326 1017 3380 ad
1048 3341 1212 3381 unum
1231 3367 1246 3392 ,
1279 3327 1420 3382 Deus
1449 3343 1614 3382 unum
1640 3329 1835 3399 accipit
1860 3327 1928 3383 ad
1957 3343 2091 3383 cen-

490 3423 639 3483 tum;
662 3424 719 3472 et
745 3425 925 3472 tamen
953 3417 1200 3473 homines
1227 3434 1350 3474 cum
1381 3419 1494 3474 Deo
1521 3420 1710 3474 nolunt
1737 3421 1940 3477 habere
1968 3436 2094 3476 con-

491 3512 748 3561 tractum.
780 3506 916 3562 Sunt
961 3507 1186 3563 forsitan
1215 3509 1283 3564 de
1311 3511 1566 3567 cautione
1603 3512 1851 3568 solliciti?
1881 3512 2095 3580 Quare?

490 3596 684 3656 Nonne
730 3600 894 3656 homo
946 3601 1151 3656 homini
1197 3603 1406 3672 exiguae
1462 3604 1720 3659 chartula:
1769 3605 2097 3674 obligatione

492 3691 913 3762 mnstringitur?
945 3693 1086 3747 Deus
1114 3700 1196 3748 tot
1242 3702 1298 3748 et
1339 3695 1502 3750 tantis
1530 3697 1892 3751 voluminibus
1919 3706 2095 3765 cavet,

492 3791 550 3841 et
577 3785 793 3840 debitor
817 3802 922 3840 non
952 3789 1206 3842 tenetur?
1234 3787 1340 3844 Sed
1374 3790 1527 3854 dicis,
1562 3799 1678 3846 esto
1708 3792 1855 3862 quod
1882 3793 2096 3860 debeat,

491 3891 602 3948 quo
632 3878 879 3948 exigente
927 3879 1210 3936 restituet?
1258 3883 1466 3952 seipso;
1497 3885 1622 3952 quia
1666 3901 1772 3940 non
1799 3895 1975 3957 potest
1998 3889 2093 3943 ulli

492 3972 712 4027 mentiri
745 3989 758 4026 :
790 3973 931 4028 idem
963 3975 1076 4044 ipse
1105 3983 1188 4030 est
1216 3982 1269 4029 et
1298 3986 1584 4032 exsecutor
1612 3988 1666 4034 et
1705 3979 1934 4036 debitor.
1973 3983 2090 4038 Non

490 4063 597 4122 erit
625 4064 679 4120 in
701 4063 975 4120 reddendo
998 4066 1181 4133 durus.
1206 4067 1298 4137 qui
1328 4067 1575 4138 profusus
1601 4079 1684 4125 est
1709 4071 1761 4125 in
1794 4073 2089 4142 largiendo.

489 4154 681 4226 Crede,
726 4157 909 4226 homo,
960 4159 1091 4227 Deo,
1134 4161 1278 4230 quod
1332 4161 1428 4217 tibi
1469 4163 1609 4219 Dens
1655 4164 1833 4232 dedit;
1886 4167 2092 4238 majora

489 4251 717 4309 reddere
743 4253 877 4320 vult,
909 4268 1032 4309 cum
1055 4255 1169 4310 vult
1196 4253 1396 4312 debere
1419 4255 1660 4325 largitor.

568 4399 589 4470 τ
621 4387 963 4471 Spiritualcm
985 4403 1048 4445 ac
1068 4389 1366 4471 ecclesiam,
1407 4391 1498 4446 ubi
1528 4390 1806 4452 feneratur
1833 4397 2082 4471 Domino,

492 4458 585 4531 qui
613 4461 896 4531 miseretur
923 4461 1167 4530 pauperi.
1206 4460 1366 4516 Mm.

567 4531 592 4611 ξ)
623 4529 775 4612 Vide,
807 4529 933 4612 quae
971 4529 1217 4612 superius
1255 4535 1628 4612 adnotavimus
1664 4538 1732 4593 ad
1781 4556 1940 4598 serm.
1995 4545 2084 4612 l5,

492 4601 584 4681 ubi
614 4599 916 4654 addendum
962 4599 1105 4681 quad
1147 4601 1264 4670 lege
1305 4601 1613 4681 .llt‘stiniaui
1639 4618 1856 4666 cautum
1889 4615 1986 4670 luit
2029 4599 2088 4672 {.i

492 4673 657 4728 etiam
680 4686 854 4742 usura:
877 4673 1104 4726 nautica:
1143 4689 1249 4726 non
1286 4676 1386 4730 nisi
1414 4679 1722 4734 centesima:
1750 4696 1930 4740 essent
1960 4688 1994 4740 Ι.
2017 4687 2088 4742 26

495 4744 526 4817 5
559 4742 582 4796 Ἰ
619 4742 737 4820 eqd.
763 4741 828 4796 de
848 4757 994 4797 mur.
1029 4743 1106 4797 De
1132 4743 1293 4820 modo
1314 4755 1492 4820 autem
1521 4737 2086 4820 comparat’nliusuras
2117 4737 2170 4800 D

491 4813 633 4896 {apud
666 4813 960 4896 Ιὶοςῐξίιηρεἶ
975 4823 1114 4896 post
1136 4813 1452 4896 Salma_sium
1470 4813 1842 4896 ,_Gr_on-o‘vium
1873 4837 1927 4881 et
1953 4813 2088 4886 Cra;

492 4883 838 4961 vinum,_vii_l_e
861 4883 1030 4961 (ἔρια.
1072 4884 1439 4961 llgipgccium,
1472 4891 1654 4961 Antiq.
1683 4893 1842 4949 Rom.
1877 4883 2015 4955 tom:
2033 4883 2086 4956 ill

490 4954 711 5028 pag.§4
732 4955 858 5028 edit.
880 4953 1072 5011 Venet.
1101 4955 1255 5012 1759.

569 5040 589 5065 ο
624 5026 761 5082 Vere
779 5027 883 5112 hos
910 5028 1480 5113 tlispensat‘ores‘vocat
1509 5032 1810 5113 Apostolus
1835 5056 1848 5091 :
1881 5039 2089 5113 dispen-

490 5109 690 5181 satores
718 5099 1122 5181 ministeriorum
1153 5100 1419 5181 Dei._ljon
1450 5099 1699 5181 omnibus
1727 5111 1890 5176 enim,
1918 5099 2088 5181 iniqui!

491 5170 580 5226 hic
609 5169 1063 5252 Tlieopliyltictus,
1088 5187 1212 5242 pag.
1247 5172 1367 5240 190,
1400 5177 1601 5230 verbum
1635 5177 1727 5252 Dei
1756 5169 2088 5252 suppedit'are

491 5187 580 5226 mc
619 5187 1063 5297 ιιιεοριὲιιίιοιιις,
1088 5187 1212 5242 pag.
1247 5187 1367 5240 wu,
1400 5187 1601 5230 vernum
1635 5187 1727 5232 Dei
1756 5187 2088 5252 suppeditare

490 5251 720 5322 oportet;
751 5258 809 5297 se
867 5243 1063 5322 quibus
1101 5259 1236 5322 opus
1259 5255 1360 5322 es_t_,
1405 5255 1459 5322 et
1485 5251 1700 5316 quando
1730 5256 2000 5321 convenit,
2035 5265 2088 5311 et

490 5311 628 5396 sicut
667 5311 900 5382 oportet.
935 5314 982 5396 ΑΞ
1007 5311 1270 5396 Gregorio
1301 5311 1656 5383 Nazianieno,
1689 5330 1826 5396 orat.
1862 5323 1930 5378 52
1960 5311 2083 5396 pag.

493 5380 616 5447 5l8,
648 5380 920 5466 vocantur
941 5380 1303 5466 Eccles’iarum
1334 5397 1579 5466 pastores
1607 5380 1708 5447 τῶν
1733 5393 1921 5466 ψυχῶν
1950 5380 2088 5453 ibi)";

490 5473 648 5531 sopiat,
682 5458 764 5508 καί
789 5462 880 5531 rei:
904 5457 1121 5531 λόγῳ...
1153 5458 1366 5524 ταλῶαι,
1398 5461 1696 5516 animarum
1726 5457 2003 5523 (iuratores
2031 5477 2088 5525 et

491 5524 649 5592 verbi
663 5526 836 5592 promi
865 5524 1042 5582 condi.

494 5591 756 5678 "remp
772 5595 1121 5678 Ehrysologo
1150 5600 1332 5678 plures
1360 5603 1687 5658 conveniunt
1714 5616 2077 5678 enarratores,

493 5661 626 5717 illud
667 5665 745 5747 ad
769 5661 948 5747 :l'itum
984 5685 1024 5747 l1
1055 5661 1114 5734 Ἶ,
1155 5661 1563 5747 ’ρίδρεηδαιονεδ
1611 5679 1797 5747 gratia:

493 5748 686 5814 omn-es
715 5733 898 5792 fideles
936 5733 1274 5814 referendum
1309 5760 1427 5800 esse
1462 5733 1770 5814 censentes,

492 5804 564 5881 ab
609 5803 721 5862 Deo
750 5817 964 5878 accepta
989 5809 1042 5864 in
1081 5816 1420 5871 commodum
1453 5820 1681 5876 aliorum
1710 5803 2080 5881 eihilféré'déi

489 5874 641 5937 bent.

1815 5753 1908 5828 qui
1936 5752 2079 5828 dona
2180 5756 2339 5828 Apud
2375 5755 2682 5817 Ennodium
2743 5762 2834 5819 lib.
2886 5782 2903 5820 ι
2948 5783 2978 5822 e

2195 3347 2379 3413 ditum,
2423 3347 2536 3418 plus
2575 3350 2809 3420 exigetur
2849 3351 2913 3405 ab
2952 3369 3011 3407 eo
3043 3353 3195 3424 (Luc.
3233 3357 3346 3427 xu).
3385 3356 3452 3412 Et
3480 3359 3598 3414 alibi
3631 3379 3644 3413 :
3681 3359 3780 3417 Po-

2195 3447 2358 3494 tentes
2380 3449 2614 3510 potenter
2637 3450 2890 3496 tormenta
2912 3447 3176 3514 patientur
3197 3446 3353 3519 (Sap.
3397 3467 3466 3510 vl.
3502 3452 3574 3519 'l).
3607 3450 3776 3518 Quan-

2194 3539 2253 3586 to
2282 3531 2442 3587 altius
2463 3532 2768 3588 ascenderit
2796 3535 2980 3602 homo,
3015 3537 3213 3608 lapsus,
3239 3549 3393 3596 tanto
3419 3541 3583 3599 altius
3609 3544 3772 3600 cadet

2197 3622 2335 3690 Quid
2373 3624 2536 3680 altius
2565 3626 2750 3681 cmlo?
2779 3627 2855 3683 De
2882 3629 3020 3685 cmlo
3050 3631 3194 3688 cadit
3238 3633 3293 3688 in
3332 3636 3658 3703 cmlestibus,
3697 3639 3774 3708 qui

2199 3717 2500 3786 delinquit;
2549 3721 2866 3789 desperatus
2913 3723 3170 3792 incurrit,
3219 3727 3311 3797 qui
3364 3729 3418 3783 in
3461 3729 3592 3800 ipsis
3617 3731 3775 3787 domi-

2202 3809 2380 3862 nantis
2407 3809 2580 3864 oculis
2618 3808 2878 3879 olfendit;
2920 3824 2976 3870 et
3011 3821 3364 3874 excusatione
3395 3833 3567 3888 caret,
3600 3824 3687 3893 qui
3707 3824 3774 3877 fa-

2197 3901 2350 3956 cinus
2398 3901 2516 3972 ipso
2533 3902 2715 3972 judice
2745 3914 2882 3962 teste
2911 3911 3218 3966 committit.
3256 3910 3364 3967 Aut
3403 3930 3568 3985 quam
3606 3917 3776 3973 defen-

2195 3995 2404 4052 sionem
2426 4006 2626 4067 Sperat,
2651 4013 2810 4068 quem
2835 4002 3199 4058 testimonium
3226 4007 3526 4076 cognitoris
3545 4011 3776 4068 accusat!

2197 4086 2289 4144 Sic
2334 4087 2582 4144 diabolus
2639 4106 2762 4145 cum
2801 4102 2946 4148 esset
2993 4095 3253 4164 angelus,
3315 4106 3371 4154 et
3417 4099 3474 4155 in
3522 4101 3692 4166 cmlo,
3731 4109 3776 4159 et

2198 4196 2382 4236 curam
2411 4179 2522 4235 Deo
2543 4196 2758 4253 semper
2776 4184 3104 4243 clarissimus
3126 4197 3451 4257 versaretur,
3484 4201 3542 4248 et
3567 4191 3778 4264 fulgens.

2200 4273 2328 4328 dum
2358 4271 2456 4328 Dei
2487 4280 2658 4329 tentat
2686 4290 2864 4342 aures,
2895 4277 3020 4333 dum
3052 4277 3105 4334 in
3135 4279 3230 4335 Dei
3260 4283 3506 4353 superbit
3552 4295 3778 4356 aspectu,

2268 4417 2290 4445 ο
2310 4405 2678 4491 χωωψζυω,
2704 4417 2762 4464 ut
2789 4411 2924 4491 alias
2952 4414 3298 4491 observatum
3325 4427 3427 4482 est,
3460 4417 3776 4491 Chrysologo

2197 4477 2483 4534 familiare.
2513 4479 2753 4556 ldem_ac
2781 4483 3127 4554 dispensator.
3157 4485 3327 4556 Hujus
3347 4477 3494 4544 enim
3516 4477 3650 4546 mins
3673 4477 3776 4547 erat

2195 4552 2715 4622 consuetum_servis
2736 4552 2995 4622 praeStare
3015 4552 3352 4615 demensum.
3398 4559 3574 4618 Vetus
3613 4563 3777 4618 inscria

2194 4620 2311 4692 ptio
2339 4621 2482 4690 apud
2509 4619 2820 4691 Pignorium
2849 4642 2863 4678 :

2766 4711 2954 4751 SIGNUM
2984 4714 3214 4755 HERCULI

2809 4783 2978 4824 DORUS
3010 4786 3164 4826 LARC.

2661 4852 2774 4893 DISP
2801 4855 2887 4902 QL‘I
2926 4857 3066 4896 ANTE
3089 4857 3324 4899 VILLICUS

2819 4927 2974 4966 llL‘lllS
2997 4928 3134 4968 LOCI.

2189 4973 2768 5058 thysologusautem
2797 4979 2886 5036 hic
2925 4981 3164 5058 loquitur
3189 4985 3258 5041 de
3294 4998 3654 5058 prorogatore
3685 4989 3779 5047 tri-

2190 5047 2284 5103 tici
2306 5047 2332 5127 ':_
2369 5048 2473 5127 qui
2500 5050 2857 5127 ministrator,
2885 5053 2969 5127 vel
2998 5047 3165 5110 'actor
3211 5047 3779 5127 fruinentivdicelmtur

2191 5117 2625 5192 apudjv‘eteres,
2656 5120 3073 5192 inscriptiones;
3141 5117 3243 5182 nisi
3304 5129 3661 5187 ministratori
3720 5139 3777 5185 et

2191 5189 2364 5245 actori
2422 5189 2528 5273 ch
2579 5189 2835 5273 obtigerii
2860 5203 2964 5273 :_ut
3001 5189 3327 5273 quandoque
3373 5209 3426 5256 et
3481 5202 3777 5273 hnjusmodi

2190 5275 2425 5316 munere
2473 5261 2842 5330 fungerentur.
2895 5261 3399 5326 llos—Cassiodorus
3445 5261 3776 5330 vocatarca.

2190 5332 2298 5416 rios
2338 5340 2786 5416 etoprocu-ra't‘ores
2827 5337 3020 5406 tritici;
3061 5349 3117 5396 et
3164 5342 3299 5413 lapis
3339 5343 3488 5416 apud
3539 5345 3776 5402 eumdem

2187 5399 2523 5473 Pignorium,
2553 5405 2599 5458 Α
2630 5403 2939 5463 Frumento.
3000 5399 3012 5406 ⁷
3125 5425 3143 5466 -.'

2904 5495 2956 5534 υ.
3025 5498 3081 5537 ιι.
3120 5483 3131 5542 ξ

2824 5565 3130 5609 Δεδιεριλυι

2758 5635 3020 5680 Δοτιιιτυε
3058 5641 3109 5680 ἰ..
3149 5641 3202 5682 N.

2798 5709 2827 5748 Α
2875 5710 3180 5753 Ρηωιεκτο.

2981 5767 3103 5845 pisi.
3157 5767 3190 5822 3
3226 5767 3460 5845 habetur
3498 5787 3778 5845 prorogare

2182 5828 2423 5894 litteras;
2472 5841 2526 5887 et
2573 5833 2666 5889 lib.
2711 5851 2767 5890 ut
2806 5828 3075 5907 epistfli
3119 5843 3388 5913 prorogari
3436 5828 3648 5915 scripto.

3686 362 3791 427 an

3793 5931 3818 5967 3
