3902 6362
124 394 212 456 ξιτ.
1503 389 1691 449 εειω

1800 385 1964 442 iXVl.

3262 371 3370 428 ΞΜ

121 511 362 589 lapsusad
387 519 609 580 terram,
653 511 722 568 ad
750 518 953 568 tartara
987 507 1262 580 deiectus,
1309 507 1365 564 in
1405 506 1680 564 diabolum
1705 508 1762 570 Α
1782 503 1910 574 quia
1937 497 2007 556 ad
2042 513 2154 589 nos
2181 506 2238 554 et
2256 497 2326 554 ad
2370 491 2765 551 ecclesiasticos
2809 489 2958 546 viros
2996 486 3131 546 satis
3165 484 3370 544 dictum

121 617 334 667 mutatur
350 621 422 662 ex
441 604 654 675 angelo;
677 610 732 661 et
749 603 844 674 qui
863 610 982 659 erat
997 611 1024 640 ἰ
1054 602 1299 659 minister
1318 601 1492 658 veniae
1510 599 1682 658 factus

120 710 188 760 at
211 700 237 739 δ
263 698 373 754 dux
400 712 706 770 ptenarum.
731 694 870 750 Hinc
898 703 982 750 est
1019 693 1164 764 quod
1194 693 1486 765 Apostolus
1512 692 1684 749 nostri

119 792 297 850 ordinis
323 790 600 845 hominem
620 793 962 868 commonet,_
985 800 1053 842 ne
1073 785 1274 841 incidat
1294 783 1345 839 in
1375 784 1683 854 superbiam

115 893 162 942 et
206 884 452 952 laqueum
499 879 718 936 diaboli.
772 879 1123 950 Dispensator
1155 891 1284 948 ergo
1322 877 1488 932 divini
1535 877 1686 933 verbi

115 986 160 1033 et
184 973 414 1031 caelestis
433 971 691 1028 doctrinae
717 978 1070 1042 prorogator,
1112 969 1204 1039 qui
1241 976 1367 1024 ante
1397 967 1685 1024 Dominum

116 1075 209 1124 stat
245 1065 465 1134 iugiter,
487 1072 738 1119 versatur
765 1063 904 1118 inter
936 1060 1125 1116 altaria
1166 1075 1408 1131 semper,
1433 1074 1607 1130 neque
1653 1073 1685 1114 a

118 1162 198 1218 Dei
223 1159 390 1215 oculis
417 1156 622 1214 recedit
649 1171 921 1226 umquam,
952 1155 1043 1225 qui
1091 1163 1433 1226 peccatorum
1472 1168 1682 1221 causas,

120 1253 310 1310 dolores
339 1251 523 1322 populi
544 1248 792 1320 suscipit,
825 1246 1000 1314 offert,
1044 1246 1239 1316 ingerit
1276 1259 1492 1316 preces,
1543 1245 1684 1300 acci-

120 1348 198 1421 pit,
237 1341 420 1409 refert,
461 1341 700 1398 restituit
727 1341 1042 1411 impetrata,
1075 1353 1144 1394 ex
1186 1338 1406 1394 homine
1453 1344 1598 1393 totus
1631 1336 1685 1391 in

121 1436 345 1506 argelum
399 1434 751 1498 substitutus,
805 1448 912 1488 non
951 1438 1135 1503 potest
1173 1431 1276 1486 nisi
1325 1432 1378 1485 in
1425 1429 1540 1501 ipsa
1590 1427 1687 1484 Dei

123 1530 236 1586 facie
279 1529 421 1582 inter
464 1536 776 1582 sanctorum
817 1534 1006 1582 sancta
1051 1539 1295 1597 peccare,
1345 1531 1406 1579 ut
1434 1523 1558 1578 inde
1585 1521 1684 1580 sibi

123 1630 275 1679 sumat
300 1621 527 1686 crimen,
559 1620 703 1675 unde
731 1619 851 1675 aliis
879 1619 1089 1675 veniam
1111 1625 1469 1674 consueverat
1497 1631 1686 1688 repor-

124 1725 234 1770 tare.
259 1713 498 1781 Denique
518 1711 705 1766 Nadab
732 1718 787 1766 et
833 1709 1006 1766 Abiud
1039 1709 1351 1766 sacerdotes
1391 1708 1481 1763 lilii
1505 1707 1686 1762 Aaron

123 1805 432 1870 sacerdotis,
482 1805 610 1860 dum
649 1801 1018 1860 contaminare
1057 1811 1283 1858 externo
1331 1802 1454 1872 igne
1497 1800 1684 1856 altaria

1783 600 1884 662 est,
1932 587 2382 662 quemadmodum
2410 592 2631 642 cunctos
2656 588 2841 639 teneat
2859 577 3146 652 responsio
3176 575 3368 635 Salva-

1783 687 1938 754 toris,
1960 682 2106 756 quod
2136 697 2246 738 non
2292 681 2363 736 sit
2399 679 2491 750 qui
2519 693 2550 733 a
2569 676 2666 732 Dei
2693 673 3094 746 dispensatione
3122 671 3370 729 invenia-

1783 789 1874 836 tur
1916 787 2234 842 extraneus,
2265 771 2638 844 perquiramus
2680 765 2926 837 Apostoli
2970 765 3191 820 dictum.
3241 757 3370 816 Non

1784 881 1862 928 est
1897 879 2122 943 potestas
2160 867 2260 922 nisi
2300 882 2333 918 a
2369 862 2480 917 Deo
2504 859 2678 934 (Rom.
2702 875 2814 924 xui,
2864 855 2938 928 1).
2971 854 3028 911 Si
3056 869 3088 910 a
3134 853 3246 909 Deo
3266 867 3370 923 po-

1787 973 1953 1021 testas
1991 960 2185 1028 omnis,
2213 974 2244 1014 a
2277 957 2389 1013 Deo
2427 970 2524 1010 rex
2551 954 2714 1010 etiam
2752 947 3169 1022 dispensationis
3207 945 3371 1014 regite

1785 1056 2010 1128 adeptus
2046 1064 2130 1110 est
2167 1049 2501 1121 dignitatem.
2526 1047 2616 1103 Sic
2660 1045 2788 1111 dux,
2829 1043 2906 1100 sic
2942 1042 3116 1108 miles,
3139 1040 3216 1096 sic
3242 1055 3382 1111 pro--

1785 1150 2082 1206 vinciarutu
2121 1153 2383 1208 rectores,
2432 1142 2512 1198 sic
2557 1139 2771 1195 urbium
2808 1136 3072 1192 rationem
3111 1129 3372 1188 redthuri

1786 1253 1913 1299 sunt
1939 1254 2129 1298 omnes
2167 1224 2276 1304 isti,
2307 1236 2354 1293 si
2394 1235 2447 1290 in
2486 1233 2596 1288 ullo
2633 1231 2850 1287 creditae
2877 1226 3166 1300 potestatis
3184 1239 3372 1281 exces-

1787 1349 1907 1403 sere
1948 1347 2274 1399 mensuram,
2305 1329 2351 1386 si
2403 1343 2500 1383 rex
2523 1325 2784 1397 justitiam
2803 1320 3108 1385 custodivit,
3139 1317 3185 1375 si
3212 1316 3372 1386 aequi—

1787 1438 1954 1486 tatem
1977 1427 2166 1492 tenuit,
2199 1425 2243 1481 si
2265 1428 2586 1496 potestatem
2625 1417 2937 1473 moderatus
2974 1421 3078 1476 est,
3121 1410 3166 1466 si
3206 1409 3372 1464 mise-

1786 1522 2074 1581 ricordiam
2113 1535 2223 1575 non
2252 1515 2452 1581 omisit,
2482 1513 2530 1569 si
2567 1509 2742 1566 tenuit
2767 1508 2848 1564 sic
2890 1502 3146 1577 ponderis
3183 1501 3266 1556 sui
3302 1499 3372 1554 li-

1787 1617 1960 1680 bram,
1983 1620 2043 1668 ut
2078 1611 2134 1666 in
2181 1615 2426 1665 neutram
2461 1589 2670 1676 partem
2707 1597 2991 1672 potestatis
3032 1608 3143 1650 sua:
3174 1589 3372 1646 trutina

1790 1719 1817 1758 ις
1845 1720 2113 1779 propensa
2150 1701 2463 1764 declinaret,
2495 1696 2542 1754 si
2581 1695 2822 1750 omnium
2869 1703 3052 1747 curam
3089 1685 3280 1756 gessit,
3327 1682 3374 1738 si

1788 1778 1987 1857 civium
2023 1792 2338 1870 procuravit
2363 1791 2632 1861 quietem,
2667 1786 2715 1842 si
2760 1785 2840 1841 sic
2890 1778 3214 1852 temperavit
3241 1790 3374 1831 cen-

125 1905 455 1973 pnesumunt,
509 1896 674 1968 ipsius
733 1895 916 1951 altaris
968 1903 1360 1950 consumuntur
1411 1893 1680 1959 incendio,
1715 1907 1762 1967 Β
1787 1909 1927 1960 sum,
1959 1864 2232 1959 ut-neque
2269 1883 2423 1940 militi
2456 1877 2773 1937 sullicientia
2810 1875 3042 1939 deesset,
3084 1883 3260 1938 neque
3280 1864 3376 1920 tri-

125 2003 174 2048 ut
195 1997 464 2046 sumerent
500 1987 570 2044 de
608 1985 873 2045 sacriﬁcio
911 2003 1161 2058 poenam,
1203 1987 1295 2057 qui
1336 1985 1580 2042 fecerant
1617 1983 1686 2039 de

124 2081 481 2155 propitiatione
499 2089 780 2151 peccatum
811 2077 954 2152 (Leu.
979 2079 1036 2150 χ)
1063 2097 1076 2132 :
1100 2079 1244 2148 quod
1271 2086 1552 2149 peccatum
1583 2077 1687 2134 illis

125 2173 379 2231 suscitaret
406 2173 641 2229 ebrietas
671 2190 688 2238 ;
737 2187 861 2227 nam
899 2171 1010 2226 vini
1039 2170 1176 2227 odor
1214 2171 1436 2226 odorem
1478 2169 1688 2241 fugarat

125 2265 317 2330 incensi,
349 2272 407 2321 et
442 2264 723 2321 ebrietatis
760 2264 896 2333 ignis
924 2261 1192 2318 ﬂammam
1235 2272 1557 2334 provocarat
1605 2263 1687 2318 al-

125 2358 255 2413 taris.
295 2353 450 2412 Unde
483 2355 613 2426 quia
641 2355 859 2410 alienati
897 2354 1024 2410 vino
1063 2354 1296 2409 alienum
1335 2362 1690 2425 portaverant

125 2450 294 2518 ignem,
324 2463 455 2502 mox
493 2446 675 2502 divino
704 2447 826 2516 igne
852 2444 1158 2502 referuntur
1185 2445 1455 2502 exstincti.
1499 2444 1688 2500 Ebrie-

127 2550 196 2600 tas
227 2542 277 2596 in
323 2541 431 2598 alio
451 2540 658 2596 crimen
686 2548 789 2605 est,
837 2549 859 2578 ο
903 2539 955 2594 in
985 2537 1266 2594 sacerdote
1312 2535 1684 2606 sacrilegium,

125 2634 232 2704 quia
256 2633 387 2689 alter
427 2632 662 2688 animam
702 2646 856 2686 suam
895 2638 1054 2686 necat
1093 2629 1236 2695 vino,
1279 2628 1535 2684 sacerdos
1579 2627 1690 2698 spi-

126 2727 266 2780 ritum
291 2725 593 2781 sanctitatis
620 2723 929 2793 exstinguit,
961 2721 1172 2778 dicente
1200 2720 1490 2793 Apostolo:
1515 2719 1687 2791 Spiri-

125 2826 222 2871 tum
256 2817 418 2872 nolite
443 2817 790 2886 exstinguere
821 2815 863 2889 (ι
887 2814 1038 2870 Thes.
1060 2832 1112 2880 v,
1141 2814 1250 2887 l9).
1301 2812 1492 2870 Merito
1541 2814 1686 2869 inter

126 2920 298 2968 cetera
324 2926 441 2981 quze
486 2911 542 2967 in
591 2911 962 2980 dispensatore
999 2909 1142 2963 malo
1184 2907 1360 2978 arguit
1399 2907 1691 2962 hodiernus

125 3019 308 3069 sermo,
335 3001 444 3056 vini
481 3000 809 3058 condemnat
847 2999 1129 3064 insaniam,
1179 2997 1446 3053 dicendo:
1474 2995 1690 3063 Quodsi

125 3094 259 3148 dicat
285 3110 447 3148 servus
481 3093 586 3158 ille,
623 3108 824 3147 moram
855 3091 980 3164 facit
1019 3090 1256 3145 dominus
1305 3105 1447 3143 meus
1496 3091 1687 3154 venire,

125 3195 172 3241 el
195 3187 397 3257 cmperit
418 3193 677 3257 percutere
695 3199 879 3256 pueros
899 3191 948 3236 et
987 3181 1226 3246 ancillas,
1267 3189 1316 3235 et
1353 3179 1588 3235 edere.et
1610 3177 1693 3233 bi-

1789 1956 2030 2043 butarius
2048 1956 2356 2037 lassaretur.
2387 1973 2456 2030 Et
2492 1972 2600 2029 dux
2638 1967 2912 2042 prmstabit
2940 1965 3053 2021 Deo
3089 1975 3298 2022 causas,
3329 1956 3376 2012 si

1787 2077 2137 2149 sequentibus
2193 2087 2254 2128 se
2306 2067 2532 2142 praebuit
2575 2062 2789 2120 virtutis
2833 2056 3140 2128 exemplum
3164 2093 3179 2118 ,
3221 2050 3268 2107 si
3320 2048 3376 2104 in

1787 2139 2029 2227 excubiis
2073 2139 2328 2237 pervigil,
2377 2159 2423 2216 si
2471 2157 2526 2214 in
2575 2152 2905 2212 discursibus
2950 2146 3277 2207 indefessus,
3331 2139 3377 2195 si

1787 2276 1978 2335 pacem
1999 2235 2236 2315 omnium
2265 2251 2485 2326 proprio
2513 2249 2701 2304 labore
2726 2240 3060 2317 perquisivit.
3095 2235 3377 2291 Rationem

1788 2326 1980 2410 reddet
2007 2359 2063 2406 et
2107 2349 2280 2411 miles,
2310 2345 2354 2400 si
2376 2341 2555 2415 paruit
2583 2336 2878 2411 imperatis,
2909 2333 2957 2389 si
2975 2326 3248 2387 concussit
3283 2337 3373 2378 ne.

1789 2447 2010 2510 minem,
2053 2443 2100 2498 si
2146 2447 2367 2510 accepta
2393 2432 2661 2508 stipendia
2697 2427 2996 2502 iustissimo
3025 2423 3214 2478 labore
3247 2431 3381 2490 pen-

1790 2539 1946 2595 savit.
1987 2535 2161 2592 Judex
2213 2545 2430 2603 quoque
2465 2525 2654 2599 judicii
2689 2523 2771 2580 sui
2818 2531 3110 2591 supernum
3147 2510 3381 2583 judicem

1789 2628 2091 2688 sustinebit.
2124 2624 2194 2679 Et
2212 2621 2279 2679 'tu
2306 2621 2396 2693 qui
2426 2619 2676 2676 dominus
2711 2630 2770 2671 es
2799 2611 2992 2669 domus
3022 2616 3144 2672 tum,
3167 2603 3382 2674 dispen-

1791 2730 2028 2779 satorem
2071 2717 2305 2790 positum
2347 2714 2635 2786 plusquam
2687 2705 2966 2763 dominum
3002 2699 3130 2756 volo
3169 2693 3380 2756 credas,

1791 2820 1853 2870 ut
1879 2782 2138 2868 exhibeas
2183 2782 2398 2875 coniugi
2445 2800 2742 2872 simplicem
2783 2795 3138 2856 charitatem,
3184 2782 3382 2842 doctri-

1793 2918 2028 2975 namque
2082 2901 2134 2958 ei
2171 2913 2335 2970 quam
2381 2891 2632 2951 didiceris
2679 2890 2735 2944 in
2791 2884 3030 2943 Ecclesia
3088 2877 3382 2952 prudenter

1792 2969 2044 3056 infundas
2069 3013 2082 3048 :
2115 2969 2203 3050 cui
2230 2989 2522 3062 Apostolus
2550 2987 2604 3042 in
2631 2981 2874 3040 Ecclesia
2906 2987 3087 3034 tacere
3106 2969 3382 3062 prmeepit,

1795 3101 1853 3149 et
1889 3088 2035 3146 domi
2057 3059 2360 3143 discere—te
2387 3081 2636 3142 docente,
2673 3075 2880 3138 dicens,
2904 3069 3149 3126 Mulieres
3187 3065 3242 3118 in
3281 3059 3384 3116 Ec-

1796 3181 1969 3237 clesiis
2011 3185 2252 3240 taceant;
2299 3173 2346 3228 si
2386 3169 2510 3244 quid
2549 3175 2719 3222 autem
2757 3163 2932 3218 colunt
2969 3159 3203 3221 discere,
3246 3151 3385 3206 domi

131 3277 249 3342 tere,
288 3285 337 3330 et
353 3275 618 3332 inebriari.
649 3248 876 3345 Proprie
915 3273 1067 3339 dixit,
1109 3273 1272 3328 edere
1291 3279 1348 3326 et
1383 3270 1588 3336 bibere,
1637 3277 1694 3324 et
1719 3295 1767 3363 ο
1795 3279 1932 3333 vim;
1952 3288 2070 3328 suos
2092 3272 2412 3339 interrogent
2441 3260 2643 3335 (lCor.
2684 3275 2792 3323 xxv,
2824 3255 2948 3325 54),
2986 3250 3136 3308 Filiis
3176 3248 3386 3318 itnpeua

131 3366 376 3434 inebriari,
407 3376 464 3422 et
492 3373 792 3436 percutere.
837 3362 862 3401 ά
894 3363 1142 3418 Ebrietas
1173 3362 1333 3418 aedis
1373 3369 1564 3426 mater,
1595 3375 1693 3430 pa-

132 3475 240 3517 rens
278 3459 466 3526 litium,
501 3457 696 3514 furoris
723 3457 986 3527 genitrix,
1017 3454 1332 3526 petulantia:
1377 3451 1696 3508 deformiter

133 3561 206 3608 est
239 3552 520 3620 magistra:
564 3545 712 3605 hanc
733 3550 825 3618 qui
854 3549 1034 3613 habet,
1066 3563 1125 3603 se
1164 3563 1273 3602 non
1314 3547 1514 3613 habet;
1555 3545 1696 3600 hanc

133 3645 210 3712 qui
233 3643 404 3709 habet,
427 3643 594 3699 homo
621 3657 732 3696 non
751 3649 869 3707 est;
901 3641 1040 3695 hanc
1058 3639 1149 3710 qui
1188 3638 1370 3704 habet,
1419 3653 1528 3694 non
1566 3652 1695 3708 pec-

133 3744 284 3792 catum
311 3735 458 3800 facit,
495 3744 520 3772 ⁸
562 3735 657 3790 sed
697 3741 780 3789 est
817 3734 932 3803 ipse
984 3739 1286 3804 peccatum.
1335 3728 1585 3785 Ebrietas
1612 3737 1696 3785 est

137 3827 374 3884 ‘dtcmon
413 3827 662 3893 blandus,
694 3841 960 3882 venenum
990 3825 1172 3891 dulce,
1213 3824 1391 3880 rabies
1439 3823 1692 3880 volunta-

134 3919 214 3985 ria,
243 3919 498 3974 invitatus
523 3918 715 3983 hostis,
745 3917 996 3972 illecebra
1025 3917 1321 3972 honestatis
1343 3957 1358 3983 ,
1390 3924 1446 3970 et
1476 3915 1696 3986 pudoris

136 4008 300 4079 injuria
328 4029 342 4064 :
377 4011 522 4067 hanc
550 4010 727 4065 nullus
758 4009 968 4065 noverit
993 4006 1330 4063 Christianus
1351 4048 1366 4074 ,
1417 4021 1484 4062 ne
1512 4006 1695 4062 auditu

136 4103 322 4172 quidem
350 4103 608 4161 sacerdos
627 4103 884 4174 attingat;
915 4117 984 4157 ne
1009 4101 1102 4171 qui
1121 4108 1205 4156 est
1222 4099 1393 4156 forma
1413 4099 1694 4166 virtutum,

137 4196 358 4254 vitiorum
397 4196 527 4254 inde
553 4196 664 4265 liat,
696 4203 753 4252 et
779 4193 1084 4251 inveniatur
1121 4192 1446 4264 exemplum.
1496 4189 1698 4247 Verum

195 4393 366 4478 {Uita
394 4403 590 4478 censet.
609 4393 881 4478 diabolum
906 4391 1070 4478 fuisse
1097 4389 1370 4478 quondam
1396 4392 1693 4478 ministrum

137 4466 272 4521 uenite
313 4468 388 4524 ob
444 4466 723 4522 hominum
751 4465 1047 4522 custodiam
1106 4463 1310 4531 angelis
1357 4463 1690 4529 attributam,

139 4534 574 4665 Recteﬂuidem.
595 4536 850 4606 Origenes
868 4536 1010 4591 enim
1033 4535 1123 4589 lib.
1147 4550 1236 4588 vtu
1251 4542 1438 4589 contra
1453 4531 1689 4596 Celsum,

139 4621 240 4665 ΜΚ.
384 4651 400 4665 .
442 4610 520 4664 ait
557 4615 766 4665 anaetos
801 4607 1048 4665 adiuvare
1083 4605 1316 4658 homines
1354 4604 1424 4657 ad
1449 4606 1689 4658 salutem.

139 4621 240 4730 pag.
277 4604 400 4674 400,
442 4610 520 4664 ait
557 4604 766 4679 angelus
801 4607 1060 4688 adjuvare
1083 4605 1316 4658 homines
1354 4604 1424 4657 ad
1449 4606 1689 4658 salutem.

182 4679 253 4730 ide
274 4678 720 4730 Chrvsostomum
759 4678 944 4730 homtl.
996 4674 1097 4729 159
1125 4685 1258 4730 tum.
1300 4673 1344 4729 V
1374 4688 1498 4730 past.
1542 4672 1644 4726 958
1676 4689 1689 4730 :

182 4672 253 4734 ide
267 4672 720 4752 ,Chr'ysostomiim
759 4672 944 4752 homil.
996 4674 1097 4729 159
1125 4685 1258 4752 tum.
1300 4673 1344 4729 V
1374 4672 1690 4752 pag.A958.;

140 4743 454 4806 Basilium'in
493 4766 612 4820 cap.
645 4765 734 4804 vut
761 4748 926 4812 Isaize,
970 4746 1191 4820 tom._l,
1231 4743 1560 4820 pag.’lOl‘2,
1603 4743 1694 4799 ubi

139 4822 290 4929 angeli
311 4817 576 4878 dicuntur
595 4830 856 4874 curatores
880 4818 1081 4890 generis
1111 4817 1342 4870 humani.

260 4891 548 4929 llnmimum
603 4891 804 4929 cnilinm
861 4898 913 4929 nl,
960 4887 1271 4929 nnanlnrum
1292 4903 1305 4929 ε

260 4891 550 4948 Hominum
603 4891 809 4946 scilicet
861 4883 916 4944 e't
959 4887 1306 4957 angelorum:
1346 4883 1705 4954 quemadmo-

141 4959 276 5028 dum,
305 4978 372 5018 eo
412 4964 552 5018 duce
592 4969 648 5015 et
685 4959 1559 5030 persuasoreangeliAsectatores
1604 4970 1706 5010 nec

141 5045 234 5104 non
260 5026 514 5104 homines
543 5026 858 5104 peccavere,
893 5038 953 5084 ut
979 5026 1174 5084 dicitur
1200 5026 1513 5104 Apocalvp.
1560 5041 1700 5092 χιιι,

141 5045 234 5086 non
268 5041 514 5090 homines
543 5046 858 5104 peccavere,
893 5041 1174 5084 mutentur
1219 5041 1456 5097 Apocalv
1499 5065 1513 5078 .
1560 5041 1592 5079 Χ

141 5100 232 5185 ης
254 5103 435 5185 [rga-it
455 5119 627 5158 secum
659 5103 861 5185 tertiam
889 5110 1086 5185 partem
1113 5041 1592 5185 stell_atunt11\i)t:t.\.

205 5183 225 5212 ε
254 5173 379 5230 Vide
407 5188 678 5238 canones,
708 5173 800 5240 qui
820 5169 1180 5242 Apostolorum
1223 5169 1705 5242 inscribunturrcj

140 5242 238 5312 gul.
263 5243 348 5310 ΑΞ,
378 5253 436 5300 et
456 5235 681 5299 Advers.
714 5235 917 5296 Bartliii
946 5242 1039 5296 lib.
1085 5257 1157 5312 Lv_
1177 5254 1297 5309 cap.
1327 5239 1407 5312 1-,Δ
1424 5235 1706 5312 _Valeriani

141 5307 306 5386 homi_l.
337 5307 407 5368 19
433 5315 578 5386 apud
607 5313 953 5368 Sirmondum
983 5319 1114 5386 tom.
1142 5309 1160 5364 l
1190 5307 1311 5386 pag.
1330 5307 1468 5386 _396.

203 5382 229 5420 ⁴
255 5383 420 5440 Tanta
450 5375 718 5441 malorum
748 5398 902 5452 seges
934 5383 1106 5437 oritur
1133 5375 1513 5452 ext—ebrietate,
1554 5384 1616 5432 ut
1661 5375 1709 5432 si

142 5454 407 5538 reipauca
454 5449 1072 5538 recenserenturnnoue
1108 5451 1298 5506 modus
1330 5449 1704 5538 escederectur.

142 5517 596 5608 EidiNysseuum,
611 5525 805 5608 _h_omil.
825 5524 1179 5608 denbaptismo
1197 5530 1326 5608 tom.
1352 5521 1415 5585 Il,
1435 5533 1556 5608 pag.
1690 5534 1704 5582 ;

142 5588 397 5678 Das-ilium,
430 5588 959 5678 orat.'N"pag_..48_9
978 5588 1000 5660 ξ
1022 5588 1485 5678 Chrysostotnum,
1517 5588 1702 5678 lioniil.

143 5665 203 5719 Π
231 5666 320 5722 ini
344 5659 469 5726 Cor.
499 5677 632 5724 tom.
665 5659 728 5731 ν,
761 5659 851 5720 tibi
883 5665 1035 5731 plura
1065 5659 1343 5719 ebrietatis
1363 5659 1703 5731 incommoda

141 5748 423 5819 enumerat,
451 5754 555 5819 nec
582 5729 734 5819 abea
755 5729 1051 5819 quaehabe‘t
1067 5735 1150 5788 hic
1163 5732 1528 5814 Chrvsologus
1550 5729 1706 5785 valde

139 5804 421 5882 dissimilia;
444 5804 800 5882 Augustinum
820 5807 949 5861 item
970 5806 1038 5860 ad
1058 5820 1241 5860 sacras
1264 5804 1707 5882 virginesuqmam

142 5870 802 5951 hoeidem'argiimentum
843 5882 1263 5947 prosequentem
1294 5873 1473 5927 laudat
1510 5870 1706 5924 Came-

1795 3369 1893 3426 das
1939 3365 2200 3421 allectum.
2236 3359 2476 3416 sobrium
2501 3398 2516 3422 ,
2571 3353 2854 3410 sollicitam
2903 3361 3086 3404 curam
3109 3384 3126 3411 ,
3184 3351 3388 3409 eosque

1795 3458 2026 3515 ﬁdeliter
2045 3456 2098 3510 in
2118 3450 2330 3509 Domini
2359 3448 2598 3504 enutrias
2625 3441 2926 3514 disciplina.
2975 3435 3158 3492 Servis
3189 3432 3387 3488 victum

1795 3557 1854 3606 et
1881 3549 2130 3606 vestitum
2151 3543 2393 3601 debitum
2425 3537 2654 3602 reddas,
2685 3534 2928 3590 remittas
2967 3529 3171 3598 culpas,
3214 3524 3388 3580 minas

1795 3654 2086 3715 temperes,
2118 3640 2354 3709 imperes
2379 3632 2738 3704 disciplinam,
2770 3636 2827 3684 et
2851 3627 3052 3682 habeas
3073 3637 3167 3678 eos
3195 3620 3390 3675 fratres

1797 3709 2056 3807 progenie
2094 3727 2332 3794 cmlcsti,
2372 3739 2511 3795 quos
2549 3720 2796 3777 subditos
2835 3715 3106 3772 mundana
3148 3709 3391 3784 possides

1797 3799 2078 3882 servitute.
2103 3819 2214 3876 Vos
2259 3831 2476 3888 quoque
2521 3812 2665 3870 servi
2723 3808 2931 3866 debetis
2968 3805 3188 3861 domino
3228 3799 3389 3856 ﬁdem

1799 3921 1853 3977 in
1885 3918 2001 3989 ipsa
2037 3929 2200 3984 quam
2220 3911 2408 3983 geritis
2433 3908 2715 3970 servitute,
2745 3903 2872 3974 quia
2899 3901 2992 3972 qui
3029 3899 3122 3970 pio
3161 3904 3217 3954 et
3253 3911 3391 3967 puro

1800 3987 1968 4066 corde
2023 4003 2227 4062 carnali
2281 4000 2504 4058 domino
2549 3997 2789 4054 debitum
2843 4006 2952 4047 non
2999 3987 3191 4044 reddet
3235 3987 3394 4041 obse-

1801 4101 2019 4172 quium,
2061 4097 2176 4153 Deo
2222 4102 2349 4150 ante
2393 4092 2486 4164 qui
2533 4089 2699 4146 corda
2743 4084 2922 4149 videt,
2979 4096 3140 4152 quam
3185 4076 3394 4133 homini

1801 4169 2017 4248 tenetur
2054 4188 2344 4253 obnoxius,
2391 4184 2486 4256 qui
2524 4190 2580 4238 te
2624 4192 2814 4252 parem
2864 4174 2994 4231 fecit
3030 4187 3128 4244 per
3163 4169 3394 4241 gratiam

1798 4389 1976 4444 rarius
2003 4386 2165 4450 Oper.
2198 4386 2396 4442 subcis.
2427 4390 2560 4437 tom.
2589 4380 2629 4447 l,
2666 4392 2792 4450 pag.
2812 4372 3394 4450 VM‘SaAdsatietatem

1800 4442 2030 4515 sanant;
2053 4442 2333 4513 siticinum
2364 4442 2628 4521 Antiquit.
2650 4442 2933 4506 Convival.
2949 4447 3052 4521 nn.
3076 4444 3163 4511 ιιι,
3190 4459 3310 4513 cap.
3336 4442 3391 4496 8.

1876 4543 1898 4569 ο
1939 4528 2132 4584 Ebrius
2169 4542 2274 4581 non
2306 4525 2430 4582 facit
2449 4517 2730 4594 peccatum
2758 4521 2884 4574 dum
2915 4517 3095 4594 ebrius
3123 4523 3227 4594 est,
3254 4528 3397 4594 quo-

1805 4603 1948 4655 niam
1975 4615 2042 4654 ex
2067 4597 2282 4654 defectu
2319 4587 2543 4650 rationis
2567 4593 2792 4646 liberam
2821 4606 2927 4644 non
2951 4587 3114 4642 habet
3143 4587 3395 4655 volunta-

1802 4654 1932 4727 tem.
1957 4670 2082 4724 Mox
2109 4670 2237 4723 dum
2267 4667 2434 4722 voluit
2455 4663 2707 4719 inebriari
2730 4660 2827 4716 fuit
2861 4666 3132 4729 peccator.
3164 4654 3395 4729 S._T_ho-

1802 4725 1919 4796 mas
1939 4740 2037 4794 2-9.
2064 4747 2256 4809 quiest.
2293 4736 2415 4791 150.
2441 4734 2826 4809 At_coutracta
2862 4725 3132 4808 ebrietate
3167 4725 3397 4809 elﬁcitur

1720 4805 1774 4868 D
1799 4796 2410 4883 ipsummet'peccatum,
2441 4807 2567 4876 quia
2597 4804 2648 4857 in
2672 4811 2896 4873 peccato
2924 4798 3146 4883 cumnsit
3166 4796 3399 4883 ebrieta-

1808 4866 1995 4946 tris,vab
2026 4866 2142 4952 ipsi:
2179 4866 2516 4952 nequaquam
2543 4866 2689 4952 tunc
2717 4886 2936 4952 surgere
2966 4870 3148 4952 vellet,
3177 4882 3296 4922 cum
3330 4866 3397 4918 il—

1809 4939 1898 5009 lud
1928 4939 2328 5020 nou-intelligat
2349 4939 2388 5015 ,’
2408 4955 2501 5002 aut
2543 4947 2710 5020 libera
2759 4939 3037 5020 voluntate
3067 4939 3394 5020 abhorreat:

1807 5008 1979 5094 quare
2013 5023 2196 5094 ebrius
2239 5008 2520 5094 peccatum
2561 5017 2788 5094 dicitur;
2824 5013 2937 5094 hoc
2973 5027 3003 5094 εξ
3036 5019 3056 5064 t
3094 5008 3397 5091 subjectum

1809 5080 2220 5150 ibconvertibile
2239 5080 2316 5146 'ad
2345 5090 2544 5145 bonum
2575 5084 2937 5157 paenitentizu,
2970 5082 3096 5157 dum
3127 5080 3241 5148 ipsa
3261 5091 3398 5157 iper-

1809 5146 1970 5221 durat
1988 5146 2249 5220 ebrietas.
2282 5161 2444 5217 Mm.
2465 5146 2654 5213 -—Sed
2680 5155 2907 5210 fortasse
2925 5146 3098 5206 tantis
3127 5146 3233 5221 non
3259 5146 3400 5201 indi-

1808 5219 1972 5305 gebat
2007 5219 2412 5306 Chrysologus,
2451 5230 2560 5306 Aqui
2595 5227 2682 5283 hic
2718 5234 2983 5298 peccatum
3024 5219 3266 5290 sumpsit,
3301 5232 3401 5289 pro

1810 5299 2174 5362 tnaledictiorie
2201 5314 2251 5358 et
2279 5299 2576 5375 opprobrio,
2609 5307 2716 5375 etc.

1889 5357 2541 5430 fﬁlii—hrivetatetniliumoni
2565 5357 2856 5425 'assimilari
2897 5377 3058 5434 posse
3098 5375 3206 5415 non
3236 5357 3404 5434 solius

1811 5429 2129 5519 Chrysologi
2146 5429 2412 5519 sententia
2430 5451 2530 5497 est.
2553 5440 2800 5519 Basilius,
2820 5429 2959 5490 orat.
2981 5433 3047 5519 μ
3066 5441 3223 5519 vocat
3237 5429 3406 5519 ebrii?

1814 5495 1982 5572 tatein
2019 5495 2698 5586 dignanemurolunlarium.
2735 5495 3182 5586 Chrysostomus,
3210 5495 3400 5586 homil.

1817 5570 1888 5642 ᾖ
1905 5570 2045 5642 tom.
2075 5587 2112 5640 ν
2147 5601 2268 5655 pag.
2300 5582 2434 5655 5’82,
2455 5591 2739 5653 postquam
2769 5585 2830 5655 et_
2851 5570 2967 5655 ipse
2997 5574 3210 5655 vocavit
3225 5570 3408 5655 ebrie-

1817 5667 1984 5713 tatem
2030 5643 2314 5711 dtenionvem
2357 5643 2723 5717 voluntarium,
2767 5643 2916 5704 addit
2963 5644 3158 5700 ebrium
3206 5643 3406 5697 tlme-

1811 5733 1964 5785 niaca
1992 5745 2101 5782 esse
2130 5728 2452 5781 deteriorem.

1887 5782 1916 5847 si
1952 5799 2028 5853 ita
2085 5813 2153 5854 ex
2195 5797 2409 5854 Latmia
2463 5793 2669 5865 placuit
2721 5786 3015 5846 emendare
3035 5823 3055 5857 ,
3107 5782 3405 5854 Editiones,

1813 5887 2084 5941 perpensa.
