3942 6348
417 661 430 692 l

458 317 562 373 279

1717 309 1774 368 S.
1815 304 2020 366 PETRI
2057 305 2496 369 CHRYSOLOGI

459 443 586 490 nata
610 441 920 507 paupertas,
944 432 999 488 in
1022 441 1047 468 ⁸·
1069 427 1435 502 apostolon
1457 424 1726 498 principes
1745 424 2049 497 eliguntur:
2077 426 2126 484 Δ
2155 424 2448 494 quaestibus
2482 421 2858 497 quaestionem,
2899 437 2953 485 et
2993 442 3245 500 magnum
3285 427 3442 485 nobis
3469 431 3731 500 negotium

457 540 728 600 pauperes
745 542 932 593 censu,
957 525 1080 580 loco
1100 521 1345 588 humiles,
1369 519 1504 576 viles
1523 528 1660 584 arte,
1685 519 1901 576 obscuri
1919 519 2048 584 vita,

458 615 489 658 δ
514 616 701 674 labore
733 629 1061 679 communes,
1099 611 1294 668 addicti
1320 610 1535 682 vigiliis,
1568 608 1816 666 fluctibus
1841 609 2049 665 manci-

455 711 602 785 pati,
634 711 812 781 negati
841 707 1152 773 honoribus,
1186 705 1395 776 injuriis
1430 703 1575 772 dati,
1605 704 1855 776 przesidio
1896 703 2048 771 retis,

451 804 576 861 solo
597 803 821 875 piscium
843 809 1003 874 captu
1036 801 1235 856 victum
1266 799 1626 868 vestitumque
1644 797 2042 867 conquirentes.

452 896 563 954 Sed
585 897 637 952 in
661 897 779 952 istis
806 901 1067 966 quantum
1094 892 1216 949 vilis
1251 891 1554 947 mundanus
1581 889 1864 945 videbatur
1891 903 2048 960 aspe-

449 997 589 1054 ctus,
621 989 885 1060 pretiosas
907 995 1118 1044 tantum
1141 986 1346 1042 animas
1377 985 1472 1041 Dei
1501 985 1726 1040 intuitus
1749 992 1878 1040 tunc
1897 983 2046 1039 vide-

447 1080 559 1138 bat.
588 1079 755 1136 Erant
777 1096 943 1137 censu
966 1093 1249 1152 pauperes,
1274 1077 1370 1133 sed
1395 1076 1702 1132 innocentia
1728 1075 2040 1146 locupletes;

447 1170 570 1227 loco
600 1171 848 1235 humiles,
881 1171 978 1227 sed
999 1171 1286 1226 sanctitate
1321 1169 1595 1233 sublimes,
1631 1169 1761 1222 viles
1787 1175 1922 1234 arte,
1946 1167 2044 1223 sed

445 1262 792 1333 simplicitate
819 1263 1075 1335 pretiosi;
1108 1263 1320 1318 obscuri
1364 1262 1508 1328 vita,
1551 1260 1647 1316 sed
1686 1260 1808 1315 vita:
1849 1261 2042 1316 merito

445 1355 818 1426 perlucentes;
848 1356 1035 1413 labore
1063 1370 1397 1419 communes,
1428 1354 1523 1410 sed
1551 1354 1834 1426 proposito
1859 1354 2042 1423 singu-

442 1445 588 1502 lares
619 1465 634 1501 :
661 1447 860 1504 addicti
900 1447 1114 1518 vigiliis,
1145 1446 1240 1503 sed
1269 1446 1338 1502 ad
1377 1447 1626 1504 caelestes
1653 1446 1907 1502 victorias
1930 1445 2040 1515 jam

443 1539 654 1606 vocati;
677 1537 924 1596 ﬂuctibus
946 1540 1252 1610 mancipati,
1272 1539 1368 1595 sed
1388 1538 1640 1595 fluctibus
1657 1554 1762 1594 non
1785 1537 2036 1606 demersi;

443 1630 624 1700 negati
647 1631 960 1694 honoribus,
984 1631 1137 1686 ditati
1167 1631 1334 1700 magis
1353 1630 1670 1694 honoribus,
1698 1646 1804 1684 non
1828 1631 2035 1699 negati;

441 1719 655 1790 injuriis
673 1722 802 1785 dati,
821 1723 912 1777 sed
936 1722 1143 1791 injuriis
1165 1738 1270 1776 non
1293 1722 1493 1786 relicti;
1519 1729 1766 1793 captores
1786 1722 2033 1792 piscium,

2155 532 2250 572 sua
2281 518 2645 587 negotiatione
2685 520 2960 592 proponit.
3002 518 3109 577 Sed
3138 519 3270 577 dicit
3309 520 3546 592 aliquis:
3573 520 3729 590 Quam

2153 611 2537 681 quaestionem?
2550 610 2704 679 Quod
2727 613 3035 684 negotium?
3053 613 3194 670 Deus
3215 615 3439 686 suscipit
3459 631 3729 687 pauperes,

2150 702 2246 760 sed
2267 703 2461 760 divites
2482 721 2589 760 non
2608 706 2838 778 repellit.
2857 705 3072 763 Habens
3093 709 3314 778 suscipit
3337 718 3392 765 et
3412 710 3478 765 ad
3500 726 3560 766 se
3581 719 3732 766 attra-

2149 795 2230 852 hit
2270 812 2377 852 non
2407 797 2684 854 habentes.
2719 797 2990 854 Abraham
3035 799 3186 856 dives
3211 799 3372 872 (Luc.
3397 818 3486 858 ιιι
3512 803 3566 872 ),
3597 802 3732 858 dives

2147 885 2270 949 Job.
2295 889 2464 944 David
2500 890 2670 946 dives.
2725 889 2791 945 Et
2835 892 2962 961 quid
3006 891 3275 948 Abraham
3323 893 3583 949 beatius?
3610 893 3732 962 Quid

2147 976 2341 1035 fortius
2366 979 2506 1036 Job?
2525 980 2664 1048 Quid
2705 981 2869 1036 David
2905 984 3184 1039 sanctius?
3204 983 3337 1040 Nam
3373 993 3429 1040 et
3469 984 3731 1042 Abraham

2145 1082 2271 1143 post
2299 1081 2544 1131 terrenos
2569 1091 2834 1131 man-ores
2857 1075 2974 1147 pias
2996 1078 3206 1132 animas
3239 1087 3294 1132 et
3336 1078 3652 1134 revolantes
3677 1079 3732 1134 ad

2144 1167 2341 1223 cmlum
2365 1167 2417 1223 in
2441 1171 2700 1238 gremium
2731 1186 2841 1225 sua:
2863 1170 3250 1226 consolationis
3273 1170 3519 1226 includit.
3551 1169 3619 1225 Et
3646 1169 3731 1228 Job

2144 1258 2198 1314 in
2222 1260 2351 1330 ipsis
2379 1260 2687 1316 divitiarum
2710 1262 2974 1317 machinis
2994 1262 3266 1318 diabolum
3295 1271 3348 1318 et
3373 1263 3490 1334 ipse
3517 1263 3667 1326 vicit,
3689 1271 3731 1318 et

2144 1351 2301 1408 nobis
2329 1353 2576 1409 vincendi
2605 1369 2728 1409 eum
2757 1354 2975 1424 reliquit
3003 1355 3331 1426 exemplum.
3359 1354 3637 1410 Abraham
3667 1357 3729 1412 sic

2142 1442 2381 1515 possedit
2401 1443 2636 1511 divitias,
2668 1453 2726 1500 ut
2750 1460 2846 1501 eas
2873 1461 3018 1516 saepe
3046 1455 3102 1501 et
3127 1446 3338 1501 oblatas
3363 1432 3730 1502 contemneret

2141 1544 2198 1591 et
2225 1537 2457 1592 calcaret
2485 1537 2719 1592 indultas
2747 1536 2911 1608 (Gen.
2933 1537 3044 1609 XI")
3065 1555 3080 1603 ;
3105 1546 3159 1593 et
3192 1538 3271 1594 sic
3295 1538 3549 1608 diligeret
3572 1539 3730 1610 possi-

2139 1626 2270 1682 dere
2295 1627 2531 1691 divitias,
2556 1645 2665 1682 non
2701 1644 2731 1683 a
2772 1628 2974 1684 divitiis
2996 1629 3294 1700 possideri;
3326 1630 3535 1686 habere
3563 1646 3655 1686 eas
3675 1629 3730 1687 ad

2140 1719 2408 1790 largitatis
2452 1723 2771 1785 materiam,
2806 1737 2914 1776 non
2961 1722 3028 1777 ad
3070 1723 3380 1793 cupiditatis
3409 1723 3726 1778 incendium.

440 1813 540 1870 sed
565 1815 861 1885 piscatores
896 1816 1171 1870 hominum
1197 1813 1310 1883 jam
1338 1814 1561 1870 decreti.
1609 1813 1811 1878 Venite,
1845 1816 2037 1885 inquit,
2073 1808 2117 1869 B
2145 1811 2253 1867 Sed
2281 1811 2348 1869 ad
2369 1813 2482 1869 haec
2518 1813 2898 1884 respondetur,
2933 1812 3149 1869 fuerunt
3191 1814 3393 1870 sanctis
3425 1815 3728 1870 innocentes

439 1908 703 1980 etfaciam
731 1924 816 1963 ros
835 1909 952 1979 ﬁeri
973 1909 1256 1979 piscatores
1278 1908 1543 1963 hominum
1567 1906 1788 1981 (Matth.
1816 1925 1887 1974 tv,
1914 1907 2033 1981 l9);

437 2009 500 2055 ut
526 2001 702 2056 vitalis
723 2016 860 2056 escae
879 2000 1050 2072 jactu,
1078 2010 1135 2055 ut
1155 2001 1315 2055 hamo
1344 2000 1581 2057 cmlestis
1603 2001 1770 2067 verbi,
1797 2001 1865 2055 de
1885 2016 2035 2056 mor-

435 2091 507 2146 tis
534 2093 742 2161 gurgite
771 2093 978 2148 animas
1005 2091 1072 2147 ad
1116 2091 1291 2148 lucem
1337 2092 1592 2147 tollerent
1629 2092 2032 2162 sempiternam.

437 2179 698 2254 Captores
721 2185 944 2255 piscium
974 2184 1105 2240 liunt
1124 2185 1400 2240 hominum
1425 2185 1740 2254 piscatores,
1760 2183 1828 2239 de
1851 2184 2036 2242 labore

437 2284 722 2332 transeunt
747 2279 815 2334 ad
860 2278 1130 2342 laborem,
1173 2279 1300 2348 quia
1329 2277 1483 2332 labor
1527 2278 1697 2333 nescit
1744 2279 2036 2334 lassescere

441 2377 467 2407 ε
492 2368 802 2426 meditatus.
831 2369 1020 2424 Omnia
1043 2385 1162 2438 qum
1184 2370 1252 2424 de
1274 2384 1372 2425 usu
1390 2369 1633 2435 veniunt,
1652 2385 1760 2425 non
1786 2369 2030 2439 fatigant.

438 2458 624 2517 Virtus
654 2463 915 2520 exercitio
941 2471 1274 2534 perseverat.
1312 2462 1451 2518 llinc
1473 2472 1557 2520 est
1576 2465 1720 2534 quod
1751 2464 2037 2536 Apostolos

434 2566 566 2609 suos
603 2551 848 2610 Christus
891 2555 1138 2610 humanis
1169 2554 1442 2610 laboribus
1476 2570 1729 2610 exercere
1753 2556 1942 2622 voluit,
1978 2564 2038 2611 ut

433 2659 534 2702 eos
562 2646 860 2703 indefessos
905 2648 1157 2704 redderet
1198 2649 1251 2704 in
1281 2649 1476 2704 divinis
1511 2666 1524 2701 :
1563 2649 1735 2704 voluit
1774 2651 1854 2704 eis
1894 2650 2036 2707 Deus

435 2753 657 2796 manere
681 2741 1072 2806 tortitudinem,
1099 2741 1166 2796 de
1188 2741 1449 2797 exercitio
1470 2749 1730 2811 prmstare
1764 2743 2055 2798 virtutem.-

436 2827 508 2886 Et
535 2832 659 2900 quia
692 2831 895 2887 fructus
915 2833 1164 2903 provenit
1189 2849 1257 2887 ex
1279 2833 1482 2898 labore,
1510 2834 1680 2888 voluit
1702 2849 1797 2889 eos
1824 2835 2037 2891 labores

435 2939 548 2980 non
574 2925 822 2996 perdere,
849 2925 943 2981 sed
966 2935 1177 2982 mutare
1203 2946 1215 2980 :
1245 2927 1359 2996 ipse
1381 2935 1507 2980 ante
1535 2927 1636 2982 illis
1661 2943 1815 2982 usum
1839 2928 2037 2988 laboris

437 3015 689 3082 indulsit,
721 3018 814 3087 qui
864 3027 1048 3088 postea
1083 3018 1162 3073 eis
1210 3017 1554 3072 tolerantiam
1604 3018 1752 3073 dedit
1797 3020 2031 3076 virtutis.

436 3106 574 3166 Hinc
613 3118 696 3166 est
731 3111 879 3181 quod
917 3126 1099 3182 regna,
1125 3119 1332 3180 gentes,
1364 3126 1629 3176 carceres,
1660 3112 1891 3176 vincula,
1924 3123 2034 3169 tor-

2139 1903 2362 1973 divitize,
2394 1912 2586 1976 utpote
2618 1921 2649 1960 a
2685 1904 2796 1961 Deo
2819 1905 2986 1969 date,
3024 1922 3133 1961 non
3157 1905 3389 1977 turpiter
3429 1907 3724 1976 acquisita;

2139 2012 2412 2054 concessa:
2443 1996 2510 2052 ad
2537 2013 2694 2053 usum
2717 1997 2868 2062 viue,
2892 2013 2997 2052 non
3031 1997 3097 2053 ad
3121 1999 3310 2053 mortis
3333 2013 3582 2053 usuram.
3610 1997 3728 2052 Mat-

2140 2092 2338 2147 thaeum
2367 2106 2498 2146 vero
2539 2090 2883 2161 publicanum
2919 2090 3119 2145 divitia:
3139 2130 3153 2153 ,
3179 2091 3258 2146 sic
3293 2090 3614 2162 cupiditatis
3643 2105 3728 2160 pu-

2138 2184 2341 2240 blicant
2368 2184 2705 2253 magistrum,
2738 2183 2956 2239 fornace
2995 2184 3233 2239 avaritim
3272 2183 3352 2239 sic
3393 2183 3723 2254 coquebant,

2137 2278 2218 2334 sic
2244 2277 2535 2347 alligabant
2555 2276 2785 2331 vinculis
2809 2277 3138 2339 cantionum,
3162 2276 3504 2331 saeculorum
3539 2275 3728 2347 ponde-

2140 2372 2290 2427 ribus
2311 2371 2391 2426 sic
2417 2369 2757 2442 premebant,
2815 2378 2873 2424 ut
2915 2369 3082 2422 levari
3134 2368 3199 2422 ad
3245 2366 3727 2434 innocentiam,ad

2133 2466 2399 2537 justitiam
2422 2479 2664 2534 surgere,
2697 2463 2764 2519 ad
2793 2463 3048 2518 virtutem
3083 2461 3334 2532 progredi
3371 2478 3484 2518 non
3513 2462 3723 2517 valeret.

2141 2558 2295 2614 Unde
2324 2565 2378 2613 et
2397 2557 2590 2613 sedere
2618 2555 2735 2626 ejus
2765 2563 2881 2611 erat
2903 2554 3016 2626 jam
3045 2554 3357 2622 subsidere,
3391 2571 3501 2610 non
3528 2555 3724 2610 sedere.

2139 2648 2295 2705 Hunc
2337 2663 2468 2719 ergo
2493 2649 2656 2703 talem
2681 2647 2746 2702 ad
2770 2662 2864 2702 sua
2906 2663 3004 2702 cur
3031 2648 3307 2702 vocaverit
3347 2645 3616 2714 Christus,
3646 2664 3728 2702 cur

2139 2740 2363 2811 elegerit
2384 2740 2451 2795 ad
2471 2739 2672 2800 divina,
2700 2739 2798 2793 nisi
2823 2748 3094 2808 quaeratur
3115 2740 3273 2795 altius
3288 2739 3412 2794 facit
3428 2739 3728 2794 altissimam

2137 2835 2490 2906 quzestionem
2509 2877 2524 2899 ,
2548 2841 2602 2890 et
2625 2849 2731 2888 non
2752 2840 2960 2887 tantum
2985 2833 3357 2903 quaestionem,
3384 2831 3482 2888 sed
3511 2842 3567 2889 et
3587 2848 3728 2888 scan-

2137 2926 2339 2991 dalum,
2362 2927 2501 2981 sicut
2524 2926 2614 2980 illo
2639 2934 2881 2995 tempore
2898 2925 3358 2980 circumstantium
3382 2923 3638 2995 patefecit
3660 2925 3729 2979 in-

2138 3020 2330 3075 tentio.
2356 3017 2641 3086 Quomodo
2663 3017 2804 3072 enim
2829 3015 3113 3071 infirmitas
3131 3033 3236 3073 non
3260 3015 3535 3072 laboraret
3557 3017 3729 3071 huma-

2137 3127 2205 3166 na
2225 3151 2239 3177 ,
2259 3110 2475 3181 quando
2497 3109 2712 3166 videbat
2737 3108 2876 3180 apud
2897 3107 3168 3163 Christum
3192 3109 3479 3179 pecuniam
3501 3109 3577 3164 sic
3593 3107 3729 3164 vale-

432 3211 636 3269 menta,
664 3213 887 3270 mortes,
915 3205 1198 3260 saevientes
1226 3203 1474 3259 homines
1499 3206 1658 3260 terris
1686 3206 1935 3262 omnibus
1956 3208 2035 3265 sic
2060 3196 2107 3262 C
2139 3221 2220 3268 re,
2244 3213 2302 3258 ut
2321 3203 2476 3259 daret
2496 3201 2838 3258 fraudulento
2861 3202 3038 3267 tidem,
3068 3203 3244 3257 venali
3267 3203 3514 3271 gratiam,
3539 3202 3729 3272 cupidi-

435 3296 701 3352 vicernnt.
732 3297 971 3352 Diximus
1001 3298 1147 3368 quod
1174 3299 1226 3352 in
1256 3299 1517 3368 apostolis
1551 3299 1722 3353 amica
1751 3300 2027 3369 virtutum,

435 3385 550 3442 Deo
571 3388 752 3454 chara,
783 3391 852 3443 sit
879 3389 1051 3444 electa
1080 3398 1387 3460 paupertas.
1419 3389 1727 3446 Matthzeum
1750 3389 1775 3429 δ
1805 3393 1872 3448 de
1899 3395 2033 3450 telo-

435 3481 529 3534 nio
553 3480 791 3543 divitem,
823 3480 891 3536 de
921 3482 1098 3536 usuris
1124 3482 1467 3552 locupletem,
1499 3482 1661 3537 lucris
1683 3485 1862 3539 szeculi
1893 3502 2031 3541 onu-

435 3582 578 3632 stum
629 3575 772 3643 quod
812 3574 866 3627 in
916 3576 1277 3645 apostolatmn
1331 3573 1578 3630 Christus
1617 3576 1859 3646 elegerit,
1904 3579 2032 3648 quid

437 3663 711 3718 dicemus?
733 3663 904 3719 Hodie
925 3664 1208 3721 Matthmus
1226 3665 1292 3720 de
1313 3667 1492 3737 seipse
1515 3667 1592 3722 sic
1615 3669 1777 3738 coepit
1795 3686 1808 3721 :
1828 3667 1898 3723 Et
1918 3687 2032 3724 cum

439 3755 687 3810 transiret
706 3756 828 3810 inde
844 3754 876 3809 J
883 3773 1016 3822 esus,
1043 3756 1166 3810 vidit
1187 3757 1444 3811 hominem
1465 3757 1723 3812 sedentem
1741 3760 1796 3813 in
1821 3761 2029 3826 telonio,

437 3844 749 3902 Matt/unum
787 3850 1023 3914 nomine;
1045 3859 1094 3903 et
1135 3851 1208 3903 ait
1227 3850 1304 3903 illi
1323 3892 1338 3916 ,
1361 3867 1568 3923 sequere
1586 3869 1668 3906 me
1690 3851 1901 3924 (Matth.
1928 3856 2026 3927 Ix).

435 3935 720 3996 Matthaeus
750 3949 774 3978 ε
796 3940 1109 4011 publicanus
1135 3950 1356 4021 generat
1372 3942 1526 3996 nobis
1544 3958 1650 3998 non
1667 3959 1888 4014 parvam
1915 3947 2028 4003 suis

507 4127 533 4157 ι
555 4115 652 4175 Vel
671 4120 796 4190 quia
818 4119 1087 4190 primores
1103 4119 1280 4185 electi,
1301 4120 1384 4175 vel
1396 4120 1732 4190 abundantia
1749 4121 2023 4178 virtutum.

432 4189 869 4265 Theophylactus
893 4199 1053 4265 vocat
1073 4189 1292 4265 Petrum
1311 4203 1367 4246 et
1385 4189 1649 4265 Joannem
1671 4193 1882 4265 vertices
1903 4211 2030 4265 apo-

430 4260 704 4334 stolorum.
735 4260 1002 4334 Caeterum
1023 4261 1090 4334 de
1120 4261 1430 4334 hujusmodi
1457 4278 1592 4334 voce
1614 4264 1880 4334 apostolus
1909 4260 2032 4321 vide

431 4279 704 4318 uotorum.
735 4279 1002 4316 umterum
1023 4279 1090 4317 oe
1120 4279 1430 4384 mpusmoat
1457 4279 1592 4318 voce
1614 4279 1880 4334 apostolus
1909 4279 2032 4321 vide

431 4331 822 4413 yieronymum
867 4333 920 4386 in
952 4333 1124 4413 epist.
1212 4330 1298 4397 45,
1351 4332 1776 4413 a‘deamasum,
1825 4342 1897 4413 et
1923 4334 2032 4391 late

429 4400 757 4474 Basnaginm
784 4409 915 4474 tom.
952 4400 1196 4456 ll-listor.
1222 4417 1346 4474 pag.
1364 4402 1489 4468 288,
1523 4404 1622 4474 ubi
1639 4412 1828 4460 contra
1861 4405 2029 4461 Baro-

430 4473 586 4528 nium
614 4473 893 4528 contendit
921 4488 1041 4547 eam
1070 4487 1185 4547 arvo
1218 4473 1418 4529 Christi
1440 4491 1562 4547 _n_on
1603 4473 1767 4530 fuisse
1796 4476 2028 4547 adopta-

430 4549 566 4614 tam,
597 4557 759 4611 quam
783 4551 962 4597 tamen
995 4545 1295 4597 invenimus
1316 4544 1455 4614 apud
1476 4543 1740 4599 Joannem
1773 4563 1884 4610 xm,
1905 4543 1986 4600 '16
2011 4566 2023 4601 :

429 4613 563 4697 263}
587 4616 1038 4697 a’méarqlniat‘que
1058 4613 1439 4697 ιιιὶεδιιξ-ηιιιιξοι·Δ
1452 4624 1528 4669 est
1547 4633 1606 4670 eo
1622 4619 1880 4697 quimisi-t
1891 4635 2024 4697 eum.

429 4681 639 4739 Eodem
662 4685 822 4739 modo
844 4683 885 4737 ll
909 4681 1036 4738 Cor.
1063 4701 1172 4744 vm.
1202 4685 1289 4737 25.
1323 4681 1555 4748 Fratres,
1581 4681 1726 4740 missi
1751 4689 1818 4740 ab
1841 4687 2028 4743 Eccle-

427 4756 511 4812 sia
535 4754 602 4809 ad
631 4754 1097 4826 eleemosynarum
1119 4756 1493 4826 collectionem
1518 4759 1818 4814 ’Δπὸστολοι
1847 4757 2029 4813 Eccle-

426 4827 626 4899 s_i_arum
643 4825 1023 4899 nominantur;
1047 4833 1101 4899 et
1121 4825 1186 4899 ad
1210 4825 1463 4899 Hebmos
1478 4844 1550 4892 ιιι,
1574 4828 1624 4892 l,
1647 4825 1894 4882 Christus
1917 4829 2029 4899 ipse

426 4896 639 4969 dicitur!
655 4895 952 4969 Apostolus,
986 4896 1066 4969 vel
1098 4897 1220 4965 quia
1258 4897 1377 4969 ipse
1399 4899 1649 4968 princeps
1683 4907 1766 4952 est
1792 4907 1844 4954 et
1870 4895 2030 4969 caput

429 4967 832 5041 apostolorum,
851 4968 937 5022 vel
965 4967 1108 5041 quia,
1149 4975 1206 5041 u_t
1235 4969 1310 5022 ait
1339 4967 1792 5041 Theophylactus,
1832 4967 2030 5027 missus

427 5045 512 5108 est
543 5037 610 5092 ad
639 5052 771 5093 oves
801 5038 994 5092 domus
1024 5037 1208 5108 Israel.

497 5105 526 5145 ιι
557 5109 634 5164 Ac
660 5109 704 5162 si
733 5109 940 5182 diceret
976 5105 1317 5182 communem
1345 5111 1633 5178 quamdam
1668 5120 1721 5166 et
1754 5113 2029 5182 vulgarem

427 5184 602 5234 artem
621 5181 952 5236 exercuisse.
977 5176 1235 5234 Omnibus
1258 5176 1483 5236 fortuna:
1505 5190 1559 5236 et
1583 5191 1786 5236 natura:
1811 5176 2030 5239 dotibus

424 5256 679 5324 expertes
719 5249 884 5306 fuisse
926 5249 1234 5324 apostfvlos,
1268 5251 1494 5319 soloque
1534 5261 1666 5324 r_iutu
1695 5255 2031 5324 arbitrioque

424 5317 525 5396 Dei
544 5328 792 5396 vocatos,
825 5317 1015 5396 contra
1035 5317 1423 5396 _h_laldonatum‘
1450 5331 1504 5376 et
1534 5317 2023 5396 TheOphylactn'm,

427 5392 520 5461 qui
543 5392 594 5445 in
624 5395 704 5446 eis
731 5402 938 5446 natnne
961 5391 1300 5461 habilitatem
1324 5407 1430 5445 non
1453 5391 2028 5458 excluserefasserere

469 5475 717 5536 ossumus
745 5462 1187 5536 cumClemente
1215 5459 1475 5536 Stromat.
1521 5464 1614 5518 lib.
1655 5482 1704 5520 vt
1745 5480 1868 5536 pag.
1904 5464 2026 5533 480,

428 5474 717 5584 possumus
745 5474 1187 5546 cumytemente
1215 5474 1475 5544 atromat.
1521 5474 1614 5518 ιιι).
1655 5482 1704 5520 vi
1745 5480 1868 5590 pag.
1904 5474 2026 5533 480,

428 5529 727 5657 ultimi-Iros;
746 5532 1010 5657 Τῖὲιέιιιιθ
1038 5533 1129 5589 lib.
1157 5548 1212 5597 ιι,
1237 5529 1576 5604 Origencque
1597 5546 1781 5591 contra
1857 5537 2029 5591 elsum

511 5639 524 5653 .
557 5615 746 5672 upag.
781 5615 905 5657 155.

505 5681 528 5710 ε
559 5671 727 5728 Μθδῑ
755 5675 1046 5730 exercitus.
1072 5671 1284 5730 Etenim
1307 5675 1555 5730 meditari
1580 5691 1686 5730 non
1709 5675 1872 5732 modo
1892 5676 2038 5733 valet

427 5750 612 5814 mente
634 5744 856 5814 agitari;
889 5745 985 5801 sed
1006 5746 1172 5801 etiam
1196 5747 1459 5803 exerceri.
1488 5745 1641 5802 Unde
1671 5745 1847 5802 Plauti
1873 5748 2037 5803 verba

423 5811 488 5869 in
508 5811 696 5879 Sticbf,
720 5814 988 5889 Simulque
1007 5816 1078 5871 ad
1099 5833 1365 5873 cursuram
1388 5816 1678 5873 meditabor
1696 5835 1778 5874 me
1797 5818 1867 5872 ad
1885 5817 2037 5875 ludos

2060 4853 2110 4915 υ
2135 4831 2202 4886 de
2235 4829 2465 4910 Pudicit.
2486 4845 2611 4915 cap.

2142 3297 2268 3352 tatis
2295 3296 2550 3365 magistro
2577 3293 2814 3350 cilicium
2845 3294 3128 3363 largitatis,
3158 3294 3370 3349 doctori
3396 3295 3583 3349 fenoris
3609 3307 3728 3346 ma-

2139 3387 2416 3456 gisterium
2439 3385 2771 3451 sanctitatis,
2796 3385 3085 3455 publicano
3108 3384 3290 3440 steculi
3315 3385 3533 3440 cmleste
3558 3399 3732 3440 secre-

2143 3483 2294 3536 tum?
2317 3479 2519 3536 Urebat
2545 3479 2810 3546 videntes,
2834 3479 2978 3548 quod
3000 3495 3159 3534 usura
3189 3495 3310 3548 qua:
3341 3488 3512 3534 vastat
3541 3488 3729 3534 terram

2140 3574 2431 3630 tollebatur
2451 3571 2519 3627 ad
2545 3571 2739 3627 cmlum
2755 3612 2770 3636 ,
2795 3579 2850 3626 et
2875 3572 3014 3626 hanc
3027 3588 3188 3642 quam
3210 3571 3549 3626 detestantur
3569 3572 3729 3626 homi-

2141 3684 2239 3724 nes
2260 3667 2441 3723 Deitas
2469 3665 2789 3722 advocabat.
2822 3664 2913 3721 Sic
2933 3674 3113 3720 autem
3147 3666 3381 3720 sensisse
3415 3675 3540 3720 tunc
3564 3664 3731 3719 viden-

2137 3769 2218 3817 tes
2239 3760 2414 3831 aperit
2428 3757 2710 3812 Matthmus
2735 3757 2870 3828 ipse,
2894 3757 2985 3826 qui
3013 3757 3254 3813 dicturus
3277 3773 3403 3812 vera
3427 3756 3493 3812 de
3521 3774 3598 3822 se,
3628 3773 3730 3812 non

2135 3852 2314 3924 potuit
2340 3852 2453 3906 haec
2471 3858 2672 3906 tacere.
2691 3846 2817 3903 Cum
2834 3859 3002 3903 autem
3029 3847 3182 3904 Iesus
3205 3848 3544 3904 discumberet
3564 3851 3612 3904 in
3640 3850 3733 3903 do-

2132 3962 2217 4000 mo
2234 3987 2249 4011 ,
2281 3959 2398 3998 ecce
2416 3941 2687 3998 veniebant
2711 3940 2860 3995 multi
2882 3939 3162 3995 Publiceni
3182 3951 3232 3995 et
3251 3951 3564 4012 peccatores,
3583 3949 3629 3995 et
3646 3941 3728 3992 di-

2139 4122 2418 4194 Olympiae.
2454 4118 2634 4175 Labor
2660 4128 2843 4194 autem
2871 4119 3182 4194 meditatus,
3213 4120 3278 4194 _id
3303 4128 3394 4194 est
3428 4121 3730 4194 frequenter

2136 4191 2420 4261 susceptus
2449 4206 2513 4246 ac
2539 4191 2832 4261 exercitus,
2864 4206 2963 4246 usu
2987 4193 3103 4261 ipso
3133 4191 3190 4244 fit
3213 4191 3401 4246 levior.
3429 4191 3590 4247 Mm.

2209 4261 2234 4300 ά
2267 4259 2544 4317 Tributnm
2588 4259 2790 4316 Grmcis
2817 4263 2957 4323 τέλος
2995 4259 3188 4317 dicitur
3229 4281 3239 4315 :
3277 4263 3417 4318 unde
3449 4262 3728 4319 Telonium.

2136 4335 2312 4390 Locus
2350 4333 2602 4388 videlicet
2643 4333 2696 4387 in
2737 4347 2845 4402 quo
2885 4332 3097 4402 publica
3123 4333 3477 4402 exigebantur
3500 4335 3731 4402 vectiga-

2138 4407 2228 4469 lia,
2256 4412 2310 4461 et
2333 4403 2490 4474 juxta
2519 4418 2670 4458 mare
2706 4404 2933 4474 positus,
2960 4412 3019 4458 ut
3047 4404 3120 4459 ibi
3143 4405 3487 4460 solverentur
3506 4422 3534 4459 a
3563 4414 3729 4461 trans-

2136 4475 2478 4532 fretantibus.

2212 4557 2235 4585 ο
2269 4546 2382 4600 lloc
2412 4546 2629 4599 nomine
2650 4542 2820 4599 Judtei
2839 4546 3106 4600 vocabant
3128 4562 3222 4602 eos
3241 4562 3381 4616 quos
3417 4548 3518 4616 ipsi
3551 4547 3633 4602 vel
3665 4549 3731 4600 ob

2136 4619 2261 4672 vitae
2289 4616 2610 4682 institutum,
2634 4616 2721 4672 vel
2743 4631 2953 4687 morum
2976 4617 3341 4686 impuritatem
3372 4616 3537 4674 veluti
3562 4617 3731 4687 profa-

2138 4705 2238 4743 nos
2266 4688 2690 4744 detestabantur.
2727 4686 2844 4742 Non
2884 4703 3013 4742 vero
3042 4689 3187 4756 quod
3230 4705 3422 4744 omnes
3462 4686 3730 4743 Publii-ani

2136 4768 2320 4815 essent
2347 4758 2568 4823 ethnici,
2589 4766 2644 4811 ut
2651 4773 2938 4881 get-peram
2955 4759 3206 4828 opinatur
3221 4759 3590 4814 Tertullianus
3608 4760 3689 4813 lib.
3714 4774 3730 4812 I

2136 4831 2202 4881 de
2235 4829 2465 4881 Pudicit.
2494 4845 2611 4881 can.
2688 4869 2703 4881 .
2735 4837 2924 4881 contra
2953 4844 3111 4881 auem
3144 4829 3259 4881 iure
3288 4830 3520 4881 insurgit
3550 4829 3730 4881 Hiero-

2688 4869 2703 4894 ,
2735 4837 2924 4882 contra
2953 4844 3111 4898 quem
3137 4829 3259 4898 jure
3288 4830 3520 4898 insurgit
3550 4829 3730 4884 Hiero-

2138 4918 2330 4970 nymus
2366 4899 2524 4970 epist.
2565 4898 2692 4964 HG,
2741 4899 2991 4965 Damaso,
3043 4901 3133 4970 ubi
3179 4917 3274 4954 eos
3321 4899 3541 4956 Iuda-os
3581 4900 3731 4955 fuisse

2136 4969 2438 5027 clarissime
2467 4970 2684 5034 evincit,
2711 4977 2768 5023 ut
2796 4978 2945 5039 patet
2982 4971 3032 5024 in
3067 4969 3319 5025 Matthzeo
3349 4988 3416 5025 ex
3448 4970 3621 5025 Patris
3643 4987 3730 5024 no-

2135 5045 2281 5097 mine
2314 5041 2528 5112 Alpha'o
2573 5055 2781 5112 suoque
2809 5039 2946 5096 Levi.
2973 5039 3128 5107 Quod
3160 5042 3205 5096 si
3228 5042 3393 5096 velint
3418 5039 3730 5096 Publicanos

2135 5111 2426 5168 nonnullus
2457 5112 2620 5166 fuisse
2662 5111 2930 5174 ethnicos,
2976 5113 3027 5166 id
3068 5112 3136 5182 de
3166 5113 3503 5182 principibus
3535 5121 3730 5166 tantum

2137 5183 2551 5256 Publicanorum
2582 5182 2850 5256 dederim,
2896 5197 3033 5256 quos
3064 5181 3245 5256 _Gr:eci
3283 5183 3604 5256 δημοσιώνας
3644 5196 3730 5234 vo-

2137 5263 2282 5320 cant,
2309 5254 2361 5328 id
2392 5261 2473 5328 est
2496 5253 2823 5328 publicorum
2857 5254 3178 5324 vectigalium
3214 5253 3596 5328 redemptores;
3633 5267 3730 5306 non

2139 5341 2270 5380 vero
2316 5323 2383 5378 de
2433 5323 2773 5378 inferioribus
2828 5323 3124 5392 eorumque
3177 5323 3492 5390 ministris,’
3520 5334 3576 5379 ut
3623 5329 3730 5377 erat

2140 5395 2443 5450 Matthzeus.
2485 5393 2807 5450 Publicanos
2844 5394 3038 5449 honori
3070 5394 3233 5450 fuisse
3263 5393 3548 5459 Romanis,
3573 5393 3728 5450 nemi-

2140 5481 2263 5522 nem
2287 5466 2456 5521 latere
2478 5474 2628 5536 puto.
2662 5465 2771 5519 Hos
2792 5461 2983 5520 Cicero
3006 5465 3057 5519 in
3081 5466 3239 5536 epist.
3266 5465 3334 5520 ad
3353 5462 3528 5536 Silum
3557 5472 3730 5535 paulo.

2140 5552 2254 5592 rem
2290 5544 2450 5591 vocat
2479 5535 2825 5606 amplissimos
2865 5535 3130 5606 homines,
3165 5536 3454 5606 multisque
3494 5535 3732 5606 laudibus

2139 5615 2298 5689 ornat
2323 5606 2374 5661 in
2398 5602 2661 5689 ora_t.n'pr_o
2683 5605 2919 5689 Plancio.
2945 5605 3229 5689 At‘dudreis
3244 5602 3446 5689 odioZet
3460 5602 3732 5689 despectui

2140 5684 2327 5754 erant,
2359 5678 2503 5748 quod
2533 5679 2825 5734 Potentum
2855 5677 3093 5735 avaritize
3134 5677 3516 5754 tyrannidique
3562 5677 3726 5733 inser-

2141 5749 2339 5804 virent.
2860 5778 2870 5785 -
