3902 6362
169 384 256 446 38!
1578 377 1808 436 SERMO
1841 375 2040 435 XXIX.

3313 386 3446 448 ω.

168 507 474 572 scumbebant
492 522 680 563 eamea
694 516 746 562 et
765 505 1031 579 discipulis
1044 506 1175 578 ejus.
1196 501 1454 558 Pharisai
1469 509 1638 557 autem
1656 500 1735 555 ei-
1762 502 1812 563 Α
1838 495 2073 554 Sedebat
2101 499 2306 570 utique,
2337 499 2429 570 qui
2457 507 2602 556 stare
2629 514 2738 556 non
2764 511 2981 573 poterat
3005 502 3247 576 pondere
3266 509 3424 579 cupi-

169 603 338 666 ἄρκια,
373 599 611 657 dicebant
631 599 895 673 discipulis
913 603 1027 673 ejus
1051 616 1067 654 :
1101 597 1273 665 Quare
1300 613 1415 653 cum
1435 596 1736 656 Publicanis

169 707 208 752 et
227 693 569 769 peccatoribus
588 693 868 749 manduca:
887 695 1132 766 magister
1151 695 1352 750 uester?
1371 693 1437 748 Et
1462 694 1566 750 hoc
1591 695 1738 752 dice-

166 787 278 843 bant
294 782 568 852 Phariszci,
586 794 645 840 ut
668 794 809 841 esset
832 800 1081 854 magnum
1112 787 1332 851 malum,
1351 787 1494 858 quod
1512 797 1566 843 et
1581 789 1737 846 malis

165 876 645 952 poteritdisplicere
671 896 685 930 :
717 885 772 932 et
796 877 841 932 si
862 886 977 932 erat
1006 877 1155 933 nefas
1183 879 1496 949 publicanos
1521 879 1736 938 Christo

166 968 450 1043 participes,
475 969 605 1024 llvel
634 968 688 1024 in
707 969 830 1025 cibo
859 985 995 1038 esse,
1020 969 1215 1025 divinis
1234 973 1443 1029 sociare
1475 975 1603 1045 quid
1619 985 1738 1032 erat

167 1061 526 1134 publicanum?
554 1060 790 1130 Fratres,
831 1063 884 1118 in
913 1064 1209 1134 qutcstione
1235 1066 1336 1122 hac
1357 1067 1628 1137 ingenium
1659 1069 1738 1124 la-

165 1153 354 1208 boraret
377 1153 714 1224 interpretis,
737 1155 782 1210 si
805 1170 911 1210 non
941 1156 1057 1227 ipse
1097 1156 1376 1223 Dominus,
1410 1160 1494 1213 cui
1535 1157 1593 1214 fit
1621 1161 1737 1232 ipsa

165 1244 382 1315 quatstio,
413 1254 588 1300 totum
613 1246 760 1317 quod
784 1255 866 1302 est
887 1248 1196 1318 quarstionis
1217 1249 1470 1306 auferret.
1499 1251 1735 1324 Repeta-

166 1354 264 1392 mus
281 1351 406 1407 ergo
445 1339 692 1394 ordinem
713 1340 960 1396 lectionis
990 1359 1003 1394 :
1045 1339 1288 1398 Christus
1309 1360 1476 1414 quare
1497 1347 1564 1401 ad
1595 1346 1734 1403 Mat-

166 1428 335 1484 thmum
378 1431 593 1486 venerit
639 1432 939 1488 audiamus.
973 1432 999 1472 ιι
1024 1434 1151 1490 Cum
1194 1439 1472 1502 transiret,
1529 1440 1732 1510 inquit,

165 1521 308 1577 Iesus.
337 1519 461 1578 Non
506 1522 678 1590 dixit,
711 1541 835 1580 cum
863 1533 1031 1582 staret
1059 1527 1132 1583 ibi
1165 1545 1178 1581 :
1209 1530 1492 1598 transivit,
1524 1540 1578 1588 et
1608 1549 1733 1604 per-

164 1617 383 1672 transivit
427 1617 554 1674 inde
599 1617 789 1684 Jesus,
823 1637 892 1677 ne
945 1621 1226 1679 Matlhrcus
1266 1636 1572 1683 remaneret
1625 1629 1730 1696 ibi;

164 1709 379 1764 transivit
408 1709 537 1765 inde
559 1709 733 1776 Jesus,
758 1727 826 1769 ne
858 1712 1139 1772 Mattlizcus
1176 1717 1249 1772 ibi
1269 1729 1289 1755 ε
1315 1719 1495 1774 taliter
1522 1737 1734 1792 perma-

162 1810 306 1857 ueret.
345 1801 496 1858 Vidit
523 1804 804 1860 hominem.
849 1805 967 1862 Non
1007 1809 1171 1875 dixit,
1215 1811 1345 1865 vidit
1397 1811 1726 1882 Mattbzeum,

1834 590 2016 646 ditatis
2045 605 2352 660 oppressus,
2383 600 2439 646 et
2465 593 2580 662 ipsa
2605 598 2752 648 totus
2771 595 3102 650 conscientia
3123 594 3326 654 fraudis
3349 599 3424 654 in-

1835 699 2051 740 curvus.
2081 681 2282 738 Aurum
2306 691 2496 738 natura
2530 698 2713 754 grave,
2744 685 2960 754 gravius
2988 686 3048 742 lit
3075 689 3302 746 avaritia
3334 691 3421 748 ni-

1834 779 1955 833 mis.
1989 777 2124 835 llinc
2153 787 2238 834 est
2279 779 2426 850 quod
2473 779 2595 851 plus
2635 780 2925 837 habentem
2965 781 3218 855 deprimit
3255 799 3422 856 quam

1833 871 2116 938 ferentem,
2140 881 2195 927 et
2225 872 2595 928 vehementius
2622 882 2877 943 aggravat
2916 875 3080 930 corda
3109 890 3271 947 quam
3299 893 3422 934 coro

1833 981 1987 1038 pora.
2019 964 2264 1020 Nascitur
2292 965 2345 1020 in
2369 973 2509 1021 terra
2538 963 2818 1038 profunda,
2849 975 3088 1024 sectatur
3122 971 3237 1042 ipsa
3266 988 3422 1028 mon-

1837 1060 1968 1114 tium
1996 1059 2362 1123 fundamenta,
2394 1075 2599 1132 perque
2619 1059 2724 1114 ima
2753 1074 3012 1116 venarum
3032 1063 3188 1119 caecis
3215 1063 3422 1122 discur-

1835 1153 1904 1208 rit
1933 1152 2278 1220 anfractibus,
2305 1162 2359 1209 et
2388 1154 2513 1209 dum
2538 1169 2690 1209 suam
2717 1169 2933 1225 semper
2958 1153 2978 1195 ῐ
3003 1159 3198 1229 repetit
3224 1158 3293 1214 ad
3320 1175 3420 1214 na-

1838 1253 2010 1300 turam
2039 1247 2286 1302 ctelestes
2313 1247 2524 1303 animos
2555 1247 2622 1302 ad
2663 1246 2869 1303 inferna
2917 1249 3140 1320 deponit
3171 1269 3184 1305 :
3216 1253 3420 1310 obscu-

1835 1343 1920 1391 rat
1947 1353 2138 1392 sensus
2166 1353 2399 1410 semper,
2431 1339 2539 1393 alta
2572 1341 2831 1395 mentium
2861 1356 3077 1413 semper
3120 1345 3174 1399 in
3205 1352 3417 1407 terrena

1835 1428 2116 1500 demergit.
2151 1429 2353 1485 Aurum
2383 1447 2610 1502 erogare
2629 1431 2830 1488 bonum
2849 1474 2864 1500 ,
2897 1449 3165 1505 reponere
3193 1439 3413 1506 malum,

1835 1530 2182 1577 contemnere
2227 1523 2480 1590 validum,
2531 1526 2716 1594 fugere
2743 1541 3130 1596 persecurum:
3161 1531 3307 1600 quod
3345 1531 3416 1586 si-

1833 1626 1924 1673 cut
1952 1618 2168 1674 vincere
2195 1619 2408 1674 virtutis
2456 1628 2570 1688 est,
2623 1621 2696 1675 ita
2727 1619 2999 1679 felicitatis
3036 1631 3120 1679 est
3158 1625 3413 1682 evasisse.

1835 1709 1963 1767 Auri
1986 1711 2134 1767 furor
2162 1713 2436 1768 ardentius
2460 1714 2695 1768 humano
2717 1712 2888 1770 fervet
2915 1715 2969 1770 in
2998 1723 3221 1786 pectore
3255 1732 3417 1788 quam

1833 1807 2077 1861 caminus
2117 1815 2262 1862 totus
2312 1807 2539 1877 ignescit
2566 1807 2827 1863 incendiis
2848 1849 2863 1873 ,
2886 1817 2942 1864 et
2969 1809 3145 1864 acrius
3173 1811 3418 1868 homines

162 1896 261 1965 quia
281 1895 330 1949 in
345 1893 607 1954 δίειιῇωο
622 1899 894 1954 hominem
916 1900 1200 1970 liberarat;
1231 1903 1335 1961 hoc
1355 1914 1456 1973 est,
1482 1908 1721 1965 homines

1831 1896 2074 1952 dissolvit
2101 1898 2154 1952 in
2186 1906 2327 1952 terra
2349 1913 2510 1968 quam
2536 1898 2762 1953 solvitur
2776 1898 2829 1953 in
2855 1899 3036 1954 calore
3057 1899 3412 1956 flammarum.

161 2002 270 2058 quos
293 1992 527 2058 pecunia
563 1993 874 2062 possidebat
901 1996 1106 2052 servire
1134 1995 1247 2054 Deo
1291 2011 1596 2069 nequeunt,
1629 2019 1726 2074 pe-

160 2080 300 2133 cunia:
325 2081 648 2137 servientes.
683 2081 807 2138 Non
828 2087 1061 2156 potestis,
1088 2087 1288 2158 inquit,
1320 2089 1432 2146 Deo
1468 2096 1659 2148 seruire
1677 2104 1728 2150 et

161 2188 440 2228 mmmonc
463 2173 691 2244 (Matth.
718 2176 824 2246 vi).
870 2175 1032 2243 Veni,
1061 2196 1269 2253 sequere
1300 2199 1396 2237 me.
1427 2182 1544 2240 Non
1567 2185 1722 2254 dixit,

160 2261 280 2319 Aﬂ'er
305 2265 369 2320 ad
399 2281 510 2333 me,
536 2267 662 2336 quia
703 2267 1042 2337 Matthrcum,
1075 2289 1184 2328 non
1213 2273 1449 2332 Matthaci
1480 2281 1726 2337 sacculos

158 2357 458 2426 requirebat.
485 2357 644 2424 Veni,
668 2377 876 2432 sequere
895 2380 994 2417 me.
1019 2363 1134 2421 Hoc
1163 2374 1262 2432 est,
1288 2368 1499 2439 depone
1520 2372 1726 2442 ponde-

158 2463 223 2514 ra,
260 2449 531 2520 disrumpe
578 2451 810 2518 vincula,
863 2455 1014 2510 solve
1069 2457 1310 2527 laqueos.
1361 2459 1450 2516 Me
1493 2480 1719 2536 sequere.

157 2538 318 2607 Qutere
339 2550 415 2609 te,
448 2543 616 2614 perde
638 2561 854 2600 usuram
877 2587 892 2613 ,
925 2555 984 2602 ut
1024 2556 1078 2605 te
1107 2551 1288 2607 valeas
1318 2555 1579 2611 invenire.
1617 2555 1722 2614 Sed

156 2631 246 2699 jam
271 2630 555 2690 Pharisaeis
583 2636 712 2706 quid
743 2639 1104 2708 responderit,
1134 2644 1415 2700 audiamus
1449 2665 1461 2700 :
1497 2646 1619 2702 Non
1648 2660 1725 2706 est

155 2745 282 2798 opus,
311 2729 502 2798 inquit,
520 2731 664 2785 sanis
687 2733 937 2801 medicus,
961 2736 1056 2790 sed
1076 2739 1212 2792 male
1231 2738 1555 2796 habentibus.
1582 2741 1724 2800 Ecce

155 2834 300 2889 quare
347 2822 414 2876 ad
460 2821 772 2878 Matthteum
819 2838 1042 2885 venerat
1091 2829 1356 2899 Christus,
1395 2841 1454 2888 ut
1482 2838 1724 2893 avaritiae

155 2922 348 2968 curaret
383 2918 624 2982 vulnera,
658 2927 718 2972 ut
763 2923 972 2978 saniem
1019 2934 1238 2980 sanaret
1277 2943 1470 2982 usurae.
1504 2929 1720 2998 Euntes,

155 3003 331 3073 inquit,
359 3007 551 3077 discite,
574 3010 702 3082 quid
721 3022 799 3065 est
836 3012 887 3067 Μ
897 3015 1254 3072 isericordiam
1275 3019 1407 3084 uolo,
1436 3029 1610 3077 etnon
1634 3039 1724 3077 sa-

153 3095 409 3165 criﬁcium.
448 3099 868 3158 blisericordiam
895 3107 1084 3174 voluit,
1137 3117 1196 3163 ut
1233 3109 1543 3179 Matthaeus,
1575 3115 1722 3184 quod

155 3190 340 3246 tulerat
360 3207 454 3262 per
468 3195 762 3261 miseriam,
787 3199 840 3252 in
868 3200 1266 3259 misericordias
1289 3214 1638 3274 prorogaret;
1665 3216 1720 3263 et

1829 1987 2176 2045 Crudelitatis
2225 1989 2496 2056 dominus,
2529 2005 2700 2045 saevus
2738 1990 2908 2045 hostis
2929 2030 2945 2054 ,
2977 1991 3208 2048 amando
3249 1992 3411 2059 laedit,

1827 2080 1994 2135 nudat
2021 2079 2258 2147 ditando,
2287 2081 2458 2151 ipsum
2479 2081 2642 2136 etiam
2670 2081 2905 2152 captivat
2932 2091 3224 2152 aspectum,
3256 2080 3416 2139 fidem

1828 2173 2044 2243 frangit,
2074 2173 2239 2229 violat
2261 2173 2529 2240 affectum,
2570 2174 2811 2230 vulnerat
2849 2175 3167 2230 charitatem
3190 2214 3206 2241 ,
3236 2176 3416 2232 turbat

1827 2273 2066 2340 quietem
2086 2313 2100 2337 ,
2134 2270 2323 2325 adimit
2352 2269 2735 2336 innocentiam,
2777 2269 2938 2325 docet
2965 2267 3196 2334 furtum,
3226 2269 3416 2326 suadet

1825 2364 2059 2430 fraudes,
2110 2364 2338 2434 imperat
2386 2363 2747 2418 latrocinium.
2793 2359 2862 2415 Et
2899 2360 3032 2432 quid
3079 2360 3270 2432 plura?
3299 2359 3417 2418 Hoc

1825 2462 1928 2520 est,
1961 2455 2104 2525 quod
2134 2454 2427 2525 Apostolus
2473 2454 2647 2509 dixit:
2682 2451 2860 2507 Radix
2897 2451 3128 2506 omnium
3160 2450 3416 2506 malorum

1824 2557 1900 2602 est
1925 2547 2146 2601 auaritia
2171 2544 2232 2618 (Ι
2261 2544 2394 2600 Tim.
2425 2547 2533 2617 vt).
2558 2543 2654 2601 Est
2681 2544 3033 2601 commutatio
3053 2557 3184 2600 sane
3212 2558 3337 2609 una,
3368 2542 3416 2598 si

1823 2642 1990 2697 homo
2014 2640 2248 2712 prudens
2277 2639 2405 2694 illud
2429 2648 2555 2695 ante
2579 2640 2758 2694 mittat
2777 2639 2845 2694 ad
2873 2638 3088 2705 coelum,
3119 2652 3281 2709 quam
3297 2637 3417 2692 mit-

1827 2741 1973 2788 tatur
1997 2733 2066 2787 ah
2095 2733 2207 2798 illo,
2233 2740 2290 2786 ut
2319 2731 2532 2797 stultus,
2565 2732 2617 2786 in
2639 2730 2946 2786 Tartarum.
2977 2729 3155 2785 Mittat
3183 2744 3281 2801 per
3306 2744 3416 2783 ma-

1824 2840 1950 2879 num
1981 2825 2254 2896 pauperis,
2284 2823 2411 2893 quia
2439 2823 2698 2894 quidquid
2737 2821 2960 2894 prOpter
2993 2821 3160 2877 Deum
3190 2821 3416 2893 pauperi

1823 2916 1990 2980 dedit,
2037 2916 2105 2970 ad
2151 2916 2353 2972 caelum
2392 2915 2510 2971 sine
2557 2915 2817 2972 dilatione
2855 2913 3188 2969 transmittit.
3220 2911 3416 2969 Merito

1824 3007 2133 3062 Mattbmum
2165 3008 2425 3063 Dominus
2454 3007 2650 3062 talibus
2689 3007 2918 3063 vinculis
2957 3005 3164 3062 absolvi
3191 3005 3416 3078 cupiens

1821 3100 2172 3171 praepeditum
2214 3100 2458 3165 suscitat,
2490 3099 2757 3155 dicendo:
2789 3099 3013 3172 Sequere
3049 3116 3148 3155 me.
3181 3097 3297 3155 Hoc
3331 3103 3414 3155 est

1821 3207 1908 3246 me
1949 3184 2178 3260 sequere
2218 3191 2285 3246 de
2313 3191 2560 3261 supernis
2600 3191 2667 3245 ad
2711 3207 2943 3262 superna
2991 3191 3328 3256 tendentem,
3358 3199 3416 3247 et

157 3283 266 3339 inde
292 3285 574 3342 redimeret
603 3301 840 3360 pmnam,
865 3293 1006 3349 unde
1043 3306 1453 3366 comparaverat
1484 3299 1717 3369 culpam.
1749 3294 1794 3356 C
1825 3299 1933 3338 "0"
1965 3299 2154 3337 aurum
2202 3282 2269 3337 de
2315 3281 2500 3337 ίηίθτίθ
2548 3282 2616 3337 ad
2665 3281 2872 3336 inferna
2922 3291 3275 3359 mersenwm-
3313 3279 3414 3336 Ubi

155 3375 262 3432 Non
279 3383 386 3434 serti
409 3384 792 3455 vocarejustos,
815 3387 907 3441 sed
925 3398 1238 3459 peccatores.
1265 3389 1355 3447 Sic
1372 3393 1585 3460 dicens,
1611 3411 1719 3450 non

155 3472 326 3541 repulit
359 3473 561 3543 justas,
593 3477 687 3533 sed
724 3478 970 3549 injustos,
1003 3482 1096 3550 qui
1136 3498 1194 3538 se
1217 3479 1243 3519 ά
1273 3483 1451 3552 justos
1495 3487 1721 3543 mentie-

153 3560 341 3632 bantur,
385 3569 637 3625 exclusit.
667 3569 912 3628 Christus
951 3590 1082 3644 ergo
1111 3576 1256 3646 quod
1302 3579 1370 3633 ad
1407 3591 1722 3650 peccatores

152 3656 295 3719 venit,
335 3667 559 3728 peccata
589 3661 770 3719 delere
808 3665 994 3732 voluit,
1020 3683 1127 3722 non
1152 3673 1524 3740 peccatoribus
1552 3674 1724 3730 voluit

152 3763 488 3808 commanere.
516 3752 671 3821 Quod
699 3765 782 3810 est
811 3767 834 3794 θ
865 3758 995 3814 dare
1013 3760 1179 3815 vitam
1201 3771 1416 3820 mortuo
1436 3807 1450 3830 ,
1480 3765 1584 3823 hoc
1624 3768 1724 3823 lar-

151 3841 348 3911 gitatem
393 3845 633 3902 tribuere
693 3857 775 3904 est
823 3865 1007 3906 avaro.
1058 3852 1243 3923 Itaque
1289 3854 1534 3914 Christus
1573 3861 1720 3930 quod

151 3929 435 3992 Ilatthzeum
470 3947 658 4004 vocat,
691 3957 800 3996 non
828 3952 910 3997 est
933 3945 1018 3998 illa
1047 3948 1288 4016 pecunia:
1315 3951 1475 4017 ratio,
1513 3953 1606 4008 sed
1635 3964 1721 4011 est

151 4026 270 4083 ratio
295 4035 402 4084 tota
446 4031 678 4086 virtutis.
707 4033 942 4103 Denique
972 4036 1253 4094 Mattbmus
1273 4057 1401 4096 mox
1421 4041 1596 4101 factus
1635 4056 1720 4103 est

150 4123 286 4176 terra:
309 4137 532 4193 pauper,
561 4132 620 4178 ut
646 4124 797 4179 dives
834 4126 1124 4183 haberetur
1149 4131 1201 4184 in
1230 4133 1388 4187 caelo.

696 4215 927 4272 SER-HO
968 4218 1156 4274 XXIX.

597 4328 678 4384 De
705 4331 915 4396 eisdem,
940 4345 991 4387 et
1018 4334 1082 4388 de
1109 4351 1256 4390 auro.

205 4458 327 4516 Cum
352 4461 665 4520 Matthaeum
695 4467 1038 4538 publicanmn
1067 4471 1323 4530 Dominus
1345 4477 1413 4531 ad
1440 4481 1714 4547 apostola-

149 4557 222 4606 tus
258 4551 518 4626 fastigium
566 4567 758 4614 evocat
786 4569 840 4614 et
869 4562 1114 4628 extollit,
1142 4564 1235 4619 dat
1273 4583 1493 4624 manum
1525 4570 1709 4642 lapsis,

147 4658 277 4713 spem
306 4649 536 4704 restituit
565 4649 886 4720 desperatis,
906 4653 1136 4709 reddidit
1159 4657 1298 4722 vitm,
1323 4673 1460 4728 quos
1481 4662 1581 4717 sibi
1597 4663 1710 4733 jam

148 4750 274 4794 mors
295 4741 570 4798 detinebat
597 4744 859 4801 addictos.
887 4746 1014 4803 Cum
1034 4753 1352 4821 praeteriret,
1386 4756 1578 4826 inquit,
1608 4758 1644 4812 Ι
1648 4779 1706 4814 ε-

146 4845 240 4895 ws,
259 4833 373 4889 vidit
396 4835 518 4892 Levi
540 4837 746 4908 Alphei
765 4840 1025 4898 sedentem
1045 4844 1116 4898 ad
1137 4845 1381 4903 telonium
1403 4849 1594 4921 (Marc.
1623 4856 1704 4927 ιι).

196 4979 232 5051 ξ
274 4972 624 5051 Antiquorum
678 4974 1026 5051 Hebrteorum
1078 4996 1197 5037 mos
1243 4988 1710 5051 constantissimus

146 5037 255 5125 iuit,
274 5059 385 5125 cum
407 5037 632 5125 alterius
661 5047 934 5125 religionis
973 5053 1218 5118 asseclis,
1253 5037 1430 5125 neque
1437 5037 1709 5118 "(1353:

149 5119 240 5195 tem
280 5115 505 5184 aliquam
548 5118 707 5195 vilem
739 5115 1156 5195 d'espectamque
1197 5115 1713 5195 profitentibus,ci-

148 5181 253 5268 bum
277 5181 604 5268 sun—iereune
633 5181 1710 5268 aliquid'irmnum'lumcontingere—cona-

147 5255 482 5330 rentur._Vide
502 5256 700 5314 Cenes.
722 5255 875 5326 sun,
908 5262 968 5315 5|
994 5281 1008 5329 ;
1039 5263 1192 5319 Joan.
1219 5284 1290 5330 ιν,
1315 5267 1365 5322 9.

209 5321 231 5360 δ
255 5324 294 5402 _E
313 5327 472 5402 domo
504 5330 754 5402 videlicet
782 5321 1032 5402 egreSsus
1048 5376 1062 5397 ,
1095 5351 1162 5390 eo
1184 5321 1426 5396 exiiurus
1448 5342 1515 5396 ad
1537 5360 1704 5402 mare.

165 5463 176 5471 .
211 5404 229 5430 ε
253 5394 322 5451 lta
349 5400 672 5477 retinuimus
712 5419 781 5458 ex
816 5394 918 5460 ins.
954 5394 1243 5477 Vaticano;
1283 5394 1706 5472 nutinUll—teﬁedi;

146 5472 314 5531 bones,
343 5471 514 5524 aliter.

209 5532 229 5570 δ
253 5536 556 5613 ςξιιίυειηοάί
576 5544 826 5613 equidem
857 5545 1131 5604 Pharismi.

210 5615 229 5692 ὲ
253 5606 358 5692 lloc
384 5620 487 5692 est,
519 5606 972 5692 quemadmodum
1001 5623 1241 5678 muneris
1269 5629 1351 5679 est
1377 5624 1571 5692 divini,
1596 5643 1706 5684 non

329 5691 562 5770 naturae.
591 5685 656 5770 ad
679 5687 842 5769 vitam
863 5698 1116 5770 _mortnos
1137 5709 1439 5770 _revocare;_
1468 5697 1539 5752 ita
1559 5685 1707 5770 opus

140 5747 698 5838 gst‘deaterzenﬁreelsi
731 5759 879 5830 quod
913 5777 1107 5838 avarus
1135 5747 1701 5838 bonasuaflargia’t'ur:

142 5810 410 5907 Ergopptereoa
441 5810 1293 5907 Mattbasivrevodaﬁoahus'uris,

142 5899 245 5955 ειυς
261 5899 311 5950 ω
335 5899 453 5965 pios
473 5912 602 5955 usus
631 5902 874 5974 erogatio
909 5903 1010 5959 fuit
1035 5920 1230 5964 munus
1256 5899 1516 5965 divinum.
1543 5911 1704 5969 Mira.

1741 4709 1790 4768 υ

1827 3377 1983 3450 fuerit
2005 3376 2273 3430 thesaurus
2297 3385 2432 3441 tuus,
2457 3376 2566 3430 illic
2587 3385 2636 3429 et
2656 3393 2746 3431 cor
2775 3386 2914 3430 tuum
2941 3377 3040 3430 erit
3075 3373 3287 3447 (Matth.
3314 3373 3410 3445 v1).

1825 3471 2031 3525 Aurum
2055 3470 2487 3540 patriarcharum
2517 3470 2737 3540 stirpem
2755 3511 2770 3536 ,
2806 3468 3121 3540 progeniem
3148 3476 3409 3533 sanctam,

1825 3570 2032 3618 tantam
2065 3562 2436 3632 germanitatis
2471 3562 2798 3632 singularem
2830 3577 3088 3617 coronam
3123 3560 3259 3617 adeo
3287 3577 3410 3616 cor-

1825 3656 1990 3727 rupit,
2014 3665 2069 3712 et
2097 3656 2264 3711 totius
2283 3655 2516 3711 reddidit
2544 3655 2762 3726 pietatis
2791 3663 3062 3710 extorrem
3081 3694 3095 3719 ,
3127 3663 3186 3710 ut
3211 3652 3413 3725 Joseph

1827 3748 2116 3821 Egyptiis,
2143 3747 2366 3804 fratrem
2394 3747 2656 3812 barbaris,
2687 3747 3033 3802 innocentem
3055 3745 3248 3812 noxiis,
3275 3754 3302 3794 ε
3332 3746 3413 3800 in-

1826 3841 2158 3908 genuitatem
2187 3837 2465 3893 traderent
2491 3838 2740 3894 servituti
2765 3834 2917 3907 (Gen.
2945 3836 3166 3909 xxxv“).
3192 3835 3283 3891 Sic
3309 3837 3413 3892 sic-

1825 3932 1966 3986 cavit
1986 3938 2211 3996 mentes,
2241 3931 2319 3986 sic
2349 3931 2514 3986 corda
2542 3930 2826 4001 depressit,
2853 3930 2931 3986 sic
2949 3929 3093 4000 quod
3123 3930 3177 3983 in
3207 3929 3285 3983 eis
3304 3927 3412 3984 fue-

1823 4038 1910 4086 rat
1937 4030 2155 4084 humani
2199 4043 2409 4095 sensus,
2451 4026 2678 4083 ferinam
2709 4028 2762 4082 in
2789 4027 2995 4082 rabiem
3041 4024 3409 4088 commutavit,

1825 4131 1884 4178 ut
1913 4139 2020 4178 non
2043 4121 2305 4178 offensam
2333 4122 2449 4189 Dei,
2481 4136 2590 4176 non
2619 4121 2794 4176 sancti
2822 4119 2992 4191 patris
3011 4118 3274 4184 dolorem,
3301 4131 3411 4174 non

1823 4218 2029 4289 proprii
2066 4217 2340 4287 sanguinis
2368 4232 2586 4271 sensum
2625 4215 2932 4271 meminisse
2971 4211 3295 4284 permiserit.
3323 4209 3411 4265 ln-

1819 4318 1973 4366 tuere
2001 4309 2132 4378 quid
2159 4325 2292 4364 auro
2319 4309 2554 4378 gravius,
2586 4308 2729 4378 quod
2751 4323 2874 4362 cum
2910 4321 3091 4361 mores
3130 4305 3410 4360 hominum

1817 4403 2014 4474 perdit,
2046 4402 2224 4474 perdit
2245 4411 2300 4457 et
2329 4409 2595 4456 naturam.
2620 4401 2824 4456 Aurum
2850 4398 3131 4455 Iudaicum
3155 4397 3408 4469 populum

1816 4495 1897 4550 sic
1935 4511 2034 4550 suo
2064 4495 2355 4565 captivavit
2404 4502 2659 4565 aspectu,
2700 4493 2829 4549 vicit
2883 4493 3183 4560 illecebris,
3230 4491 3411 4564 specie

1818 4588 2164 4659 perdecepit,
2197 4596 2257 4642 ut
2283 4589 2388 4643 hoc
2433 4603 2552 4642 esse
2590 4586 2760 4642 Deum
2802 4587 3086 4642 crederent
3110 4629 3125 4655 ,
3157 4595 3212 4642 et
3241 4587 3409 4640 Deum

1816 4695 2022 4744 verum,
2058 4679 2223 4733 Deum
2250 4687 2331 4733 tot
2353 4676 2631 4734 beneficiis
2651 4680 2926 4749 cognitum
2945 4677 3306 4748 denegarem;
3333 4680 3410 4735 sic

1817 4771 2086 4827 convertit
2117 4771 2364 4826 homines
2393 4772 2445 4825 in
2471 4769 2738 4840 jumenta,
2769 4778 2828 4825 ut
2861 4771 3014 4826 vituli
3043 4779 3226 4842 caput,
3249 4778 3412 4844 caput

1816 4879 1972 4918 suum
2002 4862 2304 4929 crederent,
2331 4872 2386 4918 et
2407 4864 2647 4918 omnium
2675 4880 2858 4920 rerum
2886 4866 3050 4936 capiti
3071 4864 3099 4902 ιι
3120 4875 3282 4937 caput
3316 4880 3410 4936 pe-

1892 4997 1912 5074 ξ
1937 4997 1995 5052 Id
2024 5006 2138 5074 est,
2170 4997 2295 5053 dum
2329 5007 2520 5054 natura
2549 5016 2644 5055 sua
2675 5002 2904 5056 obscura
2946 5018 3172 5074 qumque
3209 5014 3264 5059 et
3303 5006 3411 5060 alte

1814 5068 2028 5150 defossa
2059 5070 2370 5150 locaamat.
2692 5143 2704 5150 Δ
2827 5117 2852 5150 θ

1891 5138 2059 5218 s_Ms.
2097 5138 2319 5218 Vatic,
2341 5143 2641 5218 ingenuum:
2671 5143 2745 5218 At
2783 5138 2852 5218 ei
2891 5143 3410 5218 genioChrysologi

1814 5209 2104 5265 lectionem
2137 5227 2237 5264 ms.
2280 5210 2850 5270 C:esen.etVallicell.
2897 5209 3150 5272 libentius
3191 5209 3405 5272 retinui.

1815 5280 1932 5336 Non
1955 5290 2136 5337 autem
2165 5283 2564 5360 a-uri_pl_'etiun_i,
2587 5286 2731 5360 quod
2754 5301 2822 5341 ex
2851 5285 3132 5342 lsmaelitis
3152 5303 3411 5360 percepe-

1816 5361 1959 5414 runt,
1987 5351 2327 5478 eritperduxit
2347 5351 2564 5425 Josephi
2594 5351 2814 5423 fratres,
2860 5367 2919 5412 ut
2959 5374 3082 5413 eum
3112 5351 3409 5414 venumda-

1817 5432 1968 5478 rent:
2000 5439 2026 5477 ε
2123 5423 2391 5478 zelotvuia
2416 5428 2564 5478 tacti.
2589 5429 2733 5478 quod
2763 5444 2884 5478 eum
2915 5430 2968 5478 in
2999 5445 3187 5478 omnes
3215 5444 3409 5478 reuna-

1817 5432 1968 5488 rent;
2000 5423 2092 5478 sed
2123 5423 2391 5498 zelotypia
2416 5423 2564 5492 tacti,
2589 5429 2733 5497 quod
2763 5444 2884 5484 eum
2915 5430 2968 5484 in
2999 5445 3187 5486 omnes
3215 5444 3409 5498 regna-

1819 5499 1996 5546 turum
2021 5495 2229 5549 somnia
2253 5495 2656 5564 protenderen‘t.
2677 5499 2998 5555 Nondcsunt
3009 5510 3187 5556 tamen
3210 5495 3406 5556 ex'Pa-

1817 5565 1990 5642 tribus
2009 5579 2146 5633 quos
2164 5566 2267 5642 hoc
2281 5566 2422 5642 id_c_m
2439 5584 2558 5642 c_um
2572 5567 2906 5642 Chrysologo
2922 5573 3152 5628 sensisse
3165 5579 3406 5642 apparet.

1889 5631 1915 5671 ιι
1948 5631 2063 5689 Non
2097 5636 2188 5690 uni
2217 5652 2283 5691 ex
2313 5635 2409 5692 SS.
2449 5631 2701 5695 Patribus
2730 5631 2884 5696 mens
2909 5642 3038 5706 fuit,
3073 5645 3142 5699 ab
3170 5631 3413 5698 Hebraeis

1815 5705 1970 5760 vituli
1993 5715 2210 5777 tantum
2232 5717 2393 5777 caput
2415 5710 2577 5766 luisse
2607 5710 2916 5768 conflatum.
2941 5713 2996 5768 ln
3020 5705 3121 5771 hac
3142 5718 3412 5771 sententia

1815 5785 1941 5858 sunt
1978 5775 2274 5858 Cyprianus
2295 5775 2364 5858 ft
2395 5780 2719 5858 _Ambrnsi_us
2771 5786 2927 5854 epist.
2977 5785 3064 5852 ΘΞ,
3099 5785 3412 5843 Lactantius

1825 5846 1917 5901 lib.
1943 5865 1995 5902 rv
2023 5846 2144 5920 cap.
2179 5849 2261 5902 lO.
2294 5847 2362 5903 Et
2391 5851 2516 5908 inde
2541 5855 2762 5910 tradunt
2784 5846 3025 5914 nonnulli
3049 5846 3223 5914 ortam
3244 5858 3412 5915 ethni-

1825 5931 2010 5974 corum
2057 5920 2381 5975 calumniam
2406 5964 2419 5989 ,
2463 5921 2676 5984 Judzeos
2718 5928 2922 5987 scilicet
2963 5930 3218 5990 adorasse
3249 5939 3412 6001 caput
