3942 6348
466 356 572 418 IB'I
1713 366 1772 425 Β.
1813 367 2020 426 PETRI

2160 368 2460 427 RYSOLOG
2473 372 2486 423 l
3625 375 3730 438 1η

1021 471 1253 532 SERMO
1287 472 1476 532 XXXI.

540 610 615 668 De
634 610 1021 669 Pharisteorum
1050 620 1102 668 et
1128 613 1495 687 discipulorum
1521 616 1744 675 Joannis
1758 622 1984 694 jejunio.

537 770 760 828 Bonitas
799 771 1058 828 virtutum
1093 780 1287 839 mater,
1336 773 1539 829 malitia
1575 776 1728 846 origo
1764 777 2053 850 vitiorum;

465 864 694 920 virtutes
713 862 1004 920 comitatur
1021 863 1213 934 gloria,
1249 865 1475 922 inhaeret
1494 867 1638 922 vitiis
1665 878 1892 938 cognata
1925 887 2058 927 con-

466 955 639 1026 l'usio;
659 958 802 1014 sicut
819 957 948 1013 vitia
972 965 1224 1027 teguntur
1241 958 1398 1025 dolis,
1432 959 1504 1014 ita
1533 961 1867 1017 illustrantur
1894 964 2056 1020 liber—

465 1056 579 1105 tate
610 1049 856 1104 virtutes.
900 1047 1037 1105 llinc
1079 1057 1165 1105 est
1195 1049 1343 1120 quod
1375 1050 1621 1106 Christus
1657 1053 1914 1108 virtutum
1940 1056 2051 1124 lux,

465 1142 662 1211 agebat
689 1142 892 1209 libere,
922 1141 1248 1212 loquebatur
1278 1159 1446 1214 pure,
1485 1147 1774 1215 prmstabat
1801 1157 1860 1203 ut
1891 1150 2051 1220 Deus,

467 1232 775 1303 patiebatur
804 1241 867 1288 ut
906 1249 1135 1305 parens,
1185 1243 1243 1290 ut
1273 1234 1523 1291 dominus
1563 1240 1854 1306 arguebat:
1884 1239 2054 1299 Judmi

466 1335 599 1379 vero
629 1324 929 1395 viperinum
961 1339 1201 1395 germen,
1229 1335 1254 1364 ι
1277 1327 1553 1396 genitricis
1590 1345 1756 1394 mors,
1792 1333 2052 1400 genitoris

2072 484 2126 548 Α
2150 481 2376 541 Joannis
2388 451 2662 542 Christum
2688 487 2944 544 nolebant
2957 487 3150 546 Joanni
3165 491 3434 548 ullatenus
3450 492 3728 554 anteferri:

2160 579 2240 635 sic
2274 578 2328 633 in
2359 575 2634 634 Christum
2669 579 2968 636 fremebant
3001 583 3214 653 utrique
3246 582 3418 641 livore
3444 589 3729 646 communi.

2163 670 2336 738 Quare
2380 689 2474 729 nos
2517 683 2568 729 et
2615 673 2874 732 Pharistei
2912 678 3212 750 jejunamus
3245 681 3559 752 frequenter,
3594 681 3734 738 disci-

2157 765 2265 838 puli
2285 777 2453 822 autem
2485 769 2556 822 tui
2585 784 2688 822 non
2703 769 2946 840 jejunant
2966 770 2992 823 ?
3031 768 3246 838 Quare?
3276 772 3404 842 quia
3443 788 3611 844 penes
3646 789 3733 832 vos

2163 871 2184 898 ε
2211 861 2380 918 estde
2410 861 2546 931 lege,
2576 879 2684 918 non
2719 862 2786 919 de
2820 863 3117 930 voluntate,
3149 863 3446 935 jejunium;
3476 865 3732 937 jejunium

2159 972 2267 1011 non
2286 955 2618 1026 ieiunantem
2639 957 2886 1027 respicit,
2911 957 3005 1013 sed
3026 957 3322 1013 lubentem.
3364 957 3432 1012 Et
3450 960 3575 1028 quis
3595 961 3733 1015 vobis

2153 1046 2345 1118 ieiunii
2368 1046 2570 1104 fructus
2603 1057 2717 1115 est,
2769 1050 2860 1118 qui
2888 1047 3148 1119 jejunium
3178 1049 3436 1120 ieiunatis
3480 1050 3733 1105 invitum?

2158 1140 2424 1212 Jeiunium
2447 1150 2529 1197 est
2548 1142 2820 1212 singulare
2848 1143 3149 1198 sanctitatis
3175 1151 3412 1198 aratrum
3430 1185 3446 1210 ,
3469 1143 3601 1198 colit
3619 1157 3734 1198 cor-

2158 1233 2247 1301 da,
2271 1234 2507 1290 eradicat
2529 1234 2772 1300 crimina,
2797 1234 2979 1290 evellit
2993 1234 3206 1299 delicta,
3229 1234 3357 1289 vitia
3379 1235 3609 1300 subruit,
3625 1233 3734 1288 cha—

2159 1327 2374 1382 ritatem
2390 1329 2538 1394 serit,
2557 1328 2766 1398 copiam
2783 1327 2970 1392 nutrit,
2987 1335 3142 1398 parat
3157 1327 3475 1382 innocentia:
3488 1339 3730 1383 messem.

468 1417 706 1483 occisia,
739 1417 869 1474 dum
908 1419 1184 1489 perimunt
1221 1417 1496 1476 Christum
1541 1420 1838 1494 Synagogaa
1869 1426 2056 1482 matris
2156 1420 2410 1490 Discipuli
2433 1435 2563 1489 ergo
2583 1419 2783 1475 Christi
2816 1421 2868 1473 in
2890 1427 3004 1475 tota
3025 1419 3326 1474 sanctitatis
3345 1427 3533 1488 segete
3553 1417 3734 1474 consti-

470 1517 684 1565 uterum
705 1509 1042 1582 diruperunt.
1083 1511 1223 1568 Vere
1256 1513 1395 1569 sicut
1425 1515 1681 1586 scriptum
1715 1525 1829 1572 est:
1866 1518 2059 1591 Ρνορε..
2156 1512 2278 1578 tuti,
2302 1518 2356 1566 et
2380 1511 2635 1566 virtutum
2668 1511 2972 1581 manipulos
2999 1511 3331 1580 colligentes,
3366 1510 3734 1581 habentespa-

469 1602 586 1656 nies
605 1603 892 1674 viperarum
914 1603 1131 1677 (Matth.
1174 1604 1254 1677 ιιι)
1281 1606 1672 1664 submittebant
1692 1611 1887 1680 capita,
1925 1612 2054 1668 adu-

2160 1618 2281 1657 nem
2305 1602 2417 1672 iam
2442 1603 2567 1657 novi
2591 1601 2815 1666 fructus,
2845 1602 3140 1657 inveterata
3166 1617 3272 1657 non
3293 1610 3524 1673 possunt
3547 1599 3734 1671 ieiunis

473 1689 726 1748 labantur
759 1693 966 1764 lingua,
1007 1696 1231 1752 vulnera
1272 1697 1473 1754 dabant
1502 1699 1674 1768 dolis,
1712 1701 2054 1774 blasphemiis

2160 1695 2417 1766 ieiunare.
2450 1695 2581 1762 Quae
2604 1694 2876 1764 iactantur
2896 1694 3094 1762 verbis,
3111 1695 3318 1765 pallore
3345 1703 3731 1766 proponuntur,

474 1799 683 1840 venena
723 1783 1043 1842 fundebant:
1067 1795 1122 1844 et
1158 1790 1310 1858 quasi
1335 1807 1443 1846 non
1477 1790 1746 1848 suﬁiceret
1779 1795 1846 1850 ad
1875 1796 2058 1852 odium
2086 1807 2133 1869 Β
2160 1789 2503 1845 venditantur
2541 1787 2774 1853 delectu,
2832 1789 3046 1859 placent
3091 1789 3339 1843 humanis
3385 1788 3596 1852 oculis,
3639 1803 3735 1843 non

473 1883 832 1946 contemptus,
861 1877 1149 1950 despectus
1169 1881 1237 1935 ad
1254 1881 1520 1950 iniuriam,
1546 1884 1623 1939 sic
1645 1883 1918 1942 Christum
1947 1903 2051 1959 per-

473 1967 839 2036 sequebantur
871 1969 1112 2037 insidiis,
1136 1974 1418 2029 tentabant
1445 1975 1603 2042 dolis,
1642 1977 2063 2047 interrogatione

473 2057 778 2129 pulsabant,
809 2063 1135 2131 appetebant
1167 2066 1525 2135 contumeliis,
1563 2077 1618 2123 et
1645 2076 1757 2123 tota
1786 2070 1965 2140 cupidi
1986 2071 2061 2126 si-

472 2147 767 2206 mulatione
794 2152 1084 2208 vallabant.
1138 2155 1477 2224 Objiciebant
1514 2160 1780 2216 curandos
1813 2163 2058 2231 sabbato,

475 2247 538 2294 ut
569 2240 617 2296 si
651 2257 759 2298 non
793 2254 1054 2313 curasset,
1097 2244 1250 2304 ﬁeret
1275 2249 1342 2304 de
1364 2250 1795 2320 impossibilitate
1817 2264 2058 2310 contem-

474 2339 630 2403 ptus;
665 2333 733 2390 de
755 2335 873 2405 lege
894 2347 1139 2394 manaret
1163 2341 1430 2396 calumnia
1456 2343 1502 2398 si
1525 2353 1784 2400 curasset.
1825 2346 2058 2402 Interro-

473 2424 675 2491 gabant
703 2425 755 2480 in
775 2441 881 2496 qua
913 2437 1184 2498 potestate
1211 2431 1414 2488 laceret
1443 2449 1537 2489 sua
1564 2434 1808 2505 iussione
1837 2439 2064 2494 virtutes

478 2513 632 2586 (Luc.
657 2516 776 2600 xx),
805 2526 864 2574 ut
895 2521 944 2575 si
975 2520 1232 2589 dixisset,
1261 2523 1508 2592 deitatis,
1540 2527 1791 2583 invidiam
1816 2546 2060 2586 commo-

475 2617 696 2674 verent;
737 2611 783 2663 si
809 2611 1096 2679 tacuisset,
1137 2615 1271 2669 artis
1300 2617 1519 2686 magicae
1552 2619 1755 2675 crimen
1783 2620 2059 2677 inferrent.

476 2696 737 2754 Dicebant
758 2702 899 2756 enim
933 2705 989 2758 in
1025 2704 1303 2762 Beelzebub
1335 2710 1568 2782 principe
1589 2711 1959 2769 daemoniorum
1979 2714 2072 2786 eji-

476 2790 546 2842 cit
567 2789 824 2847 demonia
847 2792 1064 2865 (Matth.
1102 2797 1234 2868 xu):
1281 2807 1356 2867 et,
1380 2801 1521 2856 sicut
1548 2802 1709 2859 hodie
1734 2805 1931 2860 lectum
1961 2814 2064 2873 est,

477 2881 621 2951 apud
653 2882 944 2955 discipulos
980 2887 1034 2942 in
1068 2890 1385 2960 magistrum
1425 2901 1610 2949 notam
1639 2894 1707 2951 de
1742 2894 2062 2952 Publicano-

477 2985 596 3027 rum
617 2975 865 3031 convivio
893 2982 1310 3050 componebant.
1350 2983 1509 3056 Apud
1549 2988 1864 3056 magistrum
1904 2988 2064 3045 disci-

475 3062 630 3132 pulos
656 3064 848 3135 iejunii
895 3071 1107 3127 nescios
1145 3074 1285 3143 gulae
1330 3075 1545 3133 deditos
1579 3080 1934 3147 accusabant;
1966 3080 2060 3136 sed

474 3155 749 3227 discipulis
781 3157 848 3216 de
881 3162 1172 3232 magistro,
1209 3166 1468 3235 magistro
1500 3167 1568 3224 de
1608 3169 1884 3240 discipulis
1908 3172 2062 3227 odio-

473 3262 590 3303 rum
613 3263 834 3318 causas,
874 3251 1156 3312 discordia:
1191 3259 1398 3313 semina
1435 3259 1606 3316 livore
1623 3260 1921 3330 iactabant.
1960 3265 2063 3318 Ac-

472 3351 761 3408 cesserant,
789 3342 994 3414 inquit,
1025 3347 1268 3420 discipuli
1298 3349 1557 3420 Joannis,
1583 3353 1810 3410 dicentes
1837 3372 1855 3409 :
1889 3353 2063 3420 Quare

472 3447 565 3486 nos
597 3443 648 3488 et
678 3433 936 3493 Pharisaei
949 3440 1250 3512 jejunamus
1273 3446 1580 3518 frequenter,
1617 3448 1859 3520 discipuli
1891 3460 2061 3505 autem

474 3523 546 3576 tui
581 3540 684 3579 non
712 3527 958 3598 jejunant
979 3531 1191 3602 (Matth.
1217 3534 1334 3606 lx)?
1373 3536 1583 3593 Etcum
1609 3539 1885 3611 discipulis
1905 3541 2064 3598 Joan-

474 3613 556 3668 nis
577 3628 695 3684 qua:
715 3621 946 3677 societas
965 3620 1286 3683 Pbarismis?
1307 3629 1410 3685 nisi
1439 3631 1563 3700 quia
1588 3632 1842 3702 iunXerat
1870 3634 1895 3674 δ
1925 3636 2062 3690 invi-

2085 3117 2132 3179 C

2160 1883 2371 1939 divinis.
2407 1880 2578 1948 Quare
2606 1900 2698 1938 nos
2725 1892 2776 1936 et
2817 1882 3071 1937 Phariswi
3101 1883 3403 1954 jejunomus
3433 1884 3730 1954 frequenter,

2159 1976 2396 2048 discipuli
2417 1986 2585 2030 autem
2608 1978 2680 2029 tui
2709 1993 2810 2030 non
2826 1976 3110 2047 jejunant?
3136 1975 3419 2046 Respondit
3445 1973 3732 2028 Dominus:

2161 2067 2430 2141 Numquid
2457 2077 2668 2138 possunt
2705 2067 2802 2137 lilii
2821 2069 2994 2137 sponsi
3017 2065 3043 2103 ά
3061 2067 3324 2138 jejunare,
3355 2065 3605 2138 quamdiu
3634 2080 3733 2118 aus

2157 2161 2263 2216 illis
2291 2170 2366 2215 est
2402 2159 2655 2230 sponsus?
2675 2156 2814 2226 Quid
2843 2167 2925 2213 est
2960 2158 3100 2213 hoc?
3125 2156 3490 2226 Interrogatus
3510 2154 3733 2211 Joannes

2159 2268 2415 2324 sponsum
2463 2266 2580 2307 esse
2623 2251 2703 2306 sic
2748 2258 2972 2306 testatus
3010 2258 3091 2304 est
3117 2248 3428 2304 Christum:
3465 2245 3571 2312 Qui
3599 2249 3734 2302 habet

2159 2361 2404 2417 sponsam
2428 2361 2646 2416 sponsus
2675 2353 2784 2408 est;
2815 2345 3009 2398 anticus
3038 2353 3205 2396 autem
3225 2342 3419 2413 sponsi,
3451 2343 3542 2414 qui
3580 2352 3679 2396 stat
3694 2349 3734 2395 et

2161 2438 2307 2492 audit
2327 2455 2439 2492 cum
2467 2437 2677 2510 gaudio,
2705 2437 2894 2510 gaudet
2917 2446 3128 2509 propter
3155 2453 3324 2491 rorem
3352 2437 3532 2507 sponsi
3557 2434 3732 2507 (Joan.

2163 2532 2276 2600 ιιι).
2315 2527 2715 2585 Convenienter
2754 2543 2885 2598 ergo
2912 2528 3189 2599 discipulis
3227 2526 3466 2582 Joannes
3508 2525 3734 2595 magistri

2163 2623 2246 2678 sui
2275 2637 2407 2678 voce
2436 2621 2732 2691 respondit,
2767 2628 2825 2674 ut
2843 2621 2930 2674 vel
2958 2620 3032 2674 illi
3057 2619 3342 2674 crederent
3363 2627 3419 2673 et
3447 2633 3559 2673 non
3587 2630 3734 2685 coge-

2167 2721 2289 2768 rent
2317 2720 2560 2782 tcmpora
2589 2712 2772 2783 sponsi
2801 2711 2921 2766 laeta
2953 2711 3119 2766 tristis
3144 2711 3344 2765 intrare
3369 2709 3563 2778 ieiunii
3588 2727 3601 2762 :
3625 2709 3734 2778 quia

2166 2805 2257 2876 qui
2285 2805 2475 2875 quasrit
2502 2819 2756 2876 sponsam
2782 2803 2986 2874 ieiunia
3025 2805 3256 2875 seponit,
3281 2804 3542 2874 relinquit
3571 2812 3734 2858 auste-

2165 2912 2243 2962 ra,
2270 2905 2442 2952 totum
2472 2912 2530 2952 se
2551 2896 2642 2950 dat
2663 2895 2890 2965 gaudiis,
2920 2896 3091 2968 epulis
3126 2896 3385 2964 indulget,
3419 2903 3568 2950 totus
3601 2893 3732 2948 blan-

2163 2987 2280 3053 dus,
2315 2995 2459 3042 totus
2495 2987 2758 3053 amabilis,
2791 2996 2938 3043 totus
2991 2987 3210 3042 lestivus
3256 2987 3478 3050 incedit,
3529 2995 3584 3041 et
3622 2985 3733 3040 facit

2164 3091 2336 3137 totum
2364 3081 2506 3152 quod
2538 3097 2752 3153 sponsa:
2779 3089 2964 3136 tenera
2987 3082 3214 3152 requirit
3241 3079 3476 3136 all'ectio.
3503 3079 3734 3135 Christus

2165 3189 2296 3244 ergo
2323 3174 2413 3244 qui
2437 3181 2562 3229 tunc
2586 3183 2609 3212 ο
2632 3172 2928 3229 Ecclesium
2950 3174 3331 3245 desponsabat,
3356 3173 3656 3242 indulgebat
3679 3185 3733 3226 se

2167 3269 2386 3331 mensis,
2415 3267 2826 3323 convivantibus
2873 3282 2932 3322 se
2984 3282 3091 3321 non
3135 3265 3401 3336 negabat,
3434 3265 3728 3328 humanum,

2163 3372 2397 3425 comem,
2425 3360 2680 3416 blandum
2726 3377 2786 3416 se
2832 3361 2918 3431 pia
2963 3361 3227 3416 charitate
3267 3359 3539 3424 reddebat,
3565 3357 3733 3414 donec

2162 3455 2361 3509 llivinis
2407 3453 2639 3507 humana
2683 3452 3053 3522 coniungeret,
3085 3461 3140 3507 et
3180 3451 3384 3508 faceret
3420 3450 3491 3506 de
3531 3458 3732 3506 terrena

2163 3545 2424 3600 societate
2475 3543 2696 3599 cmleste
2727 3543 3078 3599 consortium.
3125 3541 3335 3612 Adiecit
3381 3541 3632 3598 Dominus
3657 3539 3730 3594 di-

2163 3651 2290 3692 cens
2323 3654 2335 3689 :
2369 3633 2537 3690 Nemo
2557 3635 2783 3689 immittit
2802 3636 3188 3689 commissuram
3228 3635 3388 3706 panni
3414 3632 3556 3687 rudis
3577 3634 3624 3685 in
3650 3646 3729 3686 re-

473 3707 593 3800 dia.
629 3724 767 3780 quos
803 3713 1137 3784 disiunxerat
1168 3720 1472 3793 disciplina.
1525 3725 1624 3782 ilic
1652 3726 1766 3796 iam
1798 3744 1895 3784 sua
1930 3745 2058 3800 per-
2158 3731 2452 3783 stimentum
2473 3739 2631 3792 vetus,
2667 3728 2799 3782 tollit
2834 3730 2972 3782 enim
3019 3726 3038 3766 τ
3069 3727 3441 3799 plenitudinem
3467 3727 3577 3798 ejus
3603 3743 3633 3779 a
3655 3742 3730 3780 se-

472 3797 547 3851 dit
574 3799 698 3869 iura
746 3806 922 3873 zelus,
955 3808 1135 3879 iunxit
1179 3813 1488 3886 disiungere
1526 3828 1836 3877 consuetus.
1887 3797 2058 3878 Judaei
2158 3823 2418 3887 stimento,
2447 3830 2497 3875 et
2532 3821 2680 3892 pejor
2704 3821 2930 3875 scissura
2965 3820 3044 3890 fit.
3069 3797 3336 3888 ﬁAntiqua:
3383 3797 3516 3887 legis
3557 3816 3728 3888 supel-

472 3896 723 3963 ΡοεῑΡοηὶ
769 3896 990 3972 Moysen
1049 3902 1279 3961 Domino
1323 3923 1432 3964 non
1477 3908 1754 3979 ferebant,
1803 3913 2057 3984 discipuli
2159 3913 2392 3969 lectilem
2435 3911 2565 3967 dicit
2605 3910 2890 3968 Uudaicis
2936 3911 3127 3967 studiis
3173 3911 3432 3977 attritum,
3477 3909 3730 3981 corruptis

599 4100 799 4184 Alludit
831 4103 897 4158 ad
934 4104 1063 4160 illud
1096 4106 1238 4184 quod
1273 4108 1432 4178 vulgo
1451 4111 1798 4184 perhibetur,
1838 4114 2050 4184 viperas

467 4169 669 4256 scilicet
702 4187 956 4256 ex_eros_o
987 4169 1654 4256 matris__uterovad'vitam
1678 4169 1852 4256 exire.
1877 4169 2050 4256 Chrye

467 4250 736 4320 sostomus
768 4244 954 4300 homil.
982 4246 1037 4300 Η
1078 4249 1135 4320 in
1167 4248 1352 4304 Matth.
1382 4266 1501 4320 pag.
1527 4251 1626 4306 69:
1670 4252 1818 4308 Istud
1851 4244 2051 4308 animal

467 4315 1000 4392 corrumpitmairem,
1035 4319 1244 4392 ejusque
1259 4315 1484 4392 uentrem
1518 4323 1760 4388 devorat,
1794 4341 1854 4377 ac
1888 4326 1943 4378 in
1977 4333 2052 4379 tu-

468 4383 798 4464 cent‘prodit.
842 4383 1262 4464 Epdem_'modo_
1290 4390 1718 4464 Theophylactus
1751 4383 1803 4448 in
1838 4410 1955 4464 cap.
1995 4412 2051 4450 ιιι

2150 4112 2328 4170 Judic.
2357 4131 2465 4179 xxv,
2486 4113 2572 4167 ll.
2605 4111 2807 4168 Graecis
2833 4112 3064 4184 ὁμήλικες
3084 4120 3228 4178 sunt,
3253 4110 3466 4184 Latinis
3485 4110 3724 4180 :equales.

2152 4184 2232 4238 Ex
2263 4185 2366 4240 hoc
2394 4184 2669 4253 Evangelii
2726 4185 2845 4239 loco
2863 4182 3210 4253 Montanist
3243 4182 3468 4251 ieiunia,
3501 4189 3556 4237 et
3583 4197 3726 4253 xero-

2153 4256 2378 4324 phagias
2421 4252 2810 4326 protrahebant
2840 4254 3001 4326 etiam
3032 4262 3152 4326 post
3183 4252 3559 4326 Pentecosten,
3590 4252 3720 4326 quod

2154 4322 2337 4397 ablato
2385 4322 2586 4397 sponso
2642 4326 2734 4379 lilii
2775 4325 2972 4397 sponsi
3013 4322 3243 4397 debeant
3285 4322 3725 4397 ieiunare._}’ide

2154 4392 2538 4468 Hieronymum
2569 4397 2620 4450 in
2651 4413 2770 4466 cap.
2806 4392 2898 4449 vni
2930 4394 3114 4468 Matth.
3150 4392 3401 4468 Fortasse
3449 4395 3537 4450 hic
3563 4392 3720 4465 Chry-

470 4449 657 4535 Matth;
671 4469 814 4535 ‘pa_g_.
841 4456 922 4522 l8,
958 4458 1193 4535 lsidorus
1231 4449 1534 4535 Peleusibta
1572 4465 1726 4532 epist.
1768 4463 1870 4517 105
1904 4449 2051 4521 ίίὺίι
2083 4527 2121 4535 ,μ
2155 4449 2380 4534 sol‘og‘usJ
2394 4449 2584 4522 horum
2613 4449 2854 4520 errdrem
2885 4449 3218 4535 perstringit.

471 4535 590 4606 pag.
627 4524 712 4606 3:2,
750 4525 834 4592 55,
860 4527 1140 4606 etc_._Yide
1183 4546 1301 4600 qua:
1333 4524 1692 4590 abundantius
1723 4535 1963 4591 dicemus
1996 4538 2048 4592 in
2079 4527 2131 4588 D
2231 4549 2253 4575 ε
2276 4524 2555 4592 Christum
2586 4537 2838 4591 Ecclesizr.
2867 4524 3288 4606 ε’ροιιδιιηινιὶίοἰ,
3322 4535 3458 4592 alias
3485 4535 3722 4591 observa-

472 4594 615 4648 uolis
647 4595 712 4649 ad
747 4613 904 4652 serm.
937 4597 1059 4652 158.

543 4662 568 4700 ι’
605 4665 858 4750 Discipuli
913 4667 1135 4750 Joa’mis
1182 4673 1298 4750 gelo
1357 4675 1591 4750 quodam
1650 4692 1749 4750 pro
1767 4677 2051 4750 _uiag_istro

469 4751 568 4817 suo
613 4736 759 4817 ducti
803 4741 1054 4817 e_rai_.t__in_
1090 4742 1342 4798 invidiam
1375 4736 1612 4817 Christi.
1652 4736 1664 4747 ’
1687 4748 1731 4800 Δ
1766 4736 2051 4802 Phariszeis

467 4810 632 4888 igitur
672 4810 921 4888 submissi
960 4812 996 4888 ii
1032 4811 1282 4888 fuerant,
1313 4823 1374 4888 Aut
1399 4815 1597 4888 Christi
1630 4817 1920 4887 discipulos
1953 4834 2048 4888 ag-

465 4876 848 4958 grederentur;
881 4881 995 4947 Vel,
1043 4892 1100 4938 ut
1128 4885 1238 4938 vult
1271 4885 1356 4941 hic
1388 4876 1901 4958 Chrysologus'cum
1938 4876 2049 4942 Αὖ-

465 4950 681 5030 gustino
713 4950 1106 5030 degonsensu,
1145 4966 1250 5010 etc.
1289 4972 1407 5026 cap.
1449 4950 1512 5010 Π
1547 4967 1601 5012 et
1632 4950 2050 5030 Chrysostomus

465 5018 748 5146 gpinatpr,
790 5021 1072 5079 Pharisazis
1097 5018 1409 5094 accessere,
1453 5043 1677 5098 seseque
1717 5018 1820 5083 illis
1858 5045 2051 5084 conso-

499 5104 648 5144 larun
681 5132 695 5145 .

465 5103 695 5145 enarunt.

542 5172 561 5198 ε
599 5159 938 5238 Explicarem
1004 5181 1128 5238 non_
1164 5167 1232 5222 de
1283 5169 1510 5238 publicis
1557 5167 1780 5237 ieiuniis
1829 5170 2049 5238 antiqua

466 5229 584 5308 lege
613 5229 810 5308 Judmis
843 5236 1076 5308 decretis
1111 5229 1332 5292 Levitic.
1373 5257 1408 5304 ι,
1446 5238 1531 5301 29,
1557 5229 1664 5294 'séd
1696 5240 1763 5295 de
1797 5240 1901 5294 illis
1929 5229 2050 5308 qua:

466 5298 585 5383 lege
630 5305 835 5374 prisata
881 5316 946 5383 et
966 5306 1141 5383 iussu
1164 5298 1573 5383 magistrorum,
1609 5310 1693 5383 vel
1728 5325 1793 5363 ex
1829 5298 2050 5383 proprio

464 5377 730 5446 cuiusque
761 5377 986 5433 consilio
1019 5379 1173 5434 statis
1207 5377 1395 5436 diebus
1428 5377 1870 5436 observabuntur.
1896 5377 2051 5446 Quod

465 5441 708 5500 solemne
757 5457 874 5520 erat
924 5446 1224 5520 Phariszeis,
1275 5452 1343 5504 ob
1395 5450 1547 5504 fanne
1598 5441 1940 5520 aucupium,-
1965 5453 2047 5505 bis

468 5527 785 5594 unaquaque
817 5517 1150 5594 hebdomade
1183 5520 1504 5594 quandoque
1536 5517 1753 5590 pluriesl
1795 5521 2047 5594 Discipuli

465 5583 921 5665 etiam_Jo_aiuiis,
957 5605 1036 5665 _eo
1077 5583 1344 5665 pneéipue
1391 5583 1632 5662 témpore
1661 5605 1769 5661 quo
1797 5583 2050 5660 magister

465 5651 811 5732 detinebatur
844 5659 896 5714 in
911 5651 1143 5718 vinculis
1158 5703 1174 5727 ,
1205 5651 1540 5732 iéiunabani.

537 5721 564 5762 ἀ
594 5723 853 5806 Videlicet
879 5733 970 5801 qui
1001 5721 1351 5806 interfuerant
1382 5734 1599 5806 nuptiis,
1645 5741 1700 5806 et
1739 5747 1876 5802 quos
1923 5740 2047 5803 apte

463 5795 829 5876 Chrysologus
846 5795 1004 5876 vocat
1029 5805 1220 5876 amicos
1241 5807 1432 5876 sponsi.
1457 5795 1601 5861 'Nam
1629 5795 1772 5860 sicut
1793 5795 2044 5876 sponsam

467 5868 864 5928 comitabantur
907 5875 1155 5946 virgines.
1209 5868 1277 5928 ita
1334 5877 1462 5931 socii
1494 5886 1546 5931 et
1578 5877 1732 5932 amici
1766 5868 2041 5945 sponsum.

2159 4617 2292 4662 tum.
2326 4608 2403 4662 Ad
2435 4608 2738 4678 exemplum
2769 4607 2989 4676 I)ei,qui
3014 4606 3436 4678 populiAllebmi
3459 4623 3488 4661 a
3516 4606 3722 4678 prophe-

2153 4679 2227 4802 tlis
2280 4680 2497 4802 margaris
2545 4675 2929 4748 nuncupatur,’
2958 4675 3130 4746 inquit
3182 4675 3401 4732 Grotius
3448 4675 3718 4748 in'cap.m

2188 4765 2350 4802 oann.
2457 4790 2470 4802 .

2188 4765 2350 4805 oann.
2382 4765 2470 4802 Συ.

2233 4819 2252 4856 ί
2285 4819 2530 4890 lmplere,
2575 4818 2770 4874 dicitur
2815 4817 3052 4873 Hebraeis
3096 4819 3458 4884 committere,
3514 4819 3716 4890 sarcire,

2154 4888 2446 4959 additaque
2474 4891 2635 4960 panni
2667 4891 2888 4943 lrustulo
2919 4900 3118 4944 vestem
3147 4905 3495 4960 componere.
3529 4888 3597 4943 Et
3625 4889 3720 4960 ple-

2153 4962 2341 5015 nitudo
2383 4961 2469 5015 hic
2497 4967 2576 5014 est
2605 4961 2832 5014 scissura
2863 4969 3044 5014 assuto
3085 4961 3247 5030 panni
3277 4960 3494 5015 surculo
3523 4976 3719 5030 compo-

2152 5033 2276 5085 Sita.
2311 5031 2516 5085 Novum
2549 5038 2728 5084 autem
2758 5031 3093 5099 dispendium
3123 5031 3243 5094 erit,
3295 5031 3338 5084 si
3371 5047 3572 5085 novum
3615 5045 3717 5086 cum

2153 5103 2322 5156 veteri
2352 5115 2533 5170 panno
2573 5102 2896 5155 committas.
2929 5100 3076 5157 Tunc
3106 5102 3248 5156 enim
3291 5117 3399 5155 non
3428 5102 3718 5156 columnis

2153 5173 2525 5236 commissura,
2578 5187 2715 5225 nova
2753 5173 2982 5226 scissura
3029 5173 3102 5225 lit.
3138 5171 3269 5226 Vide
3315 5171 3458 5227 hanc
3487 5172 3715 5227 eamdem

2153 5242 2555 5297 similitudinem
2589 5241 2740 5296 Luca:
2769 5259 2819 5305 v,
2856 5241 2941 5295 56.
2976 5242 3084 5297 Nec
3110 5242 3385 5296 dissimilia
3415 5242 3584 5296 habet
3610 5240 3718 5295 Phi-

2151 5313 2236 5376 lo,
2271 5313 2359 5366 ubi
2388 5313 2610 5382 exponit
2662 5313 2831 5379 legem
2879 5328 2998 5380 qua:
3024 5329 3258 5382 pannum
3300 5320 3353 5367 et
3400 5313 3571 5367 linum
3601 5328 3716 5368 eon-

2151 5391 2338 5437 texere
2366 5392 2514 5436 vetat
2548 5401 2558 5434 :
2591 5399 2693 5436 non
2724 5384 2908 5448 solum,
2941 5384 3129 5452 inquit,
3174 5383 3444 5438 diversitas
3471 5384 3717 5438 consocia-

2155 5455 2344 5507 tionem
2392 5455 2614 5520 respuit;
2655 5454 2746 5508 sed
2774 5455 3190 5522 pi-wralescentia
3217 5453 3430 5509 alterius
3462 5464 3715 5525 rupturos

2152 5535 2320 5594 potius
2350 5525 2516 5646 apicii
2543 5540 2694 5596 quam
2723 5525 3157 5596 conjunctionem.

2227 5604 2250 5640 κ
2274 5593 2378 5646 Ital
2413 5596 2736 5646 iemnvmus.
2757 5593 3090 5646 Eutlivmius-
3107 5593 3157 5646 Cl

2227 5604 2250 5640 κ
2266 5594 2348 5666 _lta
2362 5593 2650 5666 Ilieron'ym
2659 5612 2736 5659 us,
2757 5593 3090 5665 Eutliymius,
3107 5593 3544 5665 Chrysostomus,
3562 5593 3715 5666 Theo-

2150 5664 2453 5736 phylactus,
2486 5663 2683 5736 aliique
2710 5663 2946 5736 veterem
2986 5666 3156 5736 legem
3185 5663 3284 5736 pro
3311 5673 3462 5722 veste
3502 5682 3601 5722 usu
3630 5663 3711 5718 tri.

2152 5735 2283 5808 tatu,
2333 5752 2444 5808 pro
2485 5735 2604 5791 rudi
2661 5751 2839 5808 panno
2887 5735 3235 5807 Evangelium
3283 5737 3706 5808 interpretantur.

2151 5805 2289 5862 Hinc
2327 5802 3026 5876 colligebant'Marcionita:
3041 5802 3186 5863 'duas
3229 5808 3330 5863 has
3375 5802 3523 5877 leges
3568 5802 3712 5862 simul
3741 5811 3753 5826 ‘

2151 5877 2401 5946 componi
2432 5893 2538 5932 non
2581 5894 2757 5947 posse,
2792 5893 2964 5948 neque
2995 5894 3156 5933 unum
3185 5894 3304 5934 esse
3333 5878 3502 5935 Deum
3528 5877 3708 5932 utrius-
