3942 6348
491 383 601 448 I95

1739 383 1797 442 S.
1836 382 2043 441 PETRI
2079 379 2514 444 οηιιῖεοιοσι

493 500 825 563 immundam
862 497 1083 556 Judaiea
1129 495 1216 554 lex
1243 501 1491 562 notarat,
1542 495 1730 552 dicens
1760 513 1774 550 :
1801 495 2080 551 Immunda
2104 501 2158 561 Α
2183 499 2492 555 vulneratos
2519 513 2729 566 curare,
2751 512 2844 570 qm
2872 499 3129 557 latentem
3149 498 3430 558 mulierem
3449 502 3757 573 pmterieas

493 604 610 666 erit,
635 605 687 654 et
711 602 948 652 sanctum
974 608 1076 647 non
1105 591 1369 661 continget
1390 587 1537 661 (Leu.
1585 587 1730 661 xxv);
1762 588 2078 658 contingere

493 698 768 756 metuens,
788 701 856 742 ne
882 684 1164 740 Iudaicum
1193 681 1451 748 furorem,
1484 696 1550 736 ne
1579 681 1713 750 legis
1741 687 1925 751 posset
1943 679 2076 735 sub-

493 785 574 843 ire
610 781 947 838 sententiam.
977 777 1165 833 Dicere
1198 791 1304 831 non
1333 784 1418 832 est
1442 791 1600 842 ausa,
1627 789 1696 830 ne
1723 775 2076 831 circumstan-

493 876 626 932 titun
649 870 1002 930 confunderet
1027 878 1084 925 et
1111 877 1365 925 oneraret
1392 868 1630 923 auditum
1649 909 1665 935 ,
1695 882 1765 922 ne
1795 867 1949 922 ﬁeret
1976 881 2074 937 po-

491 969 740 1044 pulorum
767 964 980 1032 fabula,
1010 979 1132 1034 quae
1161 971 1241 1019 tot
1269 962 1423 1016 annis
1452 972 1476 998 ⁸
1506 961 1736 1016 stadium
1765 969 1821 1014 et
1861 962 2074 1033 σκάμμα

490 1062 666 1118 fuerat
683 1058 1018 1131 passionum.
1048 1055 1327 1125 Siquidem
1369 1061 1427 1110 et
1465 1053 1696 1124 amplius
1724 1051 1864 1108 ferre
1892 1059 1948 1108 et
1986 1067 2080 1107 su-

489 1155 691 1210 stinere
717 1151 876 1206 dolor
901 1149 1187 1204 diuturnus
1219 1154 1275 1203 et
1294 1146 1584 1202 continuus
1624 1161 1733 1201 non
1761 1145 1993 1212 sinebat,
2023 1152 2081 1200 et

489 1245 822 1303 deliberandi
843 1255 1056 1314 tempus
1081 1241 1282 1297 Christi
1305 1238 1679 1311 praetereuntis
1699 1237 1947 1294 celeritas
1966 1252 2082 1291 am-

489 1341 734 1414 putabat,
763 1346 820 1395 et
847 1354 878 1393 e
905 1344 1094 1395 contra
1117 1341 1341 1391 noverat
1363 1333 1510 1405 quod
1539 1333 1738 1390 tacenti
1762 1374 1778 1398 ,
1808 1332 1955 1402 quod
1983 1347 2080 1388 oc-

490 1432 736 1497 cultanti,
768 1430 1018 1486 morbum
1061 1443 1217 1484 suum
1262 1428 1466 1482 sanitas
1513 1443 1620 1482 non
1668 1425 1906 1481 daretur.
1936 1425 2082 1481 Inter

492 1526 608 1582 btec
628 1525 771 1580 bella
798 1523 1185 1593 cogitationum
1209 1561 1223 1586 ,
1251 1521 1422 1576 solam
1467 1521 1656 1576 salutis
1685 1520 1824 1575 viam
1862 1521 2076 1584 mulier,

493 1633 681 1674 curam
711 1624 772 1671 ut
811 1613 1097 1680 iuraretur,
1131 1614 1370 1676 invenit,
1414 1620 1474 1668 ut
1499 1620 1714 1684 raperet
1741 1611 1905 1666 tacita
1934 1610 2080 1681 quod

493 1717 683 1781 petere
711 1724 818 1763 non
847 1707 1084 1770 valebat,
1116 1713 1172 1760 et
1197 1720 1296 1775 pro
1324 1719 1420 1760 sua
1449 1703 1774 1760 verecundia
1797 1711 1853 1758 et
1871 1719 1972 1774 pro
1994 1718 2081 1759 re-

493 1801 734 1857 verentia
762 1798 1094 1870 prtestaturi;
1126 1804 1180 1852 et
1207 1810 1328 1867 qua:
1357 1813 1463 1850 non
1491 1795 1801 1851 merebatur
1827 1810 2076 1865 corpore,
2109 1832 2156 1893 Β

493 1894 658 1950 corde
684 1892 992 1964 perveniret
1017 1890 1083 1946 ad
1111 1891 1395 1956 medicum,
1423 1886 1526 1944 ﬁde
1549 1889 1738 1952 Deum,
1767 1903 1933 1942 manu
1956 1896 2078 1942 tan-

493 1991 606 2040 tum
653 1991 899 2054 tangeret
938 1982 1315 2038 vestimentum
1367 1998 1381 2034 :
1429 1980 1606 2036 sciens
1653 1979 1793 2034 hanc
1837 1978 2080 2034 fraudem

493 2092 601 2132 non
642 2077 819 2132 solum
846 2074 1059 2130 veniam
1083 2112 1096 2136 ,
1128 2071 1223 2127 sed
1247 2081 1303 2128 et
1331 2071 1628 2127 remedium
1663 2079 2037 2142 priestaturam
2060 2109 2076 2135 ,

493 2183 655 2240 quam
684 2183 790 2223 non
820 2166 1090 2229 voluntas,
1122 2165 1215 2219 sed
1247 2163 1540 2219 necessitas
1566 2161 1871 2218 verecunda
1916 2175 2080 2230 gene—

493 2261 662 2326 ravit;
704 2258 1001 2330 praesertim
1029 2273 1152 2313 cum
1181 2265 1236 2312 et
1272 2255 1500 2311 furantis
1523 2256 1731 2311 lucrum
1777 2262 2075 2325 qutereret,

494 2361 551 2408 et
574 2352 627 2408 ei
653 2350 742 2406 cui
771 2348 1118 2404 auferebatur
1161 2347 1365 2402 nullum
1393 2347 1636 2416 gigneret
1675 2345 2077 2401 detrimentum.

495 2442 524 2483 ι’
551 2441 709 2498 Pium
736 2441 1078 2497 latrocinium
1097 2481 1112 2505 ,
1143 2440 1288 2510 quod
1318 2439 1561 2495 ministra
1593 2438 1697 2494 ﬁde
1719 2477 1734 2502 ,
1766 2437 1869 2494 ﬁde
1911 2447 2083 2494 attra-

495 2537 658 2593 hente
685 2535 1056 2592 committitur.
1084 2532 1224 2590 Ecce
1252 2533 1342 2589 ubi
1371 2534 1542 2588 virtus
1578 2541 1663 2588 est
1700 2534 1923 2602 quaesita
1952 2549 2086 2589 con-

494 2627 692 2693 trariis,
717 2627 808 2682 ubi
829 2624 975 2682 fraus
1003 2625 1107 2682 ﬁde
1134 2625 1495 2682 conveniente
1521 2623 1668 2694 quod
1699 2623 1970 2678 nitebatur
1989 2625 2089 2679 ob-

494 2719 673 2776 tinuit.
704 2717 896 2774 Mulier
924 2717 1066 2773 inter
1106 2717 1524 2788 comprimentes
1541 2759 1556 2784 ,
1582 2724 1642 2771 ut
1669 2716 1966 2772 nesciretur
1991 2732 2083 2773 ac-

495 2813 660 2876 cedit,
685 2819 740 2868 et
759 2809 1101 2883 prmsumpsit
1129 2809 1296 2865 furari
1316 2825 1375 2865 se
1396 2824 1555 2880 posse
1588 2823 1774 2865 curam
1801 2806 1903 2863 ﬁde
1931 2807 2047 2863 sola
2065 2848 2082 2874 ,

494 2914 558 2962 ut
585 2905 771 2961 habitu
803 2904 994 2959 lateret
1019 2911 1074 2958 et
1098 2916 1359 2974 corpore;
1405 2913 1552 2958 retro
1579 2900 1803 2965 accedit,
1835 2909 1890 2956 et
1911 2899 1978 2954 ad
2005 2899 2088 2955 vi—

496 2997 732 3055 dendum
769 3013 828 3054 se
869 2996 1145 3067 judicabat
1186 2996 1477 3066 indignam.
1508 2992 1730 3050 Curavit
1769 2994 1899 3050 lides
1943 2994 2083 3049 intra

495 3090 662 3147 ictum
707 3089 966 3160 temporis
988 3130 1004 3155 ,
1034 3088 1178 3158 quod
1206 3087 1490 3143 duodecim
1526 3087 1681 3142 annis
1721 3102 1810 3142 ars
1850 3087 2082 3141 humana

493 3199 688 3241 curare
734 3154 844 3238 non
895 3154 1094 3252 potuit.
1143 3179 1272 3235 Post
1318 3181 1425 3236 hoc
1457 3180 1764 3250 exemplum
1803 3194 1903 3234 suo
1949 3179 2082 3234 vitio
2109 3154 2156 3219 C

495 3276 657 3346 longa
697 3276 865 3330 trahit
902 3275 955 3330 in
1000 3273 1349 3342 languoribus
1389 3282 1653 3345 tempora,
1697 3282 1752 3328 et
1797 3288 1895 3328 sua
1926 3273 2090 3343 negli-

494 3369 675 3439 gentia
719 3368 810 3422 diu
857 3367 1087 3431 laborat,
1119 3366 1214 3435 qui
1241 3366 1355 3420 sola
1387 3366 1489 3421 lide
1517 3367 1690 3422 nescit
1731 3365 1946 3432 curari,
1990 3365 2085 3421 sed

497 3468 798 3516 aromatum
838 3457 1134 3527 dispendiis
1173 3457 1406 3512 onerari.
1437 3469 1458 3496 ε
1488 3456 1684 3527 Tetigit
1709 3457 2086 3513 vestimentum

497 3553 709 3617 mulier,
753 3561 809 3608 et
835 3559 1026 3607 curata
1071 3559 1158 3606 est
1203 3569 1216 3604 :
1260 3551 1411 3606 etab
1449 3552 1671 3621 antiquo
1711 3560 1796 3606 est
1836 3551 2085 3606 absoluta

498 3643 777 3714 languore.
802 3642 1001 3708 Miseri,
1029 3642 1122 3712 qui
1142 3641 1382 3712 quotidie
1420 3658 1618 3713 corpus
1641 3643 1853 3698 Domini
1884 3651 2082 3698 tracta-

497 3750 620 3794 mus
658 3745 714 3793 et
757 3736 1035 3799 sumimus,
1061 3741 1116 3790 et
1142 3750 1174 3788 a
1202 3735 1398 3789 nostris
1418 3735 1731 3791 vulneribus
1773 3752 1880 3790 non
1925 3750 2082 3790 cura-

497 3844 635 3887 mur.
682 3829 799 3886 Non
835 3827 1080 3885 Christus
1107 3826 1498 3885 inﬁrmantibus
1521 3871 1537 3895 ,
1573 3829 1668 3885 sed
1705 3829 1835 3885 ﬁdes
1878 3829 2031 3885 deest
2063 3847 2077 3884 :

498 3935 626 3978 nam
662 3920 833 3977 multo
873 3920 1042 3991 magis
1079 3919 1240 3977 modo
1279 3920 1334 3974 in
1362 3920 1518 3976 nobis
1556 3918 1586 3958 τι
1624 3934 1849 3976 manens
1881 3922 2081 3990 poterit

569 4133 600 4164 ι
624 4122 872 4181 Scamma
914 4120 1222 4192 passionum
1247 4160 1263 4185 ,
1293 4118 1770 4192 ltalicoivocabulo
1807 4119 2082 4192 bersaglio,

498 4195 660 4255 Mm.
685 4225 760 4238 --
785 4193 855 4248 At
902 4190 1115 4265 ἁκὰμμιᾳ
1159 4190 1605 4265 frequentissima
1623 4205 1728 4245 vox
1769 4190 1909 4265 apud
1938 4190 2087 4265 Gum-

499 4283 596 4326 eos
621 4266 901 4321 dicebatur
922 4261 1070 4320 locus
1101 4264 1153 4317 in
1181 4261 1374 4324 stadio,
1407 4262 1522 4316 sive
1560 4261 1738 4324 circo,
1771 4263 1862 4316 ubi
1912 4263 2086 4316 athle-

499 4345 571 4394 σω
596 4336 895 4394 certabant.
931 4333 988 4388 S.
1019 4333 1252 4405 Ephrem
1288 4333 1387 4386 sub
1428 4332 1582 4405 initio
1623 4332 1747 4405 libri
1788 4333 1856 4388 de
1891 4330 2084 4405 Certa-

498 4409 647 4466 mine
681 4404 947 4478 spirituali
987 4422 1000 4458 ;
1050 4402 1278 4478 gamma
1321 4412 1398 4478 est
1434 4402 1574 4478 locus
1616 4403 1842 4478 medius,
1892 4403 1948 4456 in
1985 4421 2083 4476 quo

503 4473 1021 4534 athleta-certabant.
1054 4473 1408 4542 Frequentius
1433 4473 1596 4526 etiam
1625 4474 1777 4527 locus
1807 4475 1919 4542 ipse
1959 4473 2082 4529 cer-

501 4550 719 4605 taminis
749 4566 764 4602 :
795 4541 1210 4616 Chrysostomu’s
1239 4544 1291 4616 in
1334 4541 1531 4616 Psalm.
1573 4561 1732 4598 vam
1766 4563 1779 4597 :
1815 4541 2079 4610 Scammu,

502 4621 589 4675 ubi
611 4620 837 4674 stadium
870 4613 919 4671 et
952 4615 1088 4671 lucta
1119 4624 1214 4670 est.
1255 4613 1586 4682 Quandoque
1625 4623 1770 4668 notat
1811 4624 2086 4670 certamen

502 4689 864 4763 ipsum.__Hinc
887 4686 1156 4763 Henschio
1178 4685 1456 4763 exurgunt”;
1483 4693 1608 4763 sunt
1627 4684 1851 4763 innixos;
1874 4728 1888 4751 ,
1919 4695 2087 4763 certa-

502 4755 667 4818 mina.
697 4759 896 4815 Vocem
925 4756 1164 4813 Graecam
1203 4755 1291 4809 alii
1321 4757 1484 4809 etiam
1525 4755 1707 4810 Latini
1744 4755 1932 4810 Patres
1960 4757 2089 4810 reti-

505 4848 693 4890 nuere.
731 4829 1109 4890 Tertullianus,
1143 4825 1234 4882 lib.
1267 4825 1335 4880 ad
1366 4825 1581 4896 Martyr.
1614 4844 1735 4896 cap.
1769 4828 1802 4881 5
1824 4841 1944 4895 pag.
1964 4825 2084 4889 191,

507 4901 819 4960 Ambrosius
846 4901 940 4954 lib.
975 4897 1171 4952 IOflic.
1225 4896 1412 4952 Adhuc
1451 4896 1670 4953 athletae
1711 4897 1764 4951 in
1796 4905 2089 4952 scammate

505 4984 649 5040 sunt,
675 4968 1300 5043 proverbialiterdicttmi
1329 4968 1744 5043 proetiamnnm
1773 4968 1845 5043 de
1868 4969 2088 5038 przemio

506 5038 746 5102 certatur
776 5061 790 5096 :
822 5056 889 5096 eo
912 5039 1073 5094 modo
1096 5053 1204 5107 quo
1233 5038 1594 5094 Tertullianns
1621 5041 1697 5093 ait
1730 5059 1743 5092 :
1775 5040 1845 5092 ad
1857 5055 2088 5094 scamma

543 5117 805 5173 reducere.
838 5111 958 5178 Quo
990 5109 1041 5163 in
1075 5109 1195 5163 loco
1221 5109 1452 5164 advertit
1479 5109 1729 5165 Suicerus
1757 5109 1918 5166 Thes.
1954 5118 2085 5164 tom.

529 5186 548 5241 Ι
579 5181 845 5256 ρθεηῦθρ
862 5177 1309 5256 maleﬁrasmum
1339 5179 1515 5256 legere
1541 5180 1618 5256 ad
1637 5190 1878 5256 stemma.
1916 5177 2091 5256 Pauli-

506 5249 608 5312 nus
637 5249 792 5324 Epist.
817 5251 886 5306 ειι
915 5251 980 5304 ad
1003 5250 1212 5324 Seven,
1239 5264 1362 5324 pag.
1396 5251 1490 5303 16l
1524 5269 1536 5303 :
1566 5249 1690 5324 Noli
1719 5252 1927 5305 interim
1969 5251 2090 5305 dum

505 5329 561 5382 in
583 5321 862 5382 scammate
883 5338 1088 5386 sumus,
1113 5321 1235 5375 dum
1265 5321 1390 5392 foris
1421 5338 1631 5392 pugnis,
1664 5323 1801 5375 intus
1847 5331 2086 5389 terrores,

508 5397 616 5452 alta
645 5412 745 5466 pro?
767 5393 910 5466 nobis
937 5409 1150 5466 sapere,
1188 5391 1277 5466 aut
1317 5391 1474 5466 loqui.
1495 5391 1498 5392 ⁷
1519 5391 1662 5446 Mitm
1690 5392 2091 5461 interpretatio-

509 5462 848 5524 nem'nullibi
879 5462 1099 5519 memini
1128 5479 1213 5517 me
1242 5462 1455 5529 legisSe.

581 5537 606 5609 ἓν
633 5535 1047 5609 Chrysostuinus
1074 5533 1236 5609 etiam
1263 5533 1448 5609 homil.
1484 5530 1552 5588 32
1573 5547 1692 5609 pag.
1725 5532 1849 5609 262,
1876 5541 2014 5609 tom.
2047 5531 2092 5588 ll

510 5606 639 5663 edit.
672 5604 839 5662 Paris.
881 5604 1053 5671 1581,
1089 5605 1220 5660 dicit
1260 5604 1540 5658 mulierem
1582 5605 1722 5660 hanc
1763 5604 1889 5660 furti
1919 5620 2086 5660 ream.

509 5677 646 5734 Vide
678 5686 789 5733 not.
823 5676 848 5730 1
881 5691 1046 5731 serm.
1078 5673 1165 5728 55.

583 5761 606 5789 ε
663 5747 1000 5818 Evangelista
1047 5745 1183 5818 dicit
1228 5745 1488 5817 ﬁmbriam
1538 5747 1841 5818 vestimenti.
1905 5743 2092 5818 Graece

512 5828 690 5878 autem
722 5816 937 5896 nomine
962 5816 1264 5896 κραςπέδῳςι
1284 5818 1650 5896 intelliguntur
1661 5817 1948 5896 linamenta
1975 5817 2088 5896 illa,

510 5907 630 5964 qua:
667 5891 903 5966 pendent
951 5886 1020 5947 e'x
1055 5888 1278 5947 ﬁmbriis
1317 5886 1783 5946 vestiiuentorum.
1827 5886 2093 5944 Sanxerat

2181 592 2261 648 sic
2287 592 2513 648 curavit.
2541 591 2751 649 Sufﬁcit
2776 592 2956 660 hodie,
2986 590 3199 660 fratres,
3228 591 3370 650 furta
3397 592 3545 659 ﬁdei,
3577 603 3636 652 et
3657 597 3754 654 Do-

2181 685 2314 741 mini
2335 687 2709 757 praetereuntis
2733 701 2981 743 narrasse
3008 688 3260 745 virtutem
3286 707 3301 742 :
3330 705 3431 746 cur
3453 698 3639 746 autem
3664 690 3758 747 Do-

2180 779 2358 837 minus
2398 781 2563 836 veluti
2610 781 2863 851 ignorans
2903 781 3095 852 qumrit
3121 823 3139 850 ,
3191 797 3353 853 quam
3399 783 3619 841 virtutis
3659 799 3758 841 sua

2179 885 2346 942 opere
2373 871 2476 927 scit
2501 879 2763 938 curatam,
2790 872 2915 942 quia
2941 889 3084 929 nunc
3110 872 3330 944 longum
3367 882 3454 932 est
3474 915 3492 943 ,
3523 876 3757 948 sequenti

2178 978 2430 1020 sermone
2456 964 2811 1020 narrabimus.
3767 953 3778 1008 ί

2719 1055 2954 1112 SERMO
2990 1055 3228 1113 XXXIV.

2811 1148 2892 1204 De
2926 1149 3138 1204 eisdem.

2251 1235 2451 1296 Omnes
2495 1241 2817 1310 evangelicae
2859 1241 3150 1310 lectiones,
3192 1241 3386 1299 fratres
3429 1243 3755 1312 ebarissimi,

2181 1347 2374 1403 magna
2405 1334 2560 1390 nobis
2596 1343 2652 1390 et
2677 1336 2986 1406 praesentis,
3017 1344 3073 1391 et
3107 1335 3299 1392 futura:
3327 1337 3451 1392 vita:
3486 1337 3759 1394 commoda

2180 1423 2498 1494 largiuntur.
2530 1425 2636 1482 Sed
2678 1426 2939 1482 hodierna
2965 1427 3162 1495 lectio,
3204 1434 3260 1483 et
3287 1435 3463 1483 totum
3502 1427 3652 1498 quod
3689 1436 3760 1484 est

2180 1517 2316 1586 spei,
2348 1517 2592 1583 contulit,
2624 1526 2681 1574 et
2705 1519 2960 1588 quidquid
2988 1527 3072 1575 est
3098 1519 3490 1591 desperationis
3519 1522 3756 1578 exclusit.

2181 1609 2278 1665 Est
2319 1611 2472 1667 nobis
2497 1611 2630 1667 dura
2672 1619 2728 1667 et
2767 1610 3013 1668 deﬂenda
3058 1613 3296 1670 conditio
3336 1631 3352 1667 :
3402 1629 3638 1684 peccare
3675 1630 3760 1671 nos

2187 1712 2212 1742 ο
2241 1704 2386 1774 cogit
2414 1704 2674 1776 fragilitas
2702 1706 2916 1773 innata,
2947 1714 3004 1762 et
3029 1707 3273 1763 conﬁteri
3300 1709 3558 1779 prohibet
3582 1708 3759 1766 confu-

2181 1800 2264 1855 sio
2291 1809 2521 1870 eognata
2550 1799 2788 1871 peccati;
2819 1799 3018 1854 malum
3057 1801 3201 1856 enim
3241 1798 3418 1857 facene
3444 1800 3625 1872 pudor
3667 1817 3758 1859 non

2184 1900 2286 1956 est,
2318 1901 2372 1949 et
2400 1893 2574 1963 pudor
2617 1901 2700 1948 est
2743 1891 3033 1949 conﬁteri:
3078 1894 3328 1952 timemus
3367 1893 3589 1960 dicere,
3632 1893 3759 1965 quod

2183 1986 2522 2042 committere
2552 2002 2658 2041 non
2687 1986 2957 2042 timemus.
2986 1985 3092 2042 Sed
3125 1985 3287 2042 hodie
3320 1986 3340 2026 ι
3375 1988 3610 2054 mulier,
3653 2003 3757 2044 cum

2183 2087 2447 2150 qumreret
2493 2078 2810 2135 medicinam
2851 2079 3067 2134 tacitam
3107 2088 3133 2127 8
3173 2079 3379 2135 vulneri
3426 2078 3757 2142 verecundo,

2183 2171 2390 2227 invenit
2415 2171 2703 2235 silentium,
2728 2185 2826 2242 per
2842 2170 2988 2241 quod
3008 2170 3178 2241 possit
3197 2178 3454 2242 peccator
3473 2171 3544 2226 ad
3567 2171 3758 2228 veniam

2181 2264 2485 2336 pervenire.
2517 2261 2693 2317 Prima
2722 2270 2805 2318 est
2832 2262 3058 2319 felicitas
3086 2263 3138 2318 in
3167 2271 3517 2334 peccatorum
3543 2264 3760 2336 turpitu-

2179 2355 2361 2411 dinem
2403 2370 2511 2410 non
2555 2355 2798 2418 venisse,
2829 2353 2925 2409 sed
2951 2353 3179 2411 felicitas
3207 2363 3289 2410 est
3320 2356 3560 2411 secunda
3586 2371 3762 2428 pecca-

2181 2457 2356 2504 torum
2385 2447 2597 2503 veniam
2624 2447 2865 2518 peccatis
2890 2446 3177 2503 latentibus
3200 2447 3484 2504 invenisse.
3508 2447 3626 2505 Iioe
3650 2462 3761 2519 pro-

2180 2543 2345 2614 pheta
2375 2548 2636 2604 senserat,
2673 2541 2764 2610 qui
2804 2540 3019 2596 dicebat
3049 2559 3064 2596 :
3094 2540 3272 2606 Beati,
3302 2558 3520 2615 quorum
3550 2543 3762 2596 remissa:

2183 2641 2304 2687 sunt
2329 2631 2626 2704 iniquitates
2662 2646 2680 2685 :
2707 2641 2759 2686 et
2783 2648 2997 2704 quorum
3041 2640 3169 2686 tecta
3196 2643 3316 2687 sunt
3341 2641 3556 2704 peccata
3602 2629 3761 2703 (Psal.

2186 2723 2355 2791 xm).
2388 2722 2542 2788 Ecce,
2575 2722 2748 2793 inquit
2775 2723 3119 2792 evangelista,
3139 2724 3342 2790 mulier,
3373 2739 3490 2796 quae
3508 2723 3765 2797 sanguinis

2185 2815 2384 2886 [luxum
2411 2814 2701 2886 patiebatur
2729 2815 2792 2870 ab
2822 2816 2973 2871 annis
3003 2815 3292 2880 duodecim,
3321 2817 3538 2872 accessit
3564 2827 3700 2872 retro
3723 2821 3766 2870 et

2188 2907 2352 2978 tetigit
2379 2905 2637 2978 ﬁmbriam
2669 2907 2953 2962 vestimenti
2994 2907 3106 2979 ejus
3135 2906 3348 2980 (Matth.
3385 2905 3486 2981 lx).
3525 2905 3767 2977 Confugit

2187 2997 2381 3052 mulier
2407 2996 2476 3052 ad
2513 2995 2671 3053 ﬁdem
2711 2997 2968 3062 subitam,
2999 2999 3086 3054 cui
3113 2997 3271 3069 longa
3298 2997 3572 3055 defecerat
3598 3014 3722 3056 cura
3751 3015 3764 3051 :

2185 3105 2305 3161 qua:
2333 3089 2760 3147 confundebatur
2794 3091 3113 3147 medicinam
3151 3101 3366 3162 petere,
3405 3091 3572 3149 furari
3610 3092 3769 3149 voluit

2185 3182 2504 3249 sanitatem;
2535 3181 2730 3238 nesciri
2756 3196 2816 3238 se
2843 3181 2912 3238 ab
2951 3197 3018 3238 eo
3044 3182 3239 3246 voluit,
3268 3199 3300 3238 a
3327 3198 3436 3254 quo
3465 3198 3524 3240 se
3550 3183 3771 3240 credidit

2185 3289 2344 3346 posse
2371 3273 2588 3330 salvari.
2612 3271 2684 3330 Ut
2703 3288 2798 3330 aer
2819 3282 3102 3330 ventorum
3126 3275 3358 3340 turbine,
3383 3276 3464 3334 sic
3489 3275 3771 3346 cogitatio-

2184 3381 2313 3421 num
2339 3367 2590 3437 proccllis
2611 3366 2806 3422 mulier
2826 3367 3141 3422 turbabatur
3157 3385 3171 3420 :
3188 3365 3510 3439 conﬂigebat
3529 3383 3652 3425 cum
3674 3364 3772 3423 ﬁde

2183 3472 2366 3524 causa,
2397 3473 2520 3514 cum
2551 3459 2744 3514 timore
2771 3473 2922 3528 spes,
2955 3460 3247 3516 necessitas
3273 3475 3400 3517 cum
3441 3460 3682 3533 pudore;
3711 3460 3771 3516 ti-

2183 3551 2352 3608 moris
2390 3550 2557 3620 frigus
2583 3551 2959 3622 exstinguebat
3000 3553 3332 3609 crudelitatis
3376 3554 3648 3618 ardorem,
3677 3552 3769 3609 ob-

2185 3644 2436 3701 scurabat
2465 3643 2636 3699 lucem
2678 3643 2799 3700 fidei
2823 3641 2852 3682 ¹ι
2880 3645 2960 3700 vis
2987 3645 3226 3717 pudoris,
3256 3646 3372 3717 spei
3399 3644 3770 3702 conﬁdentiam

2187 3736 2480 3792 necessitas
2497 3735 2800 3791 verecunda
2821 3735 3118 3806 frangebat.
3137 3735 3228 3792 Sic
3246 3737 3444 3792 mulier
3463 3737 3642 3807 magni
3664 3751 3771 3790 ma-

2185 3828 2261 3884 ris
2286 3829 2455 3884 instar
2480 3827 2716 3884 confusis
2742 3828 2958 3883 testibus
2981 3826 3321 3896 jactabatur:
3351 3827 3627 3900 qutcrcbat
3646 3843 3773 3898 quo-

2184 3920 2348 3977 modo
2377 3917 2582 3976 faceret
2614 3919 2887 3976 occultum
2925 3919 2993 3976 de
3019 3920 3269 3992 publico,
3299 3919 3368 3976 de
3409 3920 3562 3978 turba
3600 3933 3773 3979 secre-

2189 4120 2331 4178 enim
2362 4119 2541 4177 Moses
2569 4119 2789 4178 Denter.
2821 4137 2960 4188 xxn,
2992 4120 3079 4188 η,
3134 4130 3193 4177 ut
3220 4120 3431 4178 llebrtci
3463 4122 3517 4178 in
3547 4129 3775 4188 quatuor

2188 4193 2336 4263 pallii
2365 4193 2590 4263 angulos
2633 4193 2952 4263 panniculus
2985 4201 3042 4248 et
3084 4193 3228 4249 circa
3275 4193 3494 4263 pallium
3543 4193 3777 4252 ﬁmbrias

2187 4262 2480 4333 gestarent.
2515 4262 3098 4319 Tali'vestimentorum
3127 4262 3327 4332 genere
3356 4265 3609 4321 utebatur
3627 4264 3776 4322 Chri-

2187 4341 2303 4417 stus
2332 4334 2464 4415 legis
2491 4333 3100 4416 observantissimusﬁt
3119 4336 3440 4417 simys‘teria
3465 4338 3772 4417 quaerimus,

2186 4405 2326 4476 hanc
2351 4405 2531 4476 potius
2558 4405 3112 4476 vestimentirpartem
3159 4405 3356 4476 tetigit,
3397 4405 3525 4476 quia
3573 4406 3774 4466 ﬁlnbria

2189 4475 2303 4530 lucc
2341 4475 2549 4545 insigne
2593 4483 2712 4530 erat
2747 4474 2923 4545 gentis
2949 4474 3185 4532 Judaica:
3213 4474 3429 4533 et’nota‘
3454 4478 3772 4534 sanctitatis.

2112 4533 2160 4592 Ῑ)
2186 4545 2342 4600 Num.
2376 4533 2474 4607 xv:
2491 4543 2578 4599 '58.

2263 4614 2289 4652 ά
2321 4615 2493 4680 Alias,
2525 4626 2810 4672 manentes.

2267 4695 2290 4724 ο
2322 4686 2455 4741 Dum
2483 4702 2581 4761 per
2608 4687 2776 4761 malas
2805 4688 3226 4759 complacentias
3253 4696 3470 4761 nostros
3521 4689 3654 4761 ligat
3699 4691 3778 4745 af-

2191 4756 2380 4821 fectus,
2415 4757 2561 4831 unde
2586 4758 2739 4826 quasi
2757 4756 3074 4831 necessario
3101 4760 3477 4831 compellimur
3503 4756 3700 4818 cadere
3729 4762 3780 4816 in

2189 4836 2495 4901 peccatum.
2527 4827 2808 4895 Quomodo
2847 4830 3165 4886 inordinata:
3211 4827 3491 4901 passiones
3519 4833 3777 4894 alliciant,

2193 4913 2256 4972 ac
2283 4899 2616 4972 voluntatem
2659 4907 2897 4972 nostram
2926 4902 2993 4957 ad
3022 4899 3573 4972 illicita'protrahant,
3615 4903 3782 4958 habes

2193 4969 2281 5024 hic
2311 4970 2446 5024 intra
2477 4984 2640 5025 serm.
2671 4968 2759 5024 41.
2793 4970 2956 5027 ΜιτΑ.

2267 5039 2285 5079 ί
2320 5039 2876 5114 {senda-Ambrosius
2913 5057 3073 5114 serm.
3115 5040 3184 5096 48
3215 5042 3267 5114 in
3296 5041 3596 5114 appendice
3637 5040 3781 5112 Ope-

2189 5127 2310 5166 rum
2338 5111 2395 5166 S.
2424 5111 2692 5166 Ambrosii
2721 5127 2872 5167 novae
2913 5113 3183 5178 editionis,
3233 5111 3394 5169 docet
3424 5115 3566 5170 hanc
3589 5111 3781 5168 mulie-

2189 5197 2307 5236 rem
2337 5181 2500 5237 fuisse
2531 5181 2814 5236 Martham.
2838 5183 2971 5238 Vide
2999 5198 3119 5252 qua:
3148 5183 3311 5238 habet
3349 5184 3438 5240 hic
3465 5185 3538 5239 cl.
3567 5181 3782 5238 Calme-

2192 5259 2297 5316 tus,
2330 5253 2635 5324 hujusmodi
2663 5254 2991 5324 iopinionem
3032 5254 3226 5308 merito
3273 5269 3609 5324 expungens.
3648 5253 3784 5308 Vide

2193 5324 2356 5392 etiam
2404 5339 2525 5392 quae
2564 5322 2632 5377 de
2661 5323 2762 5378 hac
2809 5325 3034 5380 muliere
3061 5325 3248 5379 scribit
3276 5322 3539 5379 Eusebius
3576 5323 3781 5378 Hister.

2193 5391 2466 5466 Eccl._lib.ﬁ
2493 5409 2699 5466 m_cap.
2733 5393 2811 5466 i8,
2827 5402 2884 5449 et
2906 5394 3242 5466 Sozomenus
3272 5394 3364 5450 lib.
3388 5410 3422 5448 ν
3441 5411 3573 5466 cap.
3594 5393 3686 5466 2i.

2269 5472 2294 5510 8
2323 5461 2712 5519 Carthusianus
2752 5465 2855 5519 sibi
2897 5465 3028 5534 falso
3071 5465 3341 5534 persuasit
3367 5461 3526 5521 hanc'
3550 5464 3718 5521 fuisse
3756 5479 3788 5520 a

2195 5534 2415 5588 naribus
2436 5534 2921 5590 hazmorrhoissam.
2945 5533 3144 5591 Omnes
3165 5551 3295 5592 vero
3315 5535 3644 5592 conveniunt
3665 5550 3788 5589 eam

2197 5603 2505 5676 importuno
2534 5606 2780 5661 muliebri
2827 5604 2974 5662 ﬁuxu
3020 5606 3315 5662 laborasse.
3360 5605 3580 5676 Fcedum
3605 5616 3660 5660 et
3692 5624 3791 5676 ρης

2198 5675 2421 5800 ᾴεέιάιιηι
2450 5675 2684 5801 mergum
2711 5686 2872 5734 vocat
2897 5677 3187 5748 Brugensis
3223 5684 3282 5732 ut
3322 5687 3377 5732 et
3415 5675 3792 5749 Chrysalogus

2199 5763 2252 5801 ιιι
2281 5763 2335 5801 ra
2366 5763 2527 5801 serm.
2587 5765 2636 5801 ο.

2199 5763 2335 5801 ιηιηι
2366 5763 2527 5801 serm.
2550 5763 2636 5801 Oi).

2271 5815 2297 5854 ¹ι
2328 5817 2468 5872 Mite
2497 5819 2750 5874 convenit
2789 5835 2888 5874 ms.
2917 5819 3089 5876 Vatic.
3131 5817 3390 5875 Vallicell.
3425 5827 3481 5875 et
3511 5818 3792 5874 nonnulla:

2198 5888 2479 5954 editiones,
2513 5890 2584 5944 vis
2614 5891 2825 5946 amoris.
