3902 6362
145 321 234 382 297

1504 323 1735 385 διεκιίο
1771 322 2015 384 XXXIV.

3299 338 3408 398 29B

142 448 266 502 tum;
294 434 484 504 agebat
511 447 571 492 ut
597 433 700 492 sibi
736 441 794 491 et
817 433 1020 492 rediret
1044 436 1247 494 sanitas
1263 474 1280 502 ,
1311 444 1367 493 et
1392 439 1714 496 verecundia
1741 443 1797 504 Α
1818 441 1982 498 sciret
2007 438 2109 496 sibi
2136 440 2416 512 praesentis
2443 443 2681 503 vulneris
2709 463 2929 506 causam
2947 449 3112 507 fuisse
3133 462 3408 522 perpetua:

147 545 241 586 non
263 527 486 600 periret;
518 526 741 585 curabat
769 544 838 585 ne
864 544 994 585 cura
1023 545 1119 586 sua
1148 529 1217 587 ad
1252 531 1490 588 curantis
1516 532 1716 589 redun—

144 620 280 676 daret
303 618 584 689 iniuriam;
627 619 944 692 providebat
983 629 1042 676 ut
1078 621 1395 678 redderetur
1421 623 1524 679 sibi
1550 623 1714 691 salus,

145 713 275 768 salva
317 712 619 768 reverentia
661 711 972 770 Salvatoris.
1007 713 1124 769 Tali
1163 728 1292 785 ergo
1331 730 1492 771 sensu
1529 716 1722 772 mulier

146 808 321 865 merito
350 816 375 844 ι
397 806 467 862 de
494 806 803 864 summitate
825 805 1044 863 fimbriae
1063 809 1309 878 pervenit
1327 815 1496 865 totam
1516 808 1584 864 ad
1603 808 1721 865 dei-

145 902 258 958 tatis
280 915 560 955 summam.
591 901 836 965 Accessit,
869 900 1062 970 inquit,
1093 911 1249 957 retro.
1283 899 1390 957 Sed
1410 901 1502 956 ubi
1529 901 1722 957 retro?

142 991 207 1049 Et
230 992 380 1064 tetigit
409 989 675 1062 ﬁmbriam
703 991 990 1046 aestimati
1019 992 1150 1065 ejus.
1173 992 1401 1048 Accessit
1429 1000 1587 1047 retro.
1617 991 1723 1048 Sed

144 1085 256 1142 ubi?
280 1083 444 1140 Retro
467 1083 544 1139 nil
570 1090 706 1148 erat,
730 1083 805 1139 ibi
831 1082 1024 1140 faciem
1051 1099 1216 1154 quam
1240 1083 1547 1140 declinabat
1574 1084 1723 1139 inve-

142 1180 227 1235 nit.
271 1175 402 1231 Erat
448 1177 506 1231 in
550 1174 769 1232 Christo
800 1174 828 1215 δ
854 1191 1050 1248 corpus
1096 1175 1408 1246 multiplex,
1458 1175 1552 1231 sed
1607 1181 1725 1230 erat

147 1281 166 1310 ο
191 1269 350 1325 deitas
375 1268 638 1339 simplex;
669 1276 788 1324 erat
815 1274 962 1324 totus
1000 1267 1206 1333 oculus,
1239 1268 1331 1338 qui
1358 1275 1482 1339 post
1507 1282 1567 1323 se
1595 1282 1722 1338 sup-

144 1363 318 1436 plicem
343 1362 424 1418 sic
451 1361 686 1418 videbat.
710 1362 942 1417 Accessit
968 1370 1104 1417 retro
1121 1401 1136 1428 ,
1179 1370 1228 1416 et
1270 1362 1435 1434 tetigit
1461 1360 1720 1433 ﬁmbriam

147 1459 406 1516 aestimasti
443 1458 578 1531 ejus.
622 1455 667 1512 0
705 1457 835 1528 quid
863 1457 967 1513 ista
996 1456 1190 1512 mulier
1217 1456 1352 1512 vidit
1379 1455 1626 1511 habitare
1669 1455 1723 1510 in

146 1550 468 1609 interioribus
487 1549 707 1614 Christi,
731 1565 852 1620 quae
873 1546 901 1587 ἀ
931 1550 987 1606 in
1013 1547 1212 1604 Christi
1239 1547 1449 1605 fimbria
1477 1547 1728 1604 divinita-

147 1648 204 1702 tis
225 1653 392 1702 totam
433 1643 572 1701 vidit
616 1643 921 1700 inhabitare
961 1641 1246 1698 virtutem!
1279 1639 1324 1696 Ο
1350 1657 1511 1712 quam
1545 1640 1730 1697 docuit

1817 551 1934 593 rem
1960 536 2164 592 salutis.
2197 533 2480 594 Conversus
2507 548 2561 595 et
2583 541 2760 598 videns
2787 560 2922 599 eam.
2951 542 3097 601 Vidit
3125 513 3249 601 eani
3273 545 3409 602 divi—
3434 513 3440 536 ⁸

1819 629 1903 686 nis
1930 629 2118 696 oculis,
2152 645 2259 686 non
2279 630 2555 700 humanis;
2582 633 2718 690 vidit
2739 644 2800 691 ut
2820 636 2979 692 saluti
2999 637 3266 703 redderet,
3299 653 3410 696 non

1821 731 1879 779 ut
1907 732 2222 793 agnosceret
2247 739 2408 794 quam
2435 725 2669 795 sciebat;
2697 728 2832 784 vidit
2868 745 3019 798 eam;
3049 730 3282 788 donatur
3305 732 3409 789 bo-

1823 817 1925 884 nis,
1957 817 2111 872 malis
2138 825 2306 884 caret,
2336 831 2496 888 quem
2534 819 2729 876 viderit
2754 821 2916 878 Deus.
2947 820 3065 878 Hoc
3089 824 3412 879 universitas

1823 909 1987 966 sentit
2013 923 2082 965 ex
2119 925 2250 977 usu,
2281 909 2350 965 de
2389 909 2632 968 felicibus
2665 912 2744 968 sic
2782 913 3010 970 dicendo
3042 933 3054 969 :
3095 915 3239 970 Vidit
3263 915 3412 972 illum

1822 1000 1982 1057 Deus.
2018 1001 2158 1057 Vidit
2185 1016 2314 1072 ergo
2340 1001 2497 1058 istam
2527 1003 2686 1069 Deus,
2717 1019 2881 1074 quam
2908 1006 3145 1062 curando
3183 1006 3414 1064 reddidit

1821 1093 1901 1150 sic
1927 1093 2156 1150 felicem.
2189 1091 2257 1148 Et
2293 1093 2422 1164 quid
2458 1083 2653 1166 plura?
2679 1093 2923 1153 Christus
2951 1099 3191 1163 mulieris
3229 1099 3415 1156 docuit

1824 1185 2092 1256 exemplo,
2123 1201 2285 1256 quam
2312 1182 2341 1222 ιι
2369 1186 2501 1243 fides
2527 1187 2643 1242 sola
2672 1195 2843 1243 totam
2885 1189 3133 1260 proficiat
3167 1190 3235 1247 ad
3271 1191 3416 1248 salu-

1825 1286 1955 1335 tem.
1993 1277 2101 1334 Sed
2127 1277 2196 1334 de
2222 1279 2519 1351 Synagogte
2563 1281 2808 1352 principe
2829 1280 2953 1351 jam
2976 1281 3290 1352 loquamur,
3320 1283 3416 1353 qui

1824 1371 1952 1428 dum
1991 1369 2261 1427 Christum
2288 1370 2436 1426 ducit
2463 1371 2530 1426 ad
2559 1369 2723 1426 ﬁliam
2752 1384 2926 1438 suam,
2955 1373 3098 1431 viam
3127 1374 3274 1431 dedit
3309 1390 3419 1447 qua

1826 1463 2020 1519 mulier
2047 1463 2354 1534 perveniret
2389 1462 2457 1518 ad
2484 1461 2778 1520 Christum.
2810 1464 2900 1520 Sic
2941 1466 3106 1536 coepit
3144 1467 3420 1525 hodiernae

1826 1555 2152 1628 principium
2201 1555 2466 1611 lectionis.
2519 1553 2656 1610 Ecce
2708 1557 2946 1628 princeps
2993 1573 3124 1612 unus
3171 1557 3420 1613 accedens

1832 1645 2088 1701 adorabat
2113 1664 2248 1711 eum,
2282 1646 2455 1701 dicens
2476 1667 2492 1700 :
2518 1644 2758 1713 Domine,
2781 1647 2896 1718 ﬁlia
2915 1665 3028 1702 mea
3055 1647 3207 1703 modo
3230 1647 3421 1720 defun-

148 1739 321 1796 mulier
363 1746 628 1810 quantum
673 1737 746 1793 sit
787 1753 984 1808 corpus
1027 1735 1255 1803 Christi,
1285 1752 1404 1807 quae
1431 1737 1488 1792 in
1532 1734 1730 1792 Christi
1760 1761 1809 1822 Β
1834 1747 1916 1793 cta
1943 1747 2038 1804 est,
2070 1738 2162 1792 sed
2201 1739 2346 1805 ueni,
2377 1739 2584 1810 impone
2611 1755 2822 1793 manum
2850 1748 2991 1793 tuam
3017 1757 3172 1812 super
3197 1757 3341 1806 eam,
3371 1746 3425 1794 et

151 1830 338 1887 iimbria
375 1838 589 1886 tantum
613 1845 733 1887 esse
760 1829 1110 1886 monstravit!
1143 1829 1377 1886 Audiant
1419 1828 1728 1896 Christiani,

149 1922 226 1994 qui
251 1922 490 1993 quotidie
517 1938 716 1994 corpus
743 1919 948 1978 Christi
977 1923 1261 1992 attingunt,
1292 1932 1316 1960 ο
1347 1937 1634 1992 quamnam
1661 1923 1730 1979 de

151 2017 251 2088 ipso
269 2031 498 2087 corpore
519 2031 734 2072 sumere
753 2023 978 2088 possunt
1005 2014 1347 2080 medicinam,
1373 2015 1589 2085 quando
1610 2031 1728 2071 mu-

151 2109 236 2164 lier
261 2113 430 2163 totam
457 2108 638 2180 rapuit
664 2106 732 2163 de
773 2106 889 2163 sola
929 2104 1131 2162 Christi
1165 2103 1374 2162 fimbria
1419 2107 1722 2163 sanitatem.

151 2199 244 2256 Sed
260 2198 405 2271 quod
428 2199 588 2256 nobis
613 2197 851 2256 flendum
873 2205 976 2265 est,
1005 2196 1026 2238 ί
1053 2197 1246 2252 mulier
1272 2196 1340 2253 de
1366 2198 1589 2253 vulnere
1610 2211 1727 2254 me-

152 2295 365 2352 dicinam
393 2294 535 2362 tulit,
560 2293 716 2350 nobis
742 2292 1008 2349 medicina
1032 2291 1149 2364 ipsa
1173 2298 1516 2362 retorquetur
1540 2292 1594 2346 in
1615 2292 1730 2347 vul-

153 2405 257 2446 nus.
285 2386 424 2444 Hinc
450 2395 536 2445 est
561 2387 706 2458 quod
733 2386 1026 2459 Apostolus
1051 2394 1334 2457 tangentes
1360 2384 1578 2455 indigne
1605 2400 1730 2441 cor-

155 2496 240 2554 pus
263 2477 459 2536 Christi
502 2479 685 2535 taliter
719 2477 1001 2544 admonet,
1031 2485 1089 2534 et
1127 2477 1372 2548 deplorat
1407 2494 1420 2530 :
1457 2475 1560 2544 Qui
1588 2476 1732 2532 enim

155 2575 308 2645 tangit
329 2573 549 2644 indigne
574 2588 776 2644 corpus
802 2571 1023 2638 Christi,
1049 2571 1311 2642 judicium
1333 2570 1432 2626 sibi
1459 2569 1638 2626 sumit.
1665 2568 1736 2624 Et

155 2669 281 2740 quod
307 2669 432 2725 inde
477 2667 756 2724 temeritas
801 2663 1170 2722 infirmitatem
1197 2664 1393 2736 capiat,
1434 2663 1577 2720 unde
1605 2661 1735 2719 fides

157 2761 383 2834 accipere
409 2759 644 2816 debebat
663 2759 968 2824 sanitatem,
992 2775 1181 2816 rursus
1201 2759 1380 2815 intulit
1405 2777 1418 2812 :
1448 2757 1736 2830 Propterea

155 2855 272 2909 inter
295 2870 384 2910 eos
411 2853 564 2908 multi
591 2853 791 2924 inﬁrmi
819 2859 869 2908 et
895 2850 1197 2919 imbecilles,
1227 2860 1278 2906 et
1303 2852 1565 2907 dormiunt
1591 2849 1741 2905 multi

157 2943 198 3016 (1
221 2943 331 3001 Cor.
360 2942 460 3013 xx).
510 2942 644 3000 Item
673 2942 1005 2999 dormientes
1030 2951 1275 2999 mortuos
1301 2942 1452 3007 dicit,
1483 2957 1622 3012 quos
1648 2941 1735 2996 lu-

159 3046 242 3105 get
261 3036 314 3090 in
347 3028 472 3090 vivo
511 3050 743 3106 corpore
775 3034 886 3104 jam
924 3035 1183 3106 sepultos.
1216 3033 1410 3090 Petrus
1439 3042 1494 3089 et
1520 3032 1736 3101 Paulus,

161 3128 416 3200 principes
442 3127 562 3184 fidei
599 3125 953 3193 Christianae,
985 3129 1234 3184 notitiam
1281 3127 1514 3184 nominis
1539 3126 1738 3183 Christi

160 3227 264 3276 toto
291 3221 421 3276 orbe
445 3219 802 3288 diffuderunt;
833 3220 1028 3277 mulier
1055 3219 1347 3278 accedendi
1375 3219 1441 3275 ad
1467 3218 1740 3276 Christum

162 3310 316 3383 prima
343 3311 562 3367 tradidit
588 3311 956 3384 disciplinam;
1003 3313 1198 3369 mulier
1223 3311 1396 3384 prima
1441 3311 1588 3368 dedit
1627 3312 1739 3369 for-

163 3419 290 3458 mam
327 3404 604 3474 quomodo
645 3412 902 3476 peccator
931 3415 958 3454 ε
988 3407 1151 3462 tacita
1191 3407 1529 3465 confessione
1565 3407 1744 3465 deleat

166 3497 266 3552 sine
288 3499 603 3554 confusione
629 3507 946 3571 peccatum;
975 3499 1248 3570 quomodo
1275 3501 1609 3573 delinquens,
1639 3501 1742 3558 soli

166 3585 262 3644 Deo
285 3591 531 3659 cognitus
547 3632 563 3657 ,
593 3590 662 3646 de
688 3598 842 3647 reatu
871 3590 1074 3647 nudare
1121 3593 1264 3664 apud
1298 3593 1545 3650 homines
1583 3609 1741 3651 vere-

163 3680 317 3734 cunda
341 3682 831 3739 conscientiae-non
851 3691 1106 3754 cogatur;
1134 3685 1408 3754 quomodo
1429 3686 1594 3744 homo
1612 3703 1740 3759 pos-

162 3770 222 3825 sit
240 3773 388 3828 venia
412 3772 677 3843 judicium
713 3774 1031 3846 praevenire.
1066 3776 1137 3831 At
1160 3775 1347 3846 Iesus,
1378 3777 1578 3849 inquit,
1611 3797 1737 3836 con-

161 3879 336 3932 uersus,
366 3877 417 3921 et
445 3866 624 3922 videns
657 3885 789 3935 eam,
823 3867 1016 3939 inquit,
1058 3865 1293 3942 Conﬁde,
1323 3870 1459 3944 ﬁlia,
1491 3872 1622 3944 ﬁdes
1653 3883 1740 3928 tua

165 3963 205 4005 te
225 3958 418 4013 salvam
446 3960 586 4032 fecit.
618 3958 686 4013 At
712 3957 870 4017 Iesus
897 3975 1192 4018 conversus
1220 3979 1329 4019 non
1362 3971 1510 4021 motu
1540 3980 1739 4036 corpo—

166 4045 257 4113 ris,
301 4053 398 4102 sed
440 4053 737 4110 divinitatis
783 4062 1026 4127 aspectu.
1055 4056 1302 4114 Christus
1342 4074 1633 4115 conversus
1662 4067 1745 4116 est

165 4139 224 4194 ad
247 4139 525 4196 mulierem
543 4178 559 4204 .
590 4154 651 4194 ιιι
674 4148 866 4204 mulier
893 4157 1301 4207 converteretur
1339 4151 1408 4207 ad
1434 4150 1704 4208 Christum
1721 4194 1738 4220 ,

167 4243 217 4289 ut
239 4235 304 4290 ab
329 4234 450 4306 ipso
477 4247 660 4289 curam
693 4241 931 4290 sumeret
960 4242 1099 4292 unde
1126 4252 1431 4315 sumpserat
1460 4245 1652 4312 vitam,
1686 4251 1742 4301 et

227 4378 252 4406 ⁸
269 4367 641 4440 Chrysologus
666 4381 826 4437 supra
855 4382 1025 4440 serm.
1052 4368 1123 4440 55
1152 4387 1165 4422 :
1196 4367 1332 4424 Fide
1361 4369 1546 4437 Deum,
1580 4390 1736 4428 manu

164 4439 312 4497 solum
333 4437 422 4494 teti
466 4441 500 4492 ἰ
521 4439 873 4493 vestimean
888 4455 906 4492 :
929 4444 986 4494 et
999 4437 1314 4496 Ambrosius
1333 4441 1426 4496 lib.
1449 4460 1502 4498 vi
1525 4443 1578 4498 in
1605 4443 1733 4501 Luc.

164 4525 267 4564 can.
295 4509 329 4564 9
353 4529 369 4564 :
405 4456 542 4564 Igide
573 4511 800 4564 tanaitur
826 4509 1080 4564 Christus.
1107 4510 1210 4564 ﬁde
1251 4511 1482 4564 Christus
1509 4513 1733 4564 videtur:

163 4525 369 4566 680.3:
405 4525 475 4564 I't

165 4526 267 4582 cap.
295 4526 329 4564 υ
353 4529 369 4565 :
405 4526 542 4564 riae
573 4526 800 4582 tangitur
826 4526 1080 4575 Christus,
1104 4526 1210 4582 nae
1251 4526 1482 4568 Lanatus
1509 4526 1736 4583 videtur;

165 4597 254 4653 gon
278 4599 497 4653 corpore
525 4582 771 4653 tangitur,
803 4597 908 4653 non
936 4581 1098 4635 oculis
1127 4583 1598 4653 comprehenditur,
1631 4593 1736 4642 etc.

165 4648 253 4707 Per
276 4648 580 4715 mulierem,
612 4648 908 4706 Ecclesiam
935 4667 966 4706 a
995 4648 1296 4715 gentilitate
1323 4648 1629 4712 venientem
1658 4657 1742 4710 in-

165 4723 365 4795 telligit;
388 4722 785 4795 periimbriam
815 4722 1091 4795 apostolos
1126 4730 1182 4779 et
1220 4739 1559 4782 successores
1587 4743 1742 4785 reco-

167 4791 474 4858 gnoscit,'ut
501 4791 640 4848 infra
670 4793 724 4846 in
752 4791 865 4848 hoc
884 4792 1076 4848 eodem
1104 4809 1267 4851 serm.
1291 4795 1462 4858 MITA.

207 4861 250 4946 ,ξ
277 4855 1014 4946 orarias,'Pe‘fir‘iaeaus
1035 4855 1470 4946 residamus
1508 4876 1739 4925 constat-

165 4927 284 4987 Vide
305 4930 496 5010 Theol.
530 4929 624 5010 in!
652 4934 793 4999 part.
822 4926 947 4982 dist".
975 4933 1008 4980 δ
1035 4926 1116 5010 lit.
1142 4936 1205 4982 ι).
1238 4926 1741 5010 Vél‘pEOp-tercor-

165 5013 252 5082 pus
264 5001 661 5082 rmysticum,_i_n
684 5014 794 5068 quo
823 5007 1173 5082 numerantur
1191 5000 1455 5082 apostoli,
1470 4999 1742 5082 :Ecclesiae

167 5067 418 5138 doctores,
453 5081 559 5127 etc.
586 5067 749 5125 Μῖνι-λ.
768 5101 841 5111 -
857 5067 1069 5140 Corpus
1096 5067 1375 5142 multiplex
1397 5071 1524 5141 quia
1546 5073 1746 5142 ubique

165 5143 359 5210 oculus,
389 5143 593 5211 ubique
619 5157 830 5204 manus,
855 5148 986 5203 etc.,
1017 5148 1154 5205 erat,
1186 5148 1247 5196 ut
1274 5141 1428 5196 infra.

229 5224 253 5283 ε
280 5213 414 5282 Quia
444 5213 588 5270 Deus
609 5220 693 5268 est
719 5211 940 5283 spiritus
966 5211 1409 5282 simplicissimus.
1436 5211 1598 5268 ΜιτΑ.

227 5282 254 5322 ἀ
273 5283 525 5341 Fortasse
563 5282 760 5338 mulier
780 5283 894 5354 haec
922 5283 975 5336 in
1011 5297 1130 5338 eam
1159 5297 1381 5354 pravam
1421 5285 1744 5340 sententiam

167 5355 343 5418 iverat,
375 5356 544 5412 Deum
567 5369 728 5424 agere
753 5353 934 5408 omnia
957 5353 1169 5419 natura,
1189 5370 1296 5410 non
1318 5355 1593 5410 voluntate.
1620 5355 1746 5411 Haec

167 5427 444 5496 nonnullos
471 5425 603 5482 olim
630 5425 818 5480 habuit
852 5431 1144 5496 patronos,
1175 5440 1311 5496 quos
1350 5426 1520 5482 solide
1548 5425 1748 5482 refutat

167 5505 345 5568 auctor
371 5495 804 5568 Responsionum
818 5495 894 5568 ad
921 5494 1156 5568 Graecos.

233 5578 255 5606 ⁸
282 5566 608 5640 Corruptum
648 5568 704 5624 in
743 5566 901 5623 editis
925 5567 1104 5624 locum
1131 5583 1200 5624 ex
1223 5567 1448 5624 edition.
1473 5567 1681 5625 Bonon.
1714 5567 1741 5622 i

169 5641 508 5696 restituimus.

169 5709 548 5834 Μξπδξεῗίςυιιε
575 5726 705 5768 mss.
734 5710 955 5779 habent,
986 5709 1052 5766 de
1076 5709 1285 5782 ﬁmbria
1311 5710 1508 5767 vulneri
1534 5711 1748 5768 medici-

239 5861 266 5902 s
293 5849 528 5908 Latinius
563 5855 638 5907 ait
664 5855 832 5910 verba
860 5854 976 5911 haec
1003 5861 1060 5914 et
1085 5854 1366 5926 sequentia
1396 5854 1476 5910 vel
1501 5864 1647 5910 caute
1675 5855 1748 5909 le-

441 5944 714 6006 Psrson.
761 5943 890 6005 LII.

479 4480 1710 4583 ἕιὲΤιὶἱέἇῖεὶὶῗἘιὶἆίτῐξζ”’ῥᾉ“ἷ’ἓ7ιὶιὲἷὶιιὶ’δί’ἇὶἱέἶ
1719 4485 1737 4583 Ξ
1764 4480 1816 4541 D

1832 1833 1975 1886 vivet.
1994 1830 2319 1886 Futurorum
2333 1831 2617 1902 praescium
2637 1829 2909 1887 Christum
2928 1848 3038 1888 non
3060 1833 3260 1888 latebat
3278 1830 3424 1903 quod

1829 1923 2098 1997 praedictae
2134 1923 2376 1979 mulieris
2409 1923 2650 1978 eveniret
2689 1939 2944 1981 occursus
2977 1943 2990 1978 :
3020 1940 3118 1996 per
3142 1940 3304 1994 quam
3328 1923 3423 1980 Ju-

1829 2018 2068 2074 dzeorum
2113 2016 2366 2088 princeps
2410 2015 2639 2072 disceret
2693 2016 2863 2073 Deum
2923 2033 3033 2074 non
3092 2015 3421 2072 movendum

1829 2111 1984 2178 locis,
2019 2125 2127 2166 non
2167 2109 2362 2165 itinere
2401 2107 2725 2176 ducendum,
2767 2126 2879 2166 non
2925 2109 3242 2165 trahendum
3282 2125 3421 2181 pra:-

1829 2205 2005 2262 sentia
2053 2203 2360 2276 corporali,
2418 2202 2514 2259 sed
2565 2202 2893 2259 credendum
2947 2217 3108 2271 quam
3159 2202 3230 2257 sit
3281 2201 3425 2258 Deus

1830 2297 2031 2370 ubique
2076 2313 2314 2370 praesens
2331 2335 2348 2363 ,
2395 2293 2414 2333 λ
2464 2295 2667 2367 ubique
2706 2303 2880 2363 totus,
2927 2294 3127 2365 ubique
3173 2309 3424 2366 semper;

1832 2402 1888 2452 et
1918 2408 2084 2464 quam
2106 2401 2280 2450 totum
2317 2391 2489 2464 possit
2510 2390 2664 2462 jussu
2697 2389 2894 2457 facere,
2928 2404 3038 2445 non
3076 2388 3290 2455 labore;
3319 2387 3427 2443 vir-

1831 2493 1978 2542 tutes
2015 2485 2252 2550 mittere,
2294 2500 2404 2541 non
2442 2481 2687 2550 deferre;
2717 2488 2947 2538 mortem
2985 2495 3096 2537 non
3123 2496 3304 2546 manu,
3332 2478 3428 2534 sed

1835 2580 2062 2652 imperio
2084 2578 2347 2650 eilugare;
2377 2579 2542 2634 vitam
2575 2594 2686 2634 non
2725 2584 2842 2633 arte
2867 2575 3123 2640 reddere,
3165 2574 3258 2629 sed
3293 2588 3430 2645 pra:-

1834 2681 2012 2744 cepto.
2039 2671 2181 2727 Filia
2208 2689 2323 2727 mea
2351 2671 2504 2728 modo
2534 2670 2779 2743 defuncta
2808 2678 2902 2737 est,
2925 2668 3017 2724 sed
3038 2667 3172 2724 veni.
3204 2665 3321 2722 Hoc
3347 2673 3431 2722 est

1838 2762 2050 2819 dicere:
2071 2762 2262 2819 Adhuc
2285 2763 2410 2818 vitae
2438 2768 2623 2818 manet
2649 2761 2818 2828 calor,
2851 2759 3029 2816 adhuc
3055 2759 3248 2814 animae
3275 2756 3432 2812 vesti-

1839 2855 1925 2924 gia
1953 2854 2224 2920 videntur,
2269 2853 2445 2910 adhuc
2472 2861 2556 2910 est
2583 2852 2638 2908 in
2664 2853 2753 2907 via
2781 2851 3018 2923 spiritus,
3060 2850 3235 2906 adhuc
3261 2848 3434 2906 domi-

1843 2964 1942 3004 nus
1962 2948 2154 3004 domus
2179 2947 2346 3002 habet
2366 2946 2550 3012 ﬁliam,
2577 2945 2752 3002 adhuc
2783 2951 3054 3000 mortuam
3083 2949 3317 2998 tartarus
3345 2957 3433 2998 ne-

1843 3040 1974 3106 scit;
2007 3054 2136 3110 ergo
2156 3046 2217 3094 ut
2237 3046 2456 3094 euntem
2479 3037 2656 3108 possis
2684 3036 2918 3092 animam
2945 3034 3200 3100 retinere,
3217 3032 3430 3089 festina.

1847 3132 2054 3188 Stultus
2081 3131 2292 3203 putavit
2318 3129 2591 3186 Christum
2621 3144 2730 3185 non
2775 3143 2938 3198 posse
2977 3127 3239 3183 suscitare
3283 3141 3433 3181 mor-

1845 3231 2013 3288 tuam,
2046 3223 2150 3278 nisi
2177 3229 2408 3279 teneret.
2452 3219 2590 3276 Hinc
2622 3227 2706 3276 est
2732 3219 2879 3288 quod
2913 3216 3161 3274 Christus
3187 3216 3278 3271 ubi
3304 3231 3432 3287 per-

1846 3318 1996 3374 venit
2025 3315 2094 3372 ad
2129 3315 2368 3380 domum,
2413 3321 2470 3369 et
2507 3312 2641 3368 vidit
2678 3311 2914 3384 puellam
2962 3310 3119 3380 quasi
3170 3309 3434 3380 perditam

1845 3409 1983 3478 ﬁeri,
2014 3415 2074 3465 ut
2105 3407 2348 3464 infideles
2376 3406 2586 3462 animos
2623 3411 2971 3476 promoveret
2997 3402 3068 3459 ad
3096 3401 3272 3469 ﬁdem,
3308 3401 3435 3458 dor-

1846 3502 1984 3560 mire
2003 3517 2124 3558 eam
2151 3499 2298 3565 dicit,
2332 3514 2441 3554 non
2469 3496 2804 3563 defunctam,
2835 3502 2898 3550 ut
2924 3493 3210 3551 crederent
3252 3495 3266 3544 l
3304 3492 3436 3548 faci-

1848 3594 1952 3650 lius
1977 3593 2044 3649 de
2071 3599 2247 3648 morte
2292 3604 2452 3661 posse
2491 3601 2713 3656 surgere
2751 3601 2914 3656 quam
2942 3585 3011 3641 de
3046 3600 3259 3640 somno.
3309 3581 3436 3640 Non

1847 3696 1955 3751 est,
2000 3685 2190 3756 inquit,
2221 3692 2427 3740 mortua
2455 3681 2646 3755 puella,
2675 3679 2768 3736 sed
2807 3679 3014 3735 dormit.
3047 3677 3116 3733 Et
3140 3693 3269 3734 vere
3297 3676 3437 3747 apud

1847 3783 2017 3838 Deum
2038 3795 2185 3836 mors
2205 3794 2427 3834 somnus
2448 3784 2532 3832 est
2555 3795 2568 3830 :
2591 3775 2717 3845 quia
2745 3774 2984 3830 velocius
3004 3773 3146 3829 Deus
3165 3779 3438 3828 mortuum

1847 3874 1916 3929 ad
1942 3873 2109 3929 vitam
2136 3870 2364 3927 suscitat
2391 3884 2554 3938 quam
2593 3867 2662 3922 de
2701 3881 2895 3923 somno
2941 3865 3215 3922 dormiens
3243 3864 3311 3920 ab
3338 3863 3438 3920 ho-

1845 3967 1992 4023 mine
2018 3965 2323 4029 suscitetur,
2349 3971 2404 4019 et
2423 3970 2548 4017 ante
2569 3961 2715 4016 Deus
2735 3958 3053 4029 frigentibus
3072 3965 3248 4014 morte
3266 3972 3438 4012 mem-

1846 4061 1958 4117 bris
1983 4058 2344 4115 vivificantem
2382 4053 2619 4111 refundit
2646 4052 2882 4108 calorem
2900 4092 2914 4117 ,
2960 4065 3124 4119 quam
3153 4050 3315 4104 homo
3345 4063 3437 4104 se-

1842 4151 2008 4223 pultis
2047 4164 2239 4206 somno
2278 4145 2596 4218 corporibus
2636 4143 2876 4212 vigorem
2916 4139 3089 4210 possit
3127 4138 3430 4195 infundere.

1846 4243 1982 4299 Audi
2013 4240 2329 4313 Apostolum
2363 4258 2375 4292 :
2409 4237 2477 4292 In
2505 4243 2783 4300 momento,
2826 4235 2882 4286 in
2921 4233 3029 4286 ictu
3059 4231 3213 4298 oculi,
3244 4232 3438 4287 mortui
3475 4309 3477 4312 ⁴

1842 4374 2028 4446 genda,
2061 4373 2138 4428 vel
2163 4387 2290 4446 sane
2329 4367 2740 4446 interpretanda.
2772 4364 2841 4419 Et
2881 4363 3010 4420 Mita
3053 4366 3188 4446 mire
3220 4381 3279 4446 s_e
3324 4373 3438 4421 tor-

1842 4436 2099 4515 quet,'_ut
2126 4442 2298 4515 escis
2340 4436 2664 4515 catholicum
2693 4451 2910 4515 sensum
2942 4443 3099 4515 eruat
3130 4436 3439 4515 et_de_mon-

1842 4506 1977 4570 έιτει
1994 4506 2386 4596 Chrysale“!!!
2409 4509 2666 4596 Muttito
2687 4508 2872 4596 μεῖνε
2885 4508 3050 4596 seu:
3067 4506 3435 4596 materiave.

1842 4601 2002 4656 quam
2045 4578 2286 4656 primum
2309 4578 2532 4656 elicere_
2546 4579 2708 4635 debet
2747 4586 3003 4656 peccator
3029 4578 3096 4656 in_
3118 4578 3438 4656 cordeAsuo,

1843 4647 2130 4726 antequam
2151 4659 2375 4726 peccata
2395 4649 2735 4726 confiteatur.
2750 4647 3043 4726 Quodnam
3065 4649 3321 4726 dubium?
3339 4647 3442 4704 Po-

1843 4719 2056 4784 teratne
2078 4719 2448 4798 Chrysologus
2474 4721 2831 4798 auricularem
2853 4719 3249 4798 confessionem
3290 4719 3443 4798 dam-

1844 4814 1996 4880 nare,
2021 4797 2114 4868 qui
2139 4790 2302 4880 paulo
2330 4790 2579 4880 superius
2603 4792 2657 4848 in
2686 4791 2877 4880 eodem
2905 4806 3157 4880 sermone
3185 4790 3409 4880 dixerat!
3427 4808 3439 4842 :

1844 4860 2204 4926 malum-enim
2233 4860 2413 4939 facere
2431 4863 2606 4939 pudor_
2626 4879 2731 4918 non
2759 4871 2854 4939 est,
2895 4871 2945 4916 et
2973 4863 3145 4939 pudor
3167 4870 3244 4915 est
3273 4860 3442 4932 conﬁ-

1847 4942 1977 5005 teri;
2010 4933 2244 4994 timemus
2270 4933 2442 4991 dicere
2467 4934 2606 5007 quod
2633 4935 3090 5007 committerenon
3108 4933 3359 5007 timemus.

1917 4998 2133 5055 l{Fides
2153 5007 2394 5054 mulieris
2414 4998 2635 5063 ea'erat,
2659 5013 2764 5066 qua
2785 4999 3013 5055 credidit
3031 4998 3301 5055 Christum
3324 5016 3445 5057 esse

1847 5071 2001 5128 illum
2040 5069 2109 5126 de
2138 5084 2247 5140 quo
2268 5069 2546 5141 prophetae
2566 5069 2926 5140 praedixerant
2951 5069 3253 5139 hujusmodi
3282 5087 3441 5128 cura-

1851 5143 2028 5199 tiones
2055 5147 2420 5197 emanaturas.

1928 5215 1947 5252 ι
1977 5212 2184 5268 Similia
2207 5211 2371 5267 habet
2392 5209 2766 5266 Theodoretus
2802 5217 2938 5266 orat.
2971 5209 3006 5264 2
3026 5211 3094 5266 de
3115 5208 3319 5276 Princ.,
3342 5210 3442 5266 lsi-

1851 5283 2016 5340 dorus
2042 5281 2186 5353 Orig.
2232 5281 2325 5337 lib.
2367 5298 2489 5348 vin,
2535 5280 2849 5337 Tertullian.
2886 5280 3170 5353 Apologet.
3213 5281 3440 5353 lib._vn.

1853 5353 1971 5410 Prae
1997 5350 2206 5411 ameris
2235 5353 2457 5411 insignis
2479 5353 2631 5409 locus
2651 5353 2876 5409 Arnobii
2900 5350 2990 5407 lib.
3015 5368 3034 5407 ι
3062 5350 3272 5408 advers.
3299 5350 3443 5408 Gen-

1850 5433 1954 5490 tes,
1977 5425 2069 5481 ubi
2089 5425 2259 5480 Deum
2288 5425 2597 5494 alloquitur.

1926 5499 1941 5548 t
1980 5495 2253 5567 Expungit
2280 5493 2428 5551 hanc
2460 5495 2749 5551 lectionem
2794 5493 2942 5567 Mita,
2975 5501 3031 5548 et
3058 5493 3276 5567 reponit
3305 5494 3440 5565 faci-

1850 5569 1952 5624 lius
1985 5568 2050 5623 de
2065 5563 2248 5623 somno
2277 5583 2426 5636 posse
2451 5583 2661 5638 surgere
2687 5581 2840 5638 quam
2855 5564 2932 5638 Ade
2949 5563 3140 5638 morte;
3153 5563 3315 5638 Mens
3341 5579 3439 5638 au-

1849 5646 1960 5695 tem
1991 5638 2241 5695 Auctoris
2269 5633 2384 5694 hmc
2410 5633 2622 5692 videtur
2649 5633 2767 5692 esse
2799 5653 2812 5689 :
2843 5633 3090 5691 Christus
3111 5635 3249 5690 dixit
3285 5636 3439 5705 puel-

1848 5711 1958 5766 lam
1985 5717 2255 5765 mortuam
2284 5708 2550 5772 dormire,
2584 5714 2644 5761 ut
2673 5707 2922 5762 innueret
2951 5705 3187 5762 futurum
3217 5705 3349 5770 fore,
3384 5711 3441 5758 ut

1851 5781 1942 5838 illa
1993 5789 2344 5836 revocaretur
2380 5779 2447 5834 ad
2485 5779 2652 5833 vitam
2702 5785 2810 5832 tam
2850 5777 3006 5834 facile
3041 5792 3202 5848 quam
3251 5775 3441 5844 aliquis

1851 5853 1988 5909 alius
2009 5852 2284 5908 dormiens
2310 5855 2658 5906 revocaretur
2685 5865 2715 5904 a
2743 5863 2956 5906 somno.

2889 5941 2966 6002 10
