3902 6362
135 407 207 466 θοι
1468 395 1700 461 SERMO

1805 392 1980 457 KX".

627 513 858 574 SERMO
894 514 1130 573 XXXVI.

287 617 361 674 De
387 615 830 685 Hcemorrhoissa,
854 626 904 671 et
923 617 1037 689 [ilia
1059 617 1476 692 archisynagogi.

136 739 214 794 Hoc
237 736 332 787 loco
366 733 425 788 D.
451 733 631 785 Petrus
653 734 914 792 obmutuit,
932 734 1070 797 cujus
1105 733 1292 797 silentii
1331 737 1457 792 ratio
1489 734 1685 790 abunde

605 799 827 846 redditur
847 795 1074 848 sermdne
1096 795 1174 849 86.

187 890 462 952 Yerecundi
504 890 765 947 debitoris
792 897 876 946 est
917 906 1044 947 mox
1072 891 1338 963 promissa
1367 891 1684 966 dissolvere,

135 1005 210 1045 nec
232 985 502 1042 creditoris
522 984 778 1051 animum,
811 991 904 1038 aut
931 983 1186 1040 deludere
1205 983 1390 1051 moris,
1409 992 1502 1040 aut
1527 984 1688 1054 longa

132 1079 496 1153 exspectatione
550 1078 903 1150 suspendere.
961 1074 1097 1132 Cum
1151 1077 1565 1151 archisynagogi
1601 1077 1688 1134 vel

131 1171 528 1228 Emmorrhoissae
555 1170 797 1225 mulieris
823 1185 1067 1226 connexa
1089 1169 1191 1225 sibi
1207 1177 1262 1225 et
1277 1169 1538 1240 producta
1560 1185 1688 1225 nar-

130 1267 240 1321 ratio
265 1279 292 1318 a
318 1271 576 1319 consueta
623 1262 888 1318 sermonis
930 1261 1101 1317 nostri
1149 1261 1415 1317 brevitate
1443 1261 1688 1318 discede-

128 1365 208 1424 ret,
234 1355 511 1410 maluimus
531 1354 813 1410 dimidiare
842 1361 1149 1420 tractatum,
1181 1369 1252 1409 ne
1279 1369 1385 1408 non
1414 1368 1691 1409 recreare—

127 1463 196 1505 tur
213 1457 404 1504 tantum
423 1489 438 1514 ,
471 1456 734 1520 quantum
762 1455 944 1504 vester
975 1454 1294 1502 oneraretur
1322 1445 1554 1501 auditus.
1579 1445 1690 1502 Do-

126 1545 244 1599 mino
269 1542 720 1614 archisynagogus
741 1541 1006 1607 occurrit,
1047 1548 1101 1596 et
1127 1548 1275 1597 totus
1301 1540 1603 1611 prolabitur
1629 1539 1687 1593 in

125 1647 310 1701 tetram,
339 1650 558 1690 causam
588 1633 773 1701 refert,
798 1634 1035 1690 insinuat
1062 1633 1327 1701 dolorem,
1346 1641 1529 1690 movet
1547 1648 1690 1705 prte-

127 1732 285 1789 stantis
316 1730 601 1799 affectum,
634 1729 866 1800 imperat
902 1738 962 1784 ut
989 1736 1244 1802 properet
1283 1736 1338 1784 et
1367 1727 1588 1784 accedat
1625 1725 1694 1781 ad

127 1840 308 1890 curam;
338 1839 368 1878 e
408 1831 601 1878 contra
629 1822 842 1877 mulieri
883 1821 1144 1877 Dominus
1175 1837 1281 1877 non
1311 1821 1566 1892 quaesitus
1595 1835 1691 1874 oc-

127 1918 280 1982 currit,
309 1916 645 1986 praeteriens,
697 1915 1039 1970 occasionem
1085 1914 1275 1970 salutis
1321 1911 1573 1986 ingessit,
1605 1918 1692 1966 ta-
1721 1898 1771 1961 Β

127 2025 228 2064 cens
253 2023 467 2064 causam
495 2007 727 2064 tacentis
748 2007 985 2076 agnovit,
1019 2006 1288 2062 occultum
1316 2005 1511 2060 vulnus
1530 2003 1695 2060 etiam

127 2101 317 2156 celantis
344 2100 577 2171 aspexit.
608 2098 753 2155 Inter
772 2099 1058 2155 Dominum
1088 2106 1144 2154 et
1171 2098 1454 2154 mulierem
1482 2095 1695 2152 furtivae

126 2195 283 2248 salutis
309 2195 484 2264 agitur
511 2201 621 2248 tam
655 2193 859 2262 grande
888 2191 1273 2247 commercium
1307 2208 1320 2244 :
1352 2199 1407 2246 et
1433 2189 1561 2245 dum
1587 2205 1694 2260 pu-

127 2285 237 2341 blica
261 2286 522 2358 petitione
551 2285 694 2341 viam
734 2283 862 2341 facit
888 2293 1131 2354 rogatus,
1171 2282 1295 2339 ﬁdei
1323 2283 1582 2356 cogitatio
1609 2281 1694 2338 di-

127 2381 280 2434 vinum
307 2387 577 2450 penetrat,
616 2385 671 2434 et
699 2381 946 2449 pervenit
975 2378 1042 2432 ad
1075 2386 1364 2433 secretum.
1397 2377 1547 2432 Felix
1573 2393 1696 2432 mu-

127 2473 220 2539 lier,
249 2488 363 2543 qua:
391 2473 446 2527 in
473 2469 630 2528 tanta
666 2472 1010 2527 multitudine
1041 2479 1123 2526 est
1151 2472 1266 2528 sola
1305 2484 1428 2528 cum
1456 2469 1694 2539 Christo,

127 2575 170 2619 ut
193 2566 296 2622 sola
337 2567 405 2621 sit
438 2565 657 2622 conscia
687 2572 742 2619 et
769 2565 960 2620 salutis
994 2564 1248 2629 redditae,
1281 2571 1338 2618 et
1362 2563 1578 2618 virtutis
1603 2579 1699 2618 ex-

125 2658 286 2712 celsas!
319 2658 515 2724 Beata,
547 2672 667 2727 quae
696 2657 859 2711 talem
887 2657 1091 2727 reperit
1131 2671 1428 2722 accessum,
1460 2655 1546 2710 cui
1575 2655 1697 2710 nul-

125 2748 189 2803 lus
213 2750 376 2820 possit
397 2748 691 2804 obsistere!
724 2747 911 2813 Beata,
934 2763 1055 2818 quae
1075 2747 1172 2801 tali
1191 2747 1278 2801 via
1308 2746 1374 2801 ad
1396 2762 1550 2802 suum
1579 2762 1703 2818 pro-

123 2842 265 2912 ripuit
291 2849 345 2896 et
373 2842 592 2912 irrepsit
613 2847 922 2906 auctorem;
947 2854 1067 2909 qua:
1082 2847 1371 2910 antequam
1391 2838 1460 2894 de
1477 2838 1701 2895 vulnere

122 2949 204 2989 suo
231 2934 646 2990 confunderetur
673 2934 742 2989 ab
769 2933 1007 2996 homine,
1038 2939 1249 2988 careret
1277 2932 1445 3003 ipsius
1467 2931 1702 2986 vulneris

121 3025 373 3094 foeditate,
400 3028 569 3084 sciens
617 3027 720 3082 sibi
749 3025 893 3098 apud
932 3025 1181 3081 homines
1214 3031 1269 3081 et
1313 3041 1411 3096 per
1455 3025 1704 3081 homines

122 3119 457 3175 interclusum
483 3119 650 3175 totius
671 3119 877 3174 aditum
917 3117 1184 3182 sanitatis,
1215 3118 1309 3188 qui
1334 3118 1558 3172 horrere
1586 3113 1703 3171 rna-

123 3213 188 3281 gis
213 3229 372 3284 quam
401 3229 589 3270 curare
615 3213 840 3269 vulnera
863 3212 1291 3269 consueverunt!
1323 3211 1465 3266 Deus
1493 3211 1702 3266 abster-

125 3305 186 3372 git
205 3305 420 3360 vulnera
451 3305 708 3370 humana,
742 3319 850 3358 non
873 3302 1131 3374 despicit;
1156 3317 1331 3372 neque
1361 3302 1549 3357 horret
1577 3302 1698 3356 lan-
1725 3289 1773 3354 α

125 3407 296 3461 guores
307 3395 608 3462 hominum,
633 3394 728 3450 sed
749 3393 996 3465 depellit;
1021 3409 1123 3448 nec
1141 3393 1441 3448 detestatur
1469 3393 1702 3448 immun-

125 3484 264 3540 ditias
281 3487 502 3542 humani
530 3487 795 3558 corporis,
827 3486 923 3541 sed
952 3485 1202 3541 emendat
1235 3504 1247 3538 :
1280 3486 1406 3555 quia
1437 3492 1701 3541 creaturae

127 3591 216 3632 sua!
230 3579 293 3634 ad
315 3587 521 3635 tactum
543 3581 718 3636 nescit
745 3579 905 3644 Deus,
931 3578 1073 3633 Deus
1093 3595 1201 3634 non
1216 3585 1393 3649 potest
1415 3579 1700 3635 sordidari.

125 3667 216 3724 Sed
239 3673 571 3741 evangelista
592 3679 818 3742 generat
856 3673 1228 3741 qumstionem,
1272 3688 1394 3727 cum
1435 3672 1601 3727 dicit:
1633 3671 1705 3727 Et

125 3768 278 3820 statim
295 3765 448 3821 Iesus
468 3769 527 3822 in
549 3776 824 3839 semetipso
846 3783 959 3822 cum
989 3767 1304 3838 cognovisset
1335 3767 1570 3820 virtutem
1591 3783 1705 3840 qua

128 3858 300 3911 exierat
320 3858 382 3913 de
401 3875 482 3926 eo,
510 3875 783 3913 conversus
813 3858 883 3912 ad
924 3859 1123 3911 turbam
1153 3857 1364 3912 aiebat:
1390 3854 1517 3921 Quis
1542 3860 1707 3930 tetigit

129 3947 400 4004 restimenta
429 3968 546 4005 mea
589 3950 608 4022 (
637 3949 808 4004 Marc.
840 3967 873 4005 v
895 3949 943 4023 )?
972 3949 1108 4004 Dum
1135 3950 1456 4019 interrogat,
1503 3959 1528 3987 ι
1558 3950 1706 4005 velut

129 4036 465 4103 ignorantiam
490 4040 780 4109 proﬁtetur
812 4062 823 4095 :
851 4043 1046 4097 exiisse
1069 4042 1325 4098 virtutem
1347 4041 1414 4097 de
1435 4057 1495 4097 se
1514 4043 1701 4110 sentit,

130 4130 186 4183 ad
218 4145 369 4200 quam
396 4132 606 4188 exierat
646 4137 852 4187 nescit?
885 4136 1031 4204 quod
1059 4137 1386 4205 praestiterat
1427 4136 1597 4202 novit,
1619 4135 1708 4191 cui

129 4222 416 4289 prastiterit
445 4223 694 4293 ignorat?
721 4223 789 4279 de
827 4241 1061 4295 persona
1107 4227 1338 4296 dubitat,
1387 4228 1482 4297 qui
1527 4234 1709 4283 certus

130 4314 268 4370 estde
291 4316 464 4371 salute
483 4316 705 4372 collata?
721 4315 916 4372 Verum
940 4333 1048 4372 non
1071 4317 1368 4387 ignorantis
1389 4334 1594 4386 errore,
1613 4318 1709 4374 sed

129 4405 388 4475 majestate
415 4407 678 4463 Dominus
705 4409 793 4464 hic
817 4409 1040 4464 scientis
1081 4417 1137 4464 et
1175 4411 1509 4480 pnnscientis
1539 4411 1710 4465 inter-

127 4507 293 4567 rogat;
327 4516 426 4556 nec
457 4500 605 4570 quod
642 4501 913 4556 occultum
941 4501 1046 4557 sibi
1074 4509 1219 4558 esset
1252 4504 1500 4573 requirit,
1529 4503 1623 4560 sed
1653 4509 1710 4558 et

129 4586 285 4655 ipsum
322 4591 428 4645 sibi
454 4591 596 4646 bene
624 4607 743 4646 esse
781 4593 1056 4661 cognitum
1096 4594 1173 4648 sic
1201 4594 1558 4662 demonstrat,
1579 4595 1710 4650 dum

3273 407 3380 467 502

1709 522 1762 582 Α
1786 524 1918 584 tem,
1951 514 2198 572 omnibus
2218 519 2521 586 reportaret
2543 522 2597 572 et
2624 513 2654 555 ι’
2684 514 2877 586 ﬁdem;
2908 525 2963 574 et
2984 533 3103 589 quae
3127 521 3382 578 virtutem

1787 609 2064 681 probarat,
2099 615 2416 677 agnosceret
2435 607 2802 677 majestatem;
2827 626 2927 666 nec
2949 612 3168 680 rediret,
3193 621 3251 668 ut
3277 631 3380 686 pu-

1787 699 1958 766 tabat,
1992 699 2283 769 incognita,
2306 712 2426 768 quae
2444 699 2659 770 plenam
2685 711 2705 739 ε
2731 701 2814 756 sui
2834 702 3057 758 dederat
3079 706 3380 763 notionem.

1789 792 1927 848 Dum
1947 792 2214 848 erubescit
2235 793 2447 860 vulnus,
2471 793 2596 848 dum
2617 794 2670 849 in
2691 794 2787 850 tali
2806 809 2934 851 cura
2963 797 3138 867 ipsum
3167 807 3385 855 veretur

1790 893 1851 943 ut
1871 885 2059 954 Deum,
2091 884 2213 942 ﬁdei
2242 902 2349 942 sua:
2381 887 2574 944 mulier
2605 904 2713 945 non
2739 905 2904 961 parva
2938 892 3119 947 nubila
3149 895 3384 948 sustine-

1789 984 1903 1052 bat,
1928 989 1983 1038 et
2020 983 2218 1039 mentis
2251 992 2367 1038 sua:
2389 984 2592 1040 lumine
2624 983 2996 1040 confusionum
3028 986 3238 1042 nebulis
3267 988 3386 1058 ipsa

1793 1076 2078 1147 caligabat.
2121 1077 2239 1132 Vox
2268 1091 2396 1156 ergo
2441 1077 2760 1150 inquirentis
2789 1079 3020 1147 Domini,
3053 1080 3198 1135 velut
3226 1079 3386 1136 ﬂatus

1792 1171 2060 1237 salutaris,
2095 1171 2297 1248 fugavit
2327 1171 2513 1239 nubes,
2545 1172 2794 1250 dispersit
2822 1173 3064 1240 nebulas,
3097 1173 3388 1232 illustravit

1793 1262 1970 1332 tidem,
1997 1273 2050 1320 et
2069 1265 2216 1326 illam
2237 1280 2356 1338 quae
2379 1265 2554 1322 noctis
2573 1265 2774 1326 latebat
2795 1265 2849 1320 in
2877 1265 3114 1326 tenebris
3134 1266 3250 1339 ipso
3271 1266 3389 1321 sole

1792 1357 2026 1414 reddidit
2047 1358 2350 1418 clariorem.
2375 1357 2482 1418 Aut
2510 1359 2686 1420 minor
2707 1365 2789 1415 est
2825 1358 2926 1414 ista
2959 1358 3092 1426 sole,
3124 1373 3243 1428 quae
3270 1365 3388 1416 toto

1795 1453 1927 1512 orbe
1965 1451 2158 1518 radiat,
2190 1467 2309 1526 qum
2357 1457 2474 1510 toto
2513 1449 2767 1506 Ecclesia:
2796 1449 2961 1524 fulget
2999 1457 3054 1504 et
3081 1448 3391 1522 resplendet

1796 1543 1849 1599 in
1871 1544 2052 1599 cmtu?
2081 1544 2125 1598 si
2147 1543 2224 1598 sic
2247 1542 2493 1600 rediisset
2521 1542 2690 1602 invisa
2708 1585 2721 1609 ,
2745 1531 2869 1598 date
2892 1541 3122 1608 veniam,
3155 1540 3392 1596 eluserat

1795 1638 2080 1705 medicum,
2115 1654 2221 1693 non
2251 1638 2538 1709 probarat;
2563 1643 2617 1692 et
2645 1637 2744 1692 sibi
2773 1636 2919 1710 quod
2957 1643 3246 1696 consecuta
3277 1634 3394 1692 fue-

1794 1736 1898 1796 rat,
1931 1731 2201 1788 ascribere
2221 1729 2416 1804 potuit,
2450 1745 2557 1784 non
2587 1729 2832 1796 sananti;
2867 1744 2986 1802 quae
3013 1744 3072 1784 se
3093 1743 3274 1785 curam
3304 1743 3393 1783 ra-

1797 1824 1978 1898 puisse
1993 1823 2018 1862 ἀ
2042 1824 2109 1880 de
2137 1823 2348 1882 ﬁmbria
2371 1823 2609 1881 curantis
2629 1821 2951 1889 crediderat,
2975 1839 3084 1882 non
3107 1822 3173 1882 de
3194 1837 3389 1878 sensu:

1799 1928 1891 1976 aut
1920 1920 2052 2000 quid
2096 1921 2237 1977 illius
2277 1935 2395 1975 esse
2424 1919 2746 1988 crediderat,
2779 1917 2931 1990 cujus
2961 1917 3012 1973 in
3042 1932 3101 1972 se
3138 1917 3395 1974 virtutem

1798 2019 2058 2082 senserat,
2091 2019 2220 2068 voto
2247 2017 2426 2072 tamen
2443 2009 2720 2084 judicabat
2747 2009 3101 2064 extraneum?
3131 2006 3260 2075 Qum
3288 2005 3395 2062 uti-

1799 2123 1935 2178 que,
1975 2113 2029 2161 ct
2057 2106 2103 2160 si
2133 2112 2260 2160 ante
2289 2119 2472 2162 curam
2501 2102 2839 2158 verecundiae
2885 2101 3062 2156 fuerat
3087 2099 3232 2172 quod
3260 2099 3396 2153 lato-

1797 2200 1912 2267 bat,
1935 2197 2254 2256 humilitatis
2275 2197 2420 2272 quod
2449 2212 2507 2252 se
2531 2195 2807 2266 judicabat
2832 2194 3126 2264 indignam,
3159 2209 3255 2247 cur
3272 2195 3398 2261 post

1799 2309 1985 2353 curam
2008 2309 2116 2349 non
2137 2299 2351 2366 sponte,
2375 2298 2434 2346 ut
2463 2298 2646 2362 ageret
2665 2289 2886 2362 gratias,
2912 2295 2972 2346 ut
2990 2288 3252 2346 honorem
3274 2284 3399 2346 red-

1800 2387 1974 2456 deret,
2006 2393 2066 2441 ut
2093 2385 2320 2458 gloriam
2351 2384 2486 2442 tanti
2520 2382 2700 2456 operis
2740 2381 2985 2446 referret,
3011 2378 3280 2437 occurrit?
3303 2375 3398 2444 sed
3475 2393 3490 2406 ·

1799 2478 2314 2554 posteaquamJidit
2335 2476 2620 2534 Dominum
2642 2475 2696 2529 in
2716 2473 3065 2546 inquisitione
3085 2471 3394 2544 persistere,

1801 2562 1856 2628 et
1901 2571 2182 2643 discipulis
2226 2569 2608 2628 excusantibus
2645 2575 2699 2622 et
2745 2565 3202 2640 compressionem
3231 2561 3401 2622 turba:

1799 2665 2220 2740 opponentibus,
2245 2680 2354 2719 non
2376 2679 2536 2735 posse
2550 2660 2814 2732 conspicit
2831 2674 2892 2740 se
2906 2657 3095 2724 latere,
3111 2664 3400 2730 postquam

1801 2759 1949 2816 illam
1975 2758 2138 2813 timor
2163 2765 2218 2812 et
2247 2765 2450 2813 tremor
2477 2753 2821 2811 conscientiae
2841 2751 3004 2825 coepit
3031 2765 3275 2821 arguere,
3306 2762 3402 2806 ve-

1805 2851 1884 2906 nit
1912 2851 1966 2910 in
1997 2849 2259 2918 medium,
2293 2856 2353 2904 ut
2379 2863 2536 2920 quem
2586 2845 2798 2902 occulte
2839 2851 3083 2900 senserat
3109 2840 3398 2905 medicum,

1805 2953 1830 2982 ο
1861 2944 2040 3018 palam
2088 2941 2450 3016 profiteretur,
2483 2947 2538 2994 et
2583 2938 2836 2996 adoraret
2881 2945 2942 2992 ut
2987 2935 3177 3002 Deum,
3209 2939 3263 2988 et
3292 2939 3402 2986 tam

1803 3036 2158 3112 praesentibus
2178 3050 2339 3108 quam
2369 3033 2560 3088 futuris
2586 3031 2739 3089 ﬁeret
2760 3031 2827 3088 de
2849 3037 2998 3086 tanto
3022 3045 3120 3085 suo
3140 3027 3404 3100 languore

1803 3128 2091 3196 medicina,
2123 3127 2335 3186 dicente
2365 3125 2691 3198 evangelista
2725 3142 2737 3176 :
2771 3121 2961 3182 Mulier
2981 3130 3150 3180 autem
3186 3121 3400 3184 timens.

1805 3239 1866 3276 ac
1916 3231 2154 3286 tremens,
2197 3221 2363 3294 seiens
2407 3217 2543 3292 quod
2571 3219 2765 3290 factum
2803 3224 2935 3270 esset
2971 3216 3026 3268 in
3074 3230 3158 3277 se,
3190 3213 3327 3266 venit
3354 3217 3405 3266 et

1801 3316 2075 3390 procidens
2119 3323 2240 3370 ante
2267 3312 2419 3388 pedes
2449 3312 2578 3386 ejus,
2611 3311 2745 3368 dixit
2791 3312 2837 3368 ei
2876 3325 3077 3364 omnem
3117 3307 3398 3364 veritatem.

1801 3406 2024 3473 Verum,
2052 3405 2178 3478 quia
2205 3405 2462 3460 historica
2487 3403 2678 3458 relatio
2713 3401 2780 3460 ad
2803 3400 3052 3456 altiorem
3081 3414 3294 3476 semper
3323 3403 3406 3454 est

1805 3499 2214 3570 intelligentiam
2243 3494 2578 3554 sublimanda
2599 3537 2614 3561 ,
2645 3501 2699 3549 ct
2729 3492 2910 3564 figuris
2939 3489 3291 3566 praesentibus
3319 3486 3406 3542 fu-

1805 3598 1924 3644 tura
1953 3596 2079 3646 sunt
2106 3585 2378 3642 noscenda
2395 3585 2666 3656 mysteria,
2685 3583 3156 3657 archisynagogus,
3180 3577 3266 3634 vel
3288 3576 3408 3646 ejus

1805 3677 1912 3734 tilia
1931 3720 1945 3745 ,
1979 3679 2092 3734 sive
2118 3676 2311 3732 mulier
2350 3675 2404 3730 in
2434 3672 2580 3729 fluxu
2610 3673 2884 3753 sanguinis
2913 3671 3205 3727 constituta
3225 3710 3238 3735 ,
3271 3665 3403 3738 quid

1806 3774 1906 3829 sub
1949 3773 2145 3828 harum
2194 3769 2376 3842 specie
2420 3783 2770 3842 personarum
2819 3774 3040 3822 teneant
3086 3760 3410 3821 sacramenti

1807 3862 2100 3931 allegorico
2130 3876 2273 3916 nunc
2297 3873 2547 3915 sermone
2575 3855 2918 3928 pandendum
2941 3864 3042 3911 est.
3078 3853 3408 3920 Archisvna-

1809 3956 1933 4026 gogi
1963 3955 2090 4020 tilia,
2123 3954 2191 4009 ad
2210 3969 2373 4023 quam
2397 3951 2543 4008 venit
2569 3949 2834 4016 Christus,
2858 3949 3025 4014 vadit,
3059 3955 3113 4002 et
3133 3950 3406 4016 properat,

1811 4058 1867 4106 et
1904 4050 2141 4105 humano
2183 4045 2353 4117 gradu
2381 4045 2485 4106 iter
2509 4043 2669 4109 facit,
2699 4044 2794 4112 qui
2835 4040 3096 4100 divinitus
3132 4038 3252 4092 loco
3297 4051 3409 4092 non

1810 4147 1994 4211 potest
2020 4138 2350 4211 promoveri,
2403 4137 2521 4194 sine
2548 4135 2711 4194 dubio
2740 4146 3011 4208 synagoga
3042 4138 3154 4195 est,
3191 4127 3408 4182 dicente

1811 4231 2040 4287 Domino
2071 4249 2083 4283 :
2119 4229 2244 4284 Non
2274 4246 2387 4284 sum
2408 4229 2614 4290 missus,
2648 4227 2748 4281 nisi
2779 4225 2847 4278 ad
2867 4240 2982 4278 ores
3008 4237 3121 4296 qua:
3148 4221 3409 4292 perierunt

1813 4324 1991 4378 domas
2016 4320 2185 4375 Israel
2209 4319 2424 4389 (Matth.
2458 4319 2572 4391 xv).
2601 4317 2707 4372 Sed
2737 4316 2862 4371 dum
2892 4314 2958 4369 ad
2985 4314 3133 4368 illam
3161 4309 3409 4364 Christus

1807 4413 2002 4479 tendit,
2020 4411 2282 4476 Ecclesia,
2301 4425 2421 4480 quae
2443 4411 2500 4465 in
2517 4407 2724 4464 cunctis
2738 4407 2985 4476 gentibus
2997 4405 3191 4476 posita,
3211 4401 3409 4458 amisso

1814 4505 2196 4572 naturzebono,
2227 4503 2488 4575 perdebat
2516 4509 2572 4556 et
2598 4499 2957 4570 profundebat
2983 4498 3294 4567 sanguinem
3316 4509 3411 4564 ge-

1813 4601 1959 4657 neris
1992 4597 2246 4663 humani;
2279 4595 2433 4666 cujus
2461 4595 2775 4663 languorem
2806 4593 2998 4664 peritia
3025 4593 3258 4646 humana
3281 4590 3410 4644 dum

129 4680 290 4736 taliter
334 4685 623 4750 qtuerendo
671 4687 884 4741 cunctis
925 4688 1295 4757 ignorantibus
1331 4689 1479 4744 solus
1533 4689 1708 4759 aperit
1733 4677 1789 4742 D
1813 4708 2004 4750 curare
2027 4692 2231 4755 nititur,
2265 4689 2440 4759 ipsum
2461 4685 2770 4743 cumulabat
2799 4703 2812 4738 :
2841 4701 2965 4739 nam
2995 4699 3218 4739 censura
3249 4682 3412 4750 fragi-

129 4774 256 4842 quod
295 4773 520 4829 latebat.
559 4776 1041 4843 Inter-pellatricem
1061 4781 1301 4846 tacitam,
1327 4789 1382 4837 et
1407 4795 1702 4852 suggeren-

127 4872 220 4920 tem
249 4867 668 4936 cogitationibus
697 4865 843 4932 solis,
882 4882 946 4921 ac
975 4880 1099 4936 post
1115 4881 1332 4937 tergum
1351 4875 1564 4930 virtutis
1592 4889 1704 4930 sua:

128 4960 356 5014 consiliis
392 4959 776 5024 adhaerentem,
809 4975 919 5014 non
957 4965 1016 5014 ut
1041 4959 1317 5016 discussor
1355 4961 1588 5028 nescius,
1608 4959 1709 5016 sed

125 5059 176 5104 ut
199 5052 455 5122 praescius
499 5053 786 5122 inquisitor
823 5051 1073 5122 producit
1119 5053 1173 5107 in
1201 5052 1458 5120 medium,
1490 5053 1710 5124 suisque

127 5143 240 5202 facit
269 5153 452 5201 astare
490 5144 889 5216 conspectibus,
919 5151 978 5200 ut
1017 5159 1142 5216 quae
1171 5145 1274 5206 sibi
1294 5152 1542 5220 portarat
1559 5145 1710 5204 salu-

185 5355 210 5384 ι
245 5345 502 5400 Humano
531 5343 672 5399 enim
693 5357 846 5402 more
865 5340 1112 5398 Christus
1131 5341 1516 5416 circumspexit
1542 5350 1598 5402 et
1623 5343 1710 5400 in-

123 5417 428 5474 temavit.

167 5432 577 5560 lriga{allii-riturs
603 5485 932 5560 editi_on_ibus
942 5484 1106 5560 deest
1129 5485 1309 5558 ﬁdem.
1337 5531 1343 5536 .

187 5572 208 5599 ε
235 5555 456 5614 Είπιε.
487 5556 697 5612 ϐωεειι.
721 5556 884 5623 Editi,
909 5556 1026 5610 sibi.

180 5628 208 5670 δ
247 5627 327 5684 [lt
366 5629 492 5684 alibi
525 5631 870 5699 observatum
909 5636 1023 5698 est,
1067 5628 1387 5699 opinabatur
1425 5627 1566 5684 male
1591 5643 1714 5699 cum

121 5699 318 5759 intimis
354 5701 610 5755 virtutem
649 5698 886 5770 Christi,
923 5699 996 5754 ita
1038 5697 1156 5756 esse
1195 5699 1362 5754 veluti
1409 5698 1608 5770 aliquid
1647 5697 1716 5755 de

119 5770 456 5832 humanitate
498 5785 598 5824 sua
640 5768 832 5826 ﬂuens.
866 5769 1022 5828 Luca:
1067 5789 1139 5836 vr,
1171 5769 1238 5823 i9
1270 5790 1281 5824 :
1314 5773 1472 5826 virtus
1495 5768 1578 5828 Vde
1616 5770 1708 5826 illo

120 5845 326 5906 exibat,
368 5850 420 5896 et
447 5839 670 5896 sanabat
695 5857 892 5895 omnes.
921 5841 1062 5897 Vere
1091 5849 1269 5898 autem
1301 5859 1368 5898 ex
1400 5843 1492 5906 illo
1531 5842 1711 5900 exibat

99 5916 318 5996 ,virtus,
355 5928 480 5968 cum
515 5909 670 5969 factis
707 5913 1072 5982 promebatur.
1120 5911 1273 5969 Unde
1313 5914 1399 5968 hic
1442 5915 1705 5980 virtutem,

1809 4783 1978 4838 litatis
1997 4782 2263 4843 humanae,
2297 4793 2362 4834 ac
2405 4776 2692 4833 mundana:
2719 4776 2982 4831 districtio
3011 4774 3321 4846 disciplinae,
3355 4778 3412 4825 et

1809 4876 2132 4947 p0pulorum
2177 4887 2393 4942 semper
2437 4869 2752 4938 sanguinem
2799 4866 2952 4934 fudit,
3004 4875 3058 4922 et
3087 4876 3266 4920 tamen
3308 4878 3411 4917 nec

1807 4964 1992 5019 hostes
2038 4965 2278 5027 abolere,
2321 4975 2425 5015 nee
2453 4959 2653 5014 civium
2696 4959 2837 5013 bella
2885 4972 3262 5029 compescere,
3309 4969 3410 5010 nec

1808 5054 2092 5112 criminum
2113 5052 2290 5126 potuit
2317 5050 2647 5106 dementiam
2674 5049 2988 5123 perdeiere;
3019 5050 3132 5104 haec
3161 5061 3290 5117 ergo
3320 5055 3404 5100 ta—

1809 5145 1950 5201 libus
1996 5129 2246 5200 confossa
2285 5143 2448 5210 curis,
2494 5141 2587 5198 ubi
2631 5141 2890 5218 Quidquid
2931 5157 3040 5200 sua:
3078 5141 3257 5198 fuerat
3299 5138 3320 5180 τ
3355 5145 3410 5195 et

1813 5342 2013 5412 virtutis
2042 5340 2279 5411 effectum
2308 5340 2580 5412 explicant
2607 5342 2950 5412 interpretes.

1889 5422 1913 5451 ε
1953 5411 2326 5480 Maldonatus,
2360 5420 2414 5468 et
2454 5411 2797 5478 Menochius,
2831 5411 3029 5481 aliique
3057 5425 3162 5466 una
3193 5416 3413 5482 putant,

1814 5485 1937 5540 ideo
1964 5482 2236 5539 Christum
2259 5500 2318 5540 se
2340 5483 2674 5540 convertisse
2697 5482 2763 5538 ad
2783 5482 3080 5548 mulierem,
3113 5489 3172 5536 ut
3196 5482 3410 5548 mulier,

1815 5555 2005 5612 videns
2031 5571 2090 5610 se
2118 5555 2258 5612 ultra
2280 5556 2450 5614 latere
2477 5569 2584 5610 non
2605 5569 2788 5624 posse,
2806 5553 3061 5624 proderet
3088 5567 3228 5622 sese,
3259 5561 3317 5610 et
3343 5551 3415 5609 ad

1819 5626 1914 5700 Dei
1933 5626 2161 5700 gloriam
2190 5626 2507 5700 miraculum
2529 5626 2771 5700 referret.

1892 5697 1913 5735 ἲ
1939 5694 2213 5768 Ἆρροεὶιε
2242 5697 2490 5768 equidem
2519 5696 2587 5754 ad
2617 5694 3096 5768 litenmrrhoissam
3127 5694 3369 5754 alludens
3395 5711 3411 5748 :

1821 5785 1944 5842 nam
1969 5766 2020 5832 in
2040 5766 2344 5842 Evangelio
2368 5767 2562 5842 legitur
2601 5785 2612 5818 :
2646 5766 2927 5842 Mulierem
2947 5767 3091 5842 hanc
3119 5773 3296 5842 πᾶσαν
3319 5772 3416 5829 τὴν

1819 5839 1995 5898 obstant
2023 5837 2428 5906 «deﬁgfomnem
2457 5837 2798 5910 substantiam
2840 5855 2987 5910 suam
3030 5837 3408 5910 insumpsisse;

1817 5921 1996 5966 vetera
2029 5911 2356 5982 exemplaria
2385 5909 2587 5964 habent
2621 5928 2631 5962 :
2665 5909 2776 5966 ὅ).ον
2804 5910 2890 5966 τὸν
2921 5909 3026 5983 βίον
3055 5912 3231 5977 αὐτῆς,
3265 5909 3410 5980 quod
