3942 6348
521 427 630 486 503

1775 419 1834 477 S.
1877 412 2086 479 PETRI
2120 420 2556 483 CBRYSOLOGI

3695 419 3805 482 ΞΜ

517 550 638 600 erat
654 538 988 608 substantize,
1017 535 1151 595 vidit
1176 550 1296 593 esse
1321 540 1728 607 consumptum,
1760 533 1814 590 id
1843 541 1957 603 est,
1989 534 2110 591 ani-
2133 537 2190 600 Α
2212 539 2351 595 enim
2394 537 2563 595 Jonas
2600 538 2807 611 signum
2843 536 2944 610 fuit
2983 533 3267 602 Ninivitis,
3308 538 3384 592 ita
3409 536 3511 593 erit
3549 543 3602 593 et
3630 535 3804 596 Filias

515 652 687 704 mum,
720 642 976 700 mentem,
1025 646 1259 696 sensum,
1310 629 1582 700 ingenium
1602 671 1617 697 ,
1649 628 1923 697 laborem,
1956 629 2113 684 indu-

515 732 724 798 striam,
744 728 1029 792 rationem,
1045 740 1165 796 qua:
1186 724 1370 794 utique
1385 723 1688 780 rectoribus
1715 723 1783 778 ad
1811 722 2111 794 profectum

514 827 663 884 velut
691 820 1077 879 medicantibus
1096 818 1522 884 commodamus,
1555 816 1646 870 ubi
1661 814 1861 871 Christi
1883 823 2110 887 pneter-

513 917 690 975 euntis
734 913 901 970 sensit
936 911 1299 984 praesentiam,
1329 917 1476 964 retro
1505 909 1750 975 accessit,
1772 908 1899 978 quia
1930 908 2110 964 videre

511 1024 635 1064 eum
664 1005 923 1076 sanguine
951 1005 1158 1075 polluta
1189 1019 1298 1058 non
1327 1001 1653 1057 merebatur.
1686 1000 1907 1057 Accedit
1939 1006 2106 1066 retro,

507 1101 616 1159 hoc
643 1108 746 1166 est,
779 1099 905 1154 ﬁdei
931 1098 1178 1168 sequitur
1221 1096 1459 1151 auditum
1480 1137 1496 1161 ,
1532 1102 1588 1150 et
1627 1101 1870 1150 extrema
1909 1093 2108 1151 Christi

507 1193 657 1248 velut
704 1192 875 1263 ipsam
904 1189 1078 1260 tangit
1117 1187 1405 1255 ﬁmbriam,
1436 1187 1566 1243 dum
1590 1202 1701 1243 non
1727 1187 2027 1243 honoratur
2053 1188 2108 1242 in

507 1284 773 1358 patribus,
819 1298 926 1337 non
952 1280 1319 1338 sanctiticatur
1343 1280 1394 1334 in
1425 1279 1562 1350 lege,
1595 1295 1704 1336 non
1735 1295 1796 1335 se
1818 1278 2034 1350 iactitat
2053 1280 2107 1336 in

507 1375 810 1450 prophetis,
842 1389 950 1428 non
981 1372 1260 1426 Dominico
1290 1371 1408 1442 ipso
1436 1371 1736 1426 honoratur
1777 1371 1831 1426 in
1860 1388 2106 1444 corpore,

509 1468 640 1526 dum
669 1467 738 1522 ab
760 1466 852 1520 illo
877 1464 1242 1536 generationis
1267 1461 1467 1518 Christi
1487 1462 1677 1519 ordine
1691 1463 1920 1520 habetur
1936 1473 2104 1521 extra-

509 1576 636 1616 nea.
671 1557 804 1615 Post
843 1564 1050 1627 tergum
1068 1598 1082 1623 ,
1114 1557 1219 1611 hoc
1247 1564 1330 1612 est
1359 1555 1650 1611 novissimo
1680 1563 1925 1627 tempore
1952 1554 2109 1612 Chri-

509 1659 654 1708 stum
687 1649 959 1719 sequitur,
992 1655 1047 1704 et
1078 1648 1318 1704 sancitur
1345 1647 1560 1702 occulto
1595 1644 1715 1702 ﬁdei
1745 1656 2104 1716 sacramento,

509 1753 567 1804 et
594 1761 722 1802 vere
762 1743 938 1813 tetigit
966 1743 1366 1806 vestimentum,
1400 1741 1545 1812 quod
1586 1740 1642 1795 in
1671 1742 1920 1812 sepulcro
1949 1759 2108 1813 repe—

505 1840 599 1903 rit,
626 1853 725 1910 per
761 1836 904 1907 quod
938 1835 1266 1905 resurgentis
1305 1835 1517 1890 Domini
1549 1834 1797 1901 credidit,
1822 1843 1878 1890 et
1913 1836 2106 1906 praedi-

2213 636 2438 692 Itominis
2474 633 2797 708 generationi
2817 633 2904 687 isti
2935 629 3084 704 (Luc.
3114 630 3207 703 xl).
3241 629 3381 687 Ecce
3410 631 3695 702 propheta:
3719 632 3800 689 fu-

2211 741 2279 798 ga
2307 727 2475 798 ipsius
2503 725 2716 780 Domini
2743 725 2968 779 vertitur
2996 724 3048 778 in
3090 723 3343 792 ﬁguram,
3387 731 3445 778 et
3480 723 3633 793 quod
3673 725 3804 782 cele-

2210 821 2400 876 bratur
2426 818 2592 874 ferale
2639 816 3005 886 naufragium,
3037 816 3142 871 hoc
3179 821 3580 870 sacramentum
3625 814 3800 870 Domi-

2211 914 2346 970 nica:
2416 909 2828 967 resurrectionis
2895 907 3095 963 existit.
3149 906 3282 960 Nam
3343 904 3796 976 quemadmodum

2209 1003 2375 1061 Jonas
2415 1011 2598 1076 typum
2624 1017 2723 1073 per
2765 1000 2946 1056 omnia
2974 999 3209 1054 tenuerit
3236 1004 3292 1053 et
3336 996 3650 1068 impleverit
3687 995 3797 1053 Sal-

2211 1095 2445 1161 vatoris,
2485 1094 2755 1159 historiae,
2800 1106 2920 1162 quae
2959 1091 3028 1146 de
3070 1091 3186 1161 ipso
3217 1089 3420 1161 scripta
3461 1097 3582 1156 est,
3625 1097 3798 1145 textus

2211 1187 2466 1244 ostendit.
2497 1186 2673 1256 Fugit,
2705 1185 2897 1256 inquit,
2929 1183 3095 1239 Jonas
3127 1193 3151 1221 ο
3182 1199 3212 1238 a
3245 1181 3381 1239 facie
3409 1183 3508 1238 Dei
3541 1181 3722 1253 (Iona
3741 1180 3798 1253 ι).

2211 1281 2400 1337 Nonne
2452 1279 2728 1345 Dominus,
2770 1286 2830 1333 ut
2882 1277 3115 1332 hominis
3169 1276 3360 1333 faciem
3400 1276 3710 1348 prmferret,
3751 1284 3802 1332 et

2209 1375 2455 1439 formam,
2489 1374 2679 1430 faciem
2707 1373 3044 1442 formamque
3065 1370 3296 1441 propria:
3316 1369 3538 1425 deitatis
3554 1369 3797 1440 aufugit?

2211 1469 2470 1540 Apostolo
2499 1469 2576 1524 sic
2603 1468 2855 1523 dicente:
2906 1464 3006 1530 Qui
3045 1483 3161 1519 cum
3198 1467 3254 1520 in
3285 1467 3456 1536 [anna
3502 1463 3606 1520 Dei
3653 1475 3799 1531 esset,

2210 1581 2313 1620 non
2343 1565 2584 1636 rapinam
2604 1562 2885 1617 arbitratus
2906 1568 2982 1614 est
3010 1577 3119 1614 esse
3149 1576 3204 1614 se
3244 1558 3495 1630 ccqualem
3528 1557 3646 1614 Deo
3664 1600 3681 1626 ,
3717 1559 3803 1614 sed

2209 1658 2541 1727 semetipsum
2561 1655 2878 1719 exinanivit,
2911 1654 3134 1726 formam
3169 1653 3299 1706 servi
3329 1652 3596 1723 accipiens
3650 1651 3797 1724 (Plii-

2203 1748 2296 1820 lip.
2343 1747 2436 1818 n).
2496 1745 2749 1801 Formam
2789 1744 3025 1814 suscepit
3061 1742 3204 1799 servi
3245 1742 3549 1809 Dominus,
3611 1750 3676 1797 ut
3725 1742 3797 1796 la-

2208 1847 2348 1895 teret
2373 1838 2652 1903 mundum,
2685 1845 2745 1892 ut
2771 1836 3042 1892 diabolum
3082 1834 3422 1906 praeveniret,
3455 1834 3510 1889 in
3531 1834 3798 1889 hominem

505 1933 653 1988 cavit
682 1941 708 1969 η
737 1930 981 2000 insignia.
1043 1929 1149 1984 Sed
1196 1929 1323 1984 dum
1359 1928 1504 1983 circa
1541 1927 1682 1983 hanc
1709 1925 1958 1984 Christus
1997 1930 2110 1986 suis
2140 1938 2187 1999 Β
2218 1929 2238 1969 ι
2269 1946 2329 1986 se
2356 1929 2507 2000 fugat
2527 1930 2718 2000 ipsum.
2750 1927 2816 1982 Et
2854 1929 2991 1983 bene
3037 1935 3196 2000 typus
3224 1925 3428 1982 Christi
3459 1926 3641 1997 ipsius
3662 1924 3798 1981 June

505 2024 796 2080 virtutibus
816 2030 1131 2093 occupatur,
1157 2021 1211 2075 in
1246 2019 1654 2091 archisynagogi
1688 2017 1796 2074 ﬁlia
1824 2019 2024 2087 deﬁcit,
2055 2028 2112 2076 et

506 2119 739 2176 moritur
762 2117 1051 2189 Synagoga
1075 2133 1088 2168 :
1123 2119 1181 2168 ut
1214 2121 1268 2168 et
1297 2114 1408 2184 ipsa
1431 2113 1499 2168 ad
1523 2113 1688 2167 vitam
1712 2128 1811 2183 per
1831 2112 1992 2169 ﬁdem
2018 2128 2108 2169 re—

508 2210 655 2277 deat,
687 2223 808 2279 quae
830 2223 929 2278 per
956 2208 1131 2276 legem
1177 2212 1390 2261 mortua
1420 2205 1624 2271 fuerat,
1657 2213 1712 2260 et
1749 2205 1988 2276 perierat
2014 2221 2114 2277 per

511 2310 781 2358 naturam.
827 2299 976 2354 Inter
1013 2299 1122 2353 haec
1151 2300 1359 2353 veniunt
1398 2297 1462 2352 de
1490 2297 1642 2352 domo
1688 2299 2108 2373 archisynagogi,

415 2451 429 2464 ,
507 2404 564 2450 et
588 2393 784 2458 dicunt,
816 2391 947 2447 Noli
991 2409 1176 2446 vexare
1215 2393 1538 2464 magistrum,
1580 2401 1785 2447 mortua
1812 2401 1888 2448 est
1915 2393 2106 2466 puella.

509 2485 792 2556 Hodieque
805 2483 975 2540 1η(ιωί
993 2485 1182 2540 nolunt
1195 2484 1382 2540 vexari
1407 2483 1698 2552 Christum,
1717 2500 1877 2555 quem
1891 2486 2114 2557 cupiunt

510 2592 624 2635 non
651 2577 858 2642 venire,
889 2584 942 2632 et
971 2584 1201 2631 mortem
1236 2577 1604 2645 pronuntiant,
1633 2577 1726 2646 qui
1753 2592 1904 2648 spem
1933 2593 2114 2634 resur-

507 2669 774 2728 rectionis
821 2667 1112 2723 inﬁdeliter
1156 2666 1538 2738 perdiderunt;
1589 2668 1682 2723 sed
1725 2675 1780 2723 et
1819 2667 1948 2723 illud
1987 2668 2114 2723 huic

509 2761 802 2818 assertioni
828 2767 1027 2816 nostra:
1050 2775 1212 2830 quam
1233 2760 1505 2826 convenit,
1529 2759 1674 2830 quod
1702 2759 2114 2834 archisynagogi

513 2851 625 2908 ﬁlia
653 2852 938 2909 duodecim
968 2868 1140 2908 annos
1167 2853 1339 2923 egisse
1367 2852 1598 2908 refertur
1643 2853 1698 2908 in
1725 2853 1868 2921 vita,
1900 2862 1956 2910 et
1999 2855 2114 2909 hmo

510 2945 799 3004 duodecim
828 2961 998 3002 annos
1026 2962 1404 3018 perseverasse
1431 2955 1762 3003 memoratur
1786 2947 1840 3002 in
1869 2947 2110 3015 vulnere,

511 3056 638 3100 cum
665 3041 945 3112 utriusque
984 3041 1277 3098 novissimo
1311 3049 1367 3096 et
1411 3042 1630 3112 expleto
1678 3049 1926 3114 tempore
1967 3041 2114 3097 salus

509 3131 830 3190 redderetur
849 3140 905 3187 et
922 3131 1054 3188 vita.
1079 3131 1211 3188 Nam
1233 3133 1334 3188 iste
1349 3149 1603 3188 numerus
1627 3141 1838 3204 tempus
1866 3134 2114 3189 humana:

509 3226 638 3283 vitae
665 3225 942 3282 concludit
973 3243 988 3280 :
1029 3225 1122 3296 qui
1150 3232 1211 3281 ut
1238 3241 1438 3280 annum
1467 3225 1656 3294 faciat,
1689 3226 1974 3282 duodecim
2003 3226 2114 3282 dis-

2211 2032 2460 2081 servatur
2502 2024 2555 2078 in
2601 2023 2806 2078 verbis.
2836 2022 2953 2076 Non
2989 2021 3163 2076 dixit:
3205 2021 3375 2091 Fugio
3405 2021 3607 2085 Deum,
3633 2020 3728 2076 sed
3762 2019 3798 2075 Δ

2209 2116 2348 2173 facie
2369 2117 2465 2172 Dei
2487 2131 2588 2187 ego
2609 2114 2774 2185 fugio.
2801 2115 2941 2171 Deus
2961 2113 3053 2184 qui
3082 2114 3282 2184 ubique
3302 2122 3404 2180 est,
3437 2128 3553 2184 quo
3574 2113 3796 2184 seipsum

2211 2210 2381 2282 fugiet
2421 2227 2529 2266 non
2553 2217 2669 2276 est;
2693 2209 2789 2265 sed
2825 2207 3071 2267 Christus
3100 2223 3208 2264 non
3237 2215 3298 2263 ut
3341 2208 3494 2274 loco,
3537 2207 3639 2263 sed
3677 2208 3796 2262 sicut

2212 2304 2393 2376 specie
2414 2303 2605 2360 faciem
2631 2302 2846 2359 deitatis
2867 2301 3167 2372 aufugeret,
3201 2308 3372 2356 totum
3415 2306 3628 2356 nostra:
3648 2301 3797 2356 servi-

2212 2398 2342 2454 tutis
2369 2397 2608 2467 confugit
2629 2397 2696 2452 ad
2724 2397 2951 2451 vultum.
2977 2393 3281 2460 Descendit,
3312 2393 3510 2463 inquit,
3553 2391 3723 2449 Jonas
3754 2392 3796 2446 in

2213 2499 2239 2540 ε
2261 2488 2489 2562 Joppen,
2513 2497 2571 2544 ut
2592 2488 2800 2558 fugeret
2821 2487 2876 2542 in
2905 2487 2933 2524 ιι
2963 2486 3200 2541 Tharsis.
3224 2484 3360 2540 Audi
3379 2484 3792 2540 descensorem:

2214 2581 2414 2649 Nemo,
2457 2581 2662 2652 inquit,
2717 2580 2953 2636 ascendit
2989 2581 3044 2633 in
3087 2581 3296 2644 caelum,
3328 2579 3434 2632 nisi
3473 2579 3566 2651 qui
3605 2579 3672 2633 de
3690 2578 3795 2632 celo

2213 2674 2476 2728 descendit
2499 2671 2699 2745 (Joan.
2731 2671 2840 2743 ιιι).
2872 2670 3160 2726 Descendit
3187 2670 3446 2725 Dominus
3467 2669 3538 2726 de
3566 2670 3706 2726 caelo
3742 2669 3796 2724 ad

2212 2774 2440 2833 terram,
2477 2763 2756 2821 descendit
2801 2764 2974 2821 deitas
3013 2763 3082 2819 ad
3114 2763 3378 2831 humana,
3425 2762 3709 2820 descendit
3741 2761 3795 2817 ad

2210 2866 2450 2916 nostram
2471 2873 2702 2929 superna
2717 2856 3016 2912 dominatio
3037 2856 3372 2912 servitutem.
3395 2854 3466 2910 Et
3501 2862 3690 2910 tamen
3716 2853 3792 2923 qui

2213 2949 2571 3007 descenderat
2598 2948 2667 3004 ad
2695 2964 2908 3012 navem,
2941 2962 3133 3003 navem
3155 2946 3506 3017 navigaturus
3535 2943 3789 3002 ascendit:

2211 3045 2290 3100 sic
2304 3042 2570 3108 Christus,
2593 3043 2687 3112 qui
2707 3043 2761 3097 in
2781 3043 2924 3098 hunc
2937 3041 3194 3097 mundum
3214 3039 3792 3106 descendit,virtut.ibus

2213 3146 2271 3194 et
2297 3138 2665 3205 mirabilibus,
2708 3136 2963 3193 Ecclesia:
2991 3153 3103 3192 sua:
3139 3120 3456 3192 coiiscendit
3495 3136 3550 3189 in
3590 3149 3788 3189 navem.

2214 3229 2354 3298 Quid
2381 3231 2485 3286 sibi
2513 3230 2630 3286 vult
2676 3231 2688 3266 ⁸
2727 3238 2910 3285 autem
2945 3228 3167 3285 confusa
3194 3229 3372 3284 ventis
3407 3227 3664 3299 procella,
3700 3224 3791 3279 nisi

511 3321 775 3393 tinguitur
812 3329 868 3376 et
907 3328 1223 3376 numeratur
1262 3319 1317 3374 in
1346 3319 1620 3375 mensibus
1651 3337 1664 3373 :
1697 3319 1838 3375 unde
1884 3327 1940 3375 et
1985 3336 2113 3390 pro-
2137 3333 2183 3397 ο
2213 3323 2489 3380 diabolum
2525 3323 2619 3394 qui
2661 3339 2758 3378 cor
2797 3321 2947 3377 Judm
2996 3331 3316 3393 penetrans,
3355 3335 3542 3390 reges,
3585 3327 3790 3388 gentes,

509 3416 679 3491 pheta
694 3415 721 3454 δ
744 3415 844 3471 sub
863 3430 1065 3470 annum
1091 3413 1306 3469 Domini
1327 3422 1606 3485 acceptum
1621 3412 1892 3468 Christum
1915 3414 2114 3470 indicat

509 3506 830 3573 advenisse;
874 3512 930 3562 et
958 3505 1250 3577 Apostolus
1286 3506 1548 3577 temporis
1591 3506 1923 3576 plenitudine
1949 3506 2111 3562 Chri-

509 3604 658 3657 stum
677 3598 890 3654 venisse
919 3599 1218 3670 approbat,
1248 3597 1434 3653 dicens
1467 3615 1480 3650 :
1505 3596 1790 3670 Postquam
1819 3600 1953 3652 venit
1983 3609 2110 3654 tem-

511 3691 656 3763 poris
683 3689 979 3762 plenitudo,
1013 3691 1154 3746 misit
1199 3689 1340 3745 Deus
1383 3688 1579 3745 Filium
1626 3709 1774 3746 suum
1815 3689 1969 3760 (Gal.
2002 3692 2108 3764 tv).

510 3779 698 3849 Orate,
729 3783 942 3850 fratres,
967 3792 1027 3839 ut
1053 3785 1192 3840 sicut
1218 3785 1319 3840 sibi
1348 3793 1404 3839 et
1424 3785 1548 3854 legi,
1574 3784 1863 3843 utChristo
1886 3787 2110 3851 viveret,

508 3874 762 3933 defuncta
791 3886 873 3934 est
902 3875 1215 3950 Synagoga;
1241 3876 1314 3931 ita
1335 3888 1390 3932 et
1416 3893 1514 3934 nos
1536 3881 1768 3949 peccatis
1797 3883 2108 3951 moriamur,

509 3975 570 4024 et
596 3970 765 4038 carni,
797 3977 859 4026 ut
879 3970 1064 4026 vivere
1091 3969 1362 4040 possimus
1392 3971 1447 4025 in
1473 3969 1709 4028 Christo.

1045 4101 1279 4158 SERMO
1316 4103 1579 4160 XXXVII.

899 4218 980 4275 De
1029 4219 1184 4276 laute
1232 4222 1498 4294 prophetia
1543 4223 1710 4296 signa.

581 4332 832 4402 Fratres,
874 4343 1186 4394 sanctorum
1224 4344 1376 4407 gesta
1403 4338 1619 4394 casibus
1646 4353 1754 4392 non
1783 4346 1910 4393 sunt
1938 4337 2107 4410 depu-

507 4429 698 4495 tanda,
745 4429 842 4486 sed
882 4429 1052 4499 signis
1083 4448 1096 4483 :
1129 4438 1186 4486 et
1221 4445 1343 4501 quae
1381 4431 1510 4486 vitia
1561 4441 1820 4502 putantur
1859 4432 2103 4498 illorum,

507 4519 784 4592 mysteriis
811 4528 938 4575 sunt
965 4520 1280 4592 applicanda
1299 4561 1313 4586 ,
1340 4539 1449 4577 non
1485 4533 1506 4562 ε
1550 4523 1814 4593 lapsibus,
1845 4523 1985 4579 sicut
2011 4525 2109 4578 lio-

507 4615 599 4671 die
623 4615 901 4671 Dominica
930 4614 1162 4684 signavit
1190 4622 1245 4671 et
1271 4614 1528 4686 patefecit
1549 4616 1853 4680 instructio,
1885 4616 2102 4672 dicens:

2213 3417 2465 3488 populos,
2498 3417 2762 3482 militiam,
2791 3415 3030 3485 judices,
3054 3415 3294 3470 marinos
3323 3415 3586 3478 elevavit,
3624 3420 3680 3467 et
3715 3412 3788 3464 in-

2213 3509 2364 3565 ﬂavit
2410 3509 2463 3564 in
2504 3507 2723 3576 ﬂuctus,
2770 3517 2829 3564 ut
2866 3508 3221 3564 ascendentes
3257 3516 3313 3564 et
3350 3507 3607 3564 cadentes
3646 3504 3786 3560 unda:

2215 3609 2492 3658 auctorem
2514 3617 2671 3657 suum
2712 3601 2896 3657 smculi
2942 3609 3192 3671 peterent
3240 3599 3308 3656 ad
3345 3600 3625 3670 quietem?
3663 3595 3786 3651 Audi

2214 3697 2386 3752 undas
2439 3696 2649 3764 seculi,
2692 3695 2816 3751 audi
2852 3695 3174 3767 prephetam
3220 3693 3526 3749 dicentem:
3571 3692 3585 3744 i
3629 3689 3788 3755 Quare

2213 3789 2532 3859 fremuerunt
2570 3797 2745 3859 gentes
2769 3829 2783 3852 ,
2834 3796 2884 3841 et
2922 3789 3099 3858 populi
3138 3787 3373 3840 meditati
3411 3795 3534 3839 sunt
3581 3780 3788 3837 inania?

2212 3879 2502 3933 Astiterunt
2559 3895 2700 3950 reges
2747 3887 2927 3943 terra,
2970 3887 3020 3932 et
3058 3879 3317 3949 principes
3369 3885 3707 3932 convenerunt
3739 3876 3786 3926 in

2210 3990 2370 4027 unum
2403 3973 2647 4027 adversus
2682 3971 2983 4038 Dominum,
3026 3982 3076 4026 et
3113 3972 3356 4026 adversus
3398 3969 3654 4026 Christum
3685 3980 3781 4035 ejus

2214 4063 2332 4133 (Ps.
2364 4063 2446 4136 ιι).
2476 4063 2546 4118 Et
2581 4065 2706 4134 quia
2746 4081 2865 4120 sors
2892 4063 3085 4119 Jonam
3123 4063 3400 4134 proditum
3450 4075 3556 4113 non
3592 4056 3778 4120 defuit,

2212 4155 2399 4227 implet
2437 4169 2601 4225 super
2633 4155 2907 4211 Christum
2942 4155 3248 4210 Davidicam
3277 4152 3641 4222 prophetiam,
3677 4163 3780 4220 qui:

2210 4246 2468 4304 dicitzEt
2507 4265 2660 4319 super
2699 4250 3052 4303 vestimentum
3093 4263 3257 4300 meum
3306 4246 3558 4299 miserunt
3610 4251 3780 4296 sortem

2211 4340 2439 4414 (Psalm.
2466 4341 2599 4412 xxi).
2633 4341 2787 4408 Quod
2812 4347 2994 4396 autem
3013 4338 3178 4396 Jonas
3207 4345 3398 4394 auctor
3437 4353 3548 4394 sua:
3585 4335 3778 4390 demer-

2209 4435 2379 4490 sionis
2433 4435 2635 4501 existit,
2678 4449 2798 4490 cum
2847 4435 2977 4490 dicit
3014 4453 3026 4487 :
3070 4433 3258 4488 Tollite
3303 4450 3401 4498 me,
3434 4441 3485 4487 et
3524 4429 3701 4485 mittite
3731 4427 3777 4478 in

2210 4546 2374 4595 mare,
2406 4529 2769 4584 voluntariam
2809 4528 3022 4583 Domini
3053 4527 3253 4583 indicat
3292 4525 3630 4598 passionem;
3670 4533 3776 4574 nam

2210 4638 2379 4694 quare
2400 4622 2502 4678 sibi
2537 4623 2613 4677 illi
2642 4622 2909 4677 sustinent
2930 4620 3044 4675 h:ec
3068 4619 3264 4688 juberi,
3306 4619 3399 4688 qui
3433 4617 3536 4672 sibi
3577 4616 3627 4670 in
3652 4609 3777 4684 peri-

509 4704 699 4762 Turbis
727 4715 899 4762 autem
927 4707 1347 4763 concurrentibus
1370 4711 1520 4779 coepit
1541 4709 1710 4763 dicere
1733 4708 1889 4765 Iesus
1911 4726 1928 4764 :
1951 4708 1978 4747 ά
2003 4708 2106 4765 Ge—
2134 4737 2186 4800 ι)
2210 4717 2333 4773 culo
2361 4715 2457 4769 tali
2486 4724 2678 4786 sponte
2725 4721 2979 4784 poterant
3021 4710 3352 4766 subvenire?
3391 4706 3615 4775 Quando
3651 4700 3772 4756 enim

507 4799 717 4853 iteratio
751 4798 862 4854 hcc
907 4815 1129 4872 nequam
1179 4810 1289 4866 est;
1328 4802 1535 4872 signum
1569 4802 1771 4874 quaerit,
1812 4809 1862 4855 ct
1900 4803 2108 4874 signum
2137 4795 2172 4800 ⁷
2215 4809 2507 4865 multorum
2530 4807 2677 4862 salus
2704 4807 2843 4878 petit
2865 4805 3024 4860 unius
3045 4811 3297 4864 mortem,
3350 4813 3501 4852 mors
3537 4797 3590 4851 in
3630 4795 3774 4848 inter-

505 4905 613 4946 non
653 4888 862 4945 dabitur
904 4892 970 4958 ei,
1014 4893 1117 4945 nisi
1177 4893 1382 4964 signum
1419 4890 1575 4948 lente
1621 4896 1919 4965 praphetw;
1971 4898 2108 4951 sicut

505 5005 784 5060 recentior
809 5003 1076 5074 interpres
1096 5004 1260 5059 vertit
1284 5020 1296 5053 :
1343 5004 1527 5056 Totum
1555 5005 1741 5055 victum
1769 5022 1938 5056 suum.
1967 5007 2104 5058 Ver-

506 5074 635 5132 bum
675 5083 853 5132 autem
896 5076 1007 5140 βίος
1048 5082 1160 5128 tum
1191 5075 1424 5137 victum,
1465 5080 1577 5125 tum
1607 5087 1768 5142 omne
1795 5088 1904 5142 quo
1941 5074 2103 5130 vitam

507 5152 729 5215 tuentur
750 5187 764 5211 ,
809 5144 1092 5215 signiﬁcat.
1132 5142 1307 5198 Utitur
1337 5144 1441 5197 hac
1475 5157 1611 5197 voce
1640 5141 1845 5210 Lucas,
1876 5153 1931 5199 et
1956 5155 2106 5202 recte

508 5214 736 5271 Latinus
765 5214 1030 5286 interpres
1058 5215 1220 5270 vertit
1246 5215 1608 5286 substantiam.

584 5299 608 5324 υ
641 5285 971 5342 Vestimenta
1005 5286 1215 5340 Domini
1243 5292 1401 5339 vocat
1437 5285 1663 5356 insignia
1693 5289 2098 5356 resurrectionis,

505 5357 662 5428 juxta
688 5357 818 5413 illud
851 5376 864 5411 :
899 5357 1040 5412 Vidit
1061 5357 1382 5428 linteamina,
1405 5364 1454 5409 et
1481 5354 1718 5410 credidit.

581 5428 607 5467 δ
637 5427 794 5484 Juxta
825 5429 1129 5485 versionem
1162 5425 1320 5481 LXX.

583 5510 606 5537 ο
636 5498 714 5554 lta
743 5516 872 5554 mss.
897 5498 1101 5556 C:esen.
1127 5508 1182 5554 et
1209 5497 1380 5553 Vatic.
1416 5496 1677 5565 Latinius,
1701 5507 1758 5555 et
1784 5515 1964 5556 secum
1995 5503 2102 5559 edi-

509 5569 688 5640 tiones
721 5571 994 5627 nonnullm
1023 5571 1222 5626 habent
1250 5567 1529 5640 lapidibus.

580 5638 607 5676 ά
637 5640 762 5697 Hzcc
805 5644 916 5712 ipsa
951 5641 1150 5696 Christi
1190 5638 1470 5712 responsio
1519 5646 1750 5695 testatur
1793 5641 2098 5711 huiusmodi

509 5710 723 5780 signum
749 5710 1030 5781 tymesitum
1056 5711 1217 5769 fuisse
1256 5710 1397 5767 mala
1428 5719 1628 5778 mente,
1661 5720 1717 5768 et
1743 5728 1853 5768 non
1869 5710 2096 5772 idiscen-
2153 5745 2162 5753 -

509 5781 598 5845 di,
631 5781 727 5838 sed
754 5785 1154 5841 contradicendi
1184 5785 1430 5841 consilio.

585 5863 607 5928 ξ
641 5853 754 5909 Non
778 5869 808 5908 a
836 5853 973 5928 facie
1001 5855 1098 5928 Dei
1126 5857 1374 5928 naturali,
1399 5872 1503 5926 qua
1533 5859 1817 5928 praesentia
1841 5875 1934 5917 sua
1959 5859 2097 5916 Deus

513 5924 712 5993 ubique
741 5933 839 5993 est,
872 5933 931 5981 ut
956 5925 1090 5982 infra
1126 5924 1506 5997 Chrysolog‘us,
1537 5924 1591 5983 et
1621 5939 1676 5985 ut
1707 5932 1844 5989 bene
1875 5941 2096 5987 noverat

2214 4901 2393 4957 euntis
2423 4901 2650 4956 arbitrio
2678 4899 3003 4957 collocatur,
3034 4891 3159 4960 quia
3197 4898 3254 4945 et
3273 4891 3598 4946 moriturum
3622 4894 3774 4941 retar-

2209 5005 2402 5072 Jonas,
2435 5005 2531 5061 sed
2561 5021 2589 5060 a
2619 5003 2754 5060 facie
2783 5003 3073 5073 spirituali,
3119 5002 3172 5058 id
3213 5011 3295 5058 est
3331 5003 3400 5057 ab
3441 5018 3508 5058 eo
3548 5001 3664 5056 loco
3696 4995 3771 5073 ubi

2213 5068 2399 5201 adierat
2432 5077 2574 5132 Deus
2602 5077 2768 5131 verbo
2797 5068 2852 5130 et
2872 5075 3082 5145 spiritu,
3134 5074 3226 5129 ubi
3272 5073 3554 5130 colebatur
3581 5079 3630 5126 et
3657 5068 3770 5123 ado-

2213 5163 2268 5201 ra
2289 5199 2292 5201 _
2311 5157 2450 5201 atur.

2210 5157 2450 5202 rabatur.

2288 5218 2306 5256 ¹
2342 5219 2419 5274 Ex
2449 5219 2622 5274 codic.
2658 5217 2830 5272 Vatic.
2865 5216 3025 5283 Editi,
3057 5235 3112 5272 se
3141 5218 3276 5343 gtgit
3302 5216 3493 5288 ipsum.

2288 5289 2600 5343 BOnnidum
2650 5289 2994 5342 maritimum.
3043 5289 3147 5342 Bar
3186 5289 3295 5343 aris
3342 5303 3487 5343 nunc

2282 5298 2306 5336 Β
2335 5289 2600 5360 Oppidum
2650 5276 3651 5360 maritiinum.'Bar'ba'risinuncjafa
3696 5276 3770 5360 vel

2206 5349 2622 5430 Ja/fafS'traho,
2654 5359 2747 5414 lib.
2774 5377 2860 5414 xvi
2889 5359 2955 5414 de
2976 5375 3042 5414 eo
3074 5361 3151 5415 sic
3183 5359 3454 5429 loquitur:
3487 5349 3769 5412 Hoc'narali

2207 5441 2441 5516 utuntur,
2469 5434 2555 5516 qui
2576 5430 2646 5516 ad
2672 5448 2814 5484 mare
2835 5430 3184 5516 descendunt...
3557 5499 3589 5516 η
3627 5495 3658 5516 ν

2278 5499 2307 5541 δ
2345 5496 2543 5559 Cilicia:
2561 5503 2705 5566 urbs,
2723 5517 2883 5569 quam
2904 5502 3113 5556 urbium
3136 5501 3361 5556 Matrem
3376 5508 3536 5557 vocat
3557 5496 3767 5554 Solinus.

2283 5573 2298 5612 ί
2344 5574 2420 5629 Ex
2447 5575 2683 5630 editione
2713 5573 2921 5628 Bonon.
2953 5572 3104 5640 Alim,
3137 5582 3244 5627 aut.
3296 5571 3376 5628 Ita
3406 5574 3568 5629 etiam
3607 5577 3773 5623 emen-

2203 5646 2298 5702 dat
2320 5645 2581 5700 Latinius.
3248 5715 3252 5716 ν
3437 5715 3444 5716 ί
3523 5714 3534 5716 _
3641 5704 3696 5716 ...

2279 5717 2292 5769 i
2345 5717 2458 5772 Tali
2487 5733 2651 5772 sensu
2680 5718 2910 5787 explicat
2941 5717 3041 5770 hos
3067 5715 3260 5786 psalmi
3307 5714 3597 5770 versiculos
3639 5703 3774 5787 Ei}:-

2203 5790 2318 5845 rius
2353 5798 2479 5843 tom.
2511 5789 2531 5842 I
2560 5804 2681 5859 pag.
2719 5775 2802 5843 ὅῗι.
2837 5775 3107 5842 Herodem
3156 5802 3351 5859 nempe
3393 5798 3601 5859 regem,
3624 5775 3772 5859 Iliilaf

2181 5869 2336 5926 «tum,
2371 5852 2771 5930 Romanamque
2812 5859 3056 5914 militiam
3087 5852 3410 5913 unanimiter
3438 5856 3491 5911 in
3518 5852 3770 5909 Christum

2203 5933 2514 5990 surrexisse.
