3902 6362
134 386 218 442 ωε
1451 361 1690 422 SEBMO
1727 360 2016 420 XXXVIII.
3273 347 3388 410 50¢

136 505 241 560 dare
267 496 439 567 potest
471 489 542 545 ad
587 493 818 544 mortem
845 483 1127 551 voluntas,
1169 489 1227 537 et
1267 488 1293 518 ι
1333 477 1692 551 periclitantis
1718 481 1767 541 Α
1799 494 1924 535 cum
1952 483 2070 533 toto
2092 473 2504 534 resurrectionis
2530 486 2780 540 corusco,
2809 466 2838 508 ά
2867 470 2937 527 ad
2962 466 3125 528 fidem
3151 481 3262 526 non
3287 480 3391 525 ve-

134 606 257 651 mors
267 563 572 659 periculum
598 578 626 619 δ
654 577 957 652 praavenire
984 593 999 630 :
1029 575 1110 630 sic
1136 573 1225 630 hic
1244 571 1343 628 ubi
1370 577 1546 626 totum
1585 567 1695 624 Do-
1800 572 1972 639 niunt,
2004 569 2072 627 ad
2099 569 2473 644 paenitentiam
2493 582 2603 624 non
2622 574 2928 623 moventur.
2949 563 3130 637 Ipsum
3157 575 3392 634 namque

135 684 242 742 mini
259 657 457 750 geritur
477 675 533 730 in
562 672 786 743 ﬁguram
825 676 1172 741 exspectatur
1199 664 1481 723 morientis
1508 669 1696 719 aucto-
1799 675 1823 704 ε
1852 664 2270 722 resurrectionis
2295 664 2508 734 signum
2534 677 2645 718 non
2685 659 2913 718 credunt
2929 699 2944 724 ,
2994 657 3093 714 sed
3145 657 3385 729 gestiunt

131 749 278 840 ritas,
295 780 350 826 ut
370 768 514 824 mori
539 751 665 822 'non
692 764 764 820 sit
800 762 1116 828 necessitas,
1138 759 1236 816 sed
1263 766 1524 830 potestas.
1555 755 1696 812 Audi
1795 758 2078 826 infamare,
2110 757 2238 813 dum
2267 756 2448 829 pretio
2461 757 2691 811 militum
2715 753 2975 810 claudunt
2995 751 3202 818 oculos,
3225 749 3396 808 corda

133 866 387 924 hominum
415 859 724 916 dicentem:
765 854 1085 910 Potestatem
1116 851 1280 906 habeo
1315 849 1538 923 ponendi
1578 849 1698 904 ani—
1795 859 2165 923 corrumpunt,
2193 850 2339 922 quod
2362 851 2614 915 scierant,
2646 846 2792 918 quod
2830 845 3106 911 viderant,
3137 851 3197 898 ut
3241 851 3394 900 tace-

132 973 246 1012 mam
264 968 462 1008 meam:
494 961 548 1006 et
569 957 877 1022 potestatem
897 945 1059 1000 habeo
1086 945 1274 1000 iterum
1291 941 1528 998 sumendi
1549 955 1696 995 eam:
1795 954 1950 1012 rent;
1979 943 2306 1000 redimentes
2328 941 2685 1004 mendacium,
2717 948 2778 994 ut
2806 937 3060 993 tollerent
3081 935 3390 992 veritatem.

131 1067 254 1106 nemo
292 1046 428 1102 ιοιιὶι
475 1061 591 1100 eam
631 1060 664 1097 α
708 1059 790 1097 me
811 1040 830 1114 (
850 1039 1009 1096 Ῑοαηο
1036 1055 1071 1094 X
1093 1038 1134 1112 )-
1187 1035 1472 1104 QuomOdO
1503 1035 1528 1088 ?
1571 1033 1698 1103 «ιιιίει
1797 1038 2028 1095 Facinus
2047 1053 2202 1092 suum
2232 1037 2284 1092 in
2313 1033 2512 1091 Christi
2540 1043 2808 1088 retorsere
2828 1028 3136 1100 discipulos,
3163 1043 3286 1083 cum
3311 1026 3396 1083 di-

129 1143 348 1196 Christus
394 1137 500 1193 etsi
528 1135 706 1191 emisit
733 1133 1011 1206 Spiritum.
1043 1146 1152 1186 non
1181 1128 1397 1194 amisit.
1438 1125 1564 1196 quia
1606 1123 1700 1194 qui
1799 1141 1930 1190 cunt
1978 1150 1991 1187 :
2026 1130 2199 1187 Dicite
2237 1131 2358 1204 quia
2403 1127 2648 1201 discipuli
2689 1125 2827 1180 illius
2868 1132 3016 1179 nocte
3049 1128 3314 1187 venerunt,
3344 1126 3398 1175 et

130 1234 344 1288 omnium
385 1230 441 1284 in
481 1243 580 1284 sua
621 1242 787 1282 manu
834 1225 1026 1295 recipit
1064 1231 1121 1278 et
1151 1229 1303 1278 tenet
1328 1218 1554 1286 animas,
1586 1217 1702 1287 ipse
1800 1227 1962 1300 furati
1989 1233 2112 1280 sum
2135 1223 2353 1296 (Μαιιὴ,
2385 1220 2499 1294 28).
2542 1218 2727 1286 Erras,
2763 1215 2984 1272 Judme:
3015 1215 3121 1270 hoc
3147 1210 3398 1284 discipuli

131 1325 336 1379 animam
361 1334 521 1375 suam
548 1315 1002 1388 quemadmodum
1024 1312 1197 1385 possit
1223 1310 1450 1382 perdere
1480 1323 1588 1363 non
1615 1307 1699 1362 vi-

1829 1339 1910 1378 IOII
1941 1321 2195 1387 tulerant,
2219 1318 2315 1375 sed
2342 1317 2630 1388 magister;
2662 1323 2718 1370 et
2751 1313 2767 1352 ί
2803 1314 2916 1385 ipse
2941 1328 3000 1368 se
3033 1311 3238 1367 furatus
3279 1315 3395 1379 est,

131 1419 280 1473 detur.
303 1412 446 1468 Audi
465 1411 791 1484 prophetam
819 1407 1089 1464 dicentem
1113 1424 1126 1459 :
1157 1405 1350 1460 Anima
1375 1419 1492 1457 mea
1511 1403 1568 1456 in
1589 1418 1703 1455 ma-

1829 1417 1894 1486 [ui
1924 1415 2207 1471 videbatur
2234 1413 2462 1469 occisus.
2495 1409 2600 1465 Sed
2622 1409 2790 1463 miror
2817 1406 2964 1477 quod
2990 1403 3205 1461 Iudaeus
3236 1401 3397 1460 Chri-

131 1509 256 1564 nibus
276 1507 373 1560 tuis
401 1520 606 1575 semper
635 1499 808 1573 (Psal.
847 1516 1008 1555 cxvnt
1037 1497 1079 1571 ).
1113 1496 1182 1551 Et
1209 1495 1338 1551 alibi
1366 1513 1380 1549 :
1415 1494 1485 1548 In
1515 1509 1700 1548 manus

1833 1521 1945 1568 tum
1965 1511 2211 1582 requirit,
2237 1525 2399 1579 quem
2429 1509 2571 1563 inter
2595 1506 2732 1561 duos
2760 1505 2997 1559 latrones
3020 1499 3256 1557 feraliter
3283 1496 3399 1555 col-

136 1615 227 1657 tus
255 1596 554 1655 commendo
574 1596 815 1668 spiritum
850 1589 1209 1665 meum(Psal.
1239 1587 1392 1660 xxx).
1435 1587 1545 1643 Sed
1575 1586 1704 1656 quid

1829 1613 2042 1661 ocarat:
2093 1603 2383 1660 committit
2426 1600 2588 1668 male,
2641 1597 2878 1655 custodit
2923 1595 3119 1667 impie,
3163 1591 3399 1662 iniquius

134 1692 302 1766 plura?
325 1687 530 1755 Currit,
574 1687 832 1754 occurrit,
865 1685 1018 1741 adest
1048 1695 1070 1724 ε
1094 1684 1274 1740 bellua
1320 1683 1388 1738 de
1434 1680 1703 1753 profundo

1829 1701 2012 1770 merit.
2048 1698 2250 1765 Judme,
2281 1697 2526 1753 Christus
2568 1695 2749 1767 perire
2789 1709 2897 1749 non
2944 1697 3157 1762 potest,
3205 1687 3300 1746 sed
3340 1693 3402 1740 tu

136 1795 281 1841 totum
307 1780 602 1837 Dominicae
647 1777 1060 1835 resurrectionis
1104 1775 1394 1848 immetura
1425 1783 1482 1830 et
1519 1772 1704 1845 prodi-

1829 1809 1928 1849 :um
1953 1793 2048 1848 tibi
2076 1801 2170 1849 tuo
2206 1791 2413 1848 scelere
2453 1787 2756 1860 perdidisti,
2798 1785 3013 1852 Veniet,
3058 1793 3084 1832 κ
3120 1781 3300 1837 veniet
3344 1779 3401 1833 in

135 1887 249 1942 tura,
278 1874 443 1929 immo
471 1881 802 1944 conceptura
827 1879 883 1928 et
909 1870 1150 1942 paritura
1178 1868 1530 1944 mysterium;
1555 1866 1706 1923 adest

1830 1886 2064 1942 udicium
2091 1883 2120 1923 ιι
2149 1883 2333 1953 regina
2357 1883 2527 1938 austri
2551 1889 2609 1937 et
2636 1897 2702 1936 eo
2734 1881 2870 1951 ipso,
2902 1878 2995 1948 qui
3016 1875 3220 1930 furatus
3239 1879 3402 1944 puta-

134 1968 301 2034 bellua,
329 1966 486 2023 adest
514 1965 694 2036 imago
723 1965 942 2020 horrida
969 1972 1025 2020 et
1064 1963 1300 2020 crudelis
1336 1961 1552 2030 inferni,
1582 1977 1701 2033 qua:

1829 1986 1977 2047 tatur,
2005 1977 2206 2049 judice,
2237 1983 2292 2031 te
2327 1976 2342 2013 ί
2377 1974 2758 2032 condemnabit
2802 1991 2816 2026 :
2848 1971 2976 2041 quia
3023 1968 3114 2022 illa
3151 1964 3302 2022 venit
3329 1961 3400 2019 ab

135 2064 237 2119 dum
269 2061 440 2118 rem"
479 2060 651 2116 “ldis
691 2058 937 2116 {alicuius
985 2060 1040 2114 ίη
1085 2059 1426 2130 Propheta“):
1458 2057 1700 2128 νὶεοτθηι
1803 2079 2046 2127 extremo
2067 2079 2224 2125 teme
2251 2068 2440 2124 audire
2467 2067 2786 2137 sapientiam
2815 2061 3139 2126 Salomonis,
3175 2059 3190 2111 l
3232 2066 3288 2113 et
3335 2065 3397 2112 tu

135 2158 202 2214 sui
223 2155 385 2213 sensit
411 2161 469 2211 et
514 2154 822 2223 degustavit
872 2154 1142 2222 auctoris,
1195 2154 1424 2210 incurrit
1469 2168 1704 2222 namque

133 2254 364 2326 jejunium
390 2251 726 2308 devorando.
757 2251 866 2307 Sed
895 2250 1228 2307 domicilium
1255 2250 1437 2306 cordis
1465 2249 1548 2304 sui
1595 2257 1705 2304 tre-

136 2362 262 2402 mens
285 2344 352 2401 ad
379 2343 604 2416 superni
629 2344 857 2414 hospitis
890 2350 1040 2414 aptat
1067 2351 1122 2398 et
1150 2349 1421 2413 praeparat
1465 2341 1706 2396 mansio-

136 2456 270 2498 nem:
299 2447 360 2495 ut
386 2439 505 2511 ipsa
533 2453 655 2508 qua:
682 2435 860 2494 fuerat
888 2445 1003 2493 tota
1028 2453 1192 2493 causa
1221 2435 1565 2500 discriminis,
1589 2435 1704 2506 ipsa

137 2532 266 2589 ﬁeret
289 2530 610 2588 necessaria:
638 2528 996 2599 navigationis
1043 2526 1282 2582 inaudita
1326 2532 1568 2591 vectura,
1611 2540 1707 2580 ve-

138 2633 318 2680 ctorem
344 2638 501 2679 suum
549 2636 804 2689 servans},
847 2629 904 2676 et
940 2629 1066 2692 post
1103 2620 1339 2676 triduum
1368 2617 1610 2674 referens
1638 2616 1707 2672 ad

1805 2163 1875 2218 ad
1919 2170 1973 2218 te
2000 2161 2304 2217 venientem
2346 2158 2666 2230 sapientiam
2695 2157 2794 2212 Dei
2822 2153 3219 2212 infelicissimus
3249 2148 3398 2205 occi-

1805 2253 1951 2312 disti.
1984 2253 2233 2309 Ninivita:
2261 2251 2653 2308 crediturarum
2683 2249 2955 2319 gentium,
2993 2245 3181 2316 regina
3233 2242 3404 2299 austri

1807 2346 2062 2403 Ecclesiae
2088 2354 2218 2402 tunc
2240 2343 2456 2416 provisa
2485 2351 2570 2398 est
2609 2343 2663 2398 in
2702 2340 2944 2413 ﬁguram.
2989 2338 3142 2395 Beati
3186 2351 3402 2403 sumus,

1806 2439 2022 2502 fratres,
2044 2438 2172 2508 quia
2193 2437 2337 2508 quod
2359 2435 2633 2508 praecessit
2661 2435 2715 2490 in
2738 2443 2883 2507 typo,
2908 2432 3052 2504 quod
3076 2430 3404 2504 promissum

1808 2541 1894 2589 est
1914 2533 1970 2587 in
1997 2532 2187 2602 figura,
2219 2547 2320 2587 nos
2347 2529 2558 2601 specie,
2589 2528 2820 2584 veritate
2846 2539 3188 2591 veneramur,
3219 2519 3401 2579 cernis

1807 2641 1930 2682 mus
1948 2632 2004 2681 et
2031 2624 2310 2680 habemus.

2317 2712 2549 2774 SERMO
2597 2710 2880 2768 XXXVIII.

2094 2807 2174 2862 De
2209 2808 2404 2880 injuria
2433 2823 2578 2881 atque
2606 2807 2782 2860 animo
2815 2802 3106 2859 toleranda.

1882 2901 2094 2970 Quanta
2122 2902 2193 2958 sit
2219 2901 2455 2958 caelestis
2484 2899 2836 2972 philosophite
2866 2893 3198 2966 magnitudo,
3229 2907 3403 2963 quau-

1808 3003 1865 3050 ta
1892 2996 2063 3052 virtus
2099 2995 2305 3050 militia:
2341 2992 2680 3059 Christianae,
2726 2990 2888 3046 hodie
2915 2988 3099 3044 docuit
3126 2985 3403 3051 Dominus,

136 3087 371 3154 gentibus
390 3086 786 3143 conferendam.
813 3084 1111 3152 Ceneratio,
1138 3087 1331 3155 inquit,
1351 3086 1460 3140 haec
1487 3102 1708 3159 nequam
1808 3087 1888 3143 sic
1908 3087 2138 3142 dicendo
2166 3104 2178 3140 :
2213 3084 2274 3141 Si
2295 3087 2409 3159 quis
2433 3094 2480 3139 te
2507 3084 2816 3156 percusserit
2834 3083 2889 3136 in
2920 3081 3187 3135 dexteram
3215 3075 3407 3133 maxil-

135 3188 238 3243 est;
265 3179 464 3250 signum
488 3180 695 3252 atterit,
717 3186 769 3233 et
795 3181 1002 3250 signum
1024 3196 1130 3232 non
1167 3177 1485 3244 dabiturilli,
1510 3179 1614 3233 nisi
1634 3178 1709 3233 εἰ·
1811 3179 1918 3234 lam
1947 3187 2107 3246 tuam,
2131 3176 2305 3249 praebe
2330 3177 2412 3232 illi
2433 3186 2483 3230 et
2503 3175 2720 3230 alteram
2749 3172 2964 3246 (Matth.
2987 3171 3062 3241 v).
3096 3169 3213 3226 Hoc
3250 3172 3406 3240 putat

137 3286 277 3340 gnum
301 3268 452 3325 Iona
483 3271 769 3342 prophetae.
821 3269 968 3325 Sicut
1000 3271 1138 3324 enim
1157 3268 1326 3324 Jonas
1359 3271 1564 3341 signum
1606 3271 1706 3341 fuit
1732 3257 1779 3323 C
1809 3272 2064 3338 arduum,
2114 3271 2207 3340 qui
2254 3269 2475 3341 praemia
2512 3267 2787 3339 patientia:
2814 3272 3016 3334 quanta
3062 3263 3171 3321 sint
3210 3261 3402 3317 nescit.

141 3357 385 3425 Ninivitis,
415 3362 491 3415 ita
520 3362 620 3415 erit
657 3371 708 3416 et
747 3359 918 3416 Filius
965 3361 1189 3417 hominis
1225 3362 1550 3434 generationi
1587 3363 1695 3416 isti.
1809 3362 2043 3419 Putasne
2081 3370 2264 3434 potest
2304 3361 2394 3416 ille
2431 3359 2743 3415 vulneribus
2791 3356 3034 3412 invenire
3079 3353 3362 3410 victoriam
3385 3391 3402 3419 ,

141 3449 259 3518 Quia
280 3449 496 3508 Judaica
516 3452 740 3524 perﬁdia
767 3450 1062 3508 ﬂuctuante
1089 3451 1286 3509 inferni
1329 3449 1573 3507 Christus
1604 3451 1701 3508 de—
1807 3457 1901 3527 qui
1923 3471 2025 3512 nec
2052 3456 2163 3512 ictu
2189 3454 2383 3526 palma:
2411 3453 2692 3522 acquirere
2728 3450 2845 3506 vult
2881 3447 3186 3504 coronam?
3217 3443 3407 3500 Potest

143 3555 322 3596 mersus
349 3550 432 3596 εει
460 3542 516 3596 in
563 3541 919 3613 owundum;
965 3551 1022 3598 θῑ
1069 3544 1321 3599 tl‘idlﬂmo
1371 3559 1531 3598 cursu
1587 3551 1702 3598 tota
1810 3551 1912 3606 iste
1938 3557 2115 3605 morte
2140 3548 2414 3618 inquirere
2441 3546 2696 3616 gloriam,
2728 3543 2815 3600 cui
2854 3557 2954 3613 pro
2988 3542 3196 3596 honore
3221 3539 3406 3594 divino

143 3631 304 3686 πληπί
328 3632 540 3688 οωιιιῐθ
559 3648 900 3704 Ρθτοωτθηδν
929 3642 985 3690 ει
1010 3631 1244 3691 «Iudaica!
1271 3635 1622 3701 crudelitatis,
1650 3643 1706 3691 et
1810 3643 2045 3698 humana
2074 3642 2254 3712 gravis
2295 3640 2508 3696 videtur
2533 3637 2775 3709 injuria?
2805 3635 3011 3702 Homo,
3036 3648 3219 3690 nonne
3257 3647 3402 3704 pra:-

141 3723 410 3794 maieSlaliS
437 3741 550 3781 sum
579 3741 644 3781 ac
680 3735 974 3798 peremptae
1021 3729 1214 3783 mortis
1259 3727 1407 3784 dedit
1447 3729 1704 3784 indicium
1810 3737 1982 3806 ceptis
2009 3735 2206 3790 talibus
2234 3733 2473 3789 infantia:
2501 3740 2608 3787 tua:
2631 3730 2936 3786 rudimenta
2964 3725 3408 3798 componuntur?

144 3831 245 3870 cum
262 3829 582 3888 resurgeret.
608 3819 799 3877 Merito
824 3835 954 3891 ergo
981 3830 1203 3890 surgent
1222 3821 1469 3878 Ninivitaa
1488 3823 1542 3878 in
1566 3822 1711 3893 judi—
1815 3827 2033 3894 Palmm,
2059 3827 2406 3898 parvulorum
2426 3833 2552 3881 sunt
2578 3823 2824 3887 verbera,
2857 3836 2966 3876 non
2985 3821 3245 3876 virorum.
3269 3817 3409 3873 Hinc

144 3910 230 3977 cio,
253 3919 305 3967 et
329 3913 772 3970 condemnahunt
811 3916 959 3971 illaut
999 3917 1426 3987 generationem,
1475 3918 1603 3986 quia
1633 3916 1709 3972 illi
1816 3930 1898 3977 est
1925 3921 2071 3990 quod
2099 3921 2304 3976 levibus
2331 3918 2603 3974 mandatis
2625 3915 2855 3987 pueritia
2875 3913 3076 3968 Christi
3104 3912 3402 3979 animatur,

147 4001 278 4056 unius
299 4004 579 4074 prophetae
618 4005 880 4077 naufragi,
928 4007 1168 4076 advenae,
1201 4010 1390 4080 ignoti,
1434 4009 1708 4080 praeconio
1815 4019 1876 4067 ut
1903 4011 1973 4067 ad
1993 4012 2176 4081 gravia
2206 4020 2321 4066 toto
2345 4009 2458 4080 jam
2485 4010 2682 4065 robore
2707 4005 3016 4075 evangelica
3034 4003 3290 4074 juventus
3316 4018 3409 4059 ac-

148 4093 483 4163 corriguntur;
515 4097 603 4152 isti
630 4107 754 4167 post
778 4099 1005 4156 virtutes
1027 4110 1224 4172 tantas,
1247 4101 1510 4158 mirabilia
1532 4111 1702 4168 tanta,
1815 4101 2009 4170 cedat;
2041 4111 2101 4158 ut
2130 4103 2235 4159 hoc
2262 4103 2535 4159 laboribus
2555 4143 2570 4168 ,
2615 4098 2821 4171 pmnis,
2864 4105 3040 4152 morte
3070 4111 3130 4150 se
3175 4094 3409 4165 gaudeat

137 2732 379 2789 superna;
426 2724 486 2772 et
510 2716 618 2772 hoc
637 2715 793 2772 daret
815 2715 1066 2786 gentibus
1090 2714 1238 2785 quod
1282 2712 1579 2769 abstulerat
1608 2709 1704 2766 Ju-

137 2809 264 2876 dzis,
292 2807 488 2879 quibus
523 2807 736 2877 signum
758 2807 1124 2877 quaerentibus
1143 2806 1318 2862 solum
1345 2804 1578 2861 dandum
1599 2803 1709 2860 Do-

137 2900 293 2955 minus
318 2914 436 2956 esse
469 2899 681 2970 signum
726 2900 831 2956 hoc
857 2898 1102 2955 decernit
1124 2941 1139 2967 ,
1181 2913 1278 2970 per
1322 2897 1468 2968 quod
1507 2898 1710 2953 scirent

137 2993 347 3062 gloriam
379 3008 540 3064 quam
578 2993 634 3047 in
675 2989 893 3048 Christo
938 2999 1320 3064 speraverant,
1377 2998 1546 3046 tutam
1588 3004 1709 3045 esse

207 4270 228 4340 ξ
263 4260 346 4318 Sic
391 4265 726 4340 correximus
775 4279 844 4320 ex
893 4265 1251 4340 castigatione
1299 4263 1539 4340 Latinii.‘
1567 4262 1708 4332 Quid

151 4332 267 4405 enim
287 4341 365 4405 est
393 4335 737 4405 periclitantis
765 4351 940 4399 mora,
976 4332 1262 4390 ut'habent
1303 4334 1432 4388 editi
1458 4336 1481 4389 ?
1507 4333 1711 4389 Sensus
1816 4342 1877 4389 ut
1901 4333 2274 4405 conversionis
2302 4332 2491 4387 eorum
2521 4335 2728 4405 initium
2757 4345 2813 4387 et
2833 4332 3125 4405 exemplar.

151 4397 438 4474 Chrysalogi
462 4413 579 4460 est:
603 4421 723 4460 cum
741 4407 806 4460 ad
830 4397 1120 4460 multorum
1143 4406 1370 4460 salutem
1386 4421 1533 4460 mors
1554 4405 1712 4458 unius
1894 4403 1913 4443 ί
1949 4404 2292 4469 Ambrosius,
2327 4419 2488 4458 serm.
2522 4403 2587 4457 57
2617 4406 2684 4459 de
2712 4404 2974 4474 Sepulcro
2993 4397 3214 4458 'Domini
3237 4421 3248 4456 :
3284 4400 3408 4473 Ipse

151 4474 432 4557 requiritur,
465 4484 522 4530 et
549 4491 612 4557 ea
637 4475 696 4557 in
725 4475 966 4557 ejusdem
993 4478 1096 4531 sita
1127 4484 1209 4557 est
1237 4476 1482 4557 arbitrio,
1515 4476 1602 4530 vel
1624 4491 1717 4556 vo-
1819 4477 1958 4557 enim
1981 4476 2096 4557 tulit
2125 4491 2308 4546 corpus
2329 4491 2496 4557 suurn,
2522 4476 2715 4557 scilicet
2735 4474 2985 4557 Christus,
3014 4475 3098 4557 qui
3118 4474 3402 4556 suscitavit.

151 4539 302 4625 lautas
327 4545 444 4614 ejus
471 4553 653 4625 potest
689 4539 983 4625 retardare
1005 4555 1266 4612 mortem;
1303 4547 1390 4601 vel
1423 4539 1570 4601 mors
1596 4545 1716 4616 ejus
1823 4545 1945 4625 Ipse
1975 4545 2089 4600 tulit
2117 4539 2302 4625 corpus
2319 4547 2410 4625 gui
2433 4546 2564 4625 illud
2577 4547 2758 4618 jacens
2787 4555 2836 4600 et
2865 4539 3124 4625 dormiens
3143 4561 3238 4625 sua
3261 4545 3408 4625 aspi-

151 4615 404 4689 mmineris
434 4615 728 4689 periculum
751 4618 1067 4687 praevenire.
1630 4615 1637 4616 ί
1741 4677 1789 4689 ._
1822 4615 2024 4689 ratione
2053 4615 2272 4688 collegit.
2308 4615 2431 4687 Ipse
2452 4615 2779 4689 tulit'cerpus
2803 4619 2891 4689 qui
2921 4617 3206 4689 diuinitatis
3228 4616 3410 4689 tirtute

206 4681 230 4721 δ
264 4677 543 4760 Nonnullae
570 4677 839 4760 corruptae
866 4689 1150 4760 editiones,
1182 4690 1459 4760 peruenire.
1741 4677 1793 4739 D
1820 4687 1951 4760 illud
1980 4677 2216 4759 gestans",
2249 4677 2424 4758 portat
2445 4689 2530 4760 _ad
2568 4677 2758 4752 caelos;
2795 4677 2946 4760 atque
2994 4686 3411 4760 ideohsapienter

209 4765 228 4792 ε
264 4753 666 4830 Indefinite._Nil
688 4753 884 4828 aptius.
909 4757 1060 4813 Licet
1089 4753 1368 4830 Matthaaus
1389 4773 1511 4813 eam
1536 4766 1714 4830 vocet,
1820 4753 2007 4830 mulier
2046 4753 2387 4830 interrogat;
2433 4757 2495 4813 Si
2534 4768 2586 4813 tu
2630 4753 2885 4814 sustulisti
2919 4775 3056 4823 eum,
3089 4753 3246 4811 dicito
3281 4756 3408 4810 mihi

154 4834 258 4878 cete
283 4841 372 4892 xu,
404 4826 494 4891 40,
529 4826 875 4882 nihilominus
902 4829 1202 4884 cavendum
1229 4830 1326 4882 tibi
1355 4838 1456 4894 est,
1482 4829 1719 4884 subdunt
1821 4827 1908 4882 ubi
1938 4831 2153 4896 posuisti
2175 4826 2309 4883 sunt.
2335 4828 2498 4883 Mm.

153 4902 490 4979 enarratores,
517 4904 591 4979 ut-
612 4896 699 4979 hic
725 4898 810 4952 vel
839 4906 931 4951 aut
957 4900 1601 4979 balenam,_aut_pr_i_stim,
1618 4899 1717 4979 _vel
1855 4978 1860 4979 γ
1896 4909 1922 4945 κ
1939 4894 2312 4979 ;Evattge_l_i_.~ta,
2336 4908 2541 4979 surget;
2570 4899 2623 4954 id
2652 4906 2752 4979 est,
2784 4907 2844 4953 ut
2868 4899 3025 4979 testis
3043 4913 3224 4979 coram
3251 4894 3408 4977 Chri-

183 4963 470 5090 bgzeterem
521 4966 830 5035 intelligas:
879 4983 1000 5036 quae
1036 4978 1096 5023 ut
1136 4963 1301 5023 vaStte
1355 4963 1548 5024 bellua:
1589 4963 1715 5036 sint,
1821 4978 1907 5025 sto
1930 4963 2132 5038 judice:
2166 4963 2354 5024 Testes
2381 4963 2529 5024 enim,
2546 4971 2842 5024 surrexisse
2879 4985 2909 5023 e
2945 4969 3213 5024 subselliis
3252 4965 3408 5020 testi-

183 5050 206 5086 a
273 5044 326 5090 nt
351 5045 533 5090 tamen
555 5038 692 5090 ttulzc
707 5045 917 5090 meatus
937 5048 1211 5090 angustos.
1235 5039 1465 5090 ideoque
1485 5039 1717 5090 solidum
1821 5040 2061 5090 monium
2085 5040 2326 5090 dicturos
2362 5041 2501 5090 sicut
2530 5040 2669 5090 nnud
2708 5040 3001 5090 Romanos.
3047 5040 3118 5090 ita
3150 5037 3287 5090 anud
3314 5034 3408 5089 Ju-

183 5034 326 5111 abent
351 5045 533 5092 tamen
555 5034 917 5111 gulzcineatus
933 5048 1211 5111 angustos,
1235 5039 1465 5108 ideoque
1485 5034 1717 5094 solidum
1821 5034 2061 5111 monium
2085 5040 2326 5095 dicturos
2362 5041 2501 5094 sicut
2530 5040 2669 5111 apud
2708 5040 3001 5106 Romanos,
3047 5037 3287 5111 ita_apud
3314 5034 3409 5089 Ju-

1816 4263 1948 4318 dteis
1968 4261 2285 4329 exhibitum,
2311 4269 2366 4318 et
2385 4263 2614 4333 primum
2639 4271 2750 4318 tum
2771 4260 3402 4333 gentihnspropositum,

154 5103 399 5163 hominem
432 5103 710 5176 nequeunt
743 5103 1034 5176 deglutire:
1077 5109 1258 5164 Satius
1299 5103 1429 5178 ergo
1469 5117 1552 5165 est
1593 5118 1719 5164 crete

154 5178 346 5257 potuine
368 5179 606 5257 aliquem
628 5179 840 5257 piscem
868 5195 936 5234 ex
975 5180 1207 5257 cetaceis
1250 5181 1549 5257 intelligere
1573 5221 1588 5246 ,
1619 5195 1715 5257 ve_-

151 5244 589 5368 itigscaseariam,
621 5244 852 5316 Iamiam,
883 5249 1165 5318 maltham,
1202 5258 1257 5305 et
1304 5244 1462 5320 hujus
1507 5244 1720 5318 generis

152 5330 279 5372 auos.

212 5385 242 5462 fi
263 5387 509 5445 Ninivita:
538 5391 780 5462 moribus
805 5390 1043 5458 barbari,
1073 5399 1126 5446 et
1161 5392 1310 5446 urbis
1346 5408 1466 5462 qua:
1508 5399 1715 5447 metro-

152 5459 281 5533 polis
297 5468 414 5516 erat
441 5461 595 5533 regni
620 5460 957 5533 Assyriorum
986 5463 1054 5533 ad
1074 5464 1255 5533 'ripam
1285 5459 1515 5532 Tigridis
1547 5463 1714 5529 cives,

153 5529 390 5603 religione
417 5529 677 5600 gentiles,
710 5529 930 5603 lascivia
973 5529 1223 5599 eil’ren'es,
1266 5529 1464 5603 quique
1509 5533 1713 5587 nullum

155 5598 307 5656 adhuc
332 5598 484 5657 Ion—at
522 5602 841 5658 miraculum
900 5598 1328 5669 conspexerant,
1368 5598 1488 5659 sese
1534 5612 1717 5658 tamen

1823 5110 1971 5165 dzeos
1999 5111 2234 5165 ostendit
2261 5111 2470 5166 Marcus
2499 5108 2605 5176 m,
2639 5109 2738 5176 57;
2765 5111 2950 5165 Actor.
2981 5126 3051 5175 vr,
3086 5108 3168 5161 15.

1897 5179 1924 5216 h
1964 5179 2224 5249 Reginam
2252 5182 2451 5247 Austri,
2485 5175 2804 5251 Ethiopim,
2831 5181 2979 5251 cujus
3029 5175 3410 5251 caput__Meroe

1824 5258 1925 5316 est,
1960 5247 2286 5323 imperasse,
2335 5253 2516 5323 multis
2555 5247 2823 5323 persuasit
2869 5247 3132 5323 Iosephus
3172 5247 3264 5323 lih.
3289 5261 3407 5323 __vtn

1824 5337 1944 5392 cap.
1976 5317 2366 5378 6.'Assentitur
2389 5317 2659 5379 Juvencus
2689 5324 2781 5376 lib.
2805 5338 2860 5376 ιι.
2893 5317 3022 5374 Mihi
3052 5317 3409 5392 verosimilius

1825 5388 1993 5517 ἷξδὲθῖ
2023 5392 2218 5476 Arabia
2247 5393 2414 5450 Felici
2440 5395 2670 5450 venisse.
2689 5392 2928 5448 Suadent
2948 5398 3237 5445 etmunera
3267 5388 3412 5466 obla-

1845 5479 1876 5517 a
1937 5479 1966 5516 a
1991 5479 2193 5517 omom.

1819 5471 1876 5518 ta
1897 5463 2193 5518 Salomoni.
3345 5463 3348 5466 ’

1900 5533 1915 5570 ί
1951 5533 2067 5588 Non
2097 5535 2198 5590 sibi
2226 5536 2420 5591 collata
2446 5533 2721 5604 iudicandi
2748 5537 3040 5604 potestate,
3069 5529 3163 5604 sed
3188 5545 3414 5604 compa-

1821 5605 2051 5677 rationis
2076 5607 2399 5677 exemplum.
2427 5602 2764 5676 Depravatus
2785 5604 2958 5669 locus,
2989 5602 3200 5658 meliori
3237 5602 3411 5658 inter-

157 5670 214 5722 ad
231 5672 596 5746 pmnitentiam
618 5687 996 5746 composuere;
1016 5670 1187 5746 _J_ud:ui
1215 5690 1246 5730 e
1274 5681 1460 5746 contra
1485 5674 1576 5746 Dei
1606 5673 1724 5729 cul-
1821 5675 2115 5746 punctione
2137 5670 2358 5732 sanatus
2384 5685 2485 5730 est.

157 5745 302 5821 tores,
332 5743 473 5798 inter
496 5744 704 5800 litteras
731 5743 980 5811 enutriti,
1015 5743 1222 5800 Messia:
1258 5745 1608 5813 contribules,
1639 5751 1720 5800 tot

159 5823 201 5864 et
224 5814 453 5869 aperanti
482 5814 740 5869 miracula
769 5830 876 5869 non
904 5815 1146 5869 credunt.

187 5815 453 5882 ioperanti
482 5815 740 5896 miracula
769 5830 876 5870 non
904 5815 1146 5870 credunt.

224 5891 245 5918 '
283 5881 622 5941 Resurrectto
640 5883 840 5942 Christi
867 5885 1114 5940 ultimum
1154 5883 1252 5940 fuit
1278 5885 1598 5954 miraculum
1626 5882 1720 5942 h-

1817 5741 2044 5874 ;‘IE;
2062 5745 2276 5806 Latinio
2311 5755 2368 5804 et
2410 5761 2512 5803 ms.
2562 5743 2804 5804 Vallicel.
2836 5743 3022 5814 Editi,
3065 5753 3117 5801 et
3162 5753 3215 5799 tu
3256 5741 3414 5802 adt-s-
