3942 6348
494 339 598 398 301

1743 335 1802 394 S.
1844 337 2050 396 PETRI
2087 333 2521 394 οηιιηθιοσι

3672 343 3778 399 508

494 457 762 523 obtinere,
794 454 938 526 quod
986 468 1083 527 per
1120 454 1401 512 infantiam
1437 454 1618 526 parvis
1655 454 1864 524 iniuriis
1893 454 2082 523 acqui-
2110 456 2164 516 Α
2187 461 2368 507 tamen
2409 458 2469 504 ut
2505 450 2624 521 plus
2673 459 2873 520 pateat,
2903 465 3009 521 qua
3057 467 3125 507 ex
3162 467 3322 509 causa
3351 454 3462 510 sint
3503 467 3775 530 praecepta

493 561 619 602 rere
648 561 756 602 non
784 545 1016 602 valebat.
1051 543 1119 601 Ut
1145 553 1322 601 autem
1350 544 1485 600 dura
1512 557 1620 600 non
1648 559 1769 600 esse
1793 558 1913 615 qua:
1941 558 2083 614 prae-

494 645 655 709 cepta
683 645 808 694 sunt
833 637 1214 708 approbantur,
1246 635 1621 692 mandatorum
1651 636 1820 691 series
1847 635 1964 706 ipsa
1994 649 2083 689 re-

492 731 743 803 plicatur.
784 730 1046 796 Audistis,
1090 731 1210 802 quia
1251 729 1445 784 dictum
1479 738 1556 784 est
1588 730 1848 802 antiquis,
1879 728 2085 782 oculum

493 843 589 899 pro
617 827 784 890 oculo,
807 836 858 879 et
879 825 1079 879 dentem
1113 842 1209 896 pro
1238 824 1425 891 dente;
1460 841 1556 896 ego
1584 833 1754 877 autem
1794 823 1910 878 dico
1943 821 2084 877 uobis

493 937 601 976 non
621 922 858 975 resistere
883 919 1022 974 malo
1047 935 1065 973 :
1088 919 1180 974 sed
1198 921 1242 974 si
1277 920 1391 991 quis
1417 927 1470 972 te
1499 919 1809 989 percusserit
1827 919 1883 970 in
1903 915 2084 970 dexte-

493 1027 609 1068 ram
631 1013 903 1068 maxillam
927 1018 1085 1078 tuam,
1116 1011 1288 1082 pratbe
1310 1011 1390 1066 illi
1411 1019 1461 1065 et
1485 1011 1742 1075 alterum;
1783 1019 1833 1064 et
1861 1009 1947 1081 qui
1978 1007 2087 1062 vult

495 1113 658 1160 tecum
685 1108 739 1159 in
759 1105 960 1177 judicio
992 1105 1330 1168 contendere,
1362 1112 1414 1158 et
1443 1104 1670 1158 tunicam
1701 1112 1840 1156 tuam
1882 1103 2082 1169 tollere,

492 1199 698 1252 remitte
733 1197 812 1251 illi
863 1206 913 1252 et
946 1197 1206 1267 pallium;
1249 1206 1299 1251 et
1337 1197 1424 1268 qui
1471 1205 1517 1249 te
1551 1195 1902 1266 angariaverit
1941 1193 2086 1248 mille

492 1306 711 1362 passus,
750 1289 878 1343 vade
917 1304 1032 1342 cum
1067 1287 1158 1342 illo
1185 1296 1235 1342 et
1273 1286 1378 1340 alia
1418 1285 1520 1340 duo
1545 1283 1738 1358 (Exod.
1773 1301 1883 1351 xxi,
1925 1283 2081 1339 Deut.

493 1381 614 1452 xu).
646 1381 887 1437 Audistis
914 1381 1039 1450 quia
1059 1381 1262 1436 dictum
1291 1389 1375 1435 est
1395 1381 1650 1448 antiquis.
1684 1378 1889 1448 Quibus
1939 1379 2082 1433 anti-

494 1477 650 1545 quis?
680 1477 864 1545 utique
890 1473 1104 1541 Judasis,
1127 1489 1264 1544 quos
1293 1474 1545 1542 antiquos
1573 1474 1693 1544 plus
1723 1484 1747 1509 ι
1779 1472 1980 1526 malitia
2009 1471 2087 1527 fe-

495 1578 650 1624 cerat
674 1583 836 1638 quam
882 1576 1151 1636 vetustas,
1201 1582 1338 1636 quos
1386 1564 1537 1621 furor
1575 1564 1823 1621 vindicta:
1863 1564 2088 1635 cupidos

497 1663 577 1718 sic
605 1662 842 1729 tenebat,
874 1669 933 1716 ut
960 1676 1058 1731 pro
1085 1661 1244 1716 oculo
1275 1665 1456 1730 caput,
1506 1673 1606 1729 pro
1644 1657 1805 1713 dente
1849 1657 2086 1711 animam

497 1754 854 1826 postularent.
889 1753 1024 1808 Hinc
1051 1759 1134 1808 est
1153 1751 1300 1822 quod
1321 1766 1416 1808 eos
1443 1751 1532 1805 lex
1559 1749 1628 1806 ad
1648 1749 1898 1806 vindictae
1926 1749 2088 1805 vicis-

2191 546 2349 599 altlus
2377 543 2732 612 requiramus.
2762 542 2997 613 Fratres,
3024 545 3114 601 ubi
3140 560 3200 603 se
3227 555 3582 618 peccatorum
3627 567 3776 608 mor-

2188 639 2323 704 bus,
2353 637 2607 692 vitiorum
2635 637 2839 706 scelus,
2879 638 3169 710 impietatis
3195 641 3480 711 phrenesis
3507 646 3776 704 mentibus

2189 729 2382 788 infudit
2410 730 2676 797 humanis,
2703 739 2758 786 et
2784 731 3042 802 quidquid
3070 741 3190 789 erat
3216 734 3475 804 scientia,
3510 753 3704 793 sensus
3725 747 3777 794 et

2186 825 2416 882 rationls
2442 825 2718 894 exstinxit,
2750 823 2932 883 furore
2959 841 3160 884 vesano
3190 829 3317 885 fecit
3344 846 3445 900 per
3463 833 3659 888 orbem
3687 832 3778 888 dit-

2189 916 2338 972 fusas
2361 924 2551 986 gentes
2575 917 2742 972 Deum
2771 916 2976 988 fugere,
3002 922 3155 989 sequi
3175 921 3467 987 (laniones,
3501 934 3774 980 creaturas

2191 1011 2388 1077 colere,
2421 1019 2770 1068 contemnere
2784 1011 3121 1079 Creatorem,
3146 1014 3457 1072 desiderare
3480 1017 3634 1083 vitia,
3661 1018 3776 1073 hor-

2188 1111 2310 1159 rere
2351 1104 2612 1167 virtutes,
2643 1105 2727 1174 agi
2776 1105 2999 1175 gladiis,
3032 1108 3345 1164 vulneribus
3398 1125 3598 1176 ruere,
3631 1112 3775 1168 vivos

2190 1193 2219 1236 ¹¹
2244 1198 2506 1252 mortibus
2531 1197 2796 1267 deperire.
2823 1197 2978 1255 Unde
3003 1203 3181 1256 sanari
3209 1203 3366 1260 aliter
3392 1204 3648 1261 homines
3677 1222 3776 1262 non

2191 1291 2474 1356 valebant,
2510 1291 2612 1347 nisi
2641 1291 2877 1348 catlestis
2905 1293 3100 1349 medici
3127 1295 3322 1350 armati
3352 1297 3560 1366 pietate
3585 1306 3701 1353 tota
3727 1309 3776 1354 et

2190 1384 2450 1456 patientia
2491 1385 2790 1439 niterentur
2814 1424 2830 1448 ,
2875 1386 2968 1454 qui
3007 1387 3086 1442 s‘lc
3126 1387 3488 1444 laborantium
3531 1390 3777 1459 phrenesi

2192 1483 2504 1548 paterentur
2531 1476 2774 1546 injbrias,
2807 1477 3091 1534 maledicta
3113 1488 3416 1550 portarent,
3449 1482 3777 1537 sustinerent

2193 1571 2418 1624 verbera
2444 1607 2458 1634 ,
2502 1569 2816 1625 vulneribus
2861 1570 3237 1627 scinderentnr
3259 1609 3274 1636 ,
3314 1573 3493 1630 donec
3535 1590 3634 1629 eos
3668 1574 3686 1612 ι
3714 1575 3777 1630 ad

2191 1660 2542 1716 sobrietatem
2563 1671 2773 1725 sensile,
2797 1662 2864 1717 ad
2887 1663 3256 1720 sinceritatem
3277 1666 3524 1736 spiritus,
3559 1665 3630 1721 ad
3645 1681 3777 1722 meu-

2191 1751 2326 1808 tlum
2351 1753 2672 1810 reducerent
2699 1754 3025 1821 sanitatem;
3075 1771 3140 1811 ac
3175 1757 3256 1813 sic
3295 1756 3468 1812 Deum
3507 1769 3767 1826 quaerere,

497 1848 787 1903 situdinem
832 1846 1156 1913 refrenabat,
1209 1852 1268 1900 ut
1305 1845 1397 1916 qui
1425 1843 1641 1899 veniam
1687 1844 1858 1914 culpae
1897 1858 2090 1915 sapere
2119 1856 2168 1918 Β
2193 1845 2378 1917 fugere
2394 1846 2684 1915 Mones,
2715 1847 3001 1916 languores
3017 1848 3238 1914 sentire,
3257 1850 3772 1919 saperesanitatem.

496 1953 607 1996 non
635 1941 904 2008 valebant,
927 1941 1013 1997 vel
1039 1938 1258 1995 modum
1285 1945 1539 2010 saperent
1565 1937 1806 2006 ultionis,
1830 1945 1885 1993 et
1913 1935 1940 1976 δ
1971 1946 2091 1992 tan-

499 2039 610 2088 tum
639 2033 887 2090 vindictas
930 2033 1208 2102 exigerent
1243 2038 1503 2102 quantum
1551 2029 1786 2085 Iasionis
1833 2030 2091 2086 intulerat

497 2125 580 2179 vis
608 2123 852 2180 furentis.
882 2123 991 2179 Sed
1010 2125 1116 2179 hoc
1144 2122 1410 2193 antiquis,
1448 2122 1605 2177 nobis
1634 2130 1814 2176 autem
1842 2137 1941 2192 per
1967 2136 2090 2191 gra-

496 2219 630 2272 tiam
659 2218 928 2273 innovatis
967 2217 1148 2273 divina
1189 2217 1317 2287 quid
1357 2217 1588 2287 imperet
1623 2215 1857 2280 bonitas,
1903 2215 2091 2268 audia-

497 2325 638 2365 mus.
671 2309 785 2382 Ego
814 2319 984 2364 autem
1011 2309 1128 2363 dico
1155 2307 1311 2362 vobis.
1343 2306 1591 2376 Quibus?
1619 2307 1804 2375 utique
1831 2304 2092 2360 Christia-

499 2404 603 2459 nis.
638 2401 762 2458 Nen
792 2405 1030 2458 resistere
1056 2402 1212 2457 malo.
1245 2401 1334 2457 Sic
1363 2417 1487 2458 cum
1515 2400 1665 2466 dicit,
1697 2400 1812 2454 vult
1840 2416 1940 2455 nos
1961 2401 2089 2456 vitia

499 2511 608 2553 non
628 2511 920 2567 repensare
941 2496 1103 2562 vitiis,
1121 2494 1216 2551 sed
1227 2509 1484 2566 superare
1500 2491 1808 2559 virtutibus,
1823 2501 1879 2547 et
1890 2493 1942 2546 in
1961 2493 2092 2564 ipsis

499 2595 748 2652 scintillis
774 2594 944 2652 adhuc
961 2593 1304 2661 exstinguere
1326 2591 1482 2657 iram,
1501 2604 1620 2660 quas
1638 2589 1684 2644 si
1700 2588 2009 2660 pervenerit
2023 2587 2091 2642 ad

497 2696 673 2742 totum
698 2687 894 2742 furoris
924 2686 1251 2751 incendium,
1283 2685 1401 2740 sine
1430 2683 1692 2753 sanguine
1721 2699 1827 2738 non
1849 2682 2084 2738 sedatur.

496 2779 580 2836 Ira
604 2782 833 2837 vincitur
851 2781 1093 2846 lenitate,
1113 2778 1524 2834 mansuetudine
1545 2777 1899 2846 exstinguitur
1920 2775 2088 2843 furor,

500 2874 706 2928 malitia
720 2874 965 2929 bonitate
988 2873 1257 2944 palpatur,
1289 2870 1582 2928 credulitas
1612 2871 1816 2941 pietate
1847 2877 2090 2941 proster-

497 2969 662 3029 nitur,
687 2969 1022 3041 impatientia
1049 2967 1311 3040 patientia
1339 2968 1590 3038 punitur,
1615 2967 1892 3024 contentio
1930 2981 2090 3037 supe-

500 3067 654 3115 ratur
677 3071 697 3097 ο
722 3059 1016 3126 blanditiis,
1047 3059 1355 3129 superbiam
1383 3058 1659 3113 humilitas
1679 3058 1890 3112 sternit.
1923 3056 2087 3127 Ergo,

500 3151 732 3218 fratres,
764 3152 856 3222 qui
888 3151 1000 3206 vult
1027 3152 1157 3206 vitia
1189 3152 1425 3217 vincere,
1458 3150 1677 3220 pietatis
1706 3165 1854 3204 arma
1887 3157 2087 3216 teneat,

2194 1940 2430 2010 abjicere
2471 1941 2620 2005 vitia,
2672 1956 2867 2012 capere
2915 1942 3163 2008 virtutes,
3213 1942 3490 1998 declinare
3541 1943 3773 2006 vulnera,

2193 2034 2420 2090 horrere
2445 2033 2781 2103 sanguinem,
2814 2047 3068 2090 recusare
3094 2042 3346 2099 mortem,
3377 2035 3556 2091 vitam
3578 2035 3775 2093 deside-

2193 2143 2318 2182 rare
2349 2127 2363 2177 i
2403 2125 2742 2198 perficerent.
2775 2126 2844 2180 Et
2869 2127 2914 2182 si
2944 2128 3107 2184 vultis
3144 2137 3205 2184 ut
3238 2129 3385 2199 quod
3415 2129 3661 2186 diximus
3685 2132 3776 2202 ple-

2194 2220 2316 2276 nius
2363 2220 2700 2285 innotescat,
2758 2221 3057 2275 carnalium
3112 2223 3450 2278 medicorum
3497 2225 3775 2295 loquamur

2194 2313 2459 2384 exempla.
2501 2313 2689 2370 Nonne
2716 2315 2930 2384 quoties
2958 2316 3215 2372 miserum
3242 2317 3524 2373 hominem
3556 2319 3775 2375 cholera

2195 2404 2606 2461 inﬂammaverit
2633 2405 2941 2462 incendium
2960 2441 2977 2471 ,
3019 2417 3076 2464 et
3101 2409 3416 2466 dominante
3444 2410 3603 2467 febre
3631 2428 3771 2467 vess-

2194 2516 2323 2555 num
2352 2499 2643 2556 reddiderit
2675 2510 3062 2571 aegrotantem,
3095 2505 3345 2559 turbatur
3371 2519 3571 2560 sensus
3589 2539 3609 2568 ,
3639 2515 3774 2560 mens

2193 2593 2435 2665 deperit,
2481 2593 2668 2650 feritas
2704 2596 2944 2660 accedit,-
2993 2596 3197 2651 recedit
3237 2596 3580 2663 humanitas,
3631 2607 3686 2652 et
3717 2613 3773 2651 ns

2193 2687 2406 2753 multis,
2434 2688 2702 2744 moriente
2725 2688 2945 2745 homine
2981 2688 3132 2744 furor
3154 2690 3332 2744 vivit?
3362 2689 3501 2745 Hinc
3531 2700 3620 2745 est
3645 2690 3773 2760 quod

2192 2779 2392 2836 frendit
2432 2779 2703 2845 dentibus,
2737 2790 2989 2852 parentes
3026 2781 3215 2844 laniat,
3248 2782 3447 2837 scindit
3484 2783 3771 2853 proxuncs,

2194 2871 2355 2928 catdlt
2382 2885 2593 2942 pugno,
2625 2889 2809 2927 morsu
2840 2873 2979 2941 agit,
3013 2882 3176 2943 atque
3206 2872 3373 2930 allicit
3399 2875 3769 2946 obsequentes.

2196 2964 2347 3020 Tunc
2374 2965 2616 3021 medicus
2643 2965 2712 3021 ad
2740 2966 2956 3022 virtutis
2984 2967 3196 3023 laudem
3213 3007 3229 3031 ,
3275 2969 3342 3023 ad
3371 2971 3510 3026 artis
3536 2971 3770 3040 gloriati,

2194 3056 2264 3112 ad
2302 3055 2458 3111 fama:
2498 3057 2770 3112 cumulum
2810 3067 3052 3114 armatur
3089 3060 3347 3128 patientia
3395 3079 3411 3114 :
3443 3063 3770 3117 tolerantiam

2195 3151 2378 3216 sumit,
2405 3150 2628 3220 injurias
2649 3151 2895 3222 despicit,
2914 3169 3125 3208 morsus
3153 3155 3403 3222 sustinet,
3421 3154 3528 3211 fert
3554 3156 3771 3220 labores,

501 3261 612 3301 non
640 3244 856 3300 furoris.
909 3243 976 3298 Et
1003 3245 1248 3314 quamvis
1277 3243 1447 3314 possit
1476 3243 1657 3298 lucere
1686 3242 1919 3313 sapienti
1963 3241 2092 3311 quid
2117 3242 2164 3314 (ζ
2197 3255 2254 3301 et
2281 3260 2389 3300 non
2419 3244 2566 3300 leves
2594 3259 2784 3314 prunas
2809 3246 3044 3316 patitur,
3075 3254 3136 3302 ut
3164 3263 3194 3302 a
3220 3263 3385 3318 poma
3413 3249 3605 3304 liberet
3635 3249 3772 3304 labo-

501 3340 574 3393 sit
599 3339 746 3409 quod
773 3338 1125 3393 instituuntur
1154 3336 1363 3406 injmiis
1404 3334 1697 3406 primordia
1742 3331 2046 3389 Christiana
2073 3349 2086 3389 :

500 3442 682 3487 tamen
711 3432 835 3501 quia
864 3447 974 3487 non
1002 3431 1304 3500 intelligunt
1331 3429 1550 3498 quidem
1577 3441 1698 3483 esse
1727 3427 1833 3484 hoc
1854 3429 2087 3496 virtutis,

503 3540 625 3580 esse
650 3525 756 3580 hoc
769 3524 1024 3580 bonitatis
1037 3523 1272 3584 culmen,
1296 3521 1514 3592 pietatis
1531 3535 1653 3576 esse
1675 3519 1781 3574 hoc
1801 3519 2088 3589 fastigium,

505 3620 611 3674 hoc
647 3634 768 3674 esse
803 3618 996 3672 divina:
1020 3616 1377 3688 philosbphite
1405 3631 1516 3670 non
1543 3615 1820 3680 humanas,
1854 3630 1964 3670 non
2003 3631 2090 3670 re-

500 3711 704 3765 sistere
731 3709 894 3775 malo,
925 3708 1023 3764 sed
1048 3706 1075 3746 ἀ
1105 3707 1323 3764 vincere
1353 3708 1407 3762 in
1437 3706 1583 3761 bono
1609 3706 1832 3772 malum,
1865 3705 2090 3761 maledi-

503 3804 647 3859 centi
688 3802 1040 3866 benedicere,
1083 3800 1409 3871 percutienti
1452 3800 1648 3855 iterum
1687 3810 1709 3836 °
1752 3800 2090 3870 percutiendi

503 3896 777 3950 licentiam
806 3909 913 3950 non
944 3905 1180 3963 negare,
1229 3893 1438 3948 tollenti
1479 3890 1499 3931 ί
1540 3892 1778 3947 tunicam
1823 3892 2092 3950 dimittere

504 3989 762 4061 pallium,
819 3996 873 4042 et
932 3987 1164 4059 rapienti
1221 3985 1460 4057 praedam
1517 3984 1695 4041 facere
1754 3986 2088 4054 largitatem,

504 4094 530 4132 ις
551 4083 850 4153 angarianti
873 4081 1020 4137 inille
1039 4085 1232 4152 passus
1246 4079 1446 4135 addere
1465 4091 1614 4133 suam
1637 4079 1701 4133 ad
1725 4079 1827 4133 alia
1849 4079 1958 4133 duo
1981 4079 2074 4134 mil

503 4177 571 4232 lia
601 4177 952 4240 servitutem;
987 4181 1045 4228 ut
1074 4173 1254 4228 vincat
1279 4173 1655 4228 necessitatem
1685 4172 1952 4237 voluntas,
1987 4173 2088 4225 im-

501 4267 760 4338 pietatem
791 4265 1002 4338 pietas;
1051 4266 1109 4320 et
1143 4265 1250 4320 hoc
1287 4264 1367 4319 sic
1406 4263 1661 4336 patientis
1689 4262 1860 4318 virtus
1885 4306 1898 4328 ,
1947 4264 2093 4334 quod

504 4361 735 4430 imperat
778 4359 857 4413 vis
898 4358 1187 4427 cogentis:
1247 4370 1377 4427 ergo
1418 4357 1662 4427 quamvis
1710 4357 1811 4412 ista
1861 4356 2093 4412 deceant

503 4452 664 4521 quale
702 4451 859 4505 miles
896 4447 1099 4506 Christi
1139 4448 1207 4504 ad
1248 4449 1502 4506 virtutem
1543 4449 1831 4504 roboretur
1859 4448 2086 4518 injuriis,

580 4600 606 4627 ι
634 4586 914 4644 Nonnulla!
942 4585 1226 4649 editiones,
1257 4595 1529 4656 corrupte,
1577 4587 1785 4640 militia.

577 4659 605 4699 δ
643 4658 738 4715 Jus
766 4658 998 4721 talionis,
1029 4657 1174 4726 quod
1202 4657 1284 4712 his
1305 4658 1481 4712 verbis
1512 4658 1777 4721 innuitur,
1810 4663 1865 4711 et
1892 4657 1960 4712 de
1987 4671 2096 4725 quo

507 4731 655 4794 alibi,
687 4729 1112 4786 vetustissimum
1131 4734 1230 4782 est.
1261 4728 1576 4782 Aristotcles
1605 4728 1680 4780 ait
1709 4727 1909 4781 dictum
1934 4726 2096 4782 fuisse

502 4803 592 4871 jus
634 4799 990 4871 Radanianlbi
1015 4816 1029 4863 ;
1062 4799 1164 4871 isto
1186 4799 1452 4871 versiculo
1481 4798 1807 4871 descriptum
1836 4816 1848 4850 :
1881 4808 1937 4850 ut
1959 4799 2096 4871 idem

543 4875 737 4942 otiatur
765 4869 965 4942 aliquid
992 4868 1129 4942 quod
1159 4870 1300 4942 fecit,
1319 4940 1326 4942 ξ
1340 4869 1556 4942 jus_tum_
1581 4878 1679 4922 est.
1722 4866 1940 4942 Legem
1959 4869 2096 4942 hanc

506 4892 737 4997 g‘anatur
765 4892 965 4941 auqum
992 4892 1128 4942 quau
1159 4892 1300 4940 ιεεη,
1340 4892 1540 4940 Jusmm
1581 4892 1679 4922 εει.
1722 4892 1919 4934 urgent
1959 4892 2090 4923 ιιειιιυ

563 4958 685 4997 oses
722 4941 886 4994 habet
934 4941 1136 5009 apertis
1184 4940 1362 5009 verbis
1391 4938 1581 5009 Exod.
1627 4952 1733 4999 ut,
1766 4936 1868 5009 ‘25;
1913 4935 2090 5009 Levit.

506 5031 651 5077 xxiv,
683 5010 784 5076 20;
817 5007 1033 5066 Denter.
1086 5024 1195 5075 xu,
1246 5008 1334 5063 ῆι.
1386 5007 1503 5062 Non
1543 5014 1724 5062 autem
1773 5007 2096 5076 lcgislatoris

506 5101 659 5137 mens
683 5081 856 5136 fuerat
885 5088 943 5136 ut
972 5081 1163 5135 eadem
1185 5079 1252 5133 ad
1273 5094 1465 5132 sonum
1494 5079 1782 5132 verborum
1811 5093 2094 5132 servaren-

507 5165 633 5219 tur;
665 5152 957 5208 vindictam
985 5151 1130 5205 enim
1160 5150 1229 5204 ad
1257 5158 1463 5203 certum
1503 5163 1670 5216 usque
1707 5149 1966 5219 modum,
2010 5149 2096 5202 vel

509 5218 878 5295 permittebat,
925 5221 1014 5277 vel
1052 5220 1442 5295 dissimulabat.
1489 5219 1574 5295 lle
1625 5218 1932 5295 bujusmpdi
1979 5219 2098 5295 lege

549 5283 901 5350 osterioribus
929 5307 1059 5346 sane
1096 5290 1427 5360 temporibth
1452 5289 1573 5349 vide
1603 5283 1794 5344 canon.
1822 5283 1853 5341 4
1883 5283 2098 5344 concilii

549 5313 901 5350 OStel’lorIDIIS
929 5313 1059 5346 sane
1096 5313 1427 5360 temporibus
1454 5313 1573 5349 vim:
1603 5313 1794 5344 C‘dllUll.
1822 5313 1853 5341 ιι
1883 5313 2098 5344 ςυηωιιι

509 5313 710 5422 Kicmni
733 5382 787 5429 ιι,
821 5365 910 5420 ubi
931 5368 1158 5418 vocatur
1186 5362 1370 5430 ignoto
1398 5361 1586 5415 lexicis
1611 5361 1890 5428 vocabulo,
1913 5381 2098 5418 ταυτο-

514 5440 724 5499 πὰθιια,
760 5437 939 5504 ibique
968 5433 1363 5504 Balsamonem.

581 5519 610 5588 ,ο
642 5507 815 5588 Quam
835 5501 997 5572 male,
1019 5504 1162 5560 bone
1183 5502 1324 5558 Deus
1350 5502 1362 5554 l
1406 5502 1461 5557 in
1481 5502 1726 5572 plurimis
1746 5501 2094 5567 editionibus,

511 5593 781 5700 '"Ji‘riiiéc
818 5660 936 5715 quae
975 5643 1221 5716 Christus
1249 5644 1408 5700 docet
1431 5686 1446 5711 ,
1496 5653 1550 5699 et
1588 5643 1998 5716 Cbrysoloslu».
2029 5659 2098 5716 βλ

515 5716 742 5772 consilio
778 5712 921 5770 sunt.
963 5716 1096 5772 Vide
1135 5715 1500 5770 Maldonatum
1542 5723 1598 5770 et
1635 5712 1947 5770 Jansenium
1986 5715 2094 5771 hic.

591 5797 613 5858 ξ
651 5785 803 5858 Alias
831 5802 951 5858 cum
982 5803 1080 5842 ms.
1109 5787 1308 5851 Vatic.,
1341 5787 1665 5858 percutienti.

592 5854 610 5894 ‘
651 5855 860 5932 Duplici
887 5865 1035 5912 veste
1079 5854 1366 5916 utebantur
1406 5857 1592 5914 Judaei.
1646 5857 1816 5914 Docet
1853 5854 2098 5914 Christus

2192 3344 2433 3402 rantem;
2460 3333 2605 3391 fovet
2629 3335 2779 3401 oleo,
2803 3337 3002 3392 insistit
3029 3338 3195 3402 curis,
3224 3349 3414 3410 erogat
3443 3342 3770 3406 medicinam,

2194 3438 2378 3486 certus
2419 3429 2566 3499 quod
2607 3429 2916 3486 mercedem
2951 3431 3177 3487 honoris
3217 3434 3495 3504 obsequiis
3533 3440 3770 3503 repenset

2195 3530 2431 3592 cgrotus
2457 3522 2586 3578 dum
2614 3525 2886 3594 receperit
2905 3525 3212 3580 sanitatem.
3236 3524 3411 3593 Rogo,
3427 3523 3589 3596 IIquae
3614 3526 3770 3593 major

2194 3614 2500 3684 phrenesis,
2526 3629 2644 3684 qua:
2676 3615 2893 3683 gravior
2923 3614 3005 3670 vis
3049 3613 3266 3680 furoris,
3289 3627 3410 3686 qua
3434 3631 3538 3688 par
3569 3616 3771 3672 desueu-

2198 3709 2274 3762 tia
2328 3709 2500 3763 sancti
2553 3707 2790 3762 hominis
2828 3717 3114 3778 percutere
3154 3710 3473 3764 maxillam?
3522 3708 3770 3764 mananti

2200 3797 2383 3853 fratris
2404 3798 2598 3854 faciem
2617 3799 2908 3855 verberare
2927 3801 2950 3853 ?
2972 3800 3167 3870 placidi
3196 3801 3376 3856 vultus
3395 3803 3628 3870 gratiam
3648 3798 3769 3855 tristi

2201 3890 2373 3946 livore
2392 3889 2758 3961 perfundere?
2788 3892 2992 3948 nudare
3014 3893 3288 3947 hominem
3316 3894 3438 3948 solo
3456 3909 3566 3963 quo
3593 3893 3771 3962 tegitur

2199 3983 2558 4038 vestimento?
2584 3990 2640 4038 et
2666 3983 2736 4038 ob
2764 3984 2926 4039 vilem
2953 3983 3190 4055 prmdam
3216 3985 3290 4039 nil
3314 3984 3450 4048 Deo,
3473 3981 3763 4041 nilhamini,

2201 4075 2278 4130 nil
2306 4084 2512 4130 natum
2541 4075 2878 4145 relinquere,
2929 4075 3006 4130 nil
3033 4075 3270 4145 pudori?
3299 4076 3585 4144 angariare
3606 4071 3764 4127 homi-

2202 4167 2371 4224 neml
2406 4170 2516 4224 suis
2557 4170 2763 4225 actibus
2811 4169 3178 4239 occupatum?
3207 4177 3262 4224 et
3300 4169 3530 4223 alienam
3573 4180 3765 4238 poenam

2202 4277 2355 4320 suum
2397 4263 2649 4319 solatium
2674 4264 3032 4334 computare?
3081 4261 3254 4332 Ergo,
3305 4261 3532 4328 fratres,
3584 4260 3627 4315 si
3654 4257 3765 4313 talia

2203 4363 2576 4429 perpetrantcs
2628 4357 2942 4427 gravissima
2991 4354 3244 4427 phrenesi
3283 4353 3532 4409 laborare
3581 4365 3764 4420 cogno—

2202 4449 2408 4516 vimus,
2454 4447 2770 4505 obediamus
2820 4445 3074 4514 Christo,
3103 4455 3158 4502 et
3213 4446 3502 4500 furentium
3557 4443 3762 4499 fratrum

2121 4587 2174 4647 D
2201 4585 2409 4641 tollenti
2434 4588 2676 4650 tunicam,
2708 4593 2914 4641 vestem
2935 4585 3140 4641 scilicet
3160 4583 3494 4649 interiorem,
3517 4581 3764 4637 dimittere

2201 4666 2254 4711 et
2288 4658 2504 4726 pallium
2545 4657 2869 4711 exteriorem.

2273 4721 2303 4775 ἐ
2340 4729 2416 4810 De
2445 4729 2679 4796 angariis
2699 4728 2813 4809 jam
2835 4729 2888 4781 in
2903 4734 3022 4810 unt.
3046 4725 3100 4789 (Ξ,
3137 4740 3297 4779 serm.
3321 4722 3411 4810 ﬂii.
3453 4721 3758 4780 Consuetum

2201 4799 2540 4866 angariarum
2575 4799 2807 4869 spatium
2845 4798 2990 4852 mille
3028 4812 3216 4866 passus
3249 4803 3422 4848 erant.

2275 4869 2301 4905 δ
2342 4868 2592 4924 Plurima:
2630 4869 2894 4924 editiones
2927 4868 3128 4921 habent
3159 4864 3405 4927 moribus,
3431 4863 3550 4917 alia:
3569 4861 3755 4916 morbis.

2200 4937 2347 4993 Mite.
2403 4948 2459 4994 et
2497 4955 2596 4992 ms.
2640 4938 2899 4992 Valliccll.
2955 4945 3011 4991 et
3047 4934 3254 4990 Caesen.
3291 4934 3582 4990 lectionem
3620 4934 3756 4993 hanc,

2200 5023 2360 5078 quam
2395 5009 2741 5070 retinuimus,
2778 5009 2995 5062 habent.

2281 5082 2294 5116 ι
2324 5079 2403 5134 Ad
2427 5090 2658 5134 mentem
2682 5079 2960 5146 Augustini
2980 5077 3137 5147 epist.
3161 5076 3225 5130 ad
3243 5076 3607 5147 Marcellinum
3630 5087 3752 5128 num.

2205 5148 2272 5202 Β
2308 5168 2320 5202 :
2365 5149 2589 5206 Paratus
2620 5145 2905 5204 derbetesse
2933 5145 3084 5203 homo
3118 5150 3229 5218 pius
3261 5157 3310 5201 et
3339 5145 3512 5218 justus
3535 5148 3758 5216 patienter

2202 5235 2376 5275 eorum
2409 5223 2662 5275 malitiam
2699 5221 2948 5274 sustinere
2980 5237 3104 5291 quos
3137 5219 3252 5289 ﬁeri
3287 5220 3446 5272 bonos
3484 5219 3760 5291 quierint}!

2203 5308 2443 5345 numerus
2484 5294 2648 5362 potius
2683 5301 2876 5362 crescat
2909 5284 3174 5354 bonorum,
3218 5307 3320 5342 non
3354 5300 3408 5342 ut
3439 5284 3553 5360 pdri
3584 5284 3759 5341 malitia

2202 5378 2258 5416 se
2279 5361 2705 5433 quoquenumero
2728 5361 2888 5414 addat
2909 5362 3182 5415 malorum.

2278 5433 2292 5503 ξ
2334 5432 2565 5503 Furtas.,
2601 5433 2960 5503 perdiscerent.

2275 5501 2300 5540 ι
2337 5502 2506 5558 Atrox
2530 5495 2773 5570 profecto
2808 5501 2999 5570 injuria
3027 5503 3145 5556 viro
3177 5502 3408 5556 honesto
3448 5502 3646 5570 alapam
3670 5495 3762 5548 im-

2203 5573 2446 5644 pingere.
2502 5567 2626 5647 ideo
2666 5567 2894 5647 Basilius
2939 5574 3211 5647 ῥαπίσμᾳ,
3256 5573 3466 5647 alapas!
3495 5611 3509 5635 ,
3535 5567 3764 5647 ϊηριρςπιι

2203 5636 2464 5727 ξειξῇονυηι
2493 5645 2698 5727 plagam
2719 5636 2980 5727 appellat;
2998 5636 3298 5727 Cyprianus
3318 5636 3386 5700 de
3415 5636 3761 5713 Spectaculis:

2205 5714 2401 5786 Ictibus
2435 5714 2698 5786 vulnerum
2730 5715 2920 5786 infelix
2953 5714 3110 5786 facies
3146 5714 3367 5786 locatur.

2281 5779 2299 5822 ῐ
2339 5785 2725 5856 ιαυᾱειιγιιυηο
2769 5775 3300 5856 lbcum'Cbrysologi
3343 5785 3414 5842 du
3457 5779 3668 5854 Caagius
3713 5775 3768 5832 in

2205 5854 2379 5914 Gloss.
2415 5855 2514 5914 ini.
2554 5855 2727 5916 Latin.
2763 5863 2896 5912 tom.
2935 5855 2953 5909 Ι
2987 5854 3104 5912 θοι(
