3902 6362
563 344 660 399 311

1788 337 1848 395 S.
1890 336 2094 395 PETRI
2125 333 2566 395 CHRYSOLOGI
3649 357 3722 417 3i!

557 456 655 516 sed
682 459 844 514 morti
871 457 1134 513 tradunt?
1159 470 1297 527 quos
1323 455 1496 526 gallus
1515 469 1626 510 non
1646 461 1973 520 commonet,
2003 451 2139 509 luci-
2167 452 2222 529 Δ¹
2241 469 2365 510 cum
2405 456 2616 527 petiero
2632 497 2648 525 ,
2689 456 2955 528 quaesiero
2971 498 2987 524 ,
3023 447 3303 530 'pulsavero
3324 501 3339 528 ,
3375 469 3426 518 et
3455 467 3639 540 pervigil
3661 477 3722 532 in.

554 551 638 610 fer
667 568 776 608 non
803 553 1046 615 suscitat,
1079 550 1161 606 sol
1189 549 1306 620 ipse
1333 564 1442 604 non
1469 555 1690 604 revocat
1713 554 1768 604 et
1794 546 2043 618 producit
2073 543 2141 602 ad

553 645 778 702 lucem?
804 643 899 700 Isti
927 652 982 699 et
1009 651 1222 714 tempus
1249 640 1622 713 supplicandi,
1664 647 1719 696 et
1743 639 1972 710 hospitis
1998 653 2143 694 mer-

551 739 761 804 cedem,
794 744 849 794 et
879 738 993 808 ipsa
1013 735 1119 792 diei
1142 750 1305 807 opera
1327 733 1693 806 perdiderunt.
1725 730 2138 798 Contristamur,

549 829 745 884 fratres
761 870 776 895 ,
804 826 1022 898 quando
1053 841 1150 882 nos
1177 825 1414 880 diluculo
1447 831 1652 880 stamus
1678 829 1804 878 ante
1830 821 2136 886 Dominum,

550 933 608 980 et
648 923 927 980 nobiscum
967 927 1186 976 nostros
1216 918 1355 973 ﬁlios
1383 934 1490 973 non
1519 916 1780 973 videmus.
1830 913 1925 970 Ille
1964 915 2140 970 noctis

547 1015 732 1072 medio
773 1014 852 1069 sic
879 1011 1140 1084 pulsavit,
1187 1011 1240 1066 in
1270 1008 1424 1080 cujus
1463 1008 1625 1064 domo
1653 1007 1852 1077 hospes
1890 1013 2133 1062 venerat.

548 1105 723 1177 Rogo,
757 1112 816 1160 tu
843 1119 1012 1176 quare
1039 1119 1150 1159 non
1177 1103 1265 1158 vel
1293 1101 1529 1157 diluculo
1555 1101 1766 1170 vigilas,
1797 1099 1885 1154 cui
1925 1106 2010 1154 est
2045 1098 2140 1154 ho-

546 1213 674 1269 spes
701 1197 756 1254 in
775 1197 971 1252 domo?
990 1194 1136 1265 quod
1165 1195 1253 1250 ille
1273 1194 1476 1264 gratim,
1501 1201 1559 1248 tu
1577 1193 1756 1249 tribue
1770 1191 1856 1248 vel
1874 1191 2132 1263 pigritiae;

545 1288 694 1359 quod
740 1287 828 1342 ille
874 1285 1233 1352 humanitati,
1277 1293 1336 1340 tu
1381 1284 1690 1340 necessitati
1736 1283 1926 1340 saltem
1949 1323 1965 1349 ,
2013 1284 2136 1355 plus

545 1384 723 1440 somni
751 1397 914 1453 quam
943 1383 1022 1437 tui
1050 1389 1260 1437 amator
1281 1423 1297 1449 ,
1348 1380 1617 1452 impende.
1666 1377 1828 1436 Certe
1863 1387 1923 1436 ut
1959 1379 2136 1451 possis

541 1478 772 1549 vigilare
799 1477 867 1532 ad
893 1477 1092 1544 vitam,
1137 1477 1229 1547 qui
1257 1476 1460 1533 dormis
1493 1477 1561 1532 ad
1599 1482 1860 1544 mortem,
1904 1490 2025 1546 qua:
2047 1489 2136 1530 se-

544 1577 802 1640 quuntur,
833 1568 1114 1624 ausculta:
1147 1565 1216 1621 Et
1243 1585 1336 1640 ego
1366 1568 1500 1636 dico,
1526 1568 1720 1638 inquit,
1754 1569 1929 1639 petite,
1960 1575 2011 1621 et
2037 1565 2134 1620 da-

543 1659 681 1715 bitur
709 1661 888 1726 vobis;
919 1661 1136 1731 quaerite
1161 1668 1212 1713 et
1236 1659 1548 1725 invenietis;
1591 1659 1824 1730 pulsate,
1855 1665 1907 1712 et
1933 1658 2133 1729 aperie-

546 1761 630 1807 tur
656 1751 812 1807 uobis.
849 1749 1035 1806 Omnis
1063 1753 1199 1806 enim
1228 1751 1315 1824 qui
1343 1752 1502 1822 petit,
1545 1752 1771 1822 accipit;
1800 1759 1852 1804 et
1878 1751 1963 1822 qui
1991 1765 2133 1822 qua-

2242 549 2517 620 quietator
2551 549 2799 621 accipere
2826 563 3072 608 meruero
3090 590 3106 617 ,
3157 551 3305 610 vobis
3338 556 3504 614 amicis
3532 564 3619 618 mei
3646 566 3721 624 Do-

2244 643 2377 700 mini
2399 653 2423 680 ι
2447 657 2554 700 non
2576 644 2806 712 negabo.
2831 641 2939 700 Sed
2957 643 3131 701 dicitis
3148 645 3292 712 mihi,
3321 644 3450 705 Ecce
3467 653 3721 716 amicusDo-

2243 736 2377 792 mini
2415 735 2494 793 tui
2531 734 2560 775 δ
2597 735 2748 792 venit
2786 735 2854 793 ad
2889 744 2981 804 te;
3052 738 3152 793 iste
3188 737 3340 807 dare,
3389 756 3486 798 non
3519 747 3718 818 accipere,

2242 829 2558 895 consuevit;
2618 829 2760 886 hanc
2808 829 3039 900 denique
3081 840 3104 869 ο
3157 829 3413 887 sitarciam
3447 831 3470 869 ἀ
3504 833 3561 890 de
3590 839 3721 898 viatici

2241 922 2326 978 sui
2363 922 2519 992 copia
2557 927 2746 992 pastor
2781 921 2969 977 avidus
2988 921 3237 991 explevit,
3276 931 3334 977 ut
3361 923 3424 979 de
3447 934 3612 982 nostrae
3625 946 3720 1000 pau-

2238 1013 2464 1085 pertatis
2481 1012 2738 1068 vilissima
2758 1011 3146 1082 praeparatione
3171 1019 3432 1082 gustaret;
3470 1031 3555 1071 nec
3584 1033 3722 1088 passus

2237 1112 2322 1162 est
2340 1106 2661 1176 intempesta
2673 1113 2834 1160 nocte
2848 1119 2935 1160 me
2948 1103 3051 1159 sibi
3067 1103 3277 1160 aliunde
3295 1112 3468 1176 petere
3482 1117 3503 1170 ὲ
3518 1108 3723 1181 hospitum

2237 1199 2688 1271 locupletissimus
2725 1197 2872 1268 quod
2907 1197 3159 1252 habebat.
3192 1196 3298 1252 Nec
3320 1199 3514 1268 mirum,
3549 1199 3722 1272 fratres;

2235 1308 2451 1364 semper
2486 1290 2616 1348 dare
2658 1290 2774 1346 vult
2811 1289 2961 1345 dives
2989 1289 3056 1344 ad
3075 1304 3376 1361 pauperem,
3405 1306 3516 1346 cum
3531 1292 3722 1351 declinat.

2233 1387 2341 1444 Iste
2369 1386 2514 1455 illius
2545 1385 2842 1454 evangelici
2882 1383 3042 1438 amici
3073 1397 3285 1454 semper
3308 1392 3477 1438 manet
3503 1385 3551 1439 in
3574 1385 3722 1456 janua;

2236 1482 2290 1538 in
2311 1480 2464 1536 istius
2503 1477 2666 1534 cubili
2703 1477 2792 1532 ille
2829 1491 2952 1532 cum
2979 1475 3164 1546 pueris
3200 1475 3310 1530 suis
3335 1475 3535 1545 largitor
3551 1492 3725 1547 evange-

2234 1572 2370 1628 licus
2389 1576 2719 1643 perseverat,
2743 1570 2795 1624 in
2818 1567 2972 1638 cujus
2986 1566 3151 1623 corde
3165 1565 3322 1622 Pater
3341 1574 3395 1622 et
3407 1566 3570 1635 Filius,
3589 1579 3631 1624 et
3641 1569 3726 1640 Spi-

2231 1663 2368 1720 ritus
2407 1671 2626 1719 sanctus
2648 1659 2847 1717 faciunt
2864 1675 3081 1732 semper
3099 1667 3155 1714 et
3172 1659 3428 1714 collocant
3443 1661 3722 1718 mansionem.

2234 1756 2374 1824 Quid
2400 1757 2601 1828 plura?
2633 1754 2796 1810 Pater
2815 1762 2899 1809 est
2922 1771 2934 1806 ε
2967 1753 3034 1809 ab
3055 1753 3175 1824 ipso
3193 1760 3392 1824 petere,
3428 1754 3479 1808 in
3508 1753 3605 1824 ipso
3629 1769 3728 1824 que-

540 1847 628 1911 rit,
650 1847 873 1910 invenit;
895 1855 947 1899 et
964 1843 1193 1916 pulsanti
1214 1846 1491 1916 aperietur.
1515 1844 1624 1900 Sed
1659 1844 1811 1912 dicis,
1836 1843 1968 1900 Esto
1987 1842 2134 1914 quod
2161 1839 2209 1902 B
2236 1865 2388 1917 rere,
2441 1864 2542 1921 per
2577 1847 2755 1918 ipsum
2791 1846 3008 1918 pulsare
3053 1859 3144 1900 me
3181 1844 3411 1912 credidi;
3461 1852 3511 1900 et
3542 1845 3640 1901 ideo
3667 1863 3726 1903 me

537 1946 726 2010 petere
749 1938 968 2009 possim,
999 1938 1214 2008 pulsare
1227 1937 1499 2008 quomodo
1513 1947 1704 2010 potero
1719 1939 1940 1996 cmleste
1957 1954 2131 1996 secre-

539 2034 691 2088 tum?
719 2030 1218 2100 Quemadmodum?
1237 2028 1484 2086 Iterando
1505 2045 1713 2101 preces,
1739 2039 1793 2086 et
1814 2037 2130 2102 exspectan-

537 2124 609 2181 do
631 2124 892 2194 judicium
933 2123 1244 2193 largitoris,
1288 2138 1470 2180 moras
1511 2123 1690 2179 dantis
1735 2124 2128 2194 patientissime

536 2216 890 2282 sustinendo;
934 2216 1058 2285 quia
1086 2215 1409 2285 quicumque
1436 2231 1562 2272 cum
1602 2216 1773 2272 semel
1811 2217 2123 2287 pulsaverit,

537 2308 847 2377 indignatur
874 2322 1001 2362 mox
1030 2308 1074 2362 si
1113 2322 1220 2362 non
1259 2306 1420 2363 luerit
1448 2307 1698 2374 auditus,
1744 2309 1847 2365 iste
1894 2326 2002 2366 non
2043 2320 2129 2367 est

535 2403 739 2472 petitor
763 2405 990 2475 supplex
1013 2443 1027 2469 ,
1077 2405 1172 2460 sed
1213 2413 1298 2461 est
1337 2405 1656 2478 imperiosus
1695 2415 1936 2462 exactor.
1987 2406 2127 2462 Audi

535 2496 855 2566 prophetam
883 2497 1151 2553 dicentem
1184 2517 1198 2551 :
1232 2497 1494 2571 Exspecta
1541 2497 1822 2554 Dominum
1843 2542 1859 2567 ,
1907 2501 2128 2556 viriliter

536 2604 648 2660 age,
673 2597 722 2642 et
751 2592 1069 2662 confortetur
1095 2607 1186 2645 cor
1209 2601 1348 2646 tuum
1379 2591 1550 2665 (Psal.
1576 2591 1744 2664 xxvr).
1776 2591 1844 2648 Et
1863 2594 1908 2649 si
1928 2593 2125 2649 iterum

533 2678 800 2736 distulerit
828 2683 881 2738 in
922 2682 1190 2750 futurum,
1240 2692 1298 2739 tu
1338 2684 1624 2741 Dominum
1666 2693 1813 2741 tuum
1853 2687 2125 2758 patienter

533 2781 808 2842 exspecta.
843 2771 947 2828 Ubi
975 2783 1157 2830 autem
1185 2775 1313 2846 quid
1339 2790 1583 2846 quaerere
1611 2777 1810 2834 debeas
1828 2779 1910 2834 vis
1938 2794 2118 2844 nosse,

529 2871 657 2918 sunt
685 2857 881 2920 divitiae
911 2867 964 2921 in
1005 2867 1129 2923 sinu
1169 2869 1454 2940 pauperis,
1498 2879 1554 2926 et
1592 2885 1817 2941 regnum
1858 2873 2121 2930 caelorum

527 2955 671 3011 intra
701 2965 753 3012 te
781 2967 882 3014 est.
933 2959 1078 3015 Intra
1121 2977 1219 3016 vos
1259 2970 1342 3017 est
1381 2977 1607 3032 regnum
1645 2965 1904 3021 caelorum
1931 3006 1946 3031 ,
1989 2967 2120 3024 dicit

525 3045 782 3104 Dominus
806 3048 954 3122 (Luc.
982 3051 1134 3123 xvn).
1178 3052 1310 3120 Quis
1337 3055 1408 3109 sit
1435 3064 1615 3110 autem
1637 3057 1843 3113 amicus
1873 3059 1966 3128 qui
1987 3059 2117 3114 dor-

523 3139 652 3205 mit,
695 3147 750 3195 et
787 3142 907 3212 quis
946 3143 1150 3199 amicus
1177 3146 1270 3214 qui
1308 3145 1378 3202 de
1414 3147 1502 3202 via
1539 3149 1719 3215 venit,
1763 3156 1818 3204 et
1856 3150 1951 3220 qui
1993 3157 2118 3206 sunt

2230 1945 2386 2000 vobis
2422 1943 2674 1998 daturum
2714 1956 2822 1996 non
2851 1939 3426 2008 incautuspromissor
3457 1938 3642 1992 asserui.

2827 2029 3060 2089 SERMO
3099 2029 3210 2086 XL.

2763 2123 2843 2179 De
2879 2123 3012 2178 bono
3051 2132 3276 2195 pastore.

2301 2221 2401 2278 Ubi
2429 2219 2662 2276 vernalis
2691 2231 2835 2273 aurae
2863 2224 3080 2287 tempus
3118 2229 3324 2271 annuos
3363 2213 3528 2270 ovium
3562 2212 3728 2282 coeperit

2228 2323 2412 2387 partus
2427 2312 2654 2384 aperire,
2685 2309 2777 2366 ubi
2795 2324 2895 2381 per
2930 2322 3174 2380 campos,
3216 2314 3386 2379 prata,
3427 2306 3532 2361 vias
3565 2305 3730 2375 ceperit

2227 2407 2441 2464 fecundi
2477 2405 2654 2476 gregis
2702 2401 2944 2471 germina
2985 2401 3210 2472 copiosa
3249 2398 3560 2470 dispergere,
3594 2404 3730 2466 pastor

2225 2500 2401 2556 bonus
2428 2499 2448 2536 ί
2473 2497 2704 2570 seponit,
2735 2504 2792 2553 et
2810 2503 3019 2558 cantus,
3045 2499 3103 2547 et
3132 2500 3159 2539 ε
3181 2489 3420 2546 discursu
3441 2487 3582 2542 anxio
3619 2493 3729 2540 tene-

2225 2609 2316 2648 ros
2339 2592 2547 2662 quaerit,
2576 2590 2724 2660 legit,
2756 2587 2961 2657 colligit
2988 2585 3149 2651 fetus,
3181 2591 3342 2652 atque
3367 2595 3457 2636 eos
3491 2579 3625 2644 collo,
3655 2577 3728 2631 htt-

2224 2683 2418 2748 meris,
2447 2682 2618 2748 ulnis,
2642 2680 2795 2736 133105
2825 2685 3015 2734 vector
3048 2673 3298 2746 imponit,
3323 2679 3381 2726 ut
3410 2669 3568 2726 salvos
3594 2680 3730 2723 omnes

2221 2775 2476 2848 perferat,
2493 2783 2550 2830 et
2560 2771 2593 2811 ιι
2608 2781 2749 2828 tutas
2763 2770 3024 2843 perducat
3042 2767 3114 2824 ad
3128 2766 3328 2824 caulas.
3349 2763 3434 2820 Sic
3449 2778 3555 2828 nos,
3570 2759 3726 2826 fratres,

2222 2869 2312 2924 ubi
2349 2865 2781 2935 Quadragesimte
2823 2861 3099 2918 arridente
3144 2872 3311 2915 verno
3333 2899 3348 2924 ,
3381 2851 3727 2912 ecclesiasticum

2221 2976 2439 3032 gregem
2476 2959 2720 3015 videmus
2753 2955 2977 3013 fundere
3009 2953 3207 3031 uberes
3247 2959 3442 3024 partus,
3477 2948 3492 2987 ί
3532 2953 3729 3002 tractatus

2220 3055 2392 3113 nostri
2419 3061 2610 3110 cantus
2638 3059 2695 3107 et
2719 3050 2733 3101 ἱ
2771 3047 3018 3106 consueti
3046 3045 3315 3102 sermonis
3335 3042 3508 3115 epulas
3521 3052 3727 3110 seponen-

2221 3159 2321 3217 tes,
2347 3157 2516 3205 totam
2546 3159 2729 3202 curam
2756 3143 2811 3199 in
2847 3139 3153 3210 colligendo
3181 3147 3238 3195 et
3277 3130 3627 3207 comportando
3647 3143 3728 3184 co-

519 3236 675 3305 pueri
711 3237 804 3306 qui
843 3237 1137 3304 dormiunt,
1181 3247 1238 3295 et
1283 3241 1404 3311 quis
1443 3250 1528 3297 est
1561 3243 1664 3299 iste
1695 3245 1787 3314 qui
1808 3245 2018 3316 pulsat,
2060 3256 2116 3304 et
2145 3230 2191 3294 (ἶ
2222 3243 2343 3299 lesli
2364 3239 2623 3312 semine,
2668 3235 2816 3292 αηιίί
2847 3233 3167 3304 ετθνίεείωο
3206 3231 3390 3286 labore
3427 3223 3728 3316 ἀερειιίξὶωξιετ

520 3341 620 3382 cur
654 3329 755 3384 sub
793 3338 944 3386 certo
974 3347 1198 3388 numero
1231 3341 1342 3390 tres
1394 3341 1603 3392 tantum
1641 3338 1879 3408 postulat
1923 3355 2110 3410 panes,

596 3515 622 3542 ι
659 3505 851 3580 Datam
891 3505 1050 3580 iidem
1087 3507 1174 3563 vel
1195 3509 1474 3564 exsolvere
1495 3511 1738 3580 nequivit
1757 3512 1979 3579 Auctor,
2020 3515 2108 3570 vel

517 3589 698 3658 sermo
737 3577 855 3644 ille,
911 3578 965 3632 in
1002 3593 1111 3647 quo
1149 3580 1473 3648 praestiterat
1508 3577 1654 3650 quod
1692 3583 1782 3638 hic
1819 3577 2104 3654 promittit,

515 3653 756 3788 {eiullic
793 3718 972 3788 aliqua
1008 3718 1233 3785 desunt,
1287 3737 1388 3777 nec
1425 3737 1616 3777 sensus
1666 3731 1750 3778 est
1801 3725 2101 3782 absolutus.

516 3784 636 3840 Non
655 3796 855 3865 -tamen
882 3784 1076 3865 datum
1114 3784 1302 3865 estex
1332 3794 1728 3865 _manuscriptis
1775 3795 1980 3865 aliquid
2018 3798 2107 3852 vel

516 3857 797 3926 supplere,
854 3860 938 3914 vel
989 3860 1277 3928 corrigere.
1332 3862 1466 3918 Vide
1504 3857 1642 3918 infra
1680 3867 1735 3920 in
1773 3857 1987 3920 observ.
2037 3867 2106 3922 ad

515 3942 676 4006 scrin.
703 3929 805 4006 l_07
826 3937 881 3984 et
903 3929 1022 4006 156.
1052 3930 1214 4006 Mira.
1239 3965 1310 4006 —_-
1329 3931 1457 4006 Mihi
1491 3944 1670 4006 autem
1708 3951 1810 4006 pro
1849 3945 2000 3992 certo
2021 3946 2106 3992 est

513 3995 904 4078 Chrysologum
944 4000 1101 4078 loqui
1123 4002 1211 4078 hic
1248 4002 1314 4057 de
1330 4005 1675 4078 _aliquo__alio
1695 3995 1974 4078 episcopo,
2009 4008 2104 4077 qui

511 4073 933 4140 tuncitemporis
964 4072 1106 4140 apud
1140 4073 1289 4127 illum
1323 4070 1498 4129 fuerat
1527 4070 1846 4131 diversatus.

589 4151 611 4178 ο
652 4139 708 4194 1η
736 4139 932 4218 I_Reg.
977 4139 1048 4207 Ix,
1082 4142 1131 4218 7,
1164 4143 1395 4198 habetur
1423 4163 1439 4218 ς
1471 4144 1637 4218 Panis
1667 4146 2105 4218 defecitjnsitar-

511 4212 606 4264 ciis
628 4213 819 4284 nostris
848 4222 897 4266 et
924 4213 1226 4284 sportulam,
1252 4230 1359 4268 non
1412 4215 1655 4272 habemus
1678 4235 1697 4284 ;
1729 4212 1820 4272 ubi
1850 4216 1992 4271 LXX
2020 4217 2102 4274 le-

511 4288 647 4355 gunt
676 4299 690 4334 :
724 4278 981 4355 Quoniam
1007 4301 1163 4355 panes
1193 4283 1491 4355 defecerunt
1528 4289 1583 4341 in
1624 4278 1760 4342 vasis
1794 4291 2006 4352 nostris,
2051 4298 2102 4344 et

511 4352 628 4424 plus
657 4368 761 4405 non
788 4361 864 4406 est
891 4352 1186 4419 nobiscum;
1216 4352 1324 4424 quo
1353 4355 1474 4412 loco
1497 4355 1782 4414 Abulensis
1814 4377 1826 4412 :
1880 4357 2101 4414 Cistari-

511 4422 648 4475 cium
674 4431 751 4475 est
777 4440 878 4500 vas.
920 4425 991 4500 de
1027 4427 1212 4500 vimine
1235 4422 1578 4500 complexum
1602 4429 1693 4500 rati
1747 4429 2099 4500 reponendum

549 4507 717 4558 anem,
748 4504 799 4547 et
826 4493 890 4566 ab
921 4494 1174 4566 aliquibus
1204 4493 1414 4552 vocatur
1447 4499 1702 4554 calathus.
1734 4493 1882 4555 Glos.
1924 4500 2098 4556 Inter-

533 4562 895 4642 in._‘ex_ppnit:
918 4562 1168 4642 Sitarciis
1186 4568 1469 4642 nostris,itl
1495 4577 1573 4623 est
1591 4571 1831 4642 sacculis,
1856 4571 1934 4625 vel
1948 4588 2091 4642 pera.

508 4629 569 4687 In
597 4629 787 4706 Bibliis
817 4635 1114 4690 emendatis
1155 4629 1392 4691 habetur
1421 4640 1677 4705 sitarciis,
1722 4629 1830 4694 non
1878 4629 2091 4706 autem,

507 4708 571 4756 ut
598 4712 716 4774 erat
744 4705 797 4758 in
813 4706 1220 4774 antiquioribus,
1254 4709 1496 4762 citarciis.
1522 4708 1875 4774 Maldonatus,
1901 4705 2090 4766 Matth.

506 4787 564 4847 _x,
595 4773 804 4847 lQ,‘per
843 4773 1406 4847 citarciissportulam
1447 4779 1718 4847 intelligit,
1752 4788 1807 4834 et
1845 4773 2095 4836 similiter

507 4821 792 4919 ἦίοὶὶᾇιῖθΐ
807 4821 1226 4919 ςξῇὖὶιῖῗὶιξῖἱξ
1240 4821 2095 4919 :"E‘iué'isvxiié'ﬁ'bic'e"631233
2123 4821 2172 4880 υ

507 4914 784 4990 gitarciam
812 4914 901 4973 hic
928 4917 1072 4990 apud
1095 4914 1515 4990 Qhrysologum,
1549 4925 1609 4974 ut
1649 4914 1894 4990 superius
1929 4935 2090 4975 serm.

509 4982 560 5050 5,
613 5001 882 5042 annonam
927 4982 1314 5053 quotidianam,
1363 4982 1449 5044 vel
1488 4982 1802 5045 demensum
1843 4990 2094 5046 diurnum

504 5055 832 5127 signiﬁcare.
863 5055 998 5113 Vide
1016 5073 1137 5127 quae
1164 5059 1360 5114 ibidem
1389 5059 1531 5115 dicta
1560 5069 1704 5115 sunt.

576 5125 604 5164 τι
619 5127 914 5184 Obscurum
927 5125 1140 5184 sensum
1154 5129 1233 5185 sic
1253 5130 1595 5186 illustrarem.
1613 5130 1830 5186 Amicus
1849 5131 1940 5187 aui
1955 5148 2096 5187 sem-

503 5212 606 5268 per
630 5199 780 5270 dare,
812 5215 921 5254 non
950 5201 1196 5270 accipere
1223 5202 1524 5267 consuevit,
1556 5201 1697 5257 hanc
1729 5202 1832 5256 sibi
1861 5199 2093 5257 familia-
2179 5255 2185 5261 .

503 5275 706 5343 gemet
731 5268 980 5324 diurnam
1007 5268 1454 5326 consuetudinem
1491 5271 1559 5327 de
1587 5272 1742 5343 copia
1779 5288 1889 5327 sum
1917 5273 2094 5328 humi-

503 5336 703 5422 litatis,
752 5355 916 5422 quam
939 5411 950 5422 _
975 5356 1158 5422 secum
1197 5347 1275 5422 .ut
1315 5350 1633 5422 consuetum
1657 5336 1780 5422 'sihi
1837 5343 2088 5422 viaticum

503 5406 681 5476 affert,
699 5406 888 5482 avidus
907 5411 986 5466 sic
1003 5411 1256 5482 explevit,
1279 5418 1339 5465 ut
1353 5427 1459 5466 non
1484 5412 1802 5482 dedignatus
1822 5413 1891 5469 sit
1912 5415 1976 5468 de
1995 5432 2089 5468 no-

501 5489 630 5535 strte
660 5481 922 5568 vilissima:
954 5481 1272 5568 paupertatis
1309 5481 1692 5568 prcepar‘atione
1718 5494 1927 5568 gustare
1940 5523 1962 5568 ,Δ
1990 5500 2089 5568 pec

501 5562 694 5623 passus
721 5558 804 5606 est
823 5567 909 5607 me
933 5552 1146 5608 aliunde
1165 5552 1353 5622 petere
1380 5552 1524 5622 quod
1547 5553 1661 5623 ipse
1687 5552 1888 5609 virtute
1915 5562 1970 5609 et
1991 5555 2090 5609 hu-

502 5619 752 5694 militate,
783 5625 1008 5694 omnium
1050 5619 1308 5694 hospitum
1355 5619 1800 5694 locupletissimus,
1831 5625 2085 5680 habebat.

502 5689 586 5745 Ad
605 5692 735 5760 quid
760 5689 1348 5765 enimaliunde'petere
1375 5689 1648 5763 quomodo
1676 5694 1954 5765 splendide
1968 5709 2090 5763 aga-

502 5709 586 5745 ιιίι
605 5709 735 5760 quia
760 5709 902 5746 emm
923 5709 1135 5748 anunne
1200 5709 1348 5749 etere
1375 5709 1648 5763 quomoao
1676 5709 1954 5765 splendide
1968 5709 2084 5763 aga-

502 5767 594 5845 tur
621 5776 741 5817 cum
762 5762 991 5846 hospite,
1017 5764 1114 5846 ε]ρί
1142 5709 1272 5846 frum
1298 5766 1490 5846 paucis
1514 5772 1597 5821 est
1616 5773 1932 5846 _cpn_tentus,
1965 5781 2084 5820 om-

502 5832 593 5888 nia
621 5847 804 5889 secum
825 5833 986 5889 habet
1017 5835 1038 5887 ?
1067 5833 1191 5890 Inde
1217 5835 1272 5890 in
1298 5832 1462 5904 ipsius
1474 5835 1702 5906 hospitis
1721 5835 1934 5892 laudem
1948 5851 2085 5906 pau-

2221 3337 2330 3394 Sed
2356 3335 2484 3406 quia
2507 3331 2535 3372 ιι
2558 3345 2726 3402 agnos
2746 3327 2986 3385 redditos
3021 3325 3196 3396 gregi,
3213 3334 3268 3380 et
3280 3330 3421 3379 totos
3444 3321 3566 3376 intra
3581 3312 3731 3370 Christi

2211 3515 2290 3570 eis
2318 3510 2594 3582 excurrit,
2643 3505 2799 3582 cujus
2844 3504 3098 3582 precibus
3141 3504 3355 3582 adjutus
3399 3492 3730 3582 futurumnlore

2211 3590 2396 3655 sperat
2424 3587 2484 3637 ut
2503 3575 2729 3634 alterius
2760 3575 3026 3633 sermonis
3053 3576 3272 3646 expleat
3299 3575 3678 3649 promissionem.

2285 3665 2310 3692 ⁸
2349 3652 2449 3707 Ms.
2483 3649 2805 3706 Vaticanum
2833 3647 2912 3702 sic
2930 3647 3094 3700 habet
3123 3664 3139 3699 :
3176 3644 3288 3700 Nec
3311 3659 3484 3707 passus
3509 3647 3575 3693 est
3590 3645 3728 3707 intern-

2285 3665 2310 3692 ⁸
2349 3663 2449 3708 Ms.
2491 3663 2805 3706 vaucanum
2833 3663 2912 3702 51c
2933 3663 3094 3700 nanet
3123 3664 3139 3699 :
3176 3663 3288 3700 uec
3311 3663 3484 3716 passus
3509 3663 3728 3693 εδιιηισῐη-

2210 3734 2370 3797 ρεδῑιε
2397 3723 2563 3778 noctis
2586 3716 3026 3797 nte_si_bi_aliuntle
3053 3726 3247 3797 petere,
3285 3705 3729 3797 hospitum‘lofttpl‘e:

2212 3777 2460 3858 init-nas,
2484 3790 2620 3865 quod
2653 3788 2891 3843 habebat.
2935 3777 3512 3842 Nonnullzeediti'ones
3535 3777 3727 3834 habent:

2209 3865 2512 3939 Ιιοξρξςίὲιητ·
2686 3938 2691 3939 κ
2827 3929 2840 3939 .
2949 3937 2956 3939 .
3099 3935 3108 3939 -
3315 3927 3325 3939 -

2284 3912 2468 3990 Veli;
2477 3912 2718 3996 scilicet,
2749 3929 2880 3999 quin
2910 3937 2965 3984 et
2993 3935 3204 4004 cantus,
3234 3927 3427 4004 quibus
3451 3931 3637 4004 tempus
3659 3912 3730 3969 fal-

2207 4007 2319 4062 lere
2347 4004 2598 4059 studebat
2630 4019 2644 4068 ;
2673 3996 2840 4070 seque
2871 4006 3044 4054 totum
3073 3998 3246 4070 labori
3277 3996 3565 4053 committit.
3677 4057 3686 4068 .

2282 4057 2317 4125 ιῖ
2347 4057 2691 4144 litera—grando
2720 4057 2960 4142 campos,
3017 4076 3072 4124 et
3111 4069 3258 4123 invia
3303 4079 3518 4138 quaeque
3551 4057 3728 4116 sollicite

2205 4146 2580 4203 discurrendo.

2279 4219 2308 4254 ιι
2346 4217 2803 4283 Editi,corrupte,
2831 4219 2982 4283 (0108-
3076 4277 3091 4283 _
3138 4277 3208 4283 __
3277 4278 3307 4283 _
3571 4271 3601 4283 ..

2281 4287 2297 4325 ί
2342 4269 2458 4343 ᾗδὲ
2475 4269 2710 4340 nomine
2729 4269 2924 4351 saepius
2953 4277 3095 4350 apud
3121 4277 3233 4351 SS.
3275 4278 3460 4351 Patres
3477 4269 3729 4351 audiebant

2203 4340 2493 4414 conciones
2521 4357 2574 4410 in
2597 4340 2855 4408 Ecclesia.
2871 4340 3100 4421 Optatus
3120 4349 3460 4406 Milevitanus
3477 4340 3729 4421 Donatista-

2201 4445 2324 4484 rum
2353 4427 2592 4484 omnium
2612 4431 2668 4479 et
2696 4418 3212 4479 uniusParmeniani
3227 4421 3510 4476 conciones
3531 4418 3728 4468 tractatus

2201 4497 2567 4580 appellatione
2607 4510 2714 4578 non
2760 4492 2927 4580 semel
2969 4489 3514 4580 nominavit..lyullus

2201 4559 2393 4624 ait-lib.
2437 4584 2508 4632 Iv,
2547 4567 2792 4621 lectiones
2831 4563 3126 4618 Dominicas
3159 4564 3418 4633 incipitig,
3448 4569 3500 4633 et
3531 4559 3728 4633 trucem

2198 4619 2393 4695 Eii-liii};
2415 4619 2727 4709 ad'vestram
2753 4636 2806 4688 in
2807 4635 3006 4709 juriam
3027 4619 3332 4709 explicatis.
3356 4619 3422 4709 Et
3444 4631 3536 4709 lib.
3565 4639 3613 4704 ν..
3633 4619 3728 4709 Par:

2197 4711 2505 4765 menionem
2529 4699 2852 4781 alloquens:
2885 4703 2954 4757 Et
2977 4699 3103 4757 cum'
3123 4704 3232 4781 htec
3257 4703 3404 4781 initio
3421 4699 3728 4781 dictionis

2199 4781 2502 4835 tractaveris
2523 4779 2576 4832 in
2595 4774 2835 4847 processu
2872 4783 3122 4847 tractatus
3156 4776 3248 4839 ιαίν
3277 4774 3729 4847 tuatim”???

2199 4833 2461 4921 [actus—es.
2486 4833 2622 4921 Vide
2661 4845 3005 4921 Ambrosium
3028 4844 3185 4921 epist.
3231 4833 3330 4921 μὲ
3359 4842 3426 4921 ad
3461 4833 3727 4921 hiareellitlﬁ

2199 4902 2558 4975 Gaudentium
2587 4916 2918 4986 Brixiensem
2940 4916 2994 4969 in
3017 4902 3165 4986 prmi.
3197 4914 3266 4969 ad
3294 4902 3732 4986 Benivolumiﬂie-

2197 5006 2484 5062 ronymum
2513 4987 2672 5059 epist.
2695 4983 2801 5052 65;
2835 4977 3122 5054 Augustin.
3152 5001 3317 5062 Serm.
3351 4983 3448 5062 Ως),
3487 4977 3729 5062 de‘Dixer-

2198 5041 2323 5125 sis
2337 5041 2814 5128 ct—h-zec'expresse
2834 5041 3157 5111 tractantem
3185 5041 3508 5117 Ferrarium,
3545 5047 3604 5103 de
3626 5041 3730 5097 Con-

2194 5148 2338 5187 ClOll.

2273 5202 2286 5252 ἱ
2336 5201 2416 5256 Ex
2435 5201 2539 5274 ho_c
2563 5197 2879 5274 Chrysologi
2908 5197 3031 5252 loco
3059 5195 3471 5274 colligas_velim
3493 5189 3730 5274 episccptts

2195 5279 2442 5342 tempore
2482 5266 2911 5342 Quadragesimm
2952 5283 2983 5321 a
3033 5267 3384 5342 concionibus
3427 5266 3726 5342 abstinuisse.

2195 5334 2841 5411 curamque-impendisse
2859 5353 3090 5411 omnem
3129 5334 3527 5411 in_c9lligen_dis
3553 5335 3730 5384 vectan-

2194 5413 2383 5482 disque
2400 5406 2900 5482 Christianigregis
2928 5406 3211 5482 fetibusad
3242 5406 3552 5482 Ecclesiam.

2266 5472 2312 5519 ις·
2326 5482 2516 5556 Agnos
2553 5472 2786 5551 appellat
2824 5472 3081 5534 recenter
3127 5479 3447 5556 baptiaatQS-
3504 5472 3728 5556 Τρωνρῖθ

2190 5550 2622 5625 Quadragesimte
2675 5557 2862 5625 pastor
2905 5557 3095 5625 noster
3137 5550 3501 5625 sanctissimus
3539 5550 3587 5625 in
3623 5551 3727 5625 eve-

2189 5605 2655 5680 étnﬁdisﬁaldilidem
2678 5605 2930 5692 gentibus
2956 5621 3245 5692 plurimum
3269 5605 3730 5692 praecipuejnsuda-

2189 5677 2312 5758 bat,
2334 5677 2389 5749 et
2408 5677 2739 5748 catechismo
2768 5677 3041 5746 instruens
3069 5677 3294 5746 sabbato
3322 5677 3505 5745 sancto
3525 5677 3726 5758 Pascha,

2188 5754 2299 5835 quo
2327 5772 2566 5836 tempore
2593 5763 2840 5836 vglentes
2858 5761 3184 5836 baptizabat.
3227 5760 3468 5830 Tumque
3494 5768 3602 5836 mos
3634 5754 3730 5836 eia}

2188 5831 2251 5890 tit
2271 5835 2323 5892 in
2344 5831 2585 5890 Ecclesia
2626 5833 2722 5890 Dei
2750 5847 2849 5888 per
2899 5831 3297 5893 immersionem
3326 5839 3381 5887 et
3407 5831 3727 5886 emersionem
