3902 6362
195 375 296 456 ’διδ

1615 386 1844 444 SERMO
1879 386 2018 444 XLI.

3337 386 3448 455 ιιι

206 515 422 576 videmus
447 519 566 564 esse
581 518 692 576 jam
713 511 885 576 septa,
909 501 1122 558 divinos
1153 503 1408 559 laetissimi
1450 518 1767 560 revocamur
1791 507 1838 565 Α
1871 502 2054 559 vivens
2081 503 2385 560 mortalium
2413 509 2572 575 pastu
2595 515 2743 560 mors
2779 503 3026 572 moritur,
3055 502 3183 562 dum
3220 503 3444 566 devorat

207 609 262 666 ad
277 611 471 667 cantus,
501 598 763 656 Dominici
807 597 961 654 vobis
987 597 1092 655 cibi
1131 597 1487 654 exsultatione
1515 605 1628 653 tota
1668 598 1752 653 vi-

206 701 318 758 tales
342 694 522 766 copias
548 700 882 765 apponentes
913 709 927 746 :
963 699 1023 747 ut
1047 707 1184 762 quos
1223 691 1402 749 socios
1429 691 1754 748 senserimus

205 795 249 849 in
266 789 452 854 labore,
494 786 782 858 participes
810 785 863 840 in
897 784 1103 857 gaudiis
1141 784 1342 841 habere
1371 785 1656 856 possimus.
1686 781 1756 840 Et

204 883 306 956 quia
332 879 570 952 praefatio
592 879 706 935 haec
725 887 910 935 nostra
930 879 1163 950 pastoris
1183 879 1310 934 boni
1344 877 1469 933 fecit
1489 886 1545 933 et
1576 877 1754 932 intulit

202 975 500 1032 mentionem
522 971 590 1028 de
618 972 734 1043 ipso
762 971 853 1042 qui
881 971 1027 1026 solus
1045 971 1244 1036 bonus,
1268 970 1414 1027 solus
1434 978 1635 1041 pastor,
1660 984 1752 1024 so-

203 1067 269 1122 lus
291 1071 558 1137 pastorum
592 1072 778 1135 pastor
803 1071 912 1130 est,
937 1072 1050 1119 tota
1071 1063 1334 1119 sermonis
1365 1062 1536 1118 nostri
1564 1071 1619 1118 et
1645 1070 1754 1117 tra-

202 1167 348 1214 ctatus
371 1154 644 1226 repleatur
671 1163 725 1211 et
756 1156 1022 1212 habeatur
1047 1155 1292 1210 intentio.
1317 1153 1524 1218 Pastor,
1557 1153 1747 1223 inquit,

203 1255 348 1317 bonus,
370 1253 601 1306 nstituam
628 1268 776 1306 suam
804 1251 948 1322 ponit
981 1267 1075 1322 pro
1107 1247 1280 1305 auibus
1311 1251 1416 1304 suis
1453 1249 1629 1322 (Joan.
1667 1248 1747 1322 ι).

201 1344 383 1400 Fortem
411 1342 542 1398 facit
568 1344 649 1399 vis
677 1343 894 1410 amoris,
912 1343 1037 1413 quia
1053 1343 1128 1397 nil
1148 1341 1358 1406 durum,
1389 1342 1464 1396 nil
1487 1357 1745 1409 amarum,

198 1439 257 1494 nil
279 1452 447 1508 grave,
480 1437 559 1492 nil
600 1437 827 1502 lethale,
877 1444 1154 1507 computat
1194 1450 1346 1490 amor
1384 1450 1563 1490 verus.
1594 1433 1749 1501 Quod

197 1531 405 1586 ferrum?
424 1543 549 1598 quae
570 1528 834 1584 vulnera?
856 1543 974 1598 quae
1001 1529 1196 1598 poena?
1221 1541 1341 1597 quae
1369 1534 1588 1592 mortes,
1607 1542 1751 1582 amo-

196 1637 286 1677 rem
311 1621 604 1692 prtevalent
636 1635 888 1691 separare
931 1618 1226 1690 perfectum
1256 1620 1280 1672 ?
1308 1618 1475 1674 Amor
1503 1619 1746 1689 impene-

198 1713 370 1770 trabilis
393 1721 479 1768 est
503 1712 690 1781 lorica,
722 1713 928 1783 respuit
951 1711 1150 1782 jacula,
1173 1712 1376 1781 gladios
1403 1713 1622 1779 excutit,
1646 1728 1746 1784 pe-

195 1806 344 1862 riculis
363 1805 611 1871 insultat,
633 1813 864 1861 mortem
887 1805 1044 1871 ridet,
1069 1805 1112 1859 si
1134 1820 1288 1859 amor
1314 1811 1415 1871 est,
1443 1806 1606 1860 vinci:
1630 1821 1748 1861 om-

1855 599 2021 654 vitam
2047 615 2062 667 ;
2093 597 2388 654 absorbens
2407 613 2531 655 reos
2559 613 2724 663 mors,
2763 597 3101 669 absorbetur,
3126 600 3445 660 innocentia:

1853 694 1982 750 dum
2013 692 2242 764 deglutit
2269 700 2577 759 auctorem;
2602 701 2657 749 et
2676 692 2818 764 perit
2841 708 2989 750 mors
3021 694 3156 766 ipsa,
3179 711 3298 767 qum
3321 712 3446 768 per-

1854 785 2015 842 debat
2050 801 2258 854 omnes,
2301 785 2428 841 dum
2469 785 2707 841 omnium
2746 786 3015 857 perimere
3051 787 3167 843 vult
3194 789 3442 846 salutem.

1852 879 1994 950 Ergo
2015 879 2109 935 tali
2128 878 2299 935 forma
2328 878 2602 950 praecessit
2630 893 2758 934 oves
2785 887 2988 950 pastor,
3021 887 3206 952 pastor
3232 881 3300 936 ab
3325 882 3444 936 ovi-

1851 973 1952 1028 bus
1995 988 2104 1028 non
2143 973 2400 1038 recessit;
2446 987 2548 1028 nec
2585 971 2705 1027 illas
2741 971 2890 1028 dedit
2915 957 3075 1043 lupis,
3104 973 3199 1030 sed
3229 974 3445 1030 tradidit

1852 1065 2011 1137 lupos
2033 1066 2138 1121 illis
2164 1066 2360 1136 quibus
2381 1066 2601 1122 donavit
2627 1082 2755 1122 suos
2789 1067 2986 1136 eligere
3029 1067 3107 1124 sic
3137 1068 3439 1138 praedones,

1852 1165 1913 1213 ut
1939 1159 2134 1214 occisas
2155 1159 2415 1227 viverent,
2439 1159 2652 1214 laniata:
2670 1167 3034 1229 resurgerent,
3065 1159 3324 1229 sanguine
3344 1175 3443 1217 suo

1851 1249 2033 1307 tinctae
2053 1249 2318 1320 fulgerent
2344 1250 2511 1320 regali
2534 1265 2792 1323 purpura,
2831 1250 2991 1306 niveo
3017 1250 3218 1308 vellere
3255 1251 3442 1324 perlu-

1850 1351 2054 1401 cerent.
2077 1343 2169 1400 Sic
2187 1344 2360 1400 bonus
2379 1352 2566 1415 pastor
2595 1360 2694 1414 pro
2730 1344 2920 1399 ovibus
2950 1358 3070 1399 cum
3109 1343 3288 1414 posuit
3325 1343 3441 1400 ani-

1849 1452 2012 1505 mam,
2046 1453 2153 1492 non
2174 1437 2351 1492 amisit
2368 1455 2382 1503 ;
2399 1445 2454 1492 et
2473 1451 2602 1492 oves
2624 1437 2803 1492 taliter
2833 1437 3027 1503 tenuit,
3057 1451 3164 1492 non
3185 1437 3438 1507 reliquit;

1849 1546 1952 1587 nec
2002 1529 2244 1586 destituit
2289 1544 2420 1585 oves
2474 1529 2670 1595 taliter,
2712 1528 2807 1584 sed
2849 1528 3114 1593 invitavit,
3164 1543 3297 1598 quas
3344 1544 3440 1600 per

1848 1624 2106 1680 mortales
2133 1638 2372 1694 campos,
2397 1637 2492 1694 per
2531 1622 2635 1677 iter
2659 1622 2868 1687 mortis,
2900 1621 3083 1675 vitalia
3122 1619 3337 1675 vocavit
3383 1629 3441 1676 et

1847 1717 2101 1788 perduxit
2141 1717 2206 1772 ad
2248 1732 2465 1788 pascua.
2498 1715 2605 1772 Sed
2642 1715 2770 1771 dicit
2816 1715 3029 1786 aliquis,
3061 1713 3288 1782 Quando
3323 1713 3440 1770 haec

1850 1811 2048 1865 erunt?
2069 1809 2209 1866 Ecce
2229 1809 2446 1865 interim
2471 1823 2622 1872 oves,
2644 1807 2699 1864 id
2725 1815 2826 1875 est,
2863 1806 3114 1878 apostoli,
3137 1805 3434 1878 prophetae,

193 1903 279 1956 nia.
303 1897 403 1955 Sed
431 1914 738 1970 quaeramus
767 1909 945 1954 utrum
973 1900 1041 1954 sit
1080 1899 1268 1954 ovibus
1296 1898 1575 1954 commoda
1603 1915 1750 1954 mors
1778 1898 1824 1959 B
1852 1911 2114 1974 martyres
2131 1910 2186 1958 et
2211 1900 2547 1957 confessores
2562 1901 2744 1970 jacent
2765 1899 2960 1971 sepulti
2995 1917 3006 1952 :
3032 1897 3288 1970 discerpti
3317 1905 3434 1953 toto

192 1993 272 2048 ista
295 1992 541 2062 pastoris,
589 2005 709 2061 qum
754 1990 996 2046 destituit
1039 2005 1188 2056 oves,
1238 2005 1358 2061 quae
1407 1991 1543 2061 lupis
1587 1989 1748 2046 tradit

192 2084 364 2139 inerme
381 2097 574 2154 pecus,
598 2097 717 2153 quae
745 2083 822 2138 sic
849 2083 1070 2139 charum
1097 2097 1312 2152 gregem
1343 2081 1524 2138 ferinis
1549 2082 1745 2138 morsi-

189 2175 268 2232 bus
291 2175 631 2248 derelinquit,
662 2176 952 2248 direptioni
972 2177 1082 2244 dat,
1115 2185 1170 2233 et
1189 2178 1411 2248 exponit
1438 2177 1617 2244 morti,
1635 2178 1744 2232 sic-

188 2279 234 2325 ut
258 2271 416 2342 ipsius
441 2271 676 2342 pastoris
697 2270 895 2326 Christi
931 2271 1192 2343 probatur
1210 2287 1279 2326 ex
1301 2278 1497 2326 morte.
1529 2268 1609 2324 Ex
1635 2285 1744 2340 quo

187 2379 392 2434 namque
418 2365 599 2435 posuit
632 2365 745 2436 ipse
784 2364 1015 2418 animam
1058 2378 1208 2417 suam
1254 2378 1354 2434 pro
1381 2363 1570 2418 ovibus
1610 2363 1741 2430 suis,

187 2473 322 2529 seque
345 2456 573 2514 Iudaico
594 2457 776 2514 furore
803 2459 1049 2529 permisit
1069 2457 1260 2523 occidi,
1285 2473 1415 2512 oves
1435 2457 1551 2527 ejus
1573 2457 1746 2525 genti-

188 2550 309 2615 lium,
329 2550 479 2605 velut
497 2549 829 2621 praedonum,
843 2549 1164 2621 diripiuntur
1183 2550 1428 2615 incursu;
1446 2547 1745 2604 mactandas

187 2647 230 2696 in
267 2642 587 2708 carceribus,
629 2641 778 2696 velut
803 2641 1073 2696 latronum
1114 2640 1434 2696 clauduntur
1479 2642 1742 2707 antris;a

185 2734 592 2804 persecutoribus
612 2734 764 2804 quasi
791 2734 1130 2790 saevientibus
1170 2734 1308 2804 lupis
1340 2736 1455 2790 sine
1483 2735 1744 2790 cessatio--

187 2841 243 2882 ne
263 2826 537 2892 laniantur,
565 2826 633 2882 ab
661 2827 925 2883 htereticis
952 2827 1106 2897 quasi
1133 2827 1199 2882 ab
1233 2827 1503 2882 extraneis
1523 2828 1743 2884 canibus

186 2918 352 2973 rabido
378 2918 531 2974 dente
553 2927 864 2990 carpuntur.
897 2918 1013 2974 lloc
1040 2918 1405 2990 apostolorum
1434 2927 1744 2989 peremptus

190 3011 364 3081 probat
387 3012 592 3077 chorus,
622 3013 727 3068 hoc
744 3021 1039 3083 martyrum
1071 3019 1184 3067 toto
1213 3011 1344 3066 orbe
1366 3009 1590 3067 diffusus
1629 3012 1740 3066 cla-

191 3111 292 3157 mat
315 3104 530 3173 sanguis,
559 3103 666 3158 hoc
685 3100 1111 3158 Christianorum
1128 3102 1367 3156 membra
1383 3101 1507 3156 data
1537 3103 1740 3169 bestiis,

186 3201 470 3266 consumpta
491 3195 721 3264 ignibus,
752 3194 996 3250 demersa
1025 3190 1348 3261 ﬂuminibus,
1374 3201 1624 3265 patenter
1648 3193 1744 3250 tle-

1847 2001 2172 2063 sparguntur
2191 1993 2245 2048 in
2267 1993 2418 2060 orbe,
2444 1991 2669 2047 involuti
2690 1991 2966 2061 sanguine,
3000 1989 3154 2045 tetris
3174 1987 3434 2044 claudun-

1849 2093 1934 2141 tur
1953 2086 2234 2156 sepulcris.
2274 2084 2342 2139 Et
2365 2085 2485 2155 quis
2509 2084 2718 2140 dubitat
2743 2083 2884 2154 quod
2906 2090 3206 2152 resurgant,
3229 2081 3430 2146 vivant,

1843 2186 2072 2249 regnent
2093 2179 2257 2234 occisi
2278 2186 2558 2249 martyres,
2583 2177 2798 2246 quando
2819 2174 3062 2232 Christus
3085 2185 3108 2213 °
3134 2175 3238 2230 illis
3257 2189 3436 2230 resur-

1842 2272 2003 2336 rexit,
2025 2271 2160 2326 vivit
2188 2278 2244 2326 et
2282 2277 2472 2340 regnat
2499 2269 2744 2325 occisus?
2781 2267 2916 2323 Audi
2964 2282 3151 2322 vocem
3199 2265 3436 2336 pastoris

1843 2365 2041 2435 hujus:
2091 2361 2222 2419 Oves
2256 2379 2386 2419 meae
2416 2380 2584 2418 vocem
2617 2379 2785 2417 meam
2819 2360 3037 2416 audiunt
3067 2369 3118 2414 et
3157 2366 3436 2431 sequuntur

1843 2475 1943 2512 me.
1959 2456 2190 2512 Necesse
2205 2463 2287 2511 est
2302 2464 2361 2510 ut
2373 2470 2491 2525 qua:
2505 2462 2629 2510 sunt
2648 2453 2716 2509 ad
2731 2461 2959 2508 mortem
2975 2458 3190 2515 secutae,
3210 2464 3437 2519 sequan-

1843 2560 1934 2606 tur
1952 2551 2020 2606 ad
2045 2551 2241 2616 vitam;
2264 2564 2382 2619 quae
2401 2548 2470 2604 ad
2498 2546 2873 2604 contumeliam
2895 2543 3163 2600 comitate
3182 2549 3324 2608 sunt,
3349 2553 3436 2595 co-

1843 2644 2104 2698 mitentur
2123 2641 2191 2697 ad
2209 2643 2511 2707 honorem;
2535 2647 2590 2695 et
2608 2639 2715 2694 sint
2741 2637 3031 2708 participes
3076 2633 3279 2704 gloriae,
3311 2645 3431 2701 qua:

1842 2737 2111 2810 passionis
2123 2735 2414 2808 participes
2440 2734 2780 2789 exstiterunt.
2808 2730 2904 2785 Ubi
2926 2746 3058 2795 sum,
3083 2726 3273 2798 inquit,
3315 2741 3431 2797 ego,

1845 2830 1916 2885 ibi
1943 2831 2041 2884 erit
2059 2838 2109 2883 et
2129 2829 2365 2882 minister
2393 2842 2534 2881 meus
2565 2823 2745 2898 (Joan.
2781 2824 2900 2894 xu).
2947 2820 3092 2876 Ubi?
3119 2818 3302 2889 utique
3339 2832 3432 2871 su-

1843 2938 1944 2994 per
1971 2921 2155 2986 cwlos,
2180 2920 2271 2974 ubi
2289 2917 2534 2974 Christus
2560 2925 2643 2973 est
2662 2915 2728 2971 ad
2770 2915 3044 2972 dexteram
3074 2912 3171 2968 Dei
3217 2909 3430 2966 sedens.

1844 3015 2041 3082 Homo,
2061 3028 2168 3068 non
2189 3021 2243 3067 te
2263 3013 2444 3067 turbet
2463 3010 2614 3076 ﬁdes,
2629 3025 2752 3080 spes
2773 3017 2827 3063 te
2850 3007 3060 3075 longior
3080 3021 3188 3061 non
3210 3003 3423 3072 fatiget:

1844 3108 1970 3178 quia
1991 3115 2140 3162 certa
2169 3105 2267 3161 tibi
2288 3121 2375 3160 res
2402 3112 2506 3170 est,
2529 3119 2647 3173 qua:
2668 3104 2722 3158 in
2756 3103 2874 3172 ipso
2901 3100 2996 3155 tibi
3016 3114 3196 3155 rerum
3245 3111 3430 3152 serva-

1845 3207 1934 3254 tur
1963 3206 2204 3254 auctore.
2237 3195 2455 3259 Mortui,
2481 3196 2675 3264 inquit,
2721 3195 2862 3256 estis,
2885 3201 2934 3246 et
2965 3192 3070 3245 vita
3106 3199 3272 3244 restra
3311 3185 3432 3244 abs-

185 3294 496 3341 monstrant:
523 3286 669 3358 quod
697 3288 880 3356 utique
924 3295 1094 3342 totum
1123 3287 1260 3342 sicut
1286 3301 1433 3340 mors
1449 3286 1644 3352 intulit,
1669 3287 1743 3341 ita
1772 3290 1818 3353 C
1849 3293 2056 3348 condita
2095 3301 2172 3346 est
2207 3307 2322 3345 cum
2350 3288 2553 3344 Christo
2581 3290 2636 3342 in
2666 3286 2808 3352 Deo;
2842 3303 2955 3340 cum
2980 3293 3148 3338 autem
3179 3296 3432 3354 apparue-

185 3380 278 3435 vita
317 3382 488 3452 potuit
531 3382 820 3452 prohibere
858 3383 1111 3454 pastoris.
1142 3381 1274 3437 Ideo
1306 3396 1405 3452 pro
1447 3389 1500 3436 te
1558 3388 1744 3452 pastor

189 3487 396 3528 amorem
415 3481 592 3529 morte
613 3474 827 3545 probat,
859 3475 983 3544 quia
1005 3488 1126 3528 cum
1155 3471 1330 3528 videat
1355 3471 1543 3526 ovibus
1563 3471 1740 3526 immi-

185 3579 294 3620 nere
317 3563 621 3631 discrimeu,
661 3581 784 3621 cum
827 3579 1044 3634 gregem
1081 3562 1362 3619 defensare
1403 3579 1510 3618 non
1549 3563 1738 3634 possit,

181 3657 360 3712 mavult
384 3659 526 3713 mori
546 3666 831 3728 antequam
874 3657 1000 3711 mali
1047 3657 1116 3712 de
1161 3657 1272 3711 suis
1299 3656 1490 3711 ovibus
1513 3655 1641 3726 quid
1661 3655 1743 3710 vi-

180 3751 300 3803 deat.
327 3748 432 3805 Sed
455 3749 586 3819 quid
605 3749 878 3815 faciamus,
904 3751 1030 3818 quia
1050 3749 1171 3804 Vita
1207 3749 1344 3804 mori
1369 3764 1476 3804 non
1505 3754 1740 3819 poterat,

179 3842 264 3896 nisi
288 3841 590 3898 voluisset?
615 3840 790 3897 datori
812 3842 1002 3896 animae
1028 3842 1260 3895 animam
1279 3841 1400 3910 quis
1431 3840 1623 3895 tollere
1643 3854 1743 3910 po-

179 3935 345 3990 luisset
367 3934 856 3991 nolenti?dicente
879 3935 1034 4006 ipso:
1085 3934 1399 3988 Potestatem
1446 3932 1608 3987 habeo
1647 3949 1740 4004 po—

180 4027 313 4080 rtendi
340 4028 572 4080 animam
591 4043 776 4092 meam,
799 4036 849 4080 et
885 4035 1190 4098 potestatem
1237 4024 1396 4080 habeo
1437 4027 1622 4079 iterum
1659 4041 1741 4079 su-

181 4116 496 4182 mendieam;
520 4133 668 4171 nemo
691 4117 821 4171 tollit
849 4134 962 4171 eam
986 4135 1017 4170 a
1053 4133 1153 4171 me.
1189 4115 1331 4186 Ergo
1371 4117 1506 4171 mori
1548 4117 1734 4181 voluit,

179 4208 345 4276 quise,
376 4224 500 4264 cum
522 4208 660 4264 mori
681 4225 789 4264 non
809 4218 1008 4280 posset,
1038 4209 1280 4279 permisit
1308 4209 1496 4263 occidi.
1521 4209 1740 4276 Quaera-

176 4314 274 4354 mus
309 4315 440 4370 ergo
474 4301 633 4370 hujus
663 4315 783 4370 qua:
827 4302 924 4366 vis,
958 4317 1078 4371 quae
1108 4302 1244 4357 ratio
1272 4302 1341 4356 sit
1369 4303 1586 4368 amoris,
1619 4319 1739 4374 qua:

176 4391 312 4462 hujus
342 4410 507 4449 causa
546 4395 754 4461 mortis,
779 4410 899 4464 quae
941 4395 1099 4464 hujns
1127 4396 1197 4451 sit
1221 4397 1424 4452 utilitas
1451 4398 1737 4468 passionis.

175 4480 226 4536 Et
250 4485 405 4554 plane
446 4487 530 4541 vis
558 4495 726 4553 certa,
749 4503 877 4542 vera
917 4489 1075 4554 ratio,
1103 4504 1263 4545 causa
1307 4489 1512 4554 lucens,
1540 4491 1741 4546 utilitas

175 4578 286 4630 tanti
323 4579 602 4647 sanguinis
631 4588 912 4650 peraperta
940 4599 950 4632 :
978 4596 1208 4650 namque
1245 4583 1478 4652 pastoris
1519 4599 1624 4638 una
1673 4599 1741 4638 ex

1845 3386 1916 3440 rit
1945 3385 2180 3438 Christus
2211 3384 2314 3437 vita
2342 3391 2530 3439 vestra.
2566 3390 2685 3434 tunc
2713 3389 2762 3433 et
2787 3395 2874 3432 ros
2904 3393 3019 3431 cum
3043 3375 3136 3430 illo
3163 3370 3432 3446 apparebi-

1847 3477 1911 3530 tis
1966 3477 2020 3529 in
2063 3475 2231 3546 gloria
2285 3473 2419 3545 (Col.
2459 3472 2559 3545 ιιι).
2602 3471 2879 3526 Laborans
2930 3483 3138 3524 messor
3189 3464 3335 3535 quod
3376 3465 3432 3519 in

1843 3568 2049 3624 semine
2078 3583 2185 3622 non
2218 3567 2382 3633 videt,
2412 3565 2616 3620 videbit
2643 3565 2698 3619 in
2725 3579 2917 3630 messe,
2950 3561 2978 3600 δ
3001 3570 3057 3617 et
3082 3559 3251 3630 quiin
3279 3557 3430 3614 sulco

1844 3657 2026 3724 deﬂet,
2059 3658 2316 3728 gaudebit
2350 3658 2405 3712 in
2433 3657 2628 3712 fructu.

2441 3743 2672 3801 SERMO
2707 3743 2842 3800 XLI.

2263 3838 2344 3893 De
2365 3839 2570 3910 jejunio
2598 3846 2647 3890 et
2673 3836 3009 3907 eleemosyna.

1914 3935 2061 3990 Bella
2101 3933 2342 4003 gentium
2383 3932 2611 4000 legimus
2650 3943 2936 3999 superasse
2975 3925 3429 3997 quamplurimos,

1841 4045 1978 4099 quos
2019 4035 2202 4081 tamen
2245 4039 2452 4095 pugnas
2494 4021 2674 4078 carnis
2715 4021 2944 4090 legimus
2985 4035 3093 4072 non
3136 4018 3346 4082 vicisse,
3379 4024 3434 4071 et

1841 4119 2146 4176 audivimus
2190 4132 2286 4172 eos
2325 4115 2540 4171 dedisse
2593 4113 2806 4169 delictis
2845 4119 3088 4184 pectora,
3132 4110 3225 4179 qui
3271 4109 3432 4164 dorsa

1840 4213 2087 4269 hostibus
2118 4226 2227 4266 non
2268 4208 2553 4264 dederunt.
2586 4205 2726 4261 Proh
2765 4205 2922 4260 dolor
2957 4204 2968 4256 !
3014 4203 3262 4257 Victores
3301 4215 3432 4268 gen-

1841 4307 1975 4362 tium
2014 4303 2271 4358 vitiorum
2327 4300 2490 4355 fuisse
2543 4299 2818 4369 captivos,
2861 4296 3141 4351 nationum
3182 4293 3432 4350 dominos

1841 4398 1987 4469 turpi
2027 4395 2260 4452 servisse
2302 4392 2618 4448 criminibus
2671 4390 2931 4444 servitute
2963 4406 2977 4455 ;
3033 4388 3251 4442 stetisse
3291 4387 3434 4442 inter

1841 4489 2126 4548 saevientes
2165 4485 2393 4555 gladios,
2439 4491 2495 4538 et
2535 4483 2676 4537 inter
2712 4489 2968 4536 enervata
3010 4479 3278 4534 lenocinia
3311 4493 3432 4534 cor-

1841 4567 2046 4646 ruisse;
2078 4577 2260 4647 regnis
2280 4574 2445 4631 fuisse
2466 4573 2681 4638 terrori,
2715 4571 2948 4627 ludibrio
2963 4570 3128 4626 fuisse
3156 4569 3428 4641 peccatis;

175 4678 323 4723 morte
349 4671 524 4725 virtus
567 4671 786 4726 emicuit
830 4671 1114 4741 singularis
1143 4690 1156 4738 ;
1193 4682 1379 4743 pastor
1416 4691 1515 4745 pro
1545 4675 1738 4729 ovibus
1763 4691 1815 4748 ι)
1839 4676 2093 4732 adversas
2122 4675 2265 4728 acies
2293 4669 2611 4726 contrivisse
2636 4667 2870 4738 jejuzzos,
2899 4674 2954 4722 et
2973 4665 3281 4737 crapulatos
3308 4681 3433 4720 sua-

174 4760 330 4822 morti,
370 4755 490 4830 quae
509 4761 700 4816 ovibus
721 4761 1048 4827 imminebat,
1075 4765 1308 4820 occurrit
1333 4783 1346 4832 ;
1374 4775 1431 4820 ut
1464 4776 1738 4822 auctorem

174 4851 340 4904 mortis
369 4851 643 4906 diabolum
675 4867 815 4907 novo
847 4852 1037 4908 ordine
1079 4863 1265 4925 captus
1292 4866 1534 4926 caperet,
1555 4857 1730 4912 victus

174 4939 408 5008 vinceret,
437 4944 652 5014 puniret
692 4944 922 5010 occisus,
950 4956 1006 5000 et
1049 4946 1239 5001 ovibus
1286 4947 1566 5002 moriendo
1596 4950 1734 5003 viam

173 5031 423 5088 vincenda:
465 5037 656 5091 mortis
683 5037 936 5108 aperiret.
967 5037 1101 5092 Nam
1122 5048 1178 5093 et
1223 5039 1486 5107 diabolus,
1515 5041 1643 5096 dum
1683 5043 1736 5095 in

173 5122 423 5182 hominem
471 5129 960 5201 tendit,prosilivit
997 5131 1050 5186 in
1092 5131 1287 5200 Deum;
1320 5133 1448 5188 dum
1491 5135 1544 5189 in
1585 5150 1738 5189 reum

172 5220 320 5285 sevit,
353 5221 579 5276 incurrit
605 5223 658 5278 in
687 5224 955 5293 judicem;
1001 5225 1203 5280 invenit
1242 5228 1577 5297 supplicium,
1609 5228 1738 5283 dum

171 5309 342 5380 ingerit
373 5330 624 5384 plenam;
647 5315 764 5387 ipse
789 5317 1002 5388 accipit,
1034 5316 1159 5372 dum
1180 5317 1272 5372 dat
1293 5319 1648 5385 sententiam;
1683 5328 1740 5375 et

167 5534 570 5611 baptizarentur,
593 5544 755 5609 prout
767 5553 834 5611 ex
850 5537 912 5592 D.
935 5537 1236 5608 Augustino
1257 5541 1568 5611 accipimus,
1593 5540 1740 5595 aliis-

165 5619 276 5686 que.
309 5607 465 5686 Quod
483 5607 609 5664 cum
633 5609 866 5686 propriis
897 5607 1144 5686 manibus
1195 5607 1613 5686 ageret'_noster
1639 5627 1738 5686 an-

166 5679 320 5755 tistes,
351 5688 406 5735 et
453 5679 717 5755 innumeri
738 5679 1145 5755 propemodum
1185 5679 1366 5738 essent
1403 5682 1731 5755 baptizandi,

166 5747 347 5823 nedum
373 5747 780 5823 concionemeo
820 5747 1061 5823 tempore
1095 5752 1368 5810 dimittere
1416 5747 1730 5823 cogebatur,

165 5817 251 5873 sed
271 5829 322 5875 et
345 5821 668 5896 gravissimo
695 5822 884 5878 labore
904 5817 975 5878 οἰ)
996 5823 1049 5878 id
1076 5833 1330 5896 suscepto
1352 5817 1511 5881 nimis
1539 5817 1732 5882 anxius

166 5897 271 5944 erat
297 5890 563 5949 et'lassus.
591 5890 835 5962 Cumque
853 5900 1095 5951 sacratos
1125 5890 1265 5953 viros
1294 5897 1349 5952 in
1388 5898 1506 5967 ipso
1545 5897 1730 5953 labore

1846 4784 1964 4822 rum
2005 4775 2182 4822 castra
2211 4763 2522 4820 dissolvisse
2552 4762 2808 4816 virtutum
2833 4777 2847 4826 ;
2874 4759 3110 4830 jacuisse
3139 4759 3309 4814 effuso
3350 4758 3431 4812 vi-

1837 4877 1928 4927 no,
1959 4860 2050 4929 qui
2075 4859 2258 4928 jacere
2287 4858 2456 4912 effuso
2486 4856 2748 4925 sanguine
2792 4854 3120 4908 nescierunt.
3167 4849 3318 4905 Unde
3346 4855 3431 4904 est

1840 4956 1945 5009 hoc
1966 4954 1988 5006 ?
2011 4951 2153 5005 unde
2184 4953 2206 5004 ?
2235 4951 2361 5019 quia
2397 4951 2499 5004 hoc
2541 4964 2650 5003 non
2690 4955 2774 5002 est
2809 4947 2983 5012 ratio,
3016 4944 3112 5000 sed
3153 4943 3380 5012 languor
3413 4959 3428 5008 ;

1842 5063 1950 5100 non
1973 5046 2102 5110 vita,
2153 5042 2247 5098 sed
2285 5041 2494 5108 febris;
2539 5041 2843 5112 phrenesis,
2889 5055 2998 5094 non
3039 5045 3251 5092 natura.
3294 5033 3430 5090 Nam

1840 5137 2092 5206 quotiens
2133 5136 2377 5190 ciborum
2420 5134 2658 5189 cruditas
2714 5131 2898 5187 vitalia
2939 5129 3150 5198 dejicit,
3195 5127 3430 5180 inﬁrmat

1841 5228 2199 5292 stomachum,
2247 5226 2538 5294 corrumpit
2568 5224 2914 5293 sanguinem,
2958 5219 3112 5275 vitiat
3151 5219 3426 5280 humores,

1842 5318 2122 5376 succendit
2149 5317 2424 5373 choleram
2453 5358 2468 5383 ,
2501 5326 2800 5373 extremum
2833 5327 2854 5355 ο
2885 5313 3049 5370 febris
3060 5311 3428 5383 gignitincen-

1842 5543 2021 5598 socios
2041 5542 2336 5608 habuisset,
2361 5543 2578 5598 eosdem
2608 5542 2659 5596 in
2682 5539 2887 5610 gaudiis
2933 5538 3128 5594 divina:
3165 5537 3427 5610 prmdica-

1840 5613 2006 5669 tionis
2026 5616 2318 5685 participes
2342 5614 2543 5685 habere
2571 5619 2852 5685 pratoptat.
2877 5611 3043 5667 MITA.

1910 5694 1937 5722 ⁸
1975 5683 2073 5740 Ms.
2105 5683 2251 5750 Vati,
2279 5687 2430 5755 ipse.,
2463 5683 2688 5755 fortasse
2715 5683 2928 5755 melius.

1907 5755 1934 5795 δ
1974 5749 2389 5811 Emendavimus
2416 5770 2482 5809 ex
2517 5754 2746 5826 Latinio.
2777 5753 2916 5810 Editi
2945 5770 3154 5820 omnes,
3190 5749 3421 5826 etquod.

1910 5838 1932 5866 ι
1973 5827 2107 5883 Vide
2134 5841 2254 5896 quae
2273 5833 2601 5883 annotantur
2629 5825 2695 5882 ad
2723 5841 2882 5883 serm.
2908 5826 2997 5884 18.
