3902 6362
502 391 614 455 319

1752 373 1812 433 S.
1852 369 2058 432 PETRI
2085 361 2517 427 CHRYSOLOGI

507 503 682 582 (Psal.
717 499 907 574 xxxn).
966 497 1036 555 Et
1075 510 1262 554 revera
1276 535 1294 562 ,
1350 490 1543 547 fratres
1557 531 1573 557 ,
1613 487 1862 582 periisset
1912 492 2086 541 totum
2109 480 2165 543 Δ
2187 477 2383 582 exigit,
2417 468 3032 582 humanitatis-debitum
3057 465 3396 582 quiJfatetur.’
3409 467 3626 582 fratrias,
3651 475 3714 535 in.

505 579 652 674 quod
691 597 833 655 Deus
886 593 1121 659 fecerat,
1168 587 1271 644 nisi
1315 581 1681 641 misericordia
1727 579 2084 638 subvenisset.

505 689 676 762 Culpa
715 697 772 745 et
803 686 936 742 ultio
968 680 1226 754 quidquid
1274 679 1328 732 in
1366 677 1513 732 hunc
1551 674 1806 730 mundum
1843 677 2086 762 venerat,

506 760 856 846 auferebam;
902 775 1027 846 quia
1073 781 1130 829 et
1177 769 1434 841 fragilitas
1471 782 1687 838 semper
1726 764 1979 821 tendebat
2021 760 2091 817 ad

506 876 742 947 lapsum,
785 880 840 928 et
867 869 1163 938 cogebatur
1203 865 1270 920 ad
1291 863 1582 919 vindictam
1622 876 1839 932 semper
1865 873 2092 915 censura

502 966 808 1038 iudicantis.
849 962 940 1019 Sic
981 962 1204 1031 angelus
1243 958 1491 1029 dejicitur
1541 972 1573 1013 e
1612 957 1750 1012 caelo
1782 953 1917 1028 (Isa.
1954 951 2087 1025 xxv);

503 1061 582 1116 sic
613 1059 681 1115 de
713 1057 965 1130 paradiso
993 1055 1204 1112 exsulat
1229 1054 1394 1109 homo
1425 1049 1576 1126 (Gen.
1614 1049 1718 1123 xu);
1747 1050 1824 1106 sic
1862 1049 2092 1105 mundus

502 1151 703 1208 diluvio
742 1150 954 1206 deletur
991 1145 1159 1221 (Gen.
1190 1145 1332 1218 vxx);
1368 1145 1446 1202 sic
1471 1151 1659 1215 gentes
1693 1142 2094 1200 confunduntur

502 1241 696 1312 linguis
740 1239 892 1314 (Gen.
923 1238 1022 1312 xx),
1054 1238 1252 1294 dantur
1290 1237 1470 1307 gladio
1513 1233 1666 1310 (Gen.
1700 1235 1847 1307 xxv);
1881 1235 1959 1292 sic
1991 1250 2091 1291 ex-

501 1343 730 1390 uruntur
749 1334 912 1388 urbes
938 1331 1186 1387 incendio
1206 1330 1387 1386 divino
1404 1326 1557 1400 (Gen.
1581 1328 1717 1402 xxx);
1749 1329 1828 1384 sic
1845 1343 1914 1383 ex
1935 1325 2095 1400 Egy-

500 1436 598 1499 pto
617 1427 771 1498 plebs
813 1425 1006 1482 educta
1047 1425 1103 1480 in
1132 1439 1317 1480 eremo
1355 1424 1704 1480 occulebatur
1735 1423 1928 1496 (Exod.
1954 1421 2089 1493 xxx);

502 1519 582 1574 sic
609 1525 752 1574 terra
779 1518 936 1573 hians
960 1523 1118 1572 vorat
1139 1515 1395 1586 pepulum
1415 1512 1599 1588 (Num.
1626 1513 1758 1586 xvx);
1790 1521 1846 1571 et
1864 1529 1934 1570 ne
1951 1515 2092 1569 mul-

502 1611 604 1678 tis,
650 1611 729 1666 sic
765 1608 1004 1665 Judmam
1062 1609 1206 1663 ultor
1245 1605 1441 1662 Christi
1498 1607 1770 1676 sanguinis
1819 1607 2093 1664 Romanus

505 1702 744 1759 “delevit
766 1702 1036 1757 exercitus
1058 1699 1274 1770 (Matth.
1293 1697 1459 1770 xxxv).
1484 1698 1610 1754 Hmc
1638 1706 1720 1754 est
1747 1698 1944 1754 Christi
1972 1715 2091 1754 ma-

502 1809 626 1865 gna,
660 1794 824 1862 larga,
849 1793 962 1848 sola
995 1790 1384 1858 misericordia,
1415 1805 1535 1859 qua:
1558 1789 1818 1860 judicium
1845 1807 2007 1846 omne
2035 1794 2091 1846 in

2190 571 2347 641 quit,
2381 577 2432 624 et
2468 583 2572 624 non
2611 565 2823 620 dedistis
2861 563 2990 620 mihi
3026 562 3343 618 manducare
3379 560 3573 636 (Matth.
3593 574 3712 643 xxv).

2190 663 2479 720 Manducat
2492 663 2632 718 Deus
2646 662 2700 716 in
2718 659 2856 717 cmlo
2870 673 3062 732 panem
3077 672 3241 728 quem
3254 658 3716 735 perceperitpauper

2190 761 2247 817 in
2267 766 2432 815 terra.
2476 755 2734 822 Quamdiu
2780 755 2973 828 fecistis
3006 753 3097 808 uni
3125 769 3192 808 ea:
3227 752 3450 807 minimi!
3475 754 3594 823 ίεῑίεν
3617 760 3718 814 mihi

2192 854 2388 928 fecistis
2416 851 2631 926 (Matth.
2653 848 2803 922 xxv).
2845 847 2924 903 Da
2955 861 3083 916 ergo
3116 859 3344 917 panem,
3374 845 3440 900 da
3457 854 3640 916 potum,
3665 849 3717 904 da

2189 948 2587 1012 vestimentum,
2619 945 2686 1000 da
2714 951 2936 1008 tectum,
2959 941 3006 996 si
3025 940 3195 996 Deum
3217 937 3522 1006 debitorem,
3543 956 3634 995 non
3644 941 3719 1010 -ju-

2191 1041 2367 1097 dicem
2391 1039 2475 1094 vis
2501 1037 2733 1102 habere;
2765 1034 2898 1090 nihil
2929 1048 3029 1089 nos
3061 1031 3280 1087 nocebit
3306 1030 3360 1085 in
3392 1037 3545 1100 terra,
3570 1031 3612 1087 si
3641 1047 3720 1089 no-

2191 1134 2275 1190 bis
2303 1134 2356 1190 in
2377 1132 2516 1190 cmlo
2537 1128 2908 1187 misericordia
2935 1127 3006 1184 sit
3032 1135 3286 1197 patrona.

2764 1259 2995 1319 SERMO
3022 1259 3204 1316 XLIII.

2463 1378 2539 1435 De
2563 1379 2816 1442 oratione,
2850 1376 3053 1449 jejunio
3082 1382 3134 1428 et
3160 1372 3496 1444 elemosyna.

2268 1507 2292 1536 ο
2334 1494 2552 1566 Populis
2596 1491 2930 1564 populariter
2957 1496 3042 1545 est
3076 1485 3438 1557 loquendum;
3466 1483 3722 1542 communio

2191 1589 2564 1662 compellanda
2592 1595 2676 1643 est
2702 1599 2953 1642 sermone
2979 1580 3287 1646 communi;
3317 1578 3551 1634 omnibus
3572 1592 3725 1635 ncces-

2192 1685 2334 1743 saria
2365 1682 2590 1741 dicenda
2630 1689 2756 1738 sunt
2809 1695 2960 1735 more
3001 1677 3273 1741 omnium;
3314 1673 3558 1730 naturalis
3583 1673 3724 1743 lingua

2193 1779 2357 1835 chara
2397 1774 2728 1846 simplicibus
2750 1814 2764 1839 ,
2795 1771 2971 1827 doctis
3009 1768 3185 1825 dulcis
3230 1785 3242 1820 :
3291 1765 3486 1820 docens
3523 1763 3725 1832 loquatur

501 1882 646 1938 diem
679 1885 913 1938 servavit
954 1897 1153 1948 unum,
1212 1888 1267 1936 et
1307 1881 1514 1936 homini
1553 1888 1726 1937 totum
1773 1867 1985 1952 tempus
2024 1881 2092 1937 ad

2199 1871 2443 1929 omnibus
2481 1867 2794 1940 profutura;
2839 1877 2969 1932 ergo
3015 1861 3178 1916 hodie
3225 1857 3471 1928 imperito
3495 1855 3640 1911 verbo
3654 1869 3726 1911 ve-

501 1977 833 2048 poenitentiae
883 1976 1164 2048 deputavit
1205 1975 1479 2042 inducias;
1542 1983 1601 2030 ut
1639 1975 1785 2044 quod
1833 1975 1900 2030 de
1949 1975 2091 2030 vitiis

499 2068 723 2126 infantia
765 2069 1018 2140 suscipit,
1063 2068 1204 2139 rapit
1230 2067 1627 2134 adolescentia,
1668 2067 1870 2121 invadit
1892 2066 2089 2136 juven-

499 2168 589 2215 tus
611 2199 626 2224 ,
675 2160 912 2230 corrigat
951 2159 1039 2216 vel
1077 2167 1358 2224 senectus;
1391 2164 1444 2213 et
1485 2157 1552 2212 de
1578 2166 1804 2229 peccato
1841 2158 1929 2213 vel
1962 2165 2092 2214 tunc

500 2252 781 2322 pmniteat,
813 2251 1029 2322 quando
1050 2251 1215 2306 sentit
1229 2249 1342 2320 jam
1364 2265 1422 2305 se
1451 2265 1559 2304 non
1579 2265 1739 2321 posse
1757 2265 2014 2321 peccare;
2038 2257 2095 2305 et

501 2351 632 2399 tunc
659 2343 852 2398 saltem
879 2351 1088 2398 reatum
1115 2341 1348 2408 deserat,
1385 2340 1602 2410 quando
1636 2340 1785 2395 illum
1815 2341 2095 2411 reliquerit

498 2432 608 2506 jam
629 2443 845 2503 reatus;
881 2435 1043 2491 faciat
1073 2434 1141 2490 de
1173 2433 1498 2490 necessitate
1523 2433 1798 2498 virtutem,
1833 2433 2097 2488 moriatur

500 2525 788 2594 innocens,
819 2528 915 2598 qui
945 2535 1091 2582 totus
1127 2527 1262 2582 vixit
1299 2527 1356 2581 in
1387 2525 1629 2581 crimine.
1671 2524 1808 2580 llinc
1841 2533 1924 2580 est
1951 2525 2096 2596 quod

500 2619 766 2689 propheta
811 2618 882 2674 ad
920 2617 1346 2675 misericordiam
1380 2617 1546 2672 currit
1591 2624 1762 2684 totus,
1799 2618 1925 2686 quia
1961 2616 2097 2669 (idn-

493 2696 642 2765 'ciam
674 2708 742 2765 de
769 2725 867 2765 sua
905 2708 1113 2779 justitia
1148 2724 1257 2764 non
1289 2708 1556 2764 habebat:
1589 2707 1868 2772 Miserere,
1901 2707 2092 2777 inquit,

503 2802 624 2868 mei,
675 2799 834 2867 Deus,
870 2801 1152 2856 secundum
1197 2817 1442 2873 magnam
1498 2800 1907 2854 misericordiam
1956 2808 2096 2854 tuam

506 2891 678 2964 (Psal.
710 2892 786 2964 ι).
829 2891 899 2946 Et
930 2908 1099 2964 quare
1125 2895 1413 2964 magnam?
1438 2890 1574 2958 Quia
1599 2892 1955 2948 misericordia
1986 2901 2093 2960 tua,

502 2983 704 3055 inquit,
749 3002 944 3057 magna
971 2995 1048 3041 est
1084 3003 1239 3057 super
1264 3004 1367 3053 me;
1397 2995 1447 3042 et
1465 2988 1644 3042 eruisti
1673 2989 1904 3042 animam
1930 3003 2100 3042 meam

503 3092 570 3131 ea;
594 3077 802 3148 inferno
829 3079 1067 3150 inferiori
1098 3077 1271 3150 (Psal.
1303 3077 1527 3152 Lxxxv).
1567 3077 1636 3132 Et
1675 3079 1720 3134 si
1748 3078 1890 3134 Deus
1923 3079 2100 3134 reddit

503 3183 602 3240 per
645 3167 1070 3225 misericordiam
1121 3171 1268 3240 quod
1311 3186 1410 3242 per
1450 3171 1709 3241 judicium
1757 3171 2093 3241 deperierat,

2193 1968 2337 2023 niam
2378 1965 2508 2020 dent
2544 1961 2727 2033 periti.
2773 1958 2898 2014 Tria
2927 1964 3084 2022 sunt,
3115 1955 3241 2019 tria,
3273 1951 3494 2016 fratres,
3528 1962 3614 2019 per
3634 1962 3726 2017 qua

2190 2069 2298 2118 stat
2317 2060 2466 2124 fides,
2499 2063 2713 2114 constat
2738 2053 2956 2110 devotio
2979 2094 2994 2116 ,
3025 2054 3211 2104 manet
3237 2045 3424 2102 virtus.
3453 2040 3640 2107 Oratio,
3661 2039 3727 2110 jea

2189 2153 2416 2224 junium,
2448 2144 2837 2204 misericordia.
2879 2140 3036 2209 Quod
3073 2139 3254 2194 oratio
3280 2135 3486 2208 pulsat,
3524 2127 3728 2202 impetrat

2189 2247 2470 2317 jejunium,
2502 2237 2872 2298 misericordia
2900 2233 3113 2306 accipit.
3149 2230 3366 2296 Oratio,
3395 2224 3724 2290 misericordia,

2188 2340 2471 2412 jejunium,
2502 2342 2629 2391 sunt
2653 2334 2771 2389 haec
2797 2331 2901 2386 tria
2929 2343 3117 2394 unum,
3135 2326 3269 2382 dant
3286 2323 3402 2379 haec
3427 2320 3522 2377 sibi
3545 2318 3728 2412 invicem

2193 2408 2378 2487 vitam.
2411 2429 2507 2483 Est
2528 2439 2760 2495 namque
2789 2421 3053 2478 orationis
3073 2417 3256 2474 anima
3279 2414 3560 2485 jejunium;
3581 2408 3730 2481 jejuuii

2194 2525 2305 2579 vita
2333 2517 2700 2578 misericordia
2729 2524 2830 2572 est.
2863 2514 2989 2570 limo
3015 2527 3180 2568 nemo
3215 2507 3496 2574 rescindat,
3532 2503 3731 2560 nesciunt

2196 2615 2453 2688 separari.
2487 2613 2692 2668 Horum
2725 2609 2818 2680 qui
2845 2623 3012 2663 unum
3043 2604 3072 2644 ά
3113 2611 3328 2660 tantum
3353 2600 3533 2667 habet,
3560 2594 3729 2688 vel

2196 2685 2290 2778 qui
2317 2706 2476 2762 simul
2513 2721 2620 2761 non
2651 2703 2832 2768 habet,
2863 2699 2999 2755 nihil
3024 2697 3211 2753 habet.
3244 2693 3386 2763 Ergo
3412 2690 3501 2762 qui
3525 2685 3731 2778 orat,jef

2193 2777 2374 2872 junct;
2405 2801 2498 2869 qui
2519 2797 2750 2868 jejunat,
2780 2793 3140 2850 misereatur:
3167 2787 3351 2844 audiat
3374 2789 3638 2856 petentem,

2197 2868 2390 2965 petens
2423 2868 2583 2961 roptat
2623 2887 2829 2953 audiri;
2877 2883 3118 2939 auditum
3161 2879 3262 2936 Dei
3301 2877 3470 2950 aperit
3502 2873 3620 2939 sibi,

2198 2962 2354 3041 suum
2382 2981 2705 3054 supplicanti
2741 2995 2851 3035 non
2889 2975 3092 3034 claudit
3119 2972 3381 3054 auditum.
3410 2965 3649 3037 Jejunium
3666 2962 3730 3030 je-

2195 3077 2417 3149 junator
2445 3076 2736 3144 intelligat;
2768 3071 3095 3127 esurientem
3125 3066 3346 3130 sentiat,
3363 3061 3452 3132 qui
3477 3058 3580 3116 vult
3603 3055 3731 3149 Deum

2199 3145 2401 3225 sentire
2440 3166 2585 3237 quod
2613 3164 2812 3230 esurit;
2855 3162 3199 3225 misereatur,
3249 3155 3344 3226 qui
3369 3145 3731 3208 misericordiam

503 3239 700 3330 homo,
725 3263 820 3319 tibi
845 3262 973 3334 quid
1005 3239 1182 3330 stare,
1214 3239 1342 3334 quid
1372 3239 1622 3320 constare
1642 3265 1759 3320 sine
1785 3239 2095 3321 misericor-
2121 3270 2166 3331 ο
2199 3270 2408 3333 Sperat;
2439 3261 2696 3331 pietatem
2725 3257 2819 3327 qui
2838 3255 3049 3326 quaerit,
3081 3251 3273 3318 faciat;
3296 3248 3389 3320 qui
3408 3253 3636 3318 praestare

505 3352 595 3408 dia
615 3361 674 3410 tu
701 3355 962 3426 putabas?
1002 3354 1295 3411 Probatum
1316 3364 1400 3411 est
1419 3370 1548 3426 ergo
1571 3356 1667 3411 tibi
1689 3372 1796 3412 non
1831 3355 2096 3426 jejunium

504 3445 680 3502 solum
697 3489 713 3516 ,
749 3447 844 3504 sed
884 3463 1073 3503 omnes
1105 3447 1221 3504 sine
1241 3448 1609 3504 misericordia
1631 3455 1821 3503 nutare
1848 3449 2092 3504 virtutes.

507 3536 777 3592 Abraham
796 3537 1032 3595 cmlestis
1055 3539 1285 3594 convivii
1307 3538 1604 3609 principem
1620 3579 1635 3604 ,
1678 3539 1983 3592 humanitas
2011 3553 2098 3593 ar-

506 3629 658 3697 dens,
691 3629 804 3686 Deo
843 3629 1113 3701 impensa,
1159 3629 1369 3702 perficit
1405 3628 1557 3701 (Gen.
1590 3628 1776 3701 xvnx):
1813 3645 1939 3683 nam
1970 3629 2098 3698 quia

506 3721 645 3779 duos
664 3737 787 3778 cum
815 3720 928 3778 Deo
952 3730 1221 3778 terrenam
1241 3721 1479 3792 suscepit
1507 3721 1575 3776 ad
1601 3736 1872 3787 mensam,
1904 3718 2096 3776 Orien-

506 3813 577 3868 tis
597 3820 654 3868 et
671 3813 973 3870 Occidentis
991 3815 1251 3885 p0pulum
1282 3828 1524 3868 mensam
1552 3813 1790 3883 suscepit
1828 3811 1895 3866 ad
1934 3812 2098 3868 coele-

507 3916 664 3964 stem.
715 3906 951 3976 Venient,
975 3908 1166 3978 inquit,
1199 3906 1262 3962 ab
1289 3903 1500 3960 Oriente
1527 3915 1577 3960 et
1611 3903 1908 3968 Occidente,
1937 3915 1986 3959 et
2013 3922 2098 3960 re-

508 4004 744 4059 cumbent
771 4020 887 4059 cum
914 4001 1210 4066 Abraham,
1245 3998 1433 4065 Isaac,
1464 4009 1515 4054 et
1542 3997 1705 4054 Iacob
1732 4000 1788 4053 in
1817 4015 1974 4070 regno
2002 4015 2102 4054 cae-

505 4095 674 4152 lorum
697 4093 910 4168 (Matth.
937 4093 1071 4164 vxxx).
1116 4091 1276 4156 Loth,
1299 4092 1425 4160 quia
1459 4091 1697 4162 hospitio
1731 4092 1969 4162 suscepit
1999 4107 2099 4145 an-

507 4187 676 4257 gelos,
703 4188 962 4257 judicium
992 4185 1252 4257 prtevenit
1281 4183 1433 4256 (Gen.
1461 4183 1596 4255 xxx).
1637 4183 1773 4240 Hinc
1800 4186 2101 4253 gehennam

507 4279 638 4334 vicit
684 4279 736 4332 in
789 4293 982 4342 carne,
1038 4275 1444 4333 misericordem
1500 4275 1674 4331 nescit
1711 4275 1918 4331 divinus
1966 4276 2104 4345 ignis

510 4384 728 4426 exuere.
769 4369 921 4426 Facit
943 4384 1074 4440 ergo
1102 4370 1558 4435 misericordiam,
1590 4370 1684 4440 qui
1710 4370 1826 4426 vult
1844 4370 2104 4439 gehennae

512 4460 820 4516 incendium
867 4477 976 4517 non
1020 4463 1230 4518 timere.
1290 4461 1534 4532 Denique
1591 4463 1813 4518 veniens
1860 4461 2104 4518 Christus

513 4559 639 4606 ante
671 4551 738 4606 de
766 4553 1134 4609 misericordia
1168 4553 1406 4625 disputat
1435 4570 1598 4624 quam
1615 4553 1819 4624 judicet
1838 4554 1905 4610 de
1926 4563 2098 4610 reatu.

2198 3331 2314 3411 vult
2335 3395 2349 3420 ,
2383 3361 2618 3425 praestet.
2669 3350 2953 3421 Improbus
2980 3347 3185 3418 petitor
3214 3351 3300 3401 est
3319 3385 3334 3410 ,
3377 3341 3468 3413 qui
3504 3337 3630 3409 quod
3665 3331 3733 3388 alii

2199 3455 2360 3515 negat
2397 3446 2500 3500 sibi
2538 3443 2795 3516 postulat.
2849 3441 3023 3496 Homo
3047 3481 3062 3508 ,
3094 3446 3215 3495 esto
3262 3436 3357 3492 tibi
3409 3427 3732 3489 misericordia

2203 3551 2226 3578 ο
2244 3540 2442 3606 forma;
2465 3538 2545 3593 sic
2557 3534 2831 3607 quomodo
2850 3533 2948 3600 vis,
2967 3539 3232 3602 quantum
3258 3529 3358 3594 vis,
3381 3539 3534 3596 quam
3551 3520 3642 3577 cito
3657 3517 3729 3580 vis,

2200 3631 2624 3689 misericordiam
2653 3629 2749 3685 tibi
2777 3628 2920 3695 fieri;
2963 3634 3073 3682 tam
3105 3625 3216 3681 cito
3246 3622 3363 3678 aliis
3390 3627 3583 3675 tantum
3602 3656 3614 3680 ,
3640 3609 3732 3666 tali-

2199 3735 2285 3782 ter
2312 3727 2426 3797 ipse
2462 3724 2737 3778 miserere.
2788 3720 2930 3789 Ergo
2977 3718 3174 3782 oratio,
3220 3708 3599 3771 misericordia,
3624 3701 3733 3772 jeju-

2199 3821 2366 3884 nium,
2399 3819 2507 3873 sint
2534 3830 2701 3871 unum
2747 3810 3107 3884 patrocinium
3137 3824 3238 3879 pro
3283 3804 3438 3861 nobis
3481 3799 3544 3854 ad
3575 3797 3731 3853 Dauni.

2200 3929 2301 3984 pro
2330 3910 2486 3966 nobis
2513 3910 2628 3964 haec
2667 3905 2949 3962 advocatio
2988 3905 3098 3960 sint
3125 3917 3253 3967 una,
3286 3914 3394 3955 una
3420 3897 3528 3951 hrec
3551 3905 3636 3962 pro
3659 3899 3734 3984 nor

2199 3983 2286 4060 bis
2306 4003 2481 4058 oratio
2510 4001 2618 4056 sint
2649 3997 2922 4053 triformis.
2955 3995 3084 4051 Haec
3110 4001 3257 4058 sunt,
3290 3991 3499 4052 fratres,
3523 3985 3625 4039 haec
3641 3983 3736 4034 sunt

2202 4111 2321 4166 qua:
2351 4101 2537 4149 tenent
2564 4091 2685 4148 coeli
2713 4105 2922 4155 arcem,
2965 4102 3086 4157 quae
3119 4085 3138 4125 ί
3173 4091 3441 4142 secretum
3476 4076 3564 4132 Dei
3583 4068 3736 4166 iudicis

2203 4162 2437 4259 pulsant,
2455 4201 2574 4255 qua:
2603 4189 2728 4238 ante
2748 4179 2985 4236 tribunal
3011 4177 3212 4233 Christi
3240 4189 3428 4233 causas
3453 4162 3647 4259 humani
3668 4173 3737 4228 ϐε·

2204 4253 2348 4334 neris
2375 4253 2758 4344 exsequuntur,
2791 4287 2912 4341 qua:
2939 4269 3264 4338 injustorum
3294 4269 3481 4337 petunt
3505 4253 3736 4320 indulgen—

2205 4373 2355 4432 tiam,
2385 4383 2605 4424 reorum
2633 4364 2845 4420 veniam
2881 4367 3276 4433 promerentur.
3321 4355 3444 4410 Haec
3477 4349 3557 4407 cui
3581 4346 3628 4400 in

2205 4431 2430 4518 lestibus
2475 4474 2585 4513 non
2615 4431 2901 4517 assistunt,
2933 4454 3047 4523 ipse
3094 4467 3204 4506 non
3233 4445 3471 4505 subsistit
3514 4441 3562 4495 in
3587 4431 3734 4530 terris:

2206 4557 2322 4611 haec
2341 4567 2462 4608 cum
2491 4556 2712 4604 teneant
2740 4547 2794 4602 in
2822 4544 3131 4602 coelestibus
3151 4540 3523 4613 principatum,
3545 4531 3593 4584 in
3617 4533 3738 4580 term

515 4642 642 4697 Cum
661 4643 869 4712 sederit,
907 4647 1110 4717 inquit,
1147 4665 1300 4718 super
1331 4648 1570 4702 thronum
1599 4650 1782 4720 gloriae
1807 4665 1916 4703 suae
1935 4649 2103 4704 dicet:
2132 4655 2186 4715 ι)
2209 4659 2392 4702 rerum
2419 4654 2680 4697 summam
2709 4637 3090 4701 moderantur;
3134 4633 3252 4688 hmc
3277 4634 3466 4699 regunt
3507 4625 3736 4720 ιξιᾯερθξξο

514 4731 738 4801 Esurivi,
762 4745 812 4790 et
839 4753 942 4792 non
971 4737 1180 4793 dedistis
1201 4739 1327 4792 mihi
1354 4738 1671 4793 manducare
1703 4737 1918 4809 (Matth.
1946 4738 2096 4810 xxv).

515 4825 633 4882 Non
671 4827 834 4895 dixit,
886 4828 1200 4898 Occidistis,
1233 4831 1434 4886 furtum
1475 4830 1706 4896 fecistis;
1757 4830 1851 4887 sed
1889 4831 2103 4887 Esurivi

515 4933 635 4988 ego,
664 4927 719 4974 et
746 4935 856 4974 non
883 4919 1106 4976 dedistis
1127 4922 1257 4976 mihi
1281 4922 1628 4978 manducare.
1651 4922 1728 4978 De
1747 4923 1971 4978 crimine
1994 4939 2104 4979 non

513 5007 544 5048 δ
567 5011 845 5081 prmstabit
863 5027 1072 5079 causas,
1104 5014 1190 5068 cui
1210 5013 1278 5070 de
1301 5014 1673 5074 misericordia
1692 5031 1856 5070 causa
1884 5024 2104 5070 consta-

512 5102 610 5159 bit.
650 5103 866 5171 Quare?
895 5105 1022 5175 quia
1050 5104 1187 5161 Date
1211 5105 1586 5178 elemosynam
1604 5145 1619 5170 ,
1649 5116 1699 5160 et
1737 5123 1851 5161 ecce
1869 5116 1990 5162 sunt
2015 5123 2105 5162 vo-

515 5192 592 5248 bis
619 5197 794 5250 omnia
815 5196 1010 5251 munda
1040 5195 1189 5269 (Luc.
1222 5196 1320 5269 xx).
1348 5196 1464 5253 Non
1486 5197 1815 5268 iudicabitur
1841 5198 1909 5254 de
1928 5199 2103 5270 culpa,

515 5289 603 5344 cui
630 5289 698 5346 de
717 5289 963 5360 largitate
989 5290 1106 5347 laus
1125 5289 1368 5347 defertur
1386 5307 1417 5346 a
1435 5289 1646 5360 judice;
1676 5289 1969 5347 vindictam
1999 5306 2107 5346 non

589 5469 832 5596 Ivlnnuit
889 5470 1228 5526 eversionem
1285 5467 1784 5541 Hierosolymorum
1835 5468 1936 5522 sub
1983 5467 2105 5522 Tito

648 5555 954 5596 esnasxano.

517 5549 573 5594 et
600 5542 954 5596 Vesnasiano.

608 5558 708 5596 ves
747 5558 776 5594 a
811 5558 859 5595 ta
900 5558 954 5595 ο.

588 5609 616 5650 ι)
639 5558 904 5666 Ρτὲεεῗπῐὲ
933 5626 1170 5676 causam,
1203 5609 1344 5680 idem
1373 5617 1456 5666 est
1482 5625 1548 5666 ac
1575 5611 1632 5666 in
1663 5608 1876 5680 judicio
1896 5609 2031 5680 sisti.

591 5695 613 5722 ε
645 5680 704 5736 S.
733 5681 1062 5750 Augustinus
1084 5723 1100 5746 ,
1131 5682 1199 5737 de
1226 5679 1417 5737 Trinit.
1460 5680 1555 5736 lib.
1586 5677 1680 5738 xxv
1703 5696 1825 5750 cap.
1859 5677 1946 5745 15,
1988 5678 2065 5733 ait
2091 5695 2106 5732 :

519 5752 642 5812 Nisi
675 5750 950 5880 pvntlaria
990 5762 1437 5825 prteponerentur,
1465 5753 1708 5825 deﬁceret
1738 5751 1868 5824 ﬁdes
1907 5750 2109 5821 simpli—

519 5828 674 5880 cium.
757 5825 842 5880 ide
870 5831 929 5879 ut
957 5839 1054 5880 oro
1093 5823 1425 5880 auditoribus
1463 5823 1871 5879 accommodate
1910 5821 2109 5876 Auctor

519 5821 686 5881 cium.
707 5821 842 5881 Vide
870 5831 929 5879 ut
957 5821 1054 5894 pro
1093 5821 1425 5894 auditoribus
1463 5821 1871 5879 accommodate
1910 5821 2115 5894 Auctor

522 5904 709 5955 noster
730 5891 1002 5966 loquatur,
1026 5902 1166 5950 etut
1201 5893 1396 5950 Latino
1432 5910 1682 5952 sermone
1714 5902 1899 5950 utatur
1927 5894 1981 5948 in
2020 5891 2115 5948 de-

2208 4738 2324 4792 htec
2351 4734 2575 4790 adversa
2615 4729 2954 4802 propellunt;
2984 4727 3113 4782 vitia
3155 4723 3493 4791 exstinguunt
3529 4713 3634 4773 ista,
3658 4703 3739 4757 vir-

2209 4838 2355 4886 tutes
2395 4829 2498 4883 ista
2545 4823 2910 4888 succendunt;
2939 4821 3056 4876 haec
3093 4818 3322 4874 reddunt
3357 4820 3501 4871 casta
3535 4812 3736 4873 corpora.

2211 4921 2375 4977 corda
2422 4933 2588 4989 pura,
2634 4917 2748 4970 haec
2788 4929 2977 4985 pacem
3032 4911 3318 4974 membris,
3361 4901 3608 4960 mentibus
3625 4891 3740 4990 diu.“

2213 5014 2484 5082 quietem;
2517 5011 2781 5064 humanos
2803 5008 2903 5062 ista
2932 5021 3122 5064 sensus
3149 5002 3386 5058 scholam
3415 4995 3597 5051 faciunt
3612 4985 3730 5041 disci-

2213 5104 2392 5175 plinte,
2425 5117 2523 5172 per
2550 5101 2663 5154 hmc
2693 5099 2745 5152 in
2775 5097 3033 5167 templum
3055 5095 3150 5150 Dei
3178 5102 3396 5164 pectora
3413 5089 3625 5175 humana
3641 5087 3741 5175 cun:

2213 5165 2470 5264 surgunt;
2502 5194 2616 5248 hmo
2655 5165 2928 5246 hominem
2976 5194 3235 5259 praestant
3276 5181 3512 5252 angelum
3535 5215 3548 5238 ,
3576 5165 3740 5264 homini

2215 5254 2441 5344 Deitatis
2459 5254 2716 5342 deferunt
2755 5285 2870 5339 hinc
2916 5254 3199 5336 honorem.
3232 5277 3368 5334 Hinc
3411 5281 3507 5338 est,
3536 5261 3662 5338 quod
3697 5254 3741 5309 ﬁl

2213 5463 2510 5520 clamandis
2538 5461 2790 5526 homiliis,
2822 5467 2882 5514 ut
2908 5472 3070 5513 serm.
3100 5454 3220 5527 159.
3253 5454 3411 5507 Mx“.

2287 5509 2664 5603 5-Co'r-ruptum
2693 5532 2748 5586 in
2776 5509 3104 5586 editionibus
3133 5526 3309 5582 locum
3337 5536 3403 5576 ex
3428 5533 3520 5573 ms.
3550 5509 3734 5564 Cmscnzt

2216 5605 2567 5662 restituimus.
3451 5657 3463 5662 -
3633 5661 3641 5662 η
3701 5656 3720 5662 ..

2592 5673 2679 5728 vel
2701 5673 2915 5742 regula,
2949 5669 3036 5725 vel
3066 5666 3361 5738 exemplar,
3386 5657 3467 5716 vel
3486 5661 3673 5710 norma,
3701 5643 3740 5690 ιῑῒ

2217 5747 2458 5804 inferius.
3487 5797 3497 5810 .
3541 5809 3550 5810 ί
3584 5805 3598 5810 _
3627 5779 3721 5810 ,Α

2295 5794 2632 5871 ἷῖίᾶίεῑινθιο
2649 5856 2662 5880 ,
2697 5815 2954 5869 interiora
2983 5812 3176 5868 domus
3198 5853 3213 5879 ,
3245 5815 3306 5864 ut
3333 5797 3558 5874 superius
3583 5805 3598 5847 :
3624 5794 3738 5839 lem

2219 5892 2334 5950 bilis
2369 5897 2444 5942 est
2479 5896 2690 5942 secreta.
