3902 6362
164 409 253 467 52l

1548 399 1784 464 διεκιιο
1817 394 2005 461 ων.

3326 399 3435 461 323

161 521 349 580 borum
392 517 644 589 ωσι-θεὶς)
677 525 704 558 ι
743 514 958 593 Moyses
985 518 1130 576 Deus
1171 513 1388 592 (Exod.
1412 514 1543 588 ιιι),
1575 523 1632 573 et
1675 515 1781 578 adt

1891 514 2094 585 ignatur
2119 493 2475 585 expromere?
2508 510 2526 552 ι
2559 496 2908 582 Μᾰῇἶοειιιιιε,
2954 527 3190 581 oremus,
3216 511 3304 569 vel
3339 515 3436 572 hu-

162 611 456 682 triumpbos
476 609 744 667 militares
763 607 865 666 sibi
894 611 1074 666 omnia
1101 608 1323 664 mandat
1341 608 1607 665 elementa
1628 608 1747 679 :ju-

1849 622 2011 662 mano
2039 607 2254 670 timore,
2286 606 2332 661 si
2373 621 2480 661 non
2530 622 2716 663 amore
2757 607 2973 676 divino;
3003 607 3050 664 si
3089 623 3198 664 non
3227 607 3438 664 invitati

163 705 250 763 bet
273 717 422 758 mare
450 700 767 769 discedere,
800 701 984 757 durari
1029 699 1232 768 undas,
1262 697 1529 770 profunda
1556 698 1750 755 siccari
1847 697 2024 762 bonis,
2055 697 2141 754 vel
2189 699 2363 754 coacti
2404 699 2578 755 malis.
2625 699 2764 755 Mala
2814 707 3059 771 tempora
3105 699 3236 758 facit
3283 701 3440 758 nobis

168 795 363 869 (Exod.
395 795 543 867 xxv),
593 794 790 851 ccnlum
836 794 1055 866 pluere;
1097 793 1193 849 dat
1229 791 1526 858 frumenta,
1557 801 1752 848 ventos
1850 797 2191 861 comemptus
2219 791 2336 855 Dei,
2377 799 2680 862 temporum
2727 808 2915 850 cursus
2949 809 3060 849 non
3107 792 3252 850 facit.
3285 793 3441 863 Quod

167 901 412 962 spargere
461 885 610 956 cogit
657 900 847 942 carnes
876 884 1091 957 (Exod.
1124 901 1212 940 xv:
1233 883 1287 957 );
1320 874 1534 940 noctem
1579 884 1756 955 splen-

171 982 295 1039 dore
337 979 368 1019 δ
407 979 541 1037 solis
583 978 850 1044 illustrat,
894 978 1066 1034 solem
1105 978 1262 1033 nubis
1309 984 1576 1048 temperat
1599 975 1750 1032 vela-

175 1080 346 1131 mento
377 1071 398 1143 (
425 1070 600 1127 Exod.
629 1086 722 1126 xnt
744 1068 794 1142 );
836 1077 1046 1141 petram
1073 1067 1344 1140 percutit,
1375 1077 1435 1123 ut
1454 1067 1522 1123 de
1549 1065 1754 1122 recenti

171 1167 386 1224 vulnere
413 1164 608 1236 frigida
635 1164 942 1220 sitientibus
971 1174 995 1203 ε
1025 1163 1118 1218 det
1145 1160 1343 1219 fluenta
1373 1159 1577 1235 (Nam.
1616 1161 1712 1235 xx)
1738 1178 1753 1228 ;

172 1259 370 1332 primus
398 1257 494 1313 dat
520 1257 680 1313 terris
706 1256 882 1327 legem
910 1255 1064 1322 coeli,
1095 1255 1281 1311 scribit
1305 1255 1430 1310 vitae
1471 1270 1715 1310 normam
1737 1295 1753 1321 ,

173 1351 278 1421 ﬁgit
302 1349 572 1406 terminos
590 1348 885 1420 disciplinre
907 1347 1102 1420 (Exod.
1136 1364 1278 1414 xxiv,
1294 1346 1480 1418 xxxv).
1513 1344 1617 1401 Per
1643 1345 1759 1401 hmo

176 1442 309 1498 Elias
336 1442 518 1499 nescit
543 1449 794 1508 mortem,
823 1440 1082 1510 relinquit
1097 1448 1288 1504 terras,
1321 1443 1348 1477 α
1377 1439 1546 1495 caelos
1573 1438 1757 1503 intrat,

177 1543 542 1592 commoratur
569 1533 792 1604 angelis,
823 1533 1062 1590 convivit
1086 1533 1199 1589 Deo
1231 1551 1244 1586 :
1276 1539 1330 1587 et
1366 1539 1612 1588 terrenus
1659 1531 1760 1585 ho—

177 1643 291 1698 spes
317 1642 588 1698 supernas
614 1626 857 1698 possidet
888 1625 1199 1681 mansiones
1229 1624 1336 1698 (IV
1369 1625 1497 1698 Reg.
1529 1624 1626 1694 ιι).
1660 1623 1764 1680 Per

179 1718 269 1774 ista
296 1716 542 1776 Joannes
575 1727 597 1756 ο
631 1716 692 1772 fit
719 1717 940 1787 angelus
968 1717 1022 1773 in
1049 1733 1230 1784 carne,
1255 1717 1489 1773 caelestis
1516 1716 1570 1771 in
1600 1726 1760 1782 terra,

180 1821 228 1867 et
252 1811 462 1875 auditu,
475 1811 616 1876 visu,
633 1818 800 1876 tactu,
815 1819 986 1866 totam
1014 1812 1160 1867 solus
1180 1811 1346 1882 capit,
1363 1819 1533 1878 tenet,
1571 1809 1591 1848 ί
1621 1826 1765 1866 com-

1853 896 1983 951 ergo
2011 890 2325 953 contemptu
2355 883 2684 954 perdidimus
2707 925 2722 951 ,
2761 883 2980 955 jejuniis
3008 885 3392 957 conquiramus
3423 903 3437 941 :

1854 975 2063 1031 animas
2099 984 2313 1031 nostras
2335 975 2554 1046 jejuniis
2581 977 2958 1045 immolemus,
3009 979 3135 1048 quia
3184 979 3317 1034 nihil
3361 987 3445 1035 est

1854 1067 2000 1138 quod
2047 1066 2160 1123 Deo
2211 1069 2556 1138 prtestantius
2599 1068 2793 1124 offerre
2829 1070 3097 1140 possimus
3119 1112 3134 1138 ,
3184 1070 3446 1141 probante

1855 1161 2146 1231 propheta,
2188 1177 2312 1216 cum
2353 1162 2519 1217 dicit:
2546 1161 2879 1233 Sacriﬁcium
2917 1161 3028 1218 Deo
3064 1163 3278 1234 spiritus
3317 1180 3446 1218 con-

1860 1252 2154 1319 tribulatus;
2177 1271 2268 1308 cor
2286 1255 2564 1308 contritum
2583 1263 2633 1308 et
2661 1254 2988 1308 ltumiliatum
3005 1251 3146 1310 Deus
3173 1271 3277 1310 non
3303 1272 3450 1327 sper-

1858 1346 1934 1400 nit
1957 1344 1976 1416 (
1997 1344 2146 1400 Psal.
2173 1362 2204 1401 ι,
2227 1345 2267 1415 ).
2301 1345 2494 1412 Homo,
2526 1343 2661 1401 otl'er
2689 1345 2800 1400 Deo
2829 1346 3064 1400 animam
3091 1353 3259 1414 tuam,
3284 1357 3341 1403 et
3368 1345 3450 1403 of-

1859 1437 1942 1492 fer
1967 1437 2296 1493 oblationem
2314 1437 2524 1507 jejunii,
2549 1444 2608 1493 ut
2635 1437 2706 1494 sit
2728 1453 2866 1509 pura
2895 1439 3091 1504 hostia,
3125 1438 3450 1496 sacriﬁcium

1861 1535 2128 1594 sanctum,
2153 1529 2340 1585 vivens
2358 1530 2594 1596 victima,
2623 1545 2744 1600 qua:
2766 1537 2820 1586 et
2843 1531 2939 1586 tibi
2966 1539 3214 1596 maneat,
3243 1538 3298 1589 et
3325 1531 3452 1588 data

1863 1623 1933 1678 sit
1961 1624 2093 1679 Deo.
2110 1622 2225 1680 Hoc
2243 1623 2336 1694 qui
2360 1640 2467 1680 non
2490 1624 2700 1680 dederit
2721 1625 2854 1688 Deo,
2873 1631 3161 1681 excusatus
3190 1641 3297 1681 non
3327 1626 3451 1693 erit,

1864 1715 1991 1785 quia
2019 1715 2242 1771 daturus
2266 1731 2325 1771 se
2352 1731 2462 1771 non
2489 1721 2671 1788 potest
2709 1731 2817 1772 non
2844 1715 3064 1772 habere.
3102 1715 3209 1772 Sed
3234 1725 3455 1790 accepta

1867 1815 1926 1862 ut
1953 1808 2061 1862 sint
2090 1808 2212 1874 ista,
2245 1808 2614 1864 misericordia
2642 1808 3030 1878 subsequatur;
3057 1807 3318 1880 jejunium
3348 1827 3458 1867 non

181 1904 431 1976 plectitur
475 1903 812 1960 Trinitatem.
864 1903 934 1958 Et
971 1920 1071 1959 nos
1094 1945 1108 1970 ,
1153 1903 1381 1971 fratres,
1429 1904 1475 1958 si
1519 1903 1768 1959 volumus
1797 1912 1846 1974 Β
1869 1901 2153 1972 germinat,
2185 1902 2232 1956 si
2258 1901 2325 1956 de
2351 1901 2719 1958 misericordia
2739 1917 2848 1958 non
2876 1902 3097 1972 rigetur,
3121 1901 3355 1958 siccatur
3376 1902 3460 1974 je-

181 1997 337 2070 Moysi
369 1998 582 2068 gloriae,
611 1997 744 2054 Elite
770 1998 912 2065 vitae,
943 1995 1165 2053 Joannis
1191 1997 1497 2064 virtutibus,
1529 1997 1768 2052 omnium

181 2097 489 2147 sanctorum
508 2089 716 2145 meritis
744 2089 1023 2160 applicari,
1057 2089 1370 2144 insistamus
1399 2087 1651 2154 orationi,
1675 2103 1771 2143 va-

183 2198 351 2240 cemus
383 2180 596 2252 jejunio
620 2223 636 2248 ,
683 2180 1065 2237 misericordia:
1104 2181 1420 2236 serviamus.
1466 2178 1568 2247 Qui
1604 2179 1658 2234 in
1687 2179 1772 2234 his

182 2273 392 2339 vixerit,
424 2273 519 2342 qui
547 2287 649 2343 per
675 2272 779 2328 ista
811 2272 972 2328 fuerit
999 2272 1396 2338 communitus,
1423 2271 1600 2342 jacula
1643 2287 1773 2344 pec-

183 2366 299 2430 cati,
323 2364 537 2421 diaboli
557 2364 684 2431 tela,
708 2364 894 2420 mundi
913 2365 1208 2432 machinas,
1226 2365 1520 2420 uitiorum
1548 2379 1769 2432 cuneos,

184 2458 314 2514 mala
339 2457 545 2524 carnis,
577 2456 916 2527 voluptatum
936 2457 1179 2528 laqueos,
1206 2472 1355 2512 arma
1381 2456 1592 2519 mortis,
1610 2453 1772 2511 Chri-

186 2551 382 2606 stianus
409 2549 668 2618 armiger,
692 2547 924 2604 bellator
942 2547 1255 2604 Dominicus
1283 2563 1391 2602 non
1421 2546 1648 2602 timebit.
1667 2545 1778 2602 Sed

190 2660 282 2700 nos
315 2643 413 2714 qui
461 2643 532 2699 ad
579 2643 786 2699 incerta
823 2642 1230 2712 consurgimus,
1268 2641 1360 2711 qui
1389 2641 1530 2696 inter
1556 2641 1778 2696 insidias

190 2736 321 2791 diem
349 2735 602 2790 ducimus
622 2776 638 2802 ,
688 2734 782 2804 qui
821 2733 1076 2789 horarum
1104 2734 1426 2799 varietates,
1474 2740 1780 2789 momento-

191 2841 302 2881 rum
327 2834 532 2893 motus,
563 2825 853 2881 verborum
881 2825 1081 2896 lapsus,
1113 2833 1330 2881 actuum
1349 2825 1584 2896 pericula
1614 2825 1778 2881 susti-

193 2933 392 2984 nemus,
426 2917 558 2987 quid
586 2922 671 2972 est
707 2915 853 2986 quod
889 2916 1174 2972 ecclesiam
1210 2931 1370 2972 mane
1405 2917 1657 2972 nolumus
1695 2917 1780 2973 in-

198 3012 372 3066 trare?
417 3009 561 3077 Quid
599 3015 684 3064 est
718 3007 864 3078 quod
891 3004 922 3046 δ
950 3008 1216 3064 matutina
1254 3023 1418 3079 prece
1463 3009 1629 3064 totius
1673 3009 1782 3065 diei

211 3101 496 3158 custodiam
523 3100 775 3156 nolumus
801 3098 1109 3170 postulare?
1137 3098 1266 3168 quid
1294 3105 1376 3154 est
1402 3098 1549 3168 quod
1576 3099 1784 3155 homini

206 3199 380 3248 astare
409 3199 519 3248 toto
547 3197 794 3262 tempore
820 3191 972 3256 libet,
1003 3198 1060 3248 et
1087 3191 1200 3247 Deo
1227 3191 1483 3248 assistere
1511 3208 1613 3248 nec
1639 3210 1782 3264 pun-

1865 1992 2078 2062 junium
2117 1994 2505 2050 misericordiae
2553 1994 2798 2051 siccitate
2830 2013 2843 2050 :
2874 1994 3022 2066 quod
3058 1995 3233 2052 imber
3278 1995 3456 2062 terris,

1868 2087 1976 2144 hoc
2008 2087 2216 2158 jejunio
2263 2087 2630 2143 misericordia
2669 2093 2772 2143 est.
2805 2085 3062 2155 Quamvis
3089 2103 3186 2143 cor
3221 2087 3456 2154 excolat,

1871 2194 2089 2235 carnem
2119 2179 2362 2247 mundet,
2394 2180 2634 2236 eradicet
2659 2180 2810 2246 vitia,
2843 2180 3070 2236 virtutes
3085 2188 3258 2245 serat;
3289 2180 3334 2235 si
3354 2179 3461 2236 mi-

1873 2271 2183 2327 sericordiae.
2210 2269 2413 2326 ﬂuenta
2454 2287 2563 2326 non
2587 2270 2816 2338 dederit,
2860 2269 3093 2327 fructum
3121 2287 3233 2327 non
3260 2271 3466 2342 colligit

1867 2361 2161 2432 jejunator.
2211 2361 2513 2434 Jejunator,
2559 2377 2688 2432 ager
2733 2370 2858 2418 tuus
2909 2361 3279 2419 misericordia
3319 2362 3466 2434 jeju-

1876 2462 2038 2509 nante
2054 2453 2291 2524 jejunat;
2309 2452 2606 2524 jejunator,
2638 2453 2784 2523 quod
2811 2459 2871 2509 tu
2891 2453 2948 2510 in
2977 2453 3349 2511 misericordia
3377 2453 3466 2511 fu-

1876 2547 2039 2614 deris,
2073 2547 2170 2603 tibi
2213 2547 2266 2601 in
2317 2547 2516 2603 horreo
2544 2547 2650 2604 hoc
2678 2547 2963 2604 redundat.
2992 2546 3168 2604 Homo
3209 2563 3367 2618 ergo,
3399 2562 3470 2604 ne

1877 2638 2142 2695 servando
2171 2638 2366 2710 perdas
2389 2679 2404 2706 ,
2435 2639 2628 2708 collige
2656 2638 3034 2710 prorogando;
3064 2639 3249 2703 homo,
3290 2637 3470 2696 dando

1877 2731 2121 2802 pauperi,
2153 2730 2220 2786 da
2249 2731 2347 2786 tibi
2380 2749 2393 2785 :
2426 2731 2552 2802 quia
2579 2731 2727 2801 quod
2756 2739 2815 2787 tu
2851 2731 3008 2788 alteri
3033 2731 3334 2802 reliqueris,
3359 2746 3470 2788 non

1878 2823 2118 2879 habebis.
2841 2818 2844 2821 ’

2450 2913 2687 2970 SERMO
2722 2913 2906 2971 XLIV.

1883 3004 1962 3060 De
1991 3005 2205 3061 consilio
2241 3007 2550 3076 impiorum,
2602 3007 2686 3060 via
2727 3014 3086 3077 peccatorum,
3129 3016 3182 3062 et
3225 3006 3474 3064 cathedra

2274 3077 2611 3148 pestilentiw,
2645 3077 2699 3131 in
2740 3077 3004 3147 psalmum
3040 3095 3076 3133 ι.

1957 3190 2167 3246 Peritus
2195 3190 2432 3247 medicus
2453 3232 2468 3256 ,
2501 3192 2716 3260 quoties
2746 3192 2898 3247 vario
2946 3192 3206 3263 languore
3250 3192 3477 3250 defessis

200 3289 286 3340 cto
313 3283 477 3340 libet?
501 3282 622 3338 Non
643 3290 730 3339 est
751 3291 1014 3349 nostrum,
1032 3281 1245 3350 fratres,
1270 3300 1378 3339 non
1400 3291 1482 3340 est
1508 3293 1781 3353 nostrum;
1809 3298 1855 3362 ρ
1887 3284 2102 3354 plenam
2130 3284 2399 3338 desiderat
2444 3285 2691 3339 conferre
2719 3284 3041 3340 medicinam
3066 3325 3082 3350 ,
3123 3286 3258 3341 altas
3303 3287 3480 3356 aperit

200 3374 392 3431 inimici
442 3380 528 3430 est
556 3375 659 3430 ista
687 3374 958 3444 surreptio
979 3415 995 3440 ,
1040 3373 1292 3444 decipere
1329 3384 1485 3446 parat
1511 3392 1649 3446 quos
1677 3393 1785 3432 non

202 3469 392 3538 patitur
421 3467 760 3524 orationibus
787 3467 1125 3523 communiri.
1145 3465 1283 3534 Quid
1303 3467 1371 3524 de
1397 3469 1638 3525 adversis
1655 3484 1790 3539 que-

203 3561 344 3628 ritur,
373 3560 474 3630 qui
502 3560 603 3616 sibi
631 3573 890 3630 prospera
921 3574 1031 3615 non
1057 3560 1348 3630 precatur?
1370 3559 1662 3617 Audiamus
1687 3578 1787 3618 vo-

202 3668 312 3709 cem
336 3653 435 3710 Dei
465 3660 779 3709 monentem
826 3671 840 3706 :
885 3649 1078 3721 Orate,
1109 3669 1175 3708 ne
1205 3655 1408 3709 intretis
1443 3656 1498 3709 in
1544 3657 1788 3712 tentatio-

201 3762 310 3801 nem
338 3742 579 3819 (Matth.
629 3743 817 3816 xxvr).
861 3743 922 3798 In
969 3744 1327 3801 tentationem
1353 3745 1530 3814 vadit,
1580 3747 1674 3816 qui
1720 3747 1789 3802 ad

205 3839 506 3894 orationem
534 3852 646 3893 non
657 3836 826 3893 vadit.
851 3835 969 3893 Hoc
996 3837 1174 3894 sciens
1192 3838 1479 3909 propheta,
1498 3840 1786 3895 cantabat:

212 3930 388 3987 Venite
429 3929 730 4004 adoremus,
753 3939 805 3985 et
833 3931 1163 4002 procidamus
1192 3941 1314 3986 ante
1348 3949 1504 3987 eum:
1542 3942 1593 3987 et
1619 3932 1792 4005 plore-

203 4039 309 4078 nsus
333 4039 516 4078 coram
536 4021 762 4078 Domino
789 4023 876 4095 qui
897 4023 1019 4094 fecit
1044 4039 1140 4078 nos
1163 4021 1334 4094 (Psal.
1360 4023 1524 4095 xcrv).
1557 4021 1792 4080 Putasne

204 4121 324 4172 ante
349 4113 528 4172 Deum
548 4114 817 4187 lacrymas
840 4113 1066 4170 fundere
1092 4114 1358 4184 dignatur,
1375 4117 1469 4187 qui
1495 4118 1660 4173 verba
1680 4134 1790 4175 non

274 4304 301 4373 ξ
327 4292 730 4373 Theodoretus,
761 4292 962 4373 dialog.
1065 4305 1186 4373 pag.
1223 4290 1290 4346 56
1323 4311 1335 4346 ε
1377 4292 1548 4365 Typus
1570 4304 1686 4373 erat
1711 4296 1802 4373 ille

208 4364 498 4440 (Moyses)
537 4372 587 4440 et
614 4363 784 4440 ﬁgura
812 4361 1079 4440 peritantis.’
1098 4361 1269 4440 Typus
1307 4361 1478 4420 autem
1506 4367 1803 4440 non_habet

207 4432 376 4490 omnia
406 4432 525 4508 quis
545 4432 699 4488 habet
718 4435 927 4489 veritas.
953 4432 1297 4497 Quamobrem
1318 4451 1425 4490 non
1443 4447 1558 4491 erat
1575 4437 1664 4493 ille
1687 4441 1801 4511 qui-

210 4507 319 4560 dem
346 4517 542 4560 natura
581 4503 751 4563 Deus:
787 4513 838 4559 et
881 4513 1050 4559 tamen
1087 4505 1377 4563 appellatus
1425 4517 1502 4561 est
1541 4506 1702 4563 Deus.
1745 4518 1805 4563 ut

210 4507 319 4560 dem
346 4507 542 4560 natura
581 4507 751 4570 Deus;
787 4513 838 4559 et
881 4513 1050 4559 tamen
1087 4507 1377 4576 appellatus
1425 4517 1502 4561 est
1541 4507 1702 4574 Deus,

213 4587 384 4648 typum
411 4575 668 4648 impleret.
812 4644 856 4648 __
921 4647 927 4648 ί
1044 4644 1090 4648 __

277 4648 302 4686 δ
331 4647 443 4718 bis.
465 4644 702 4702 Caesena:
719 4656 787 4718 et
812 4644 1008 4718 Yatic.,
1035 4644 1258 4718 Noctem
1277 4648 1523 4718 splendor
1549 4649 1796 4704 illustrat.

211 4717 354 4788 llita,
388 4715 444 4771 Ν
449 4725 617 4788 actem
645 4716 920 4788 splendore
947 4718 1083 4788 ignis
1106 4715 1356 4772 illustrat.
1383 4717 1639 4775 Fortasse
1683 4737 1800 4777 me-
1825 4715 1882 4776 Ι)
1981 4717 2002 4757 ί
2035 4718 2152 4774 Hoc
2178 4726 2260 4772 est

211 4787 339 4854 lius,
373 4797 525 4845 certe
554 4787 622 4840 ad
653 4802 862 4842 sacram
885 4787 1164 4843 historiam
1196 4789 1676 4846 accommodatius.

283 4871 304 4899 ε
328 4860 409 4914 Ita
429 4858 681 4913 Vatican.
712 4857 972 4914 Vallicell.
1025 4866 1081 4914 et
1107 4857 1276 4914 editio
1304 4857 1467 4914 Mitae.
1504 4859 1605 4914 Ms.
1636 4858 1808 4918 Cresc-

213 4946 328 5000 nte,
362 4930 598 5000 deﬂuant
617 4930 856 5000 ﬂumina.

281 4998 310 5038 ιι
337 4998 498 5063 Aliis,
533 4999 732 5053 caelum.
776 4999 850 5070 De
890 4999 1021 5054 Elite
1059 5001 1428 5070 assumptione
1466 5015 1577 5056 non
1615 5002 1806 5059 eadem

215 5080 458 5126 veterum
484 5077 568 5124 est
587 5069 873 5140 sententia.
897 5069 1166 5135 Nonnulli,
1191 5069 1482 5140 sequentes
1500 5073 1806 5129 versionem

217 5140 358 5195 LXX
386 5141 766 5210 lnterpretum,
797 5139 980 5194 dicunt
1001 5153 1126 5194 eum
1155 5139 1346 5196 nonin
1375 5142 1572 5198 caelum
1600 5158 1809 5199 assum-

219 5219 397 5282 ptum,
428 5211 521 5266 sed
540 5209 811 5283 tamquam
832 5212 891 5283 in
928 5209 1128 5283 prelum.
1154 5209 1288 5283 Yide
1322 5211 1724 5269 Theodoretum
1753 5216 1808 5270 in

219 5279 413 5353 psalm.
447 5297 570 5353 xxiv
597 5279 718 5352 pag.
750 5279 886 5353 486;
911 5281 1292 5353 Athanasium,
1317 5293 1456 5337 orat.
1499 5283 1567 5338 de
1597 5283 1811 5340 Assum-

217 5350 406 5426 ptione
431 5350 652 5426 Christi,
685 5361 816 5426 tom.
840 5351 883 5405 ll
910 5365 1034 5426 pag.
1065 5351 1125 5417 4;
1158 5350 1567 5426 (Ecumenium,
1601 5354 1655 5410 in
1683 5370 1803 5426 cap.

219 5422 445 5481 iActor.
476 5439 602 5495 pag.
625 5422 677 5476 4.
705 5423 946 5478 Aliivere
975 5425 1149 5495 ipsum
1180 5425 1233 5495 i_n
1254 5425 1448 5480 caelum
1475 5422 1813 5495 assumptum

221 5495 422 5551 docent
452 5492 932 5566 z'Clirysostomus,
957 5493 1213 5566 homil._2
1240 5495 1307 5549 ad
1330 5495 1512 5566 popul.
1532 5492 1810 5563 Antioch,

223 5574 360 5620 tom.
399 5566 420 5620 l
457 5579 579 5634 pag.
611 5562 680 5619 37
709 5564 838 5620 edit.
883 5562 1085 5628 Paris.;
1131 5562 1528 5630 Nazianzenus,
1574 5575 1710 5622 orat.
1746 5562 1815 5623 34

221 5651 349 5705 pag.
541 5634 766 5718 Tertull.
787 5635 888 5718 ‘Iib.
911 5635 1220 5718 v_adv_e§us
1242 5635 1566 5718 Marcionem
1595 5653 1713 5708 cap.
1746 5637 1815 5692 12

224 5704 913 5859 νῆἰἕγέιξέηέεῗοιξιὲῗῗη
923 5704 1492 5859 όίῗὲἒθιῷὒὲἷῐιὲἔὲίδῐί
1512 5820 1540 5859 ,_
1579 5787 1710 5835 tom.

226 5861 354 5918 pag.
381 5846 481 5902 545
509 5866 522 5901 :
549 5847 774 5924 [agnus
801 5848 936 5924 inter
955 5847 1230 5924 prophetas
1253 5889 1269 5915 ,
1299 5857 1358 5924 et_
1369 5850 1568 5922 angelis
1597 5852 1811 5924 aqualis

223 5917 538 5991 βαρυποτ.
563 5917 998 5993 Theophylactus
1016 5917 1072 5976 in
1099 5933 1218 5992 cap.
1244 5934 1315 5977 vn
1336 5917 1494 5977 Luc'te
1513 5936 1635 5996 pag.
1656 5917 1767 5980 352
1795 5940 1811 5980 :

1889 3377 2202 3432 morborum
2233 3391 2422 3431 causas
2445 3414 2461 3439 ,
2501 3375 2732 3431 latentes
2771 3376 3096 3447 pestilentia:
3135 3379 3357 3449 exponit
3396 3379 3480 3433 in-

1889 3484 2097 3534 cursus,
2122 3467 2406 3538 pestiferas
2431 3467 2611 3522 caveri
2640 3474 2952 3523 commonet
2979 3468 3252 3538 regiones,
3282 3484 3477 3540 quam-

1887 3561 2120 3633 plurima
2148 3559 2509 3615 remediorum
2537 3574 2734 3628 genera
2775 3560 3149 3626 demonstrat,
3184 3560 3477 3616 herbarum

1889 3653 2032 3707 vires
2075 3651 2298 3722 pandit,
2330 3651 2849 3706 medicamentorum
2895 3651 3136 3722 loquitur
3161 3652 3479 3723 qualitates,

1892 3747 2268 3803 obedientibus
2307 3743 2573 3814 promittit
2617 3743 2984 3814 longissimam
3013 3745 3298 3802 sanitatem
3343 3766 3356 3800 :
3405 3747 3485 3804 sic

1891 3854 2064 3909 aegros
2093 3837 2289 3892 arduas
2310 3843 2366 3890 et
2394 3850 2613 3906 asperas
2641 3835 2832 3890 suadet
2859 3844 2914 3890 et
2934 3836 3182 3907 perducit
3208 3837 3277 3892 ad
3303 3854 3481 3895 curas.

1893 3932 2030 3987 Hinc
2059 3939 2141 3986 est
2168 3929 2313 4000 quod
2341 3929 2607 4000 prepheta
2637 3935 2882 3996 sanctus,
2911 3931 3157 4002 corporis
3185 3931 3486 4003 animaeque

1892 4025 2215 4082 medicinam
2265 4022 2477 4078 caelitus
2516 4021 2842 4093 prolaturus,
2867 4021 3161 4094 impietatis
3189 4023 3488 4094 prolundos

1899 4118 1914 4170 i
1945 4117 2204 4190 patefacit
2230 4130 2493 4180 recessus,
2525 4123 2747 4185 opertos
2766 4124 3112 4187 peccatorum
3139 4115 3309 4172 nudat
3335 4133 3487 4175 mor-

1901 4295 2131 4368 Angelus
2156 4293 2542 4368 Joannesfuit,
2575 4293 2796 4368 fortasse
2832 4292 2971 4365 quod
2983 4294 3296 4368 _angelicam
3329 4297 3488 4354 vitam

1901 4363 2080 4450 egerit,
2106 4367 2328 4450 {lt‘irtasse
2347 4363 2502 4450 etiam
2529 4363 2667 4450 quod
2677 4363 2948 4418 adventum
2976 4363 3334 4448 Redemptoris
3354 4383 3490 4425 nuit-

1904 4434 2066 4512 tiarit.
2107 4434 2260 4512 'Cave
2289 4441 2468 4489 autem
2507 4434 2576 4512 ab
2621 4449 2807 4490 errore
2853 4450 3041 4512 eorum
3089 4434 3214 4512 qui,
3255 4453 3323 4494 ex
3352 4455 3485 4512 cap.

1900 4506 2058 4562 Joan.
2087 4523 2123 4571 ι,
2157 4506 2208 4570 6,
2236 4520 2515 4560 asseruere
2541 4503 2804 4560 Joannem
2834 4520 2940 4560 non
2962 4503 3256 4574 hominem,
3275 4503 3488 4574 sedpu~

1879 4587 2021 4653 [um
2053 4583 2243 4653 putum
2283 4575 2445 4653 fuisse
2474 4576 2722 4653 angelpm
2746 4617 2762 4641 ,
2809 4591 2946 4645 quos
2973 4576 3217 4634 confutat
3260 4575 3495 4653 Cyrillus

1903 4643 2094 4704 Caten.
2127 4647 2182 4700 in
2211 4663 2327 4772 cap;
2362 4663 2379 4701 ι
2407 4643 2588 4714 Ιοαηξ,
2621 4646 2672 4700 6.

1981 4717 2002 4757 ί
2035 4718 2152 4772 Hoc
2178 4726 2260 4772 est
2320 4716 2560 4771 ominum
2597 4718 2672 4772 sol

2356 4716 2560 4790 m_i_num
2592 4718 2744 4790 solus
2780 4733 2892 4790 pra:
2929 4719 3135 4777 cunctis
3165 4720 3334 4779 tribus
3369 4738 3495 4779 sen-

1906 4790 2072 4864 sibus,
2095 4804 2292 4864 nempe
2313 4787 2518 4864 auditu,
2549 4788 2690 4851 visu,
2725 4787 2954 4864 et'tactu
2975 4798 3141 4864 tenet,
3174 4800 3231 4847 et
3251 4794 3494 4864 comple-

1907 4861 2070 4916 ctitur
2094 4859 2444 4931 Trinitatem;
2477 4859 2581 4914 hoc
2609 4866 2692 4931 est
2714 4861 2960 4931 sensibus
2988 4861 3119 4931 ipsis
3145 4859 3404 4931 quantum
3439 4865 3495 4922 in

1906 4948 1967 4987 se
1994 4939 2078 4986 est
2105 4929 2478 5002 apprehendit,
2501 4930 2759 5002 intelligit
2796 4939 2853 4986 et
2873 4929 3285 5002 comprehendit
3313 4933 3494 4990 Trini-

1907 5010 2075 5058 tatem
2107 4999 2274 5072 fquia
2306 5001 2474 5073 tangit
2501 4999 2701 5073 Filium
2724 5017 2883 5073 quem
2911 4999 3344 5073 baptizatLvidet
3370 5004 3496 5073 Spi-

1906 5075 2068 5144 ritum
2096 5071 2341 5127 sanctum
2372 5072 2426 5125 in
2455 5071 2636 5144 specie
2663 5072 2924 5144 columbae
2969 5071 3361 5144 supra‘Filium
3399 5071 3498 5130 de-

1909 5143 2284 5208 scendentem;
2313 5152 2368 5198 et
2390 5142 2537 5198 audit
2565 5158 2753 5198 vocem
2779 5141 2954 5199 Patris
2980 5141 3049 5199 de
3069 5141 3211 5199 nube
3239 5143 3499 5201 intonan-

1910 5223 2020 5270 tem
2054 5232 2066 5266 :
2097 5213 2200 5268 Hic
2227 5223 2304 5268 est
2329 5212 2500 5268 Filius
2528 5230 2686 5269 meus.
2729 5212 2892 5268 Mm.

1985 5293 2009 5332 κ
2043 5281 2131 5338 Uti
2178 5299 2337 5339 serm.
2382 5284 2450 5338 15
2477 5284 2726 5346 dixerat,
2772 5292 2945 5338 castra
2981 5284 3239 5338 vitiorum.
3279 5283 3501 5344 Cuneus

1911 5356 2170 5428 translate
2198 5355 2435 5426 peditum
2457 5354 2752 5428 multitudo
2781 5353 2836 5428 in
2863 5354 3021 5409 cunei
3047 5352 3293 5428 formam.
3325 5355 3503 5428 Yege-

1915 5425 2037 5496 tius,
2071 5425 2162 5480 lib.
2196 5423 2252 5481 in
2281 5441 2402 5496 cap.
2450 5424 2534 5496 l9.
2568 5425 2702 5496 Vide
2730 5423 2866 5496 infra
2894 5440 3066 5496 sem.
3100 5423 3222 5496 174,
3247 5441 3315 5480 ex
3343 5423 3494 5484 Mi'ta.

1986 5494 2014 5533 ιι
2045 5495 2160 5552 Mos
2181 5507 2299 5552 erat
2325 5493 2598 5552 veteribus
2616 5493 2934 5550 Christianis
2960 5503 3086 5550 ante
3114 5495 3289 5552 lucem
3317 5497 3384 5553 ad
3409 5514 3504 5557 ec-

1917 5567 2109 5623 clesias
2137 5567 2447 5638 convenire,
2481 5566 2660 5638 ibique
2680 5566 2929 5638 orationi,
2961 5576 3016 5638 et
3042 5566 3235 5638 divina:
3262 5568 3503 5638 psalmo-

1918 5638 2020 5694 dize
2049 5654 2261 5718 vacare.
2293 5637 2426 5718 Vide
2455 5634 2924 5718 epistolamPlinii
2952 5637 3021 5693 ad
3049 5634 3366 5709 Trajantim,
3402 5642 3505 5697 ob-

1919 5711 2312 5766 servationibus
2332 5707 2506 5764 Vossii
2530 5707 2867 5762 illustratam.

1999 5779 2015 5818 ί
2045 5778 2310 5853 Corrupto
2338 5779 2390 5834 in
2414 5779 2656 5849 pluribus
2681 5780 2859 5846 editis,
2883 5781 3308 5853 magniﬁcemus;
3335 5784 3507 5838 mani-

1921 5868 2042 5906 care
2064 5853 2213 5926 enim
2242 5851 2490 5926 idemest
2525 5865 2589 5906 ac
2614 5867 2768 5907 mane
2793 5851 3022 5926 surgere.

1997 5935 2012 5976 ι
2048 5923 2195 5981 Alias
2209 5962 2224 5989 ,
2254 5921 2517 5995 patefecit.
