3942 6348
423 445 532 510 3'23

1674 435 1733 495 s.
1773 416 1981 495 reret
2017 422 2446 491 CHRYSOLOGI

3597 422 3693 482 θαι

420 564 563 635 bos,
594 558 907 635 iniquitates
945 560 1218 619 ostentat,
1250 554 1517 611 secretum
1536 548 1684 606 virus
1705 586 1723 615 .
1752 547 2008 611 vitiorum
2032 550 2082 607 Α
2111 543 2313 605 sobolis
2358 540 2593 635 gaudeat
2636 539 2705 635 de
2747 551 3024 611 processu.
3066 534 3455 635 llultipticans,

423 662 673 727 naturas,
698 649 933 721 origines
959 645 1280 703 delictorum
1302 682 1319 711 ,
1349 641 1561 699 radices
1588 640 1876 701 criminum
1911 637 2016 701 mt-

421 746 581 809 rabili
608 743 816 801 ratione
838 738 1125 812 depromit.
1156 735 1246 795 Sic
1270 750 1444 809 aegras
1466 734 1780 803 mortalium
1804 739 2016 795 mentes

423 835 797 893 moderatione
822 831 934 913 pia,
966 845 1069 903 pro
1096 836 1277 898 aetate,
1307 844 1408 900 pro
1435 842 1590 893 sexu,
1618 841 1719 899 pro
1746 833 2013 897 tempore.

423 944 526 1002 pro
550 927 755 983 viribus
794 924 863 980 ad
914 923 1147 980 salutem
1186 923 1453 996 perpetim
1507 920 1689 978 divina
1733 918 2018 979 curatione

421 1018 687 1094 perducit.
713 1014 961 1076 Psalmus
996 1031 1161 1089 quem
1187 1015 1351 1075 hodie
1386 1013 1747 1079 cantavimns.
1786 1021 1819 1057 ⁸
1859 1011 2011 1069 Psal-

422 1125 636 1167 morum
660 1107 910 1183 prmfatio
939 1113 1024 1197 est
1042 1148 1059 1177 ,
1090 1108 1255 1171 ἰηιωο
1276 1113 1334 1164 et
1374 1105 1711 1171 Psalmorutn
1737 1103 1976 1187 psalmus
1996 1142 2014 1169 ,

424 1201 703 1258 titulorum
738 1199 953 1270 titulus;
1001 1208 1086 1256 est
1124 1207 1503 1270 argumentum
1547 1210 1815 1268 generatis
1858 1208 2019 1264 argu-

423 1302 625 1361 menta,
656 1303 741 1351 est
782 1302 899 1350 tota
946 1308 1109 1350 causa
1153 1292 1499 1365 sequentium
1540 1290 1899 1353 canticorum.
1948 1285 2022 1351 Et

423 1386 565 1444 sicut
591 1386 757 1444 clavis
783 1386 920 1442 aulze
942 1385 1159 1456 regalis,
1191 1385 1282 1441 ubi
1309 1384 1540 1456 primam
1556 1382 1777 1457 ianuam
1806 1378 2018 1463 patefe-

425 1475 521 1541 cit,
546 1474 575 1513 δ
603 1475 969 1547 penetrabiles
989 1474 1168 1530 reddit
1196 1472 1414 1530 intimas
1433 1488 1498 1535 ac
1516 1472 1844 1544 multiplices
1860 1486 2020 1531 man-

426 1566 637 1634 siones;
668 1566 743 1621 ita
762 1565 1002 1638 psalmus
1023 1566 1143 1631 iste,
1165 1565 1256 1623 ubi
1275 1564 1602 1623 reseraverit
1622 1564 1800 1623 aditus
1823 1564 2022 1625 intelli-

428 1659 625 1730 gentiae
653 1660 859 1734 primos
882 1698 898 1726 ,
936 1660 1269 1732 psalmorum
1309 1658 1547 1715 omnium
1587 1658 1777 1730 pandit
1818 1666 2024 1735 myste-

429 1750 600 1818 rium,
665 1751 853 1825 pandit
892 1760 1182 1808 secretum.
1241 1749 1431 1809 Beatus
1479 1752 1557 1808 vir
1592 1752 1679 1826 qui
1724 1768 1831 1809 non
1895 1751 2026 1811 abiit

428 1842 485 1899 in
514 1843 734 1901 consilio
774 1844 1080 1915 impiorum,
1120 1852 1171 1897 et
1196 1843 1253 1899 in
1280 1844 1363 1898 via
1398 1852 1729 1921 peccatorum
1773 1859 1881 1899 non
1920 1851 2026 1901 ste-

2114 630 2466 709 muttiplicabo
2497 633 2730 695 tristitias
2761 639 2874 689 tuas
2911 639 2961 685 et
2994 630 3213 707 gemitus
3244 637 3384 696 tuos;
3410 630 3468 689 in

2115 737 2166 784 et
2190 728 2382 802 gemitu
2409 726 2579 801 paries
2607 724 2745 803 ﬁlios
2770 720 2922 795 (Gen.
2942 720 3053 792 ιιι).
3086 719 3270 789 Qualis
3310 719 3434 777 ﬁnis
3468 729 3574 787 est,
3618 722 3700 779 ubi

2115 827 2201 879 est
2226 819 2377 889 origo
2404 816 2666 898 pmnalis?
2694 815 2748 877 in
2791 815 2898 873 vita
2938 813 3122 871 laetitia
3155 827 3318 884 quem
3346 813 3590 878 tenebit.
3616 813 3703 889 qui

2116 913 2238 973 vita:
2261 911 2423 973 sumit
2450 907 2733 971 exordium
2760 907 2829 965 de
2852 907 3125 969 maerore?
3153 905 3270 967 Hoc
3296 906 3571 985 propheta
3606 921 3701 967 no-

2118 1011 2270 1063 verat
2296 1002 2388 1072 qui
2408 1000 2649 1061 dicebat:
2670 997 2738 1059 In
2758 998 3116 1079 iniquitatibus
3135 1006 3411 1071 conceptu
3427 1014 3568 1065 sunt,
3590 1006 3643 1061 et
3657 998 3706 1055 is

2119 1097 2317 1159 delictis
2336 1094 2531 1175 peperit
2556 1109 2638 1150 me
2657 1100 2823 1153 mater
2846 1108 2961 1153 mea
2981 1089 3154 1164 (Psat.
3176 1089 3267 1161 ι).
3292 1088 3353 1146 Si
3371 1090 3471 1156 sic,
3493 1087 3704 1156 ﬁat-ret.

2120 1187 2189 1244 ab
2217 1196 2371 1245 utero
2402 1187 2458 1242 in
2484 1185 2626 1241 viam
2654 1182 2967 1261 projicimur
2993 1189 3336 1255 peccatorum
3353 1221 3371 1248 .
3398 1189 3456 1241 et
3488 1180 3709 1245 delicto-

2118 1294 2240 1341 rum
2268 1278 2371 1335 iter
2398 1284 2541 1337 totas
2569 1276 2833 1335 currimus
2860 1290 2959 1351 per
2976 1281 3185 1345 aetates,
3208 1275 3512 1345 cogitemus
3539 1273 3710 1331 inlae-

2122 1371 2211 1429 tia:
2240 1368 2522 1433 vanitates,
2547 1367 2925 1427 adolescentia:
2953 1367 3155 1438 lapsus,
3180 1366 3483 1439 iuventutis
3508 1368 3706 1433 minus.

2120 1462 2414 1525 senectutis
2439 1460 2691 1526 morbos,
2723 1467 2780 1517 et
2806 1466 2934 1519 tunc
2962 1474 3064 1517 nos
3102 1474 3213 1519 non
3252 1458 3397 1515 viam
3436 1459 3599 1526 vitae.
3624 1458 3712 1519 sed

2120 1562 2466 1628 peccatorum
2498 1553 2636 1611 viam
2676 1567 2898 1627 carpere
2940 1552 3020 1608 sic
3048 1551 3363 1613 videbimus.
3395 1550 3552 1613 Hanc
3581 1551 3713 1611 viam

2123 1648 2276 1701 n'otal
2301 1642 2565 1713 Christus,
2590 1643 2667 1701 sic
2689 1643 2917 1705 dicendo
2945 1661 2960 1698 :
2986 1640 3153 1709 Quam
3174 1643 3285 1701 leta
3312 1653 3362 1698 et
3381 1644 3623 1721 spatiosa
3644 1645 3715 1698 sia

2123 1754 2238 1812 qua
2258 1737 2399 1799 ducit
2425 1737 2496 1792 ad
2514 1735 2869 1810 perditionem,
2893 1745 2943 1793 et
2958 1735 3109 1795 multi
3134 1745 3255 1793 sunt
3284 1737 3377 1810 qui
3411 1736 3618 1791 intrant
3635 1752 3716 1807 per

2124 1845 2237 1882 eam
2260 1825 2485 1900 (Matth.
2510 1826 2633 1901 vn).
2668 1826 2885 1882 Delictis
2912 1826 3048 1893 lata,
3080 1824 3269 1887 ditiusa
3310 1824 3588 1893 ﬂuctihm,
3617 1826 3715 1887 cri-

434 1938 525 2005 tit,
566 1945 616 1992 et
646 1937 702 1992 in
746 1935 995 1995 cathedra
1052 1936 1361 2009 pestilentia
1400 1919 1506 1994 non
1557 1936 1691 1994 sedit
1732 1935 1925 2011 (Psal.
1963 1936 2023 2008 ι)

2129 1921 2361 1978 minibus
2388 1922 2644 1994 spatiosa,
2693 1929 2748 1977 et
2776 1935 2905 1975 vere
2949 1920 3035 1977 via
3081 1927 3163 1979 est
3207 1920 3319 1979 vita
3368 1935 3631 1991 pasees,
3671 1919 3718 1977 in

430 2025 619 2083 Beatus
653 2029 729 2084 vir
762 2044 781 2083 :
821 2028 961 2086 sicut
1009 2026 1330 2089 dimicaturo
1378 2043 1501 2085 cum
1537 2028 1758 2093 bestiis,
1797 2034 1856 2085 et
1899 2042 2025 2098 gra-

427 2118 771 2175 vissimorum
811 2119 1170 2193 certaminum
1212 2120 1524 2175 discrimina
1564 2121 1843 2188 subitura,
1895 2136 2028 2193 pro-

432 2211 749 2267 nuntiantur
793 2219 920 2267 ante
964 2192 1171 2279 brevia,
1201 2213 1440 2285 praemia,
1470 2228 1714 2277 coronae;
1764 2192 2028 2287 propheta

431 2302 823 2367 beatitudinem
863 2305 943 2361 sic
971 2305 1264 2375 pramisit,
1296 2313 1355 2362 ut
1382 2313 1705 2378 provocaret
1730 2306 2025 2372 hominem.

439 2404 463 2434 ι
494 2401 697 2465 totam,
733 2404 913 2471 'quam
955 2403 1082 2469 post
1126 2406 1434 2465 enumerat,
1484 2396 1770 2457 criminum
1816 2395 2031 2451 vincere

436 2485 726 2545 feritatem.
762 2487 951 2547 Beatus
981 2490 1059 2544 vir
1085 2490 1170 2563 qui
1212 2506 1318 2544 non
1347 2489 1473 2546 abiit
1500 2491 1557 2547 in
1595 2490 1811 2547 consilio
1840 2491 2029 2563 impie-

437 2601 573 2655 rum,
602 2594 651 2639 et
669 2586 727 2639 in
753 2584 834 2643 via
861 2593 1187 2657 peccatorum
1216 2601 1318 2640 non
1345 2585 1507 2639 stetit.
1538 2582 1695 2652 Quod
1721 2583 1777 2640 in
1805 2583 2032 2643 consilio

438 2676 607 2744 abire,
639 2683 694 2731 et
730 2675 784 2732 in
811 2674 899 2731 via
940 2682 1089 2731 stare
1116 2673 1279 2742 dixit,
1310 2672 1537 2737 forsitan
1565 2674 1812 2733 videatur
1836 2673 2031 2731 absur-

438 2768 585 2834 dum,
616 2783 738 2825 cum
769 2769 823 2823 in
849 2767 1078 2823 consilio
1106 2767 1403 2823 consistere
1430 2774 1486 2821 et
1512 2766 1567 2821 in
1594 2766 1681 2821 via
1708 2766 1877 2833 abire,
1910 2781 2031 2827 ma-

440 2860 523 2930 gis
550 2860 830 2916 hominum
871 2860 943 2914 sit
983 2859 1038 2919 in
1067 2875 1186 2921 usu.
1218 2856 1476 2921 Perversa
1516 2858 1733 2928 quidem
1760 2866 1887 2914 sunt
1914 2858 2034 2913 uni-

442 2967 597 3008 versa
636 2951 924 3025 perversis,
977 2965 1078 3007 nec
1122 2958 1349 3024 possunt
1387 2958 1570 3009 tenere
1609 2950 1883 3018 ordinem,
1912 2964 2033 3023 que

436 3058 537 3113 per
563 3024 809 3096 ordinem
838 3056 949 3099 non
978 3048 1227 3111 aguntur.
1273 3038 1476 3099 Tamen
1516 3038 1605 3099 hic
1630 3040 1895 3110 propheta
1923 3024 2032 3093 non

437 3134 504 3190 de
532 3134 775 3205 corporis
804 3132 1061 3204 loquitur,
1086 3130 1182 3187 sed
1209 3132 1403 3187 mentis
1432 3132 1671 3198 incessu;
1702 3145 1879 3202 neque
1906 3146 2032 3203 pro-

434 3227 582 3283 hibet
610 3224 805 3296 pedum
834 3224 1034 3296 lapsus,
1056 3223 1151 3279 sed
1182 3223 1364 3279 ruinas
1384 3231 1533 3279 arcet
1551 3223 1871 3278 animarum.
1898 3220 2031 3277 Bea-

2128 2028 2289 2087 quam
2318 2013 2466 2068 venit
2495 2018 2550 2068 et
2578 2011 2725 2071 vadit
2745 2011 2928 2068 homo.
2956 2009 3252 2074 Generatio,
3496 2010 3658 2079 vadit,
3676 2020 3719 2067 et

2125 2109 2391 2185 generatio
2419 2108 2573 2174 venit,
2606 2115 2655 2163 et
2678 2116 2812 2165 terra
2838 2106 2893 2165 ia
2923 2115 3173 2165 internum
3191 2114 3296 2165 stat
3317 2103 3489 2176 (Eccl.
3518 2106 3635 2177 vn).
3662 2104 3719 2161 Et

2130 2197 2252 2254 ideo
2280 2208 2407 2253 ante
2433 2197 2609 2253 dixit:
2642 2195 2832 2255 Beatus
2870 2196 2946 2251 vir
2982 2196 3069 2271 qui
3106 2212 3212 2255 non
3248 2195 3378 2253 abiit
3415 2197 3471 2253 in
3511 2196 3716 2259 consilia

2129 2294 2424 2367 impiorum,
2447 2302 2496 2349 et
2527 2294 2582 2349 in
2616 2293 2697 2347 uia
2717 2299 3046 2365 peccatorum
3081 2307 3188 2351 non
3408 2288 3535 2351 Non
3573 2291 3716 2357 dixit.

2130 2384 2250 2441 Non
2272 2387 2445 2454 venit;
2469 2400 2628 2443 nemo
2651 2385 2795 2441 enim
2816 2385 2871 2445 in
2892 2384 3035 2443 viam
3057 2400 3165 2440 non
3187 2384 3335 2443 venit
3354 2393 3715 2455 peccaturus.

2132 2477 2185 2533 in
2214 2494 2318 2548 qua
2346 2493 2447 2534 nos
2476 2477 2560 2534 lex
2587 2476 2703 2547 ipsa
2747 2484 2951 2533 naturae
2990 2475 3238 2547 perducit
3274 2483 3332 2533 et
3369 2476 3596 2543 mortis;
3636 2475 3718 2535 sed

2133 2569 2327 2627 Beatus
2357 2571 2445 2626 ille
2472 2570 2566 2640 qui
2594 2585 2704 2625 non
2733 2577 2842 2627 stat
2866 2570 2924 2627 in
2953 2584 3039 2629 ea.
3071 2567 3190 2629 Stat
3214 2568 3325 2635 ille,
3354 2567 3449 2627 ille
3474 2568 3718 2631 dentata-

2133 2670 2223 2719 tur
2263 2662 2318 2717 in
2348 2677 2443 2726 ea,
2487 2661 2581 2732 qui
2606 2660 2751 2717 levat
2779 2676 2944 2719 onera
2986 2668 3365 2735 peccatorum,
3407 2666 3467 2715 et
3506 2670 3719 2717 onustus

2134 2756 2308 2813 viator
2335 2754 2488 2811 tarde
2517 2754 2780 2833 pervenit,
2813 2761 2868 2813 et
2893 2753 3166 2811 caelestem
3190 2752 3430 2809 clausam
3451 2752 3559 2811 sibi
3584 2753 3719 2809 iuse-

2134 2850 2214 2909 nit
2262 2849 2616 2911 mansionem.
2664 2846 2788 2903 lstis
2834 2847 3165 2923 ponderibus
3221 2845 3518 2916 impeditus
3570 2845 3718 2911 adiat

2130 2942 2425 3015 propheta.
2468 2940 2651 3001 dicens
2691 2958 2705 2997 :
2758 2939 3062 3013 [inanitates
3108 2954 3237 2999 mea
3279 2947 3713 3011 superth

2134 3043 2287 3107 caput
2304 3050 2471 3093 meum
2485 3074 2499 3099 ,
2521 3042 2574 3087 et
2591 3033 2726 3087 sicut
2744 3048 2874 3091 onus
2892 3048 3048 3107 grave
3064 3039 3294 3105 grauata
3310 3040 3435 3089 sunt
3452 3047 3610 3103 super
3626 3046 3713 3091 ne.

2132 3125 2201 3182 Et
2230 3126 2354 3196 quia
2403 3132 2518 3181 toto
2562 3126 2685 3181 vitae
2735 3132 2980 3196 tempore
3026 3123 3126 3181 has
3161 3120 3390 3187 ferebat.
3420 3123 3714 3185 exclamat:

2138 3218 2300 3277 Miser
2344 3220 2512 3293 {actus
2540 3234 2675 3287 sum,
2714 3225 2766 3275 et
2801 3216 3097 3275 incurvatus
3134 3231 3248 3275 sum
3284 3231 3446 3288 usque
3480 3214 3536 3269 is
3566 3214 3715 3284 μα

439 3328 517 3372 tus
544 3319 640 3383 vir,
667 3317 752 3391 qui
768 3332 869 3370 non
900 3315 1026 3371 abiit
1053 3316 1109 3370 in
1134 3314 1350 3370 consilio
1376 3315 1675 3387 impiorum.
1705 3312 1868 3381 Abiit,
1898 3312 2032 3373 abiit
2055 3306 2102 3372 Ε
2136 3309 2307 3385 (Psal.
2326 3307 2551 3380 xxxv”).
2578 3307 2928 3365 Peccalorum
2948 3306 3093 3365 viam
3111 3306 3286 3365 viator
3304 3306 3396 3362 ille
3418 3304 3712 3378 pertransit.

436 3422 468 3463 a
495 3422 573 3473 se,
597 3423 627 3461 a
655 3406 767 3461 Deo
791 3406 985 3478 impius
1004 3421 1127 3461 cum
1148 3405 1402 3475 recessit;
1432 3420 1534 3461 nec
1559 3412 1669 3460 stat
1696 3404 1751 3459 in
1780 3404 2027 3471 consilio,

436 3500 615 3573 impiis
643 3498 1057 3567 cogitationibus
1085 3498 1176 3569 qui
1205 3506 1449 3567 vagatur.
1480 3494 1587 3552 Iste
1614 3493 1641 3533 ἀ
1670 3495 1833 3551 modo
1861 3494 2033 3551 fertur

438 3592 509 3648 ad
536 3591 752 3654 coelum,
776 3589 938 3644 modo
966 3588 1199 3644 refertur
1228 3588 1295 3643 ad
1324 3597 1516 3652 terras,
1536 3586 1771 3658 iactatur
1795 3603 1893 3659 per
1919 3602 2031 3643 ma—

437 3686 538 3752 ria,
569 3685 783 3739 levatur
811 3681 1079 3748 ﬂuctibus,
1113 3681 1371 3750 mergitur
1397 3680 1450 3737 in
1471 3678 1740 3752 profundo
1764 3699 1777 3733 :
1802 3693 2033 3749 cumque

437 3793 533 3831 sua
563 3790 780 3847 semper
807 3780 988 3828 mente
1016 3773 1289 3829 volutetur
1314 3779 1374 3827 ut
1402 3771 1582 3827 ebrius
1600 3812 1615 3839 ,
1657 3787 1765 3828 non
1794 3788 1852 3827 se
1880 3786 2031 3827 com-

437 3876 610 3939 putat,
642 3873 698 3922 et
729 3876 752 3904 °
776 3872 1054 3939 computat
1080 3863 1295 3921 cmlum.
1322 3863 1425 3932 Qui
1457 3861 1477 3902 ί
1510 3879 1569 3919 se
1594 3863 1735 3920 scire
1761 3864 2035 3920 existimat

436 3967 633 4029 totum,
664 3972 725 4014 se
757 3958 958 4029 nescit;
989 3956 1083 4030 qui
1111 3956 1157 4012 si
1185 3956 1349 4013 sciret
1376 3970 1464 4023 se,
1497 3970 1786 4027 numquam
1813 3955 2029 4022 calum,

436 4051 627 4117 solem,
676 4049 881 4114 lunam,
931 4046 1111 4118 ligna,
1160 4045 1368 4119 lapides
1414 4044 1694 4111 adoraret,
1743 4060 1865 4117 qua:
1908 4052 2035 4100 sunt

436 4142 618 4198 omnia
645 4156 758 4198 sua:
776 4140 902 4196 data
923 4147 978 4194 et
1004 4137 1217 4194 subdita
1245 4137 1522 4204 servituti;
1554 4137 1651 4193 sed
1675 4136 1863 4192 adorat
1891 4136 2032 4208 lapi-

435 4233 589 4301 dem,
621 4234 788 4291 servit
814 4233 991 4304 ligno,
1033 4232 1128 4305 qui
1168 4231 1281 4289 Deo
1320 4231 1478 4303 vivo,
1519 4230 1634 4289 Deo
1671 4245 1803 4289 vero
1829 4231 2034 4288 servire

438 4326 781 4398 contempsit.
811 4323 882 4381 Et
906 4331 967 4382 ut
985 4323 1054 4381 ab
1083 4324 1203 4397 ipso
1221 4322 1491 4395 principio
1518 4338 1721 4389 renisu,
1745 4323 2034 4397 impietatis

439 4416 579 4475 facta
606 4417 947 4488 replieemus,
978 4426 1005 4466 ο
1047 4416 1337 4486 impietatis
1369 4415 1656 4471 consilium
1676 4416 1927 4488 perduxit
1964 4414 2035 4471 ad

440 4509 668 4576 interna,
687 4508 934 4581 angelum
953 4508 1022 4564 de
1041 4508 1304 4579 supernis,
1324 4510 1572 4565 nuntium
1587 4509 1824 4566 cmlestis
1838 4509 2036 4566 secreti

440 4601 496 4656 in
526 4599 799 4656 diabolum
826 4600 1196 4667 commutavit,
1227 4600 1502 4657 hominem
1529 4600 1598 4659 de
1623 4600 1884 4672 regimine
1910 4600 2035 4661 vitae

2129 3405 2222 3477 qui
2259 3403 2402 3461 mala
2442 3402 2601 3473 huius
2629 3403 2753 3459 vitae
2791 3400 2956 3467 videt,
2985 3399 3083 3459 sed
3118 3399 3375 3472 despicit;
3419 3400 3600 3467 sentit,
3629 3395 3716 3459 sed

2130 3497 2332 3563 calcat;
2382 3495 2602 3568 patitur,
2645 3492 2740 3551 sed
2786 3492 2984 3559 vincit;
3034 3499 3091 3549 et
3135 3490 3263 3553 dum
3304 3488 3441 3561 fugit
3466 3490 3579 3554 illa,
3608 3490 3716 3560 plus

2131 3590 2298 3647 currit
2323 3607 2335 3642 :
2368 3588 2507 3645 unde
2534 3587 2611 3643 illi
2639 3585 2873 3643 occurrit
2899 3584 3135 3657 caelestis
3149 3582 3373 3654 ianitor,
3397 3581 3630 3639 celestis
3648 3580 3714 3639 illi

2130 3681 2339 3738 mansio
2369 3696 2427 3737 se
2456 3695 2566 3737 non
2594 3677 2815 3736 claudit.
2839 3676 2947 3734 Sed
2967 3676 3095 3747 quid
3115 3683 3199 3731 est
3216 3674 3365 3749 quod
3382 3682 3716 3746 peccatorum

2133 3775 2232 3831 vim
2260 3773 2551 3847 impietatis
2579 3771 2865 3831 consilium
2892 3769 2972 3827 sic
3010 3769 3309 3843 pramisit:
3334 3767 3527 3827 Beatus
3549 3766 3717 3839 vitelli

2132 3884 2236 3923 non
2258 3867 2383 3921 abiit
2405 3867 2459 3921 in
2482 3864 2698 3921 consilio
2720 3864 3016 3935 impiorum,
3032 3863 3155 3919 etin
3178 3863 3261 3935 via
3276 3871 3603 3934 peccatorum
3619 3875 3717 3919 m

2131 3960 2305 4016 stetit?
2333 3956 2469 4025 Quia
2501 3958 2603 4013 etsi
2639 3934 2799 4015 natus
2842 3957 3009 4017 homo
3049 3971 3179 4015 mox
3205 3934 3557 4026 péccatorum
3583 3953 3717 4013 venit

2132 4053 2188 4109 in
2216 4053 2379 4119 viam,
2424 4050 2572 4121 jacet
2616 4058 2801 4107 tamen
2848 4050 3081 4125 primum
3122 4067 3138 4104 :
3188 4064 3301 4109 non
3344 4063 3475 4109 mox
3519 4045 3717 4119 patrati

2133 4144 2301 4199 currit
2329 4144 2382 4197 iu
2411 4142 2583 4207 viam,
2634 4141 2731 4195 sed
2777 4140 2869 4194 ubi
2914 4140 3140 4210 conperit
3187 4139 3480 4210 impietatis
3520 4152 3714 4194 venena

2132 4243 2372 4307 gustare,
2403 4242 2532 4293 tunc
2566 4231 2595 4271 ³³
2629 4247 2877 4303 saperem
2909 4231 3157 4293 trahitde
3186 4231 3512 4303 pinguedine
3538 4245 3717 4301 pecca-

2133 4335 2330 4385 torum.
2375 4326 2577 4397 lmpius
2621 4326 2676 4380 in
2723 4325 2892 4379 Deum
2940 4325 3129 4390 tendit,
3181 4339 3211 4378 a
3262 4323 3374 4379 Deo
3416 4324 3566 4380 vadit
3602 4338 3714 4379 cum

2134 4418 2426 4489 delinquit;
2457 4424 2773 4491 peccatores
2802 4416 2944 4472 Deus
2972 4416 3286 4483 contemnit,
3309 4416 3404 4486 qui
3426 4427 3550 4474 ante
3578 4432 3717 4477 man-

2136 4508 2283 4564 davit
2311 4525 2420 4565 non
2450 4508 2648 4564 debere
2687 4523 2934 4579 peccare.
2976 4505 3176 4563 Lucem
3217 4508 3456 4565 teachrte
3496 4508 3715 4578 fugiunt,

2136 4602 2371 4663 ιεωιιτω
2399 4601 2519 4659 luce
2552 4601 2784 4658 redeunt
2809 4600 3138 4657 abscedente
3174 4620 3187 4654 :
3220 4602 3311 4657 ubi
3341 4602 3504 4670 Deus,
3536 4618 3719 4673 pecca-
3762 4653 3783 4672 ,

419 4692 512 4759 ,ad
531 4692 776 4749 mortalis
796 4692 1087 4749 habitaculi
1107 4693 1405 4749 transmisit
1424 4694 1693 4760 exsilium,
1715 4694 1784 4750 de
1799 4694 2038 4766 paradisi
2061 4688 2119 4753 1)
2140 4704 2254 4751 tum
2280 4696 2513 4760 nullum;
2539 4693 2628 4749 ubi
2650 4701 2951 4767 peccatum,
2977 4710 3085 4750 non
3115 4693 3187 4749 ibi
3210 4693 3370 4749 Deus.
3395 4692 3464 4748 Et
3483 4703 3543 4749 ut
3569 4695 3716 4760 scias,

437 4784 648 4841 deliciis
671 4799 1005 4841 aerumnosos
1031 4785 1215 4841 seculi
1240 4786 1446 4858 pepulit
1473 4787 1541 4843 ad
1567 4787 1811 4857 labores;
1840 4790 2035 4847 mulie-

2141 4787 2325 4851 homo,
2374 4802 2410 4843 a
2456 4793 2747 4857 conspectu
2794 4785 2891 4842 Dei
2943 4785 3218 4843 hominem
3273 4786 3416 4847 viam
3470 4788 3719 4844 cursitare

440 4891 558 4932 rem
596 4875 664 4933 de
702 4875 1023 4947 virginitatis
1062 4876 1233 4949 gloria
1272 4878 1503 4949 gemitus
1541 4881 1791 4939 conscios
1840 4880 2039 4952 deiecit
2143 4888 2510 4951 peccatorum,
2538 4879 2661 4933 audi
2691 4879 3048 4949 prophetam:
3081 4877 3207 4934 Non
3238 4879 3480 4936 cubas
3514 4884 3571 4936 in
3609 4896 3721 4936 cos-

440 4966 511 5024 ad
549 4974 755 5040 partus.
801 4966 931 5025 inde
974 4974 1061 5025 est
1101 4967 1249 5039 quod
1293 4977 1585 5039 antequam
1629 4971 1878 5041 gaudeat,
1927 4988 2037 5029 non
2140 4983 2315 5048 specta
2335 4975 2464 5047 ejus,
2488 4972 2787 5045 polluuntur
2808 4974 2904 5028 vim
2921 4973 3033 5046 ejus
3061 4974 3115 5030 in
3150 4977 3290 5029 omni
3312 4985 3537 5049 tempore
3559 4974 3717 5047 (Psal.

440 5061 656 5131 ignorat
679 5060 916 5129 dolones,
938 5068 998 5116 et
1021 5060 1184 5118 solvit
1202 5066 1330 5116 ante
1347 5059 1419 5117 de
1437 5070 1592 5119 reatu
1615 5077 1851 5135 pinnam,
1873 5078 2038 5143 quam
2143 5069 2253 5143 rx).
2284 5065 2513 5125 Gravius
2541 5080 2669 5137 ergo
2697 5065 2863 5123 homo
2891 5074 3021 5125 tunc
3052 5067 3110 5123 in
3136 5068 3222 5127 via
3247 5069 3450 5127 labitur
3479 5078 3721 5143 peccato-

510 5298 540 5373 f
566 5289 778 5373 item
798 5305 828 5345 a
854 5288 1119 5373 plur-mils,
1137 5297 1195 5373 e_t
1219 5298 1429 5373 tantum
1450 5294 1841 5373 n_on_omnibus
1867 5312 2029 5363 enar-
2176 5293 2732 5373 “eulflurimifeelum
2776 5295 2904 5357 facit
2942 5294 3088 5364 quod
3116 5293 3336 5363 aderat,
3366 5305 3498 5366 etc.,
3529 5313 3651 5355 cum
3674 5306 3721 5356 te

438 5362 749 5451 fi‘ﬂii‘?“9:
770 5362 1137 5451 ιῑξέὲφῖιὶἓηὲ
1158 5364 1390 5451 μέλψαν
1414 5364 1581 5423 νθίυιί
1601 5362 1940 5440 δυνοοθιιίυω
1972 5375 2032 5429 οι
2502 5364 2667 5451 ἔξω·
2835 5444 2847 5451 .
2960 5362 2977 5364 “
3048 5437 3064 5451 .
3192 5438 3224 5451 ..
3248 5438 3279 5451 .,
3324 5362 3327 5363 ί
3374 5439 3429 5451 ,.
3485 5362 3507 5451 ⁷.
3685 5390 3739 5451 ,ι

424 5444 650 5582 “fit:
670 5434 1408 5582 ῗιξὲῗκῗέἰίὲῗὲὲἒῗῧέοεε,
1438 5508 1750 5580 penetrales.
2138 5437 3018 5582 refnﬁ'ﬁgﬁiiﬁfﬁ'ﬁw
3032 5437 3501 5580 iwmpm‘
3337 5444 3396 5522 ’⁵⁸
3414 5439 3469 5494 ⁵⁸³
3491 5439 3724 5579 δτςεπ,

512 5572 1267 5678 se,
1300 5664 1363 5678 --
1394 5572 1399 5574 ί
1428 5572 1525 5678 .'._.
1563 5648 1653 5678 η.
1686 5651 1721 5678 ..
1960 5651 1995 5678 ..
2487 5578 2613 5678 ea
2640 5572 2784 5678 eam
2810 5593 2910 5650 να
2948 5572 3311 5649 «Mm
3337 5582 3459 5653 ιεοε

570 5643 674 5729 A‘lii
704 5659 920 5729 quoque
946 5646 1278 5729 interpretes
1298 5664 1366 5707 ex
1394 5649 1581 5729 phrasi
1604 5648 2028 5729 Hebraeaexpli—
2140 5652 2374 5729 apii}???
2404 5650 2486 5729 9“
2509 5649 2803 5729 “melin

441 5720 570 5795 cant
595 5713 772 5795 locum
804 5713 994 5786 psalmi
1030 5713 1109 5776 de
1131 5719 1327 5793 impiis,
1362 5713 1458 5794 qui
1485 5722 1724 5795 inquiete
1753 5732 1807 5781 et
1834 5713 2032 5784 indesi-
2180 5713 2237 5795 ίὶ
2268 5721 2533 5781 Videlicet
2568 5722 2834 5781 sententia
2853 5763 2868 5789 ,
2903 5722 3228 5790 institutum,
3259 5725 3600 5795 propositum
3627 5724 3716 5777 im-

662 5785 1022 5874 W‘EW‘:
1056 5785 1336 5874 feminam
1365 5785 1536 5860 ιῖιων
1558 5785 2033 5874 ἀυοάευῖοξοετθ
2138 5794 2397 5874 νίρτειωκ
2651 5864 2661 5874 .

443 5857 662 5985 aequit,
694 5857 867 5985 inquit
917 5857 1211 5942 Vatablus;
1254 5879 1466 5934 unaque
1495 5857 1694 5927 aecum
1734 5857 1935 5929 Pineda
1977 5873 2027 5922 et

489 5941 724 5987 occulis.
802 5927 889 5986 ide
912 5927 1035 5987 isat.
1069 5948 1191 6002 tvu,
1215 5933 1314 6001 20;
1348 5933 1603 5992 Proverb.
1628 5955 1697 6005 tv,
1737 5937 1815 5992 l6.

2138 5857 2157 5867 ”
2209 5861 2239 5903 ιι
2266 5862 2469 5937 Impius
2494 5879 2619 5930 tum
2648 5864 2703 5921 in
2705 5866 3056 5993 “profundum
3080 5868 3323 5935 vomuit.
3363 5867 3423 5925 in
3448 5868 3713 5943 inpietate

2138 5952 2234 5994 sua
2264 5936 2496 6005 lmtatur,
2524 5941 2579 5993 et
2600 5948 2706 6008 gau
2742 5942 2816 5992 et.
