3942 6348
482 396 593 460 δυ

1736 390 1794 447 S.
1835 382 2040 446 PETRI
2078 382 2508 446 CHRYSOLOGI

3655 380 3747 440 318

481 525 671 589 pmnas
695 516 752 566 et
777 506 1015 580 praemia,
1046 506 1185 562 inter
1225 505 1391 560 vitam
1432 509 1487 560 et
1524 509 1777 568 mortem,
1821 510 1972 560 stans
2011 503 2066 558 in
2093 507 2150 568 Α
2172 519 2271 560 nos
2298 503 2352 559 in
2382 503 2461 558 ira
2482 508 2596 557 tota
2626 499 2721 556 Dei
2750 498 2909 572 positi
2947 499 3215 558 nescimus
3241 499 3423 560 dicere
3453 518 3467 556 :
3512 499 3745 571 Domine,

483 605 619 671 acie,
648 602 790 659 bella
813 602 1103 667 sustinens,
1136 598 1434 670 suscipiens
1466 597 1717 663 vulnera,
1751 613 1874 652 raro
1903 603 2071 662 stans,

482 697 808 756 occumbens
834 710 1014 760 sensu,
1048 692 1296 748 turbatur
1329 690 1531 755 anima,
1565 698 1590 726 ε
1621 688 1870 743 turbatur
1894 687 2072 752 valde,

482 792 609 863 quia
647 789 824 847 carnis
850 786 1106 859 impedita
1135 784 1493 857 ponderibus,
1523 782 1834 854 priusquam
1863 779 1933 835 ad
1963 779 2076 833 vir-

485 890 628 938 tutes
647 881 846 948 veniat,
875 879 1130 936 vitiorum
1161 875 1218 931 fit
1245 883 1371 931 ante
1397 875 1629 946 captiva.
1663 872 1787 927 Haec
1819 870 1959 926 bella
1984 869 2079 924 de-

483 975 671 1032 scribit
695 972 1004 1044 Apostolus,
1023 986 1145 1028 cum
1166 968 1325 1024 dicit:
1351 965 1484 1022 Caro
1506 965 1818 1036 concupiscit
1839 961 2079 1016 adversus

485 1067 741 1137 spiritum,
785 1073 835 1119 et
873 1064 1084 1135 spiritus
1133 1060 1375 1114 adversus
1423 1072 1630 1111 carnem
1666 1071 1683 1108 :
1724 1062 1782 1106 ut
1821 1069 1924 1106 non
1965 1066 2080 1116 quae

485 1158 672 1224 vultis,
702 1156 797 1210 illa
842 1155 1050 1228 faciatis
1082 1150 1236 1224 (Gal.
1265 1150 1356 1221 v).
1402 1148 1470 1203 Et
1511 1147 1677 1202 alibi:
1716 1144 1878 1200 Video
1921 1142 2080 1197 aliam

487 1248 650 1320 legem
676 1248 731 1301 in
751 1243 992 1300 membris
1017 1244 1164 1308 meis,
1196 1249 1566 1313 repugnantem
1590 1238 1689 1310 legi
1722 1237 1906 1292 mentis
1929 1251 2075 1299 mete,

487 1350 536 1395 et
571 1340 828 1411 captivum
855 1355 936 1392 me
964 1336 1231 1390 ducentem
1259 1336 1314 1389 in
1344 1338 1454 1406 tege
1481 1332 1676 1404 peccati
1720 1328 1908 1402 (Rom.
1949 1327 2074 1397 vn).

488 1433 742 1502 Allegans
771 1445 900 1500 ergo
931 1430 1119 1485 beatus
1157 1428 1421 1498 propheta
1449 1427 1549 1480 has
1577 1421 1934 1488 inﬁrmitates,
1966 1420 2081 1474 haec

489 1526 652 1592 bella,
675 1526 774 1580 has
794 1525 1095 1578 animorum
1116 1520 1470 1583 turbationes,
1494 1518 1663 1573 Deum
1684 1517 1775 1570 tali
1798 1529 1930 1571 voce
1951 1529 2081 1569 cou-

491 1619 640 1674 venit
667 1636 680 1670 :
705 1617 774 1670 Et
803 1626 874 1682 tu,
909 1613 1147 1675 Domine,
1172 1610 1507 1685 usquequo?b
1529 1609 1644 1665 Hoc
1666 1614 1767 1671 est,
1799 1619 2081 1678 quousque

491 1710 728 1784 pateris?
741 1722 1021 1779 quousque
1035 1704 1364 1760 dissimulas?
1378 1717 1660 1773 quousque
1672 1715 1779 1754 non
1796 1697 2083 1754 subvenis?

493 1817 774 1874 quousque
793 1798 1040 1869 dissipari
1063 1813 1198 1867 opus
1217 1802 1387 1859 tuum,
1406 1794 1573 1849 deleri
1602 1792 1886 1861 imaginem
1911 1797 2079 1851 tuam,

494 1903 644 1953 tuam
663 1895 759 1950 tibi
779 1900 1080 1950 creaturam
1101 1890 1280 1961 perire
1300 1887 1597 1960 permittis?
1620 1885 1721 1941 Ubi
1743 1893 1824 1941 est
1836 1883 2084 1938 Christus

494 1995 618 2044 tuus
646 1987 807 2042 toties
828 1984 1104 2039 nuntiatus
1131 1997 1227 2052 per
1254 1980 1448 2049 legem,
1471 1995 1570 2050 per
1591 1994 1708 2043 nos,
1739 1992 1837 2046 per
1856 1973 2086 2046 prophe-

493 2088 580 2136 tas
606 2077 900 2135 multifarie
941 2073 1333 2146 repromissus?
1380 2071 1605 2136 Veniat,
1646 2069 1861 2131 veniat,
1904 2066 2083 2138 prius-

494 2188 658 2246 quam
684 2177 947 2244 pereunte
975 2168 1191 2234 steculo,
1224 2167 1278 2221 in
1317 2165 1513 2222 saeculo
1547 2165 1622 2219 nil
1669 2162 1909 2218 inveniat
1939 2160 2086 2231 quod

495 2265 747 2322 resalvet.
778 2262 994 2328 Veniat,
1024 2260 1225 2326 veniat,
1257 2267 1317 2314 ut
1344 2273 1564 2315 carnem
1591 2262 1828 2328 reparet,
1866 2255 2086 2308 innovet

499 2357 751 2422 animam,
776 2355 945 2425 ipsam
973 2360 1219 2406 naturam
1247 2351 1301 2405 in
1329 2349 1603 2406 ccelestem
1632 2354 1930 2405 commutet
1955 2343 2086 2400 sub-

499 2447 770 2502 stantiam.
794 2443 1009 2510 Veniat,
1040 2451 1102 2498 ut
1127 2449 1409 2513 peccatum
1437 2439 1610 2506 tollat,
1641 2445 1873 2493 mortem
1888 2435 2085 2501 deleat,

500 2542 743 2599 destruat
783 2538 1084 2605 infernum,
1126 2537 1295 2591 vitam
1322 2533 1530 2600 reddat,
1561 2532 1728 2587 donet
1768 2530 1990 2594 coelum,
2022 2542 2091 2583 ne

500 2633 730 2705 amplius
757 2639 974 2687 terrena
993 2629 1144 2684 labes
1171 2627 1344 2700 possit
1383 2626 1437 2680 in
1467 2625 1624 2680 nobis
1665 2623 1908 2678 invenire
1945 2618 2092 2690 quod

499 2725 711 2798 perdat.
741 2722 859 2779 Hoc
886 2729 1065 2777 autem
1091 2730 1279 2791 petere
1308 2717 1661 2789 prophetam,
1701 2729 1934 2784 sequens
1974 2727 2090 2767 ser-

503 2829 595 2870 mo
635 2814 1002 2876 demonstrat,
1045 2810 1380 2875 Convertere,
1430 2806 1670 2861 Domine.
1717 2804 1890 2859 Homo
1943 2802 2087 2867 Deo,

505 2923 630 2964 reus
652 2905 840 2980 judici,
873 2905 1120 2960 addictus
1147 2903 1227 2958 sic
1256 2901 1492 2970 loquitur
1535 2897 1838 2968 cognitori?
1870 2895 2094 2951 Conver-

507 3007 628 3063 tere,
652 2996 892 3052 Domine.
919 2995 1090 3051 Homo
1113 3000 1321 3064 peccat,
1345 3000 1401 3048 et
1429 2991 1572 3046 Deus
1592 2989 1964 3045 convertitur?
1991 2986 2092 3054 Ita,

503 3087 717 3156 fratres,
761 3088 888 3158 quia
927 3085 1080 3157 juxta
1128 3085 1482 3156 prophetam:
1526 3081 1635 3136 Iste
1665 3091 1875 3154 peccata
1916 3089 2095 3135 nostra

2175 615 2240 654 ne
2265 599 2322 653 in
2352 599 2526 670 furore
2565 605 2650 651 tuo
2679 613 2870 668 arguas
2898 595 3171 652 me.Terra
3200 605 3363 667 negat
3390 595 3628 664 fructus,
3659 615 3753 656 οω-

2174 691 2286 746 lum
2315 690 2648 760 temperiem,
2682 703 2777 743 aer
2803 687 3204 744 salubritatem:
3236 689 3364 744 hinc
3392 687 3419 726 ἀ
3450 689 3751 760 pestilentia

2176 783 2373 852 ubique
2401 779 2588 837 diffusa
2622 796 2720 852 per
2746 779 2927 848 urbes,
2957 795 3056 851 per
3083 794 3242 849 agros
3268 781 3421 835 vario
3450 779 3751 836 morborum

2176 889 2374 946 genere
2424 874 2691 932 consumit
2719 887 2887 943 genus
2919 887 3078 928 omne
3122 871 3459 939 mortalium,
3490 881 3547 928 et
3586 880 3754 929 tamen

2181 984 2280 1024 nos
2321 984 2428 1023 non
2461 967 2685 1023 dicimus
2712 985 2724 1020 :
2756 964 2997 1038 Domine,
3029 982 3093 1020 ne
3128 968 3185 1020 in
3216 967 3391 1038 furore
3440 974 3527 1020 tuo
3577 983 3752 1038 arguas

2179 1080 2294 1129 nos,
2326 1079 2484 1135 neque
2502 1063 2556 1116 in
2584 1063 2666 1115 ira
2690 1069 2774 1115 tua
2803 1061 3056 1132 corripias
3072 1076 3184 1114 nos.
3208 1058 3304 1115 llle
3328 1065 3452 1130 post
3467 1057 3756 1130 triumphos

2181 1154 2486 1224 gemitibus,
2521 1161 2706 1208 noctes
2747 1158 2802 1206 et
2848 1150 2963 1206 dies
3011 1150 3261 1223 lacrymis
3300 1150 3642 1220 occupabat;
3672 1163 3756 1204 nos

2181 1248 2279 1303 sub
2320 1247 2499 1302 hostili
2541 1245 2721 1316 gladio
2761 1243 3131 1315 subjacentes,
3182 1243 3328 1299 nulla
3369 1251 3619 1313 tempora
3663 1241 3756 1296 Deo

2180 1340 2388 1407 damus,
2421 1339 2594 1394 nullas
2622 1339 2707 1393 vel
2737 1337 2804 1392 ad
2823 1337 3011 1393 horam
3028 1336 3295 1409 lacrymas
3324 1333 3753 1391 Deofundimus:

2185 1432 2279 1488 sed
2316 1431 2515 1501 jugiter
2559 1429 2782 1501 rapinis,
2833 1427 3126 1495 fraudibus,
3150 1425 3418 1498 periuriis,
3465 1426 3643 1491 dolis,
3678 1426 3758 1482 de-

2186 1522 2536 1576 tractionibus
2591 1519 2948 1591 nosmetipsos
2987 1517 3249 1573 tradimus
3285 1524 3342 1572 et
3383 1515 3684 1582 donamus,
3713 1526 3759 1570 ut

2187 1615 2356 1684 magis
2388 1613 2664 1682 magisque
2695 1612 2829 1667 iram
2857 1611 2954 1666 Dei
2985 1610 3038 1664 in
3067 1624 3168 1665 nos
3199 1607 3454 1664 fomentis
3487 1607 3757 1663 criminum

2188 1707 2525 1764 suscitemus.
2563 1704 2778 1771 Venite,
2821 1703 3035 1770 fratres,
3077 1702 3259 1757 venite
3303 1715 3428 1757 cum
3466 1699 3756 1771 propheta:

2198 1799 2398 1864 Venite,
2423 1796 2712 1861 adoremus,
2745 1804 2793 1849 et
2820 1793 3150 1866 procidamus
3179 1803 3300 1846 ante
3327 1808 3442 1846 eum
3460 1833 3476 1857 ,
3523 1802 3572 1844 et
3609 1791 3760 1862 plore-

2187 1907 2300 1945 mus
2329 1905 2500 1944 coram
2518 1886 2740 1942 Domino
2761 1887 2846 1959 qui
2868 1887 2988 1957 fecit
3017 1901 3108 1939 nos
3132 1881 3302 1956 (Psal.
3326 1881 3505 1950 xcrv);
3535 1892 3558 1920 ε
3574 1881 3756 1942 venite.

2189 1982 2458 2046 dicamus;
2492 1979 2731 2044 Domine,
2763 1994 2828 2031 ne
2855 1978 2909 2030 in
2937 1977 3015 2030 ira
3052 1985 3137 2029 tua
3167 1990 3355 2046 arguas
3383 1989 3510 2039 nos,
3537 1990 3696 2046 neque
3717 1974 3758 2025 is

2191 2079 2364 2150 furore
2408 2084 2492 2128 tuo
2540 2072 2793 2143 corripias
2839 2087 2951 2126 nos.
3004 2068 3073 2124 Ut
3125 2083 3335 2123 memor
3391 2066 3758 2122 misericordia

2191 2181 2300 2222 sua:
2341 2164 2474 2218 iram
2502 2169 2674 2218 mutet
2714 2161 2767 2215 in
2807 2158 3231 2215 misericordiam
3254 2199 3269 2222 ,
3312 2156 3508 2213 reddet
3548 2155 3756 2227 perdita,

2191 2260 2399 2332 captiva
2448 2258 2672 2322 liberet;
2706 2269 2912 2324 nosque
2939 2253 3042 2309 sibi
3069 2268 3192 2309 cum
3221 2251 3406 2306 laztitia
3436 2251 3647 2306 servire
3668 2249 3759 2320 jam

2189 2353 2391 2416 donet,
2446 2348 2538 2419 qui
2581 2347 2712 2403 vivit
2738 2354 2795 2402 et
2845 2352 3037 2415 regnat
3081 2344 3135 2400 in
3188 2343 3382 2400 secula
3436 2342 3758 2399 seculorum.

2192 2440 2380 2497 Amen.
3209 2475 3214 2480 .

2749 2525 2982 2583 SERMO
3021 2525 3202 2581 XLVI.

2193 2621 2274 2677 De
2299 2621 2642 2677 exsultatione
2683 2619 2944 2690 spirituali
2985 2626 3035 2672 et
3071 2619 3395 2688 confessione
3433 2627 3760 2689 peccatorum,

2733 2689 2788 2744 in
2816 2689 3082 2760 psalmum
3109 2705 3249 2744 xcrv.

2264 2805 2414 2862 Sicut
2441 2804 2678 2875 graviter
2703 2803 2972 2868 testuanti,
3009 2810 3063 2857 et
3090 2802 3252 2872 longo
3284 2803 3403 2858 sitis
3438 2803 3635 2860 ardore
3660 2819 3765 2860 suc-

2193 2915 2379 2966 censo,
2412 2896 2534 2953 fons
2562 2895 2784 2966 frigidus
2812 2895 2946 2952 satis
2977 2893 3127 2950 ltetus
3155 2903 3211 2950 et
3249 2896 3381 2951 satis
3414 2897 3645 2952 salubris
3687 2913 3768 2951 oc-

2193 2993 2393 3058 currit;
2425 2991 2499 3046 ita
2528 2990 2685 3045 nobis
2713 2989 2905 3060 positis
2951 2989 3005 3043 in
3043 3005 3312 3057 maerore,
3343 3000 3401 3046 et
3430 2991 3654 3046 nimium
3683 2991 3766 3044 tri-

2195 3085 2530 3140 bulationum
2557 3081 2800 3154 pondere
2829 3081 3118 3153 depressis,
3152 3083 3219 3137 ad
3239 3083 3437 3153 gaudia
3466 3084 3629 3139 hodie
3655 3099 3767 3154 pro-

505 3191 698 3253 portat,
730 3189 780 3235 et
806 3197 898 3251 pro
928 3177 1072 3234 nobis
1115 3177 1253 3232 dolet
1293 3175 1434 3246 (lsa.
1469 3193 1579 3240 Llll,
1599 3176 1754 3247 juxta
1789 3172 1980 3243 LXX).
2031 3171 2099 3226 Et
2124 3174 2169 3238 C
2199 3176 2429 3248 pheticze
2454 3174 2606 3232 vocis
2637 3171 2659 3213 ί
2691 3175 2894 3231 excitat
2919 3175 3440 3241 cantilenanenite,
3474 3176 3660 3246 inquit,
3690 3191 3772 3228 ex-

505 3275 698 3331 beatus
729 3272 996 3328 Joannes:
1031 3270 1168 3324 Ecce
1194 3271 1371 3341 Agnus
1395 3269 1510 3334 Dei,
1537 3286 1651 3322 ecce
1679 3269 1764 3341 qui
1809 3266 1940 3322 tollit
1971 3283 2091 3338 pec-

506 3377 623 3421 cata
643 3365 822 3420 mundi
840 3364 1017 3437 (Joan.
1039 3363 1099 3435 1).
1132 3361 1380 3431 Suscepit
1406 3369 1704 3432 peccatum,
1728 3366 1786 3411 ut
1814 3364 2096 3428 peccatum

505 3460 760 3522 tolleret,
805 3473 912 3511 non
951 3456 1196 3510 haberet.
1243 3453 1560 3518 Convertere,
1611 3451 1852 3506 Domine.
1898 3449 2096 3504 Unde?

507 3551 639 3606 ubi?
687 3551 765 3604 De
805 3548 917 3602 Deo
955 3549 1008 3601 in
1041 3547 1350 3611 hominem,
1401 3545 1468 3600 de
1509 3544 1728 3598 domino
1769 3544 1821 3597 in
1859 3557 2094 3608 servum,

513 3653 538 3682 ι
568 3641 635 3698 de
659 3641 841 3712 judice
869 3640 924 3694 in
950 3647 1182 3709 patrem,
1215 3645 1273 3693 ut
1301 3638 1448 3708 pium
1477 3636 1761 3692 conversio
1788 3643 1842 3690 te
1871 3635 2097 3690 demon-

509 3741 662 3800 stret,
695 3747 857 3802 quem
885 3737 1128 3801 potestas
1153 3729 1448 3784 terribilem
1476 3727 1852 3782 comminatur.
1879 3725 2100 3780 Conver-

514 3835 637 3893 tere,
662 3824 901 3889 Domine;
928 3820 1092 3877 libera
1119 3823 1348 3875 animam
1389 3837 1572 3875 meum.
1620 3820 1695 3874 De
1729 3818 1938 3874 inferno
1967 3817 2102 3874 infe-

510 3918 663 3976 riori.
697 3916 912 3973 Salvum
939 3932 1022 3970 me
1043 3916 1125 3988 {ac
1147 3923 1356 3986 propter
1380 3912 1785 3968 misericordiam
1802 3921 1960 3966 tuam.
1984 3910 2098 3966 Non

511 4017 737 4082 propter
775 4008 1028 4064 meritum
1056 4021 1253 4073 meum,
1285 4020 1445 4076 quem
1477 4004 1630 4059 labor
1658 4003 1840 4069 aflicit,
1872 4004 2102 4073 gemitus

508 4101 738 4166 sauciat,
761 4100 979 4155 solvunt
999 4097 1267 4170 lacrymze,
1299 4097 1379 4152 ira
1399 4095 1600 4163 turbat,
1632 4095 1906 4166 impugnat
1933 4095 2102 4150 inimi-

511 4209 626 4251 cus.
675 4190 785 4248 Sed
818 4191 923 4248 hoc
961 4197 1023 4246 ut
1051 4189 1272 4257 clareat,
1318 4189 1435 4260 ipsa
1480 4187 1760 4259 prophetae
1786 4187 2105 4242 decantetur

515 4287 708 4343 oratio.
744 4283 959 4340 Salvum
994 4299 1076 4339 me
1115 4285 1201 4355 {ac
1233 4290 1444 4354 propter
1487 4278 1899 4334 misericordiam
1939 4288 2098 4334 tuam.

515 4377 732 4446 Quare?
762 4373 898 4442 Quia
937 4393 1042 4431 non
1083 4385 1161 4430 est
1203 4376 1258 4429 in
1286 4384 1450 4430 morte
1477 4375 1563 4446 qui
1605 4390 1801 4429 memor
1827 4374 1894 4428 sit
1925 4374 2015 4440 tui,
2046 4373 2101 4426 in

515 4470 722 4540 inferno
755 4477 926 4522 autem
964 4468 1078 4540 quis
1119 4467 1442 4538 confitebitur
1476 4465 1605 4520 tibi?
1643 4463 1899 4518 Laboravi
1925 4465 1982 4518 in
2010 4481 2102 4536 ge-

517 4561 645 4615 mitu
685 4575 816 4626 meo,
851 4555 1034 4612 lavabo
1067 4573 1161 4628 per
1199 4557 1429 4628 singulas
1459 4564 1633 4612 noctes
1679 4554 1863 4608 lectum
1903 4572 2102 4609 meum:

517 4650 762 4723 lacrymis
808 4651 935 4705 meis
993 4658 1216 4705 stratum
1261 4666 1426 4704 meum
1481 4647 1682 4721 rigabo.
1739 4647 1854 4703 Hoc
1893 4647 2108 4703 dicebat

518 4752 738 4800 sanctus
765 4742 934 4798 David
961 4742 1015 4797 in
1043 4741 1210 4812 regali
1249 4741 1454 4796 vertice
1489 4740 1814 4796 constitutus
1851 4758 1864 4792 :
1896 4740 1987 4810 qui
2027 4741 2107 4795 sic

518 4836 714 4907 agebat
741 4834 1098 4906 principatum
1123 4833 1408 4905 potestatis
1436 4832 1702 4898 humanm,
1721 4838 1779 4886 ut
1808 4832 1861 4886 in
1891 4848 1949 4887 se
1977 4847 2104 4886 san-

517 4928 764 4985 ctitatem
791 4926 1040 4998 spiritus,
1081 4926 1360 4998 prophetas
1405 4923 1636 4996 gratiam
1674 4925 2002 4991 custodiret,
2052 4933 2108 4980 et

591 5114 618 5144 ι
640 5103 986 5174 Augustinus,
1015 5119 1175 5174 quem
1199 5104 1384 5159 laudat
1409 5103 1489 5158 Du
1509 5102 1780 5158 Hamelius
1811 5103 1898 5160 hic
1931 5121 1944 5157 :
1980 5103 2106 5170 Quis

517 5194 622 5232 non
650 5175 894 5247 intelligit
921 5177 1150 5247 animam
1179 5176 1452 5247 luctantem
1483 5191 1613 5247 cum_
1624 5175 1862 5229 membris
1881 5177 2037 5247 _suis?

589 5247 616 5286 δ
647 5245 737 5302 Sic
778 5243 1186 5311 Genehrardus,
1237 5243 1528 5312 Cocceius,
1576 5244 1828 5311 Grotius,
1880 5245 2100 5315 Pineda,

518 5315 796 5373 Vatablus.
845 5317 1192 5388 Aposiopesis
1211 5316 1519 5388 _familiaris
1563 5317 1896 5388 exspectanti
1947 5319 2102 5372 auxi-

520 5389 726 5460 lium_et
751 5385 932 5460 operti.
955 5385 1392 5460 Confer._Genes.
1418 5403 1542 5454 xxv,
1565 5385 1674 5460 ;“
1696 5386 1852 5442 Luca:
1879 5404 1987 5454 xix,
2013 5388 2098 5443 42.

593 5470 616 5499 ο
656 5456 946 5543 Ιξαειὶὶιιιις,
969 5457 1122 5514 Arias
1142 5457 1446 5525 Montanus,
1470 5465 1522 5513 et
1556 5458 1664 5525 alii,
1707 5469 1998 5514 convertere
2036 5461 2100 5512 ab

520 5547 591 5587 cs
599 5541 649 5584 tu
668 5539 764 5586 ira:
786 5539 903 5586 tum.

591 5603 619 5639 ά
643 5600 889 5675 _S_uorur_n
923 5608 1229 5675 temporum
1261 5615 1529 5658 mrumnas
1561 5608 1617 5657 et
1653 5600 1992 5658 calamitates
2022 5600 2106 5656 lu-

521 5680 614 5742 get
633 5670 1016 5743 Chrysologus.

596 5755 620 5784 ο
660 5741 860 5798 Locum
881 5741 1022 5800 hunc
1041 5745 1234 5814 allegat
1251 5743 1503 5800 Claudius
1523 5744 1604 5798 Du
1621 5742 1752 5814 Vert
1775 5742 2104 5814 Explication

523 5815 612 5872 des
650 5817 901 5869 ceremon.
945 5815 1008 5871 de
1045 5817 1097 5871 la
1133 5812 1313 5882 messe,
1339 5823 1469 5870 tom.
1506 5814 1526 5868 l
1564 5829 1685 5886 pag.
1729 5812 1817 5880 90,
1841 5812 1899 5869 ut
1931 5830 1998 5870 ex
2037 5829 2103 5870 eo

516 5888 718 5958 probet
735 5886 970 5956 psalmos
989 5887 1298 5944 alternatim
1337 5903 1458 5944 cum
1489 5887 1692 5960 populo
1724 5886 1928 5944 clerum
1967 5897 2101 5943 can-

2198 3269 2443 3323 sultemus
2483 3266 2710 3323 Domino
2753 3266 2933 3340 (Psal.
2974 3268 3150 3338 xcw).
3186 3279 3208 3316 ε
3241 3268 3472 3324 Venite:
3515 3269 3655 3337 quo?
3696 3266 3776 3322 vel

2200 3360 2380 3416 unde?
2407 3359 2488 3414 Ex
2515 3367 2590 3425 te,
2622 3359 2804 3426 homo,
2837 3360 2892 3414 in
2919 3369 2994 3428 te,
3025 3360 3118 3414 ubi
3139 3376 3244 3414 non
3267 3360 3509 3416 locorum
3537 3359 3772 3422 mutatio,

2199 3452 2295 3508 sed
2323 3451 2609 3508 conversio
2639 3467 2895 3507 sensuum
2923 3451 3148 3506 adversa
3170 3451 3409 3522 depellit,
3434 3467 3692 3506 mmrores
3709 3448 3774 3503 fu—

2201 3552 2322 3615 gat,
2354 3544 2763 3616 desperationes
2791 3543 2993 3613 abjicit,
3025 3542 3260 3598 excludit
3289 3544 3581 3612 angustias,
3624 3551 3678 3596 et
3703 3542 3773 3594 in-

2203 3642 2310 3690 trat
2363 3635 2694 3691 domicilium
2748 3633 2946 3690 sinceri
2999 3634 3236 3704 pectoris
3258 3674 3273 3698 ,
3343 3633 3542 3688 laetitia:
3595 3632 3774 3686 divina:

2199 3736 2457 3784 aeternam
2497 3735 2765 3799 praeparat
2784 3727 3144 3782 mansionem.
3176 3726 3509 3782 Exsultemus
3540 3724 3771 3779 Domino.

2201 3819 2269 3874 Et
2299 3821 2388 3875 ubi
2409 3827 2493 3876 est
2535 3819 2697 3874 illud:
2741 3819 2888 3874 Beati
2930 3821 3017 3892 qui
3044 3820 3217 3892 lugent
3247 3817 3466 3892 (Matth.
3497 3817 3586 3890 v),
3609 3827 3665 3873 et
3697 3817 3775 3869 Vir

2200 3912 2340 3969 vobis
2369 3915 2454 3986 qui
2489 3912 2668 3967 ridetis
2700 3911 2863 3983 (Luc.
2899 3912 3037 3984 vt)?
3084 3910 3251 3968 Plane
3289 3912 3436 3968 beati
3475 3913 3568 3982 qui
3608 3912 3778 3980 lugent

2203 4004 2424 4071 mundo,
2453 4012 2508 4059 et
2534 4019 2615 4058 vae
2643 4003 2735 4074 qui
2765 4003 2944 4059 rident
2971 4003 3205 4059 mundo:
3237 4003 3334 4060 sed
3374 4002 3520 4058 beati
3560 4003 3652 4072 qui
3691 4016 3776 4056 ex-

2203 4099 2404 4154 sultant
2432 4097 2678 4164 Domino,
2711 4098 2801 4168 qui
2833 4098 3079 4154 nesciunt
3104 4097 3172 4154 de
3199 4097 3423 4168 rapinis,
3456 4095 3699 4152 nesciunt
3722 4093 3782 4148 de

2203 4191 2498 4249 fraudibus.
2524 4191 2775 4246 nesciunt
2802 4190 2975 4246 laetari
3014 4191 3082 4247 de
3122 4191 3374 4262 lacrymis
3400 4189 3776 4262 proximorum.

2206 4280 2534 4337 Exsultemus
2563 4281 2806 4336 Domino.
2832 4281 2926 4337 Ille
2960 4281 3194 4337 exsultat
3220 4281 3452 4336 Domino
3485 4280 3577 4350 qui
3603 4278 3777 4338 verbo.

2206 4383 2350 4437 actu,
2370 4389 2554 4444 opere,
2569 4389 2676 4429 non
2705 4373 2935 4439 sibi,sed
2955 4389 3056 4429 suo
3085 4373 3320 4428 exsultat
3351 4373 3579 4429 auctori.
3603 4369 3783 4425 Exsul-

2211 4474 2369 4519 temus
2397 4463 2640 4520 Domino.
2672 4465 2767 4520 llle
2795 4465 3033 4519 exsultat
3061 4463 3316 4528 Domino,
3348 4463 3434 4519 cui
3462 4463 3578 4518 sola
3604 4471 3660 4517 et
3678 4469 3782 4515 tota

2211 4557 2395 4612 lmtitia
2417 4573 2631 4628 semper
2645 4565 2726 4612 est
2742 4557 2900 4612 Deus.
2920 4555 3226 4621 Jubilemus,
3245 4556 3438 4626 inquit,
3457 4553 3567 4610 Deo
3580 4551 3784 4609 salutari

2211 4659 2409 4704 nostro.
2460 4648 2575 4704 Non
2606 4658 2689 4704 est
2733 4649 2914 4704 ovium
2949 4665 3055 4705 vox
3085 4648 3222 4714 ista,
3266 4649 3500 4719 pastoris
3529 4655 3647 4704 est:
3701 4641 3788 4712 qui

2212 4739 2241 4780 δ
2261 4742 2403 4798 dulci
2421 4741 2613 4812 jubilo,
2641 4751 2698 4798 et
2718 4743 2865 4798 varia
2886 4741 3278 4808 modulatione,
3314 4750 3411 4797 aut
3430 4755 3644 4812 gregem
3664 4754 3787 4810 pro-

2211 4835 2360 4892 ducit
2386 4835 2454 4891 ad
2483 4852 2702 4906 pascua,
2743 4844 2836 4891 aut
2873 4835 2973 4890 sub
3025 4851 3249 4891 nemore
3301 4834 3560 4890 umbroso
3602 4831 3790 4887 fessum

2213 4942 2377 4998 pecus
2405 4929 2604 4983 retinet
2631 4927 2701 4982 ad
2730 4929 2987 4998 quietem,
3013 4936 3106 4984 aut
3136 4930 3245 4984 alta
3273 4928 3493 4984 collium
3531 4925 3792 4983 salubrio-

2214 5113 2359 5188 tasse
2386 5107 2567 5188 :quod
2598 5125 2628 5163 a
2663 5124 2749 5164 me
2783 5110 2909 5164 alibi
2931 5110 3298 5188 observatum.
3321 5111 3451 5167 Inde
3471 5110 3794 5188 Augustinus

2213 5179 2266 5233 in
2287 5179 2477 5248 psalm.
2503 5195 2643 5251 cxxx,
2668 5197 2813 5251 quem
2835 5181 2988 5235 modo
3009 5182 3153 5236 nobis
3188 5191 3454 5238 cantatum
3492 5179 3794 5244 altilium

2211 5259 2260 5301 et
2283 5250 2541 5332 cantando
2572 5250 2945 5332 respondimus:

2287 5319 2305 5356 ί
2347 5317 2545 5398 ρωηθε
2578 5317 2745 5398 editi:
2788 5320 3321 5398 Exstitit__cantilena.
3361 5324 3566 5398 Aperta
3593 5320 3799 5378 vulneri

2211 5404 2310 5444 nec
2348 5389 2474 5444 Mita
2497 5392 2733 5446 medicas
2752 5407 2942 5447 manus
2963 5393 3222 5449 adhibuit.

2280 5470 2305 5507 ε
2346 5459 2440 5515 Est
2467 5463 2608 5516 enim
2632 5463 2684 5517 in
2706 5462 2914 5532 psalmo
2934 5480 3038 5518 vox
3059 5465 3176 5520 haec
3194 5465 3465 5522 hortantis
3484 5472 3542 5522 et
3559 5464 3804 5522 excitan-

2214 5530 2398 5615 tisﬂad.
2424 5530 2748 5615 peragenda.
2783 5533 2924 5615 ‘lflam
2961 5537 3063 5615 eia,
3096 5553 3192 5608 age
3206 5537 3672 5615 !_apud_Hebt-aeos
3714 5534 3802 5588 his

2211 5605 2547 5684 potissimum
2570 5605 2866 5684 particulis,
2889 5607 3021 5671 veni,
3052 5605 3204 5684 surge
3215 5608 3241 5684 _!
3261 5605 3492 5684 exprimi
3513 5609 3663 5663 solet.

2284 5670 2321 5746 h_
2348 5670 2820 5746 Jubilus,'argutus
2841 5670 3023 5743 sonus,
3048 5670 3188 5732 unde
3206 5670 3457 5746 jnbilare,
3481 5687 3700 5735 cantare
3743 5677 3805 5730 in

2207 5744 2399 5814 psalm.
2427 5762 2546 5799 va.
2579 5745 2813 5820 anilum
2837 5749 3118 5820 pastoralis
3154 5744 3661 5820 agrestisquevocis
3699 5762 3804 5820 so-

2210 5831 2336 5891 num
2360 5832 2745 5891 nuncupamus.
2770 5816 2977 5891 Laudat
2997 5819 3140 5876 hunc
3158 5816 3336 5876 locum
3370 5816 3451 5877 Du
3481 5818 3715 5891 Cangius
3746 5819 3808 5872 in

2206 5885 2482 5945 Glossario
2510 5885 2642 5944 tom.
2665 5888 2709 5944 ll
2728 5889 2817 5945 col-
2864 5887 2983 5944 '39.

3895 402 3901 612 ι
