3902 6362
21 5023 38 5216 ἒ

23 5245 48 6301 ἱ

194 324 281 391 δίε

1581 309 1812 382 SERMO
1851 323 2036 382 XLVI.

3329 321 3436 389 330

194 450 253 505 ris
276 440 525 515 graminis
552 440 802 497 hortatur
829 439 1122 511 cupiditate
1149 441 1532 510 conscendere,
1564 449 1657 497 aut
1684 442 1751 497 ad
1777 445 1830 504 Α
1855 443 1924 496 tis
1962 442 2244 511 qumsitum
2263 483 2276 508 ,
2327 441 2602 496 inventum
2620 484 2634 508 ,
2678 447 2731 498 et
2761 457 2870 497 non
2912 457 2942 496 a
2988 442 3100 498 Deo
3137 443 3438 500 conditum.

192 539 370 595 devexa
394 531 616 590 vallium
655 533 856 588 sensim
881 541 998 588 tota
1034 534 1360 590 necessitate
1400 533 1747 591 descendere.

193 629 279 688 Sed
301 628 469 683 beata:
494 634 620 681 sunt
651 641 780 682 oves
808 625 936 693 illzc,
969 641 1088 696 qua:
1115 628 1198 684 sui
1234 643 1423 684 vocem
1463 627 1752 682 admittunt

191 720 414 796 pastoris,
447 719 756 786 attrahunt,
800 718 1080 787 nutriunt,
1125 727 1486 790 congregant,
1528 727 1585 775 et
1622 735 1750 775 vere

191 809 374 886 pastori
407 825 512 865 suo
534 809 768 880 juhilant
793 825 807 863 :
839 824 962 878 quae
988 808 1230 880 germina
1250 810 1334 864 sui
1360 810 1540 880 gregis
1566 809 1749 865 Domi-

190 921 246 960 no
261 901 616 972 multiplicare
641 901 960 956 moliuntur.
993 900 1382 956 Prwveniamus
1411 902 1598 974 faciem
1638 902 1750 973 ejus

189 999 230 1052 in
253 996 585 1067 confessione.
617 993 685 1048 Et
711 995 834 1064 quis
858 995 1119 1065 praevenit
1136 1003 1484 1065 peccatorum
1505 996 1752 1064 cognito-

189 1105 297 1154 rem,
329 1095 689 1143 scrutatorem
717 1086 960 1141 cordium
977 1128 992 1153 ,
1024 1086 1415 1156 cogitationum
1441 1087 1751 1154 conscium,

188 1179 464 1235 futurorum
516 1177 831 1248 praescium,
880 1185 1201 1247 praesentem
1261 1193 1476 1248 semper
1528 1184 1584 1233 et
1630 1177 1754 1233 ubi-

189 1271 309 1343 que?
337 1270 449 1326 Sed
474 1269 885 1342 prteveniendus
914 1277 997 1326 est
1028 1287 1136 1326 non
1175 1285 1431 1326 sensuum
1456 1270 1752 1340 vicinitate,

189 1366 267 1424 sed
299 1364 504 1434 ingenii
534 1364 863 1433 sagacitate;
913 1378 1022 1419 non
1053 1363 1344 1419 velocitate
1377 1363 1606 1434 pedum,
1653 1362 1752 1419 sed

189 1456 389 1531 provido
417 1453 776 1512 confessionis
795 1455 1056 1525 obsequio
1084 1474 1097 1509 :
1128 1455 1396 1525 siquidem
1433 1471 1542 1512 non
1581 1455 1748 1523 dixit,

190 1549 560 1605 Prnveniamus
587 1562 711 1604 eum
737 1555 948 1602 tantum
964 1589 979 1614 ,
1011 1547 1108 1603 sed
1133 1546 1523 1603 Prwveniamus
1565 1549 1751 1620 faciem

189 1644 276 1714 ejus
291 1643 346 1695 in
377 1641 719 1713 confessione.
751 1638 869 1696 Hoc
895 1647 997 1707 est,
1021 1655 1145 1696 cum
1165 1649 1192 1678 α
1221 1654 1346 1712 spes
1371 1639 1752 1696 misericordiae

1844 521 2032 606 lipsius
2057 543 2134 589 est
2161 551 2322 601 mare,
2344 544 2392 590 et
2418 536 2530 606 ipse
2567 537 2690 607 fecit
2724 535 2887 603 illud,
2918 543 2970 589 et
3007 536 3212 592 aridam
3251 553 3440 593 manu?

1854 633 1964 703 ejus
1995 633 2362 703 formaverunt.
2395 627 2498 684 Ubi
2526 638 2652 684 sunt
2681 638 2706 667 '
2734 629 2826 698 qui
2865 629 3035 684 Deum
3075 629 3145 686 de
3181 630 3439 696 materia,

1853 730 1910 777 et
1936 721 2168 777 maxime
2195 720 2263 777 de
2303 735 2442 790 aqua
2476 718 2771 775 ‘mundum
2793 718 3052 790 ﬁgurasse
3088 719 3442 790 conﬁngunt?

1853 813 1997 871 Deus
2024 821 2211 870 noster
2249 815 2306 870 in
2335 814 2492 878 cmlo,
2526 818 2582 870 et
2609 813 2665 869 in
2698 822 2877 879 terra,
2916 829 3026 869 non
3069 820 3129 868 ut
3168 813 3440 880 inventor,

1854 907 1950 963 sed
1977 915 2036 962 ut
2063 906 2312 963 conditor
2336 905 2596 970 materiae,
2642 920 2710 960 ex
2748 903 2918 960 nihilo
2958 910 3152 960 cuncta
3191 902 3438 975 perfecit.

1864 998 2068 1065 Venite,
2099 998 2290 1068 inquit,
2333 997 2628 1052 adoremus.
2660 995 2790 1063 Quae
2827 1003 3156 1066 sequuntur,
3205 993 3399 1050 fratres
3420 1034 3439 1060 ,

1856 1091 2225 1160 ignorantibus
2245 1089 2414 1145 veluti
2439 1089 2808 1144 immemorem
2835 1088 3156 1159 prophetam
3202 1085 3440 1142 exsulta-

1856 1184 2021 1240 tionis
2053 1197 2164 1239 suae
2188 1182 2384 1249 fuisse,
2427 1181 2831 1245 demonstrant,
2854 1178 2981 1234 dum
3007 1185 3332 1250 provocatos
3372 1177 3442 1233 ad

1858 1275 2050 1348 gaudia
2076 1291 2204 1331 mox
2231 1279 2424 1331 evocat
2444 1272 2514 1328 ad
2539 1271 2802 1344 ploratus.
2844 1269 3046 1336 Venite,
3077 1269 3280 1340 inquit,
3311 1267 3442 1323 ado-

1857 1387 2027 1428 remus
2065 1377 2116 1426 et
2159 1368 2488 1442 procidamus
2540 1373 2662 1421 ante
2700 1381 2849 1433 eum,
2891 1373 2943 1418 et
2969 1364 3227 1436 ploremus
3267 1378 3443 1416 coram

1856 1463 2084 1521 Domino
2113 1463 2199 1536 qui
2227 1463 2349 1535 fecit
2386 1478 2499 1516 nos.
2543 1460 2762 1515 Dixerat
2792 1477 2806 1512 :
2844 1457 3058 1527 Venite,
3089 1457 3443 1522 exsultemus;

1856 1572 2046 1614 verum
2071 1556 2161 1612 hic
2177 1554 2444 1626 propheta
2462 1565 2644 1607 secum
2661 1561 2687 1600 ο
2702 1548 2858 1605 ﬂetus
2876 1565 3094 1606 suorum
3117 1564 3216 1605 nos
3241 1547 3445 1603 deside-

1857 1657 1945 1704 rat
1970 1647 2194 1703 fundere
2221 1643 2572 1714 gaudiorum:
2615 1642 2742 1712 quia
2781 1657 2995 1714 semper
3033 1641 3284 1714 lacrymte
3308 1641 3446 1695 sicut

188 1740 268 1799 est,
304 1747 435 1787 cum
469 1737 683 1803 tempus
731 1739 818 1787 est
855 1731 1046 1799 veniae,
1089 1746 1212 1788 cum
1239 1731 1574 1803 paenitentiae
1600 1731 1754 1787 locus

1872 1741 2050 1797 iolore
2077 1753 2296 1808 magno,
2328 1737 2405 1792 ita
2423 1737 2797 1808 producuntur
2823 1743 2877 1792 et
2915 1734 3112 1804 gaudio
3129 1777 3144 1802 ,
3189 1749 3309 1804 qua:
3338 1734 3445 1788 uti-

188 1833 253 1880 est
271 1866 284 1890 ,
329 1821 696 1880 conﬁteamur
755 1823 933 1894 patri,
991 1837 1062 1878 ne
1115 1821 1352 1894 judicem
1413 1823 1750 1890 sentiamus;

190 1917 456 1989 prodamus
483 1931 606 1987 quae
631 1915 854 1972 fecimus
892 1916 1113 1988 pietati,
1166 1931 1234 1972 ne
1271 1916 1549 1972 severitati
1588 1929 1752 1986 coga-

191 2027 284 2067 mur
306 2010 596 2066 exsolvere
622 2025 743 2079 quae
769 2018 1042 2066 tacemus:
1081 2008 1111 2047 ιι
1144 2008 1387 2065 dicamus
1413 2007 1756 2078 indulgentias

191 2111 411 2173 tempore
438 2099 637 2157 delicta
665 2109 869 2168 nostra,
901 2117 971 2156 ne
997 2100 1045 2157 si
1073 2107 1315 2156 tacemus
1331 2141 1346 2168 ,
1378 2099 1450 2156 ad
1476 2099 1756 2170 excipien-

191 2193 635 2250 damsententiam
661 2190 971 2248 deﬂeamus.
1014 2190 1083 2247 Et
1118 2192 1248 2262 quid
1287 2193 1472 2263 plura,
1514 2190 1758 2248 fratres?

190 2303 276 2344 non
297 2287 536 2358 judicem
553 2329 569 2356 ,
611 2287 706 2343 sed
751 2286 1012 2357 judicium
1054 2303 1156 2343 nos
1201 2288 1455 2342 hortatur
1490 2285 1757 2358 propheta

191 2381 620 2438 clementissimus
657 2382 978 2452 prIevenire.
1023 2379 1095 2435 Et
1137 2383 1194 2436 in
1234 2381 1486 2454 psalmis,
1546 2380 1752 2450 inquit,

187 2473 438 2548 jubilemus
462 2474 532 2529 ei.
564 2471 644 2529 Ne
671 2471 872 2528 indicta
897 2473 1108 2543 pectori
1134 2479 1324 2528 nostro
1365 2471 1751 2528 irrationabilis

188 2564 412 2635 iubilatio
451 2566 782 2623 crederetur.
846 2565 914 2621 In
953 2566 1170 2638 psalmis
1205 2566 1506 2638 jubilemus.
1544 2564 1616 2622 Ut
1638 2576 1662 2606 ο
1699 2567 1756 2621 in

189 2659 386 2730 psalmis
430 2658 672 2715 divinum
697 2666 918 2715 resonet
947 2667 1376 2726 sacramentum,
1409 2667 1465 2714 et
1496 2657 1643 2727 quod
1688 2655 1758 2714 ad

189 2757 482 2820 provectum
531 2749 723 2806 salutis
771 2750 982 2806 animos
1029 2758 1350 2820 promoveat
1401 2749 1756 2805 audientium.

193 2841 430 2909 Quoniam
449 2841 611 2910 Deus,
641 2844 834 2914 inquit,
865 2860 1084 2916 magnus
1113 2842 1390 2899 Dominus.
1446 2842 1546 2899 Hic
1583 2843 1760 2899 domi-

193 2935 288 2989 nici
310 2935 547 3006 corporis
568 2935 746 3004 aperit
775 2941 1171 2990 sacramentum
1189 2976 1205 3002 ,
1243 2936 1370 3005 quia
1414 2936 1560 2991 Deus
1598 2936 1763 2992 etiam

1854 1848 1960 1904 que
1987 1831 2186 1887 interni
2212 1828 2450 1902 pectoris
2477 1835 2771 1899 exponunt,
2803 1833 2859 1882 et
2885 1833 3154 1882 testantur
3174 1824 3443 1880 affectum.

1857 1925 1961 1994 Qui
1988 1937 2119 1994 ergo
2145 1921 2414 1994 lapidibus
2440 1919 2957 1991 prosternebantur,
3002 1925 3057 1973 et
3083 1917 3262 1987 lignis,
3311 1930 3446 1972 vero

1855 2015 2076 2072 tandem
2111 2015 2226 2070 Deo
2255 2013 2490 2082 cognito,
2534 2011 2650 2067 vult
2676 2027 2776 2068 nos
2804 2011 3052 2076 adorare,
3087 2009 3368 2081 procidere
3390 2017 3448 2064 et

1857 2106 1890 2148 ¹ι
1903 2121 2196 2180 repensare
2206 2105 2477 2177 lacrymis,
2497 2111 2658 2173 atque
2685 2103 2940 2159 continuo
2961 2101 3265 2157 devotionis
3285 2101 3447 2158 obse-

1859 2201 2008 2272 quio,
2023 2199 2168 2270 quod
2182 2199 2273 2254 diu
2290 2196 2516 2265 etlongo
2531 2203 2776 2266 tempore
2788 2194 3140 2264 negleximus.
3156 2192 3341 2250 Plorat
3361 2209 3447 2249 er—

1861 2306 1951 2364 go,
1968 2291 2094 2347 dum
2113 2289 2181 2346 de
2196 2287 2483 2360 prmteritis
2513 2286 2755 2357 poenitet,
2773 2284 2974 2356 gaudet
2987 2283 3055 2341 de
3067 2284 3443 2364 praesentibus,

1859 2361 2054 2440 aestuat
2081 2389 2138 2438 et
2164 2379 2358 2436 metuit
2383 2379 2450 2436 de
2489 2375 2700 2434 futuris.
2739 2374 2997 2432 Perfectus
3029 2384 3209 2432 autem
3249 2361 3454 2431 laetitias

1861 2474 2020 2532 ﬂetus
2047 2473 2212 2529 fuisse
2241 2487 2310 2528 ex
2330 2469 2682 2542 sequentibus
2703 2469 2782 2525 sic
2809 2467 3216 2525 demonstrant:
3242 2465 3446 2535 Venite,

1861 2568 2138 2623 adoremus
2165 2574 2216 2620 et
2243 2565 2573 2636 procidamus
2597 2569 2718 2616 ante
2743 2578 2879 2628 eum,
2916 2570 2967 2616 et
2991 2561 3251 2634 ploremus
3280 2575 3456 2616 coram

1860 2660 2086 2716 Domino
2113 2660 2200 2732 qui
2231 2658 2478 2731 fecitnos.
2509 2655 2580 2710 Et
2598 2655 2755 2726 quasi
2781 2656 3224 2726 interrogaretur,
3242 2654 3452 2725 quare?

1859 2751 2038 2808 reddit
2064 2765 2274 2818 causas,
2307 2749 2482 2820 aperit
2507 2749 2748 2804 rationes
2766 2767 2780 2802 :
2801 2743 2937 2813 Quia
2948 2748 3060 2820 ipse
3085 2757 3164 2803 est
3188 2746 3330 2802 Deus
3357 2763 3458 2802 no-

1861 2854 1987 2913 ster,
2017 2853 2068 2899 et
2103 2860 2197 2900 nos
2226 2843 2445 2916 populus
2475 2858 2682 2915 pascua:
2712 2842 2824 2914 ejus
2852 2849 2903 2896 et
2937 2857 3051 2896 oves
3089 2857 3273 2896 manus
3319 2840 3456 2912 ejus.

1863 2935 1946 2992 Ex
1965 2937 2074 2993 hoc
2099 2937 2286 3006 utique
2316 2943 2578 3004 quantum
2606 2933 2835 2990 devotus
2862 2939 2946 2989 est
2972 2932 3064 2988 ille
3101 2932 3195 3002 qui
3236 2931 3458 3002 gaudet,

197 3027 250 3079 in
273 3033 447 3082 nostro
472 3041 704 3097 corpore
743 3041 969 3096 magnus
1004 3025 1284 3082 Dominus.
1327 3026 1392 3081 Et
1419 3045 1513 3082 rex
1543 3044 1762 3100 magnus
1789 3067 1836 3131 Ο
1869 3036 2076 3085 tantum
2099 3037 2248 3085 certe
2275 3028 2368 3098 qui
2389 3027 2742 3083 contristatur
2767 3026 3027 3095 ingratus.
3059 3023 3168 3080 Sed
3194 3023 3310 3094 jam
3337 3037 3463 3093 quas

194 3134 340 3188 super
364 3135 526 3173 omnes
553 3118 695 3174 deos.
727 3116 888 3174 Juxta
928 3118 1088 3174 illud:
1124 3117 1251 3184 Quis
1293 3119 1478 3175 similis
1506 3121 1604 3174 erit
1653 3118 1764 3176 Deo

193 3213 317 3264 inter
336 3211 472 3282 ﬁlios
497 3210 596 3266 Dei
645 3211 817 3285 (Psal.
849 3212 1148 3284 Lxxxvm)?
1195 3212 1321 3282 quia
1354 3228 1543 3269 omnes
1575 3229 1766 3285 super-

197 3317 270 3358 nae
307 3301 335 3340 ιι
373 3305 602 3359 virtutes
629 3320 754 3360 cum
791 3312 985 3373 regant
1011 3311 1259 3372 caeteros,
1289 3304 1420 3374 ipsae
1459 3311 1642 3361 tamen
1677 3320 1770 3361 re-

197 3406 372 3464 guntur
398 3413 430 3452 a
455 3394 697 3453 Christo.
765 3395 902 3462 Quia
949 3399 1005 3452 in
1056 3414 1217 3452 manu
1265 3399 1377 3470 ejus
1424 3406 1544 3453 sunt
1595 3415 1770 3454 omnes

195 3486 309 3554 ﬁnes
333 3494 503 3542 terrae.
536 3485 676 3553 Quia
701 3501 821 3557 qua:
861 3487 918 3542 in
951 3502 1118 3542 manu
1157 3487 1256 3543 Dei
1301 3494 1457 3555 sunt,
1505 3488 1622 3545 sine
1657 3487 1771 3544 Deo

197 3584 447 3646 nequeunt
475 3577 711 3632 obtineri
737 3577 786 3632 si
824 3576 1052 3634 dilatare
1082 3577 1238 3646 ﬁnes,
1263 3579 1310 3634 si
1337 3593 1632 3650 prorogare
1651 3587 1767 3635 ter-

194 3670 368 3736 minos,
403 3671 453 3726 si
494 3669 868 3725 desideramus
896 3670 1098 3726 amissa
1129 3685 1412 3727 revocare.
1443 3670 1614 3726 Deum
1641 3685 1770 3740 ergo

193 3759 302 3816 ﬁdei
321 3761 527 3817 viribus
548 3760 933 3832 deprecemur,
968 3776 1068 3832 per
1108 3760 1264 3830 cujus
1305 3759 1567 3818 oifensam
1614 3761 1771 3817 nobis

193 3851 278 3907 ista
303 3852 644 3924 depereunt;
687 3859 742 3908 et
770 3851 939 3924 ipsius
966 3852 1357 3924 propitiatione
1383 3851 1612 3908 redeunt
1652 3867 1772 3906 am-

194 3943 358 4013 pliata,
390 3945 487 4015 qui
515 3944 610 4000 dat
636 3944 776 4001 sicut
804 3945 939 4012 vult,
970 3944 1131 4013 tollit,
1164 3951 1219 4000 et
1239 3960 1360 4000 cum
1387 3945 1538 4012 vult;
1569 3944 1617 4000 si
1643 3943 1771 4000 red-

194 4034 306 4092 dere
331 4052 446 4092 non
485 4042 703 4107 potest,
753 4036 1100 4107 omnipotens
1142 4052 1254 4092 non
1293 4036 1556 4103 habetur;
1606 4036 1776 4092 multa

194 4125 304 4182 iacit
330 4127 400 4184 ad
427 4143 542 4184 suae
567 4127 868 4197 majestatis
896 4127 1169 4195 indicium,
1203 4127 1272 4183 ad
1299 4133 1498 4183 nostra:
1518 4127 1775 4184 emenda-

195 4219 340 4276 tionis
366 4229 426 4276 et
451 4221 812 4276 correctionis
839 4219 1166 4291 exemplum.
1198 4219 1408 4274 Vacant
1428 4220 1604 4275 aliena
1633 4235 1776 4290 pra:-

193 4312 343 4382 sidia,
396 4314 446 4371 si
499 4315 675 4370 nostri
725 4315 870 4384 regis
925 4330 1034 4369 non
1089 4314 1439 4370 subvenerint
1478 4315 1772 4386 adjutoria.

197 4399 440 4468 Quoniam
467 4407 634 4477 ipsius
653 4414 732 4460 est
757 4422 920 4472 mare,
944 4416 995 4459 et
1013 4407 1123 4477 ipse
1149 4406 1274 4478 fecit
1306 4405 1458 4461 illud.
1504 4405 1584 4462 Ne
1617 4413 1778 4478 pute-

1871 3121 2126 3178 admonet
2153 3120 2434 3176 audiamus
2462 3119 2726 3173 intentius
2748 3136 2759 3170 :
2784 3116 2959 3172 Hodie
2976 3117 3023 3172 si
3041 3133 3213 3171 uocem
3233 3115 3344 3186 ejus
3366 3131 3464 3168 au-

1871 3215 2090 3281 dieritis,
2109 3213 2269 3270 nolite
2282 3212 2536 3268 obdurare
2555 3209 2714 3266 corda
2733 3218 2918 3276 vestra,
2941 3211 3077 3264 sicut
3094 3210 3150 3264 in
3168 3208 3465 3264 irritatione

1871 3306 2152 3362 secundum
2189 3305 2328 3360 diem
2350 3305 2648 3359 tentationis
2678 3303 2734 3358 in
2765 3302 2986 3369 deserto,
3022 3301 3111 3356 ubi
3147 3307 3469 3356 tentaverunt

1870 3415 1952 3452 me
1982 3405 2158 3470 patres
2179 3397 2335 3451 vestri
2356 3412 2375 3450 .'
2398 3392 2762 3468 probaverunt,
2779 3391 3105 3448 oetviderunt
3137 3407 3296 3464 opera
3323 3406 3464 3446 mea.

1875 3490 2237 3565 Quadraginta
2251 3492 2403 3546 annis
2421 3490 2686 3562 proximus
2705 3490 2781 3562 fui
2795 3487 3116 3561 generationi
3130 3485 3231 3553 illi,
3248 3493 3300 3541 et
3319 3481 3430 3539 dimi
3447 3500 3469 3538 :

1874 3585 2093 3657 Semper
2111 3584 2165 3638 hi
2186 3590 2365 3638 errant
2385 3581 2540 3637 corde
2561 3597 2580 3647 ;
2611 3581 2713 3652 ipsi
2731 3595 2850 3634 vero
2871 3594 2976 3634 non
2997 3585 3342 3650 cognoverunt
3358 3575 3470 3630 vias

1874 3693 2015 3732 meas
2036 3674 2218 3750 quibus
2232 3675 2410 3747 juravi
2437 3674 2494 3728 in
2513 3674 2597 3727 ira
2616 3687 2751 3738 mea,
2773 3671 2821 3725 si
2839 3667 3128 3724 introibant
3158 3669 3213 3722 in
3244 3667 3473 3739 requiem

1876 3785 2062 3824 meam.
2085 3766 2221 3823 Cum
2241 3765 2392 3832 dicit,
2427 3763 2609 3830 hodie,
2632 3771 2689 3819 te
2715 3761 2986 3828 convenit,
3010 3761 3080 3817 ad
3117 3767 3172 3816 te
3208 3759 3468 3830 loquitur,

1877 3860 2207 3930 quicumque
2243 3858 2410 3914 homo
2443 3871 2504 3912 es
2542 3854 2787 3922 auditor,
2823 3870 2893 3909 ne
2924 3852 3110 3909 audita
3144 3867 3282 3909 voce
3319 3851 3470 3922 ejus,

1877 3957 2222 4022 contemptus
2257 3955 2501 4013 reatum,
2545 3945 2900 4004 contumacia:
2940 3944 3145 3999 crimen
3189 3943 3432 3998 incurras
3451 3982 3471 4010 ,

1877 4059 2038 4114 quem
2058 4060 2169 4100 non
2205 4050 2498 4115 praecepta,
2534 4055 2696 4110 quem
2726 4053 2837 4095 non
2869 4037 3108 4092 correxit
3139 4035 3470 4106 exemplum.

1875 4137 2012 4192 Nam
2031 4137 2102 4192 ob
2120 4137 2226 4192 hoc
2244 4134 2525 4190 Iudaicam
2546 4131 2800 4188 duritiem
2820 4129 2986 4197 longo
3005 4141 3258 4183 sermone
3278 4141 3474 4182 narra-

1877 4228 1974 4294 vit,
1998 4233 2058 4282 ut
2077 4235 2151 4295 te,
2175 4226 2500 4290 Christiane,
2523 4222 2727 4279 faceret
2746 4219 3064 4286 cautiorem,
3088 4217 3178 4274 cui
3195 4233 3306 4273 non
3334 4231 3475 4288 qua-

1878 4315 2124 4384 draginta
2145 4315 2299 4370 annis
2317 4323 2527 4369 tantum
2545 4316 2915 4378 conversatur,
2938 4313 2994 4364 et
3013 4307 3290 4365 cohabitat
3309 4307 3471 4372 Deus.

1879 4408 1976 4464 sed
1995 4416 2112 4464 toto
2132 4408 2257 4464 vitae
2274 4413 2520 4478 tempore
2539 4410 2717 4476 paret,
2750 4409 2806 4458 et
2823 4400 3023 4458 militat
3040 4400 3112 4458 ad
3130 4399 3380 4457 salutem.

256 4573 281 4603 ι
316 4564 437 4620 Non
469 4561 883 4636 praeveniendum
918 4567 1002 4636 est
1035 4561 1382 4636 Dominusin
1417 4560 1779 4636 sensul’ela-
1806 4565 1861 4628 ι)
1883 4561 2070 4636 homil.
2103 4561 2130 4636 _i
2159 4568 2298 4636 _tom_.
2329 4558 2406 4625 V;
2431 4557 2660 4636 'l‘heod.,
2683 4557 2912 4636 Aljmr‘es.
2945 4554 3134 4612 Fabul.
3168 4555 3262 4636 lib.
3286 4571 3323 4636 li
3353 4569 3474 4636 cap.

194 4632 490 4704 gianorum,
507 4634 603 4704 qui
623 4650 653 4688 a
673 4633 844 4688 libero
863 4633 1086 4688 arbitrio
1105 4633 1336 4701 gratiam
1371 4632 1656 4702 praeveniri
1676 4648 1777 4702 pu-

194 4711 336 4776 tant;
375 4706 468 4762 sed
498 4721 616 4759 cum
658 4714 860 4776 tempus
899 4712 980 4776 est
1012 4707 1430 4776 _ueniaa,‘etcum
1466 4705 1780 4776 pestilentia:

198 4775 326 4830 locus
346 4787 442 4842 est,
467 4784 530 4832 ut
549 4773 713 4846 paulo
732 4773 980 4844 superius
999 4773 1384 4846 Chrysologus.

259 4847 288 4886 1³
307 4847 404 4903 His
424 4855 482 4903 et
501 4844 854 4916 sequentibus
873 4844 1188 4901 auricularis
1208 4844 1564 4916 confessionis
1585 4844 1777 4914 dogma

199 4935 259 4991 ex
290 4915 632 4991 Chrysalogo
674 4917 1178 4991 apertelirmatur,
1209 4915 1476 4991 _quidquid
1513 4916 1784 4991 blaterent

197 4985 688 5058 hethero'doxi,’qui
716 4985 841 5043 loca
875 4987 990 5058 haec
1029 4989 1084 5042 in
1117 4985 1318 5040 malum
1348 5001 1566 5058 sensum
1598 4987 1782 5041 detor-

195 5070 370 5130 quent,
413 5068 476 5116 ut
509 5057 636 5115 inde
669 5059 916 5114 nutantia
954 5057 1124 5115 fulcra
1161 5063 1381 5128 petant,
1430 5057 1575 5113 unde
1593 5072 1785 5113 eorum

197 5133 470 5188 mendacia
509 5131 751 5186 funditus
789 5137 1124 5186 evertuntur.

261 5215 284 5243 α
324 5202 429 5259 Ms.
445 5202 682 5273 Cazsen.,
704 5204 762 5257 in
789 5202 991 5273 primis.
1015 5199 1566 5258 ConsonatVallicell.
1585 5197 1784 5255 Adhae-

196 5275 356 5330 simus
378 5273 607 5329 editioni
626 5272 835 5328 Bonon.
861 5272 915 5325 1.

259 5343 286 5381 ἀ
324 5344 538 5414 Angeli,
563 5344 772 5399 scilicet
797 5344 1213 5414 superioresque
1240 5350 1558 5414 potestates.

261 5426 285 5453 ε
325 5415 590 5470 Mundam
604 5415 672 5471 de
691 5415 1070 5484 praeexistente
1091 5416 1316 5469 materia
1350 5430 1381 5469 a
1417 5414 1530 5469 Deo
1561 5427 1784 5484 compa-

195 5493 339 5541 ctum
370 5485 534 5542 fuisse
566 5483 800 5541 sensisse
821 5485 1148 5541 Marcionem
1175 5493 1405 5541 testatur
1425 5483 1788 5539 Tertullianus

193 5557 280 5613 lib.
325 5575 359 5613 v
385 5558 597 5614 advers.
622 5557 869 5628 eumdem
891 5571 1009 5626 cap.
1049 5557 1136 5611 l9.
1177 5556 1236 5613 In
1255 5558 1358 5612 hac
1395 5557 1600 5628 pariter
1630 5554 1790 5628 blan-

193 5629 362 5684 dienti
399 5629 592 5685 haeresi
625 5627 774 5684 fuere
808 5625 1195 5697 Hermogenes,
1238 5625 1430 5683 eodem
1465 5625 1794 5696 astipulante

196 5697 532 5755 Tertulliano
552 5706 742 5755 contra
769 5698 1206 5754 Valentinianum
1239 5714 1360 5769 cap.
1394 5697 1481 5764 15,
1519 5705 1578 5769 et
1603 5701 1796 5751 contra

195 5771 452 5841 eumdem
483 5771 881 5841 Hermogenem
907 5785 1038 5841 cap.
1078 5769 1129 5837 1,
1165 5776 1238 5841 et
1265 5767 1334 5825 de
1358 5767 1792 5841 praescriptione,

197 5855 317 5915 cap.
352 5840 464 5907 '53;
485 5849 540 5896 et
564 5840 864 5908 Manichaei,
889 5840 956 5897 de
976 5840 1173 5912 quibus
1191 5840 1314 5900 vide
1347 5840 1797 5916 Chrysostomum

565 5932 842 5996 Panos.
886 5932 1018 5999 ιιι.

1882 4633 1990 4700 26;
2021 4623 2399 4703 Epiphaniam,
2448 4623 2654 4703 haeres.
2678 4623 3125 4703 66;_ij$senum
3168 4626 3237 4682 de
3282 4623 3472 4696 Opiﬁc.

1883 4697 2099 4759 Homin'.
2124 4697 2245 4773 cap.
2275 4700 2362 4767 22,
2387 4699 2582 4773 tom.__l
2601 4713 2726 4770 pag.
2758 4697 2883 4773 105⁷
2899 4705 2955 4754 et
2975 4697 3094 4752 106.

1960 4773 1980 4812 ί
2021 4765 2214 4828 Cicero
2235 4773 2326 4827 lib.
2350 4765 2400 4826 ἰι
2432 4771 2501 4826 de
2520 4765 2721 4825 Natura
2742 4769 2970 4826 deorum
2998 4783 3118 4839 cap.
3157 4766 3256 4822 1οε
3292 4765 3482 4822 Thales

1885 4843 2144 4928 Hilesius,
2177 4843 2486 4928 qui‘primus
2515 4842 2580 4896 de
2620 4841 2808 4928 talibus
2837 4839 2986 4928 rebus
3015 4839 3265 4928 quaesiuit,
3292 4854 3482 4928 aquam

1887 4916 2021 4970 dixit
2047 4931 2160 4971 esse
2186 4911 2395 4969 initium
2440 4929 2631 4977 rerum,
2671 4911 2841 4966 Deum
2879 4911 3050 4965 autem
3095 4924 3209 4962 eam
3255 4918 3482 4962 mentem

1885 5004 2000 5060 qua:
2021 4987 2452 5060 de_aqua_cuncta
2481 4981 2728 5060 ﬁngebat.
2753 4983 2812 5060 id
2843 4988 3033 5060 autem
3053 4979 3314 5060 hausisse
3332 4978 3486 5060 vide:

1884 5046 1978 5114 tur
1995 5046 2349 5183 philosophus
2376 5056 2442 5110 ab
2480 5046 2581 5109 illo
2611 5055 2732 5109 loco
2761 5053 2960 5108 Mosis:
2994 5051 3224 5133 Spiritus
3265 5046 3490 5103 Domini

1891 5132 1998 5183 fere
2034 5138 2151 5183 atur
2182 5143 2336 5183 super
2363 5141 2542 5183 aauas.
2566 5123 2802 5180 Consule
2822 5123 2966 5183 apud
2996 5120 3245 5176 Tilladet.
3272 5125 3404 5174 tom.
3443 5119 3490 5174 ll

1889 5119 2151 5209 ferebar:
2182 5119 2542 5209 seraeque.-
2566 5119 3404 5209 ορειεεὲς.ερμάητῖυῖιεῖθξοέίξιξὲν
3443 5119 3493 5174 ιι

1886 5189 2010 5272 pag.
2041 5198 2146 5253 222
2165 5189 2451 5269 epistolam
2486 5195 2686 5263 Huetii,
2710 5189 2951 5251 Gilberto
2969 5190 3183 5264 Cupero
3203 5189 3407 5245 datam.

1962 5281 1988 5318 ε
2028 5268 2108 5324 Ex
2128 5271 2404 5324 insnerato
2424 5267 2620 5324 gaudio
2641 5268 2909 5324 lacrvmas
2955 5262 3154 5318 effundi
3187 5261 3303 5324 jam
3334 5275 3490 5316 com-

1962 5281 1988 5318 ε
2028 5277 2108 5325 Ex
2128 5277 2404 5341 insperato
2424 5277 2620 5338 gaudio
2642 5277 2909 5338 lacrymas
2955 5277 3154 5318 euunai
3187 5277 3303 5331 jam
3334 5277 3489 5316 com—

1928 5348 2104 5396 ertum
2143 5348 2244 5397 est.
2304 5339 2583 5395 Laudatur
2627 5339 2778 5394 locus
2831 5337 2939 5402 hic,
2981 5341 3037 5390 et
3093 5333 3397 5388 illustratur
3455 5345 3489 5386 ι

1928 5427 2130 5456 agnam
2157 5410 2378 5456 Rnrihin
2420 5409 2638 5456 Advem-
2660 5409 2753 5456 lih.
2795 5423 2904 5456 XLII
2940 5420 3059 5456 can.
3091 5402 3285 5456 21001.
3323 5400 3485 5456 1911.

1939 5402 3488 5550 aestimantur3.12;.za.:aa.?:.si;sit}:

1893 5556 2068 5612 mistae
2104 5554 2302 5618 verbis,
2347 5553 2636 5616 adoremus,
2686 5543 3036 5621 providemus,
3077 5546 3357 5621 p_loremu_s,
3389 5543 3490 5600 do-
3531 5587 3538 5595 .

1897 5629 2008 5683 ceri
2054 5643 2186 5693 nos,
2230 5616 2296 5679 10'
2332 5616 2736 5693 venerationem
2774 5627 2830 5674 et
2855 5616 3489 5693 _cultum’Deo‘tribuen-

1898 5699 2026 5754 dum
2049 5716 2064 5766 ;
2103 5688 2309 5752 20'non
2337 5695 2512 5750 solum
2540 5691 2737 5766 cordis,
2779 5691 2874 5749 sed
2901 5698 2958 5748 et
2987 5688 3248 5749 exteriori
3267 5700 3490 5760 compo-

1902 5764 2133 5839 sitione;
2177 5770 2238 5824 ὅθ
2262 5778 2315 5824 et
2361 5764 2627 5822 lacrvmis.
3463 5766 3492 5773 "

2985 5935 3055 6000 11

3502 5799 3524 5825 Α
