3942 6348
464 325 564 384 35!

1032 427 1264 485 SERMO
1292 425 1499 482 XLVII.

532 527 612 582 De
639 523 902 598 parabolis
929 524 1150 606 inventas
1177 520 1481 590 margaritis
1506 526 1558 572 et
1583 533 1791 590 sugente
1808 519 1984 573 missa:

1127 606 1186 646 tn
1211 605 1379 645 mare.

529 710 774 768 Christus
801 709 944 765 Deus
967 714 1172 773 noster,
1211 703 1360 775 quod
1380 701 1596 770 cmlum,
1629 710 1850 770 terram,
1881 719 2051 772 mare,

461 810 516 858 et
545 803 598 857 in
620 803 699 860 eis
718 813 958 869 magnas,
987 797 1200 860 multas,
1223 795 1404 851 varias
1424 794 1727 851 condiderit
1753 805 2051 864 creaturas,

388 889 398 962 ί
457 895 700 951 miranda
730 891 987 964 potentiae
1014 907 1126 946 sure
1164 890 1490 946 documenta
1519 892 1876 946 monstravit:
1908 893 2054 962 quod

456 1003 584 1042 vero
614 987 847 1040 humana
903 983 1150 1055 suscipit,
1208 983 1320 1052 agit
1363 982 1659 1050 hominem,
1718 984 1886 1038 intrat
1915 993 2053 1040 tem-

453 1095 604 1152 pora,
638 1092 664 1119 ιι
691 1080 884 1136 transit
910 1051 1118 1146 aetates,
1157 1051 1318 1133 docet
1366 1077 1554 1144 verbo,
1603 1077 1805 1134 virtute
1857 1085 2048 1145 curat,

379 1175 417 1246 ,ἐξ
448 1172 828 1228 similitudines
881 1171 1140 1241 loquitur,
1199 1167 1455 1240 proponit
1501 1168 1770 1254 exempla,
1829 1167 2052 1224 affectus

382 1260 385 1262 ’
449 1263 623 1317 nostri
646 1264 698 1317 in
720 1278 779 1318 se
800 1262 1012 1332 pondus
1035 1261 1227 1332 aperit,
1258 1260 1434 1315 inesse
1461 1259 1564 1315 sibi
1588 1259 1897 1316 dilectionis
1945 1261 2048 1318 hu-

447 1371 624 1410 manae
652 1357 839 1426 pandit
878 1354 1208 1410 ineffabilem
1245 1352 1586 1410 charitatem.
1618 1351 1757 1408 Hinc
1795 1360 1878 1408 est
1905 1353 2051 1423 quod

448 1447 692 1502 ccelestia
722 1447 952 1502 terrenis
981 1443 1325 1502 commendat
1352 1443 1648 1514 exemplis,
1675 1443 1742 1499 de
1770 1444 2049 1514 praesenti-

446 1537 552 1594 bus
579 1554 771 1610 sapere
799 1539 891 1594 dat
917 1539 1114 1605 futura,
1172 1535 1460 1594 invisibilia
1501 1538 1798 1594 visibilibus
1825 1539 2049 1597 insimu-

447 1628 528 1684 lat
548 1631 874 1700 argumentis
897 1648 911 1697 ;
939 1630 1175 1701 probant
1195 1631 1300 1686 hoc
1321 1629 1699 1686 similitudines
1727 1646 1864 1702 quas
1891 1632 2047 1689 nobis

446 1719 612 1778 hodie
639 1722 979 1793 evangelicus
1006 1724 1206 1778 clamat
1234 1722 1451 1780 auditus
1475 1741 1488 1777 :
1514 1721 1701 1780 Simile
1725 1733 1802 1779 est
1830 1741 2044 1798 regnum

1714 316 1772 371 S.
1813 311 2017 370 PETRI
2056 309 2492 371 CHRYSOLOGI

2080 432 2137 493 Α
2161 426 2345 483 Simile
2363 436 2441 482 est
2460 444 2676 500 regnum
2714 427 2954 496 coriorum
2975 445 3182 500 sagm
3201 429 3462 498 missi:
3480 449 3647 497 me.
3668 437 3742 500 Ad

2157 519 2318 590 hujus
2357 521 2540 578 saeculi
2577 536 2728 578 mare
2755 528 2968 578 tumens
3005 537 3225 595 pompa,
3273 525 3478 588 elatum
3506 528 3709 588 veniae
3727 571 3740 597 ,

2157 615 2424 670 undosum
2453 615 2634 682 sectis,
2669 615 2883 671 inscitia
2911 613 3197 682 ﬂuctuans,
3219 617 3521 676 clamosum
3547 618 3740 686 litibus,

2155 708 2388 762 fremens
2408 707 2509 774 ira,
2534 721 2734 764 saevum
2757 706 3002 779 perfidia,
3030 709 3269 779 peccatis
3288 708 3630 780 naufragum,
3656 712 3744 768 im-

2156 800 2358 870 pietate
2383 800 2708 866 demersum,
2765 800 2910 859 misit
2962 801 3261 871 piscatores
3305 818 3435 858 suos
3460 801 3740 871 Christus,

2154 893 2259 947 hoc
2287 900 2389 957 est,
2415 891 2654 959 Petrum,
2687 891 2975 959 Andream,
2997 891 3278 961 Iacobum,
3299 892 3589 960 Joannem,
3622 911 3742 965 pro-

2152 983 2310 1039 batos
2330 991 2465 1051 arte,
2496 999 2621 1040 cum
2647 983 2810 1040 dicit:
2837 981 3021 1038 Venite
3038 993 3155 1054 post
3174 1000 3272 1051 me,
3293 985 3492 1056 {ariam
3519 1000 3611 1039 vos
3638 986 3742 1055 ﬁeri

2152 1077 2434 1148 piscatores
2457 1076 2720 1132 hominum
2741 1075 2954 1150 (Matth.
2986 1076 3084 1149 tv).
3115 1075 3259 1133 Misit
3287 1091 3418 1146 ergo
3448 1078 3743 1148 piscatores

2152 1183 2281 1224 suos
2301 1169 2437 1225 retia
2466 1177 2746 1239 portantes
2771 1169 3054 1240 praeceptis
3072 1168 3353 1239 legalibus,
3395 1177 3451 1224 et
3469 1169 3740 1238 evangeli-

2151 1261 2232 1316 cis
2255 1260 2533 1328 innodata,
2557 1261 2776 1316 monitis
2800 1261 3202 1328 circumcincta,
3226 1261 3488 1322 virtutum
3514 1261 3678 1318 donis
3693 1270 3739 1318 et

2149 1353 2324 1422 gratia
2344 1353 2588 1420 dilatata,
2609 1352 2920 1422 evangelico
2947 1352 3070 1408 sinu
3084 1352 3470 1422 congregantia
3493 1353 3616 1408 sine
3643 1350 3740 1410 ﬁne

2150 1455 2450 1516 capturam.
2476 1444 2594 1501 Hoc
2610 1454 2818 1516 tempus
2834 1444 3018 1510 modo,
3047 1444 3152 1500 hoc
3171 1445 3364 1514 agitur,
3391 1443 3593 1500 fratres
3617 1463 3631 1498 :
3651 1461 3740 1516 per

2146 1550 2358 1614 gentes,
2388 1555 2488 1612 per
2513 1541 2742 1612 populos
2769 1539 2970 1595 Christi
2997 1540 3133 1594 retia
3159 1554 3303 1594 nime
3333 1539 3648 1603 trahuntur,
3691 1547 3739 1596 et

2146 1631 2354 1690 ducunt
2384 1632 2636 1689 confusas
2663 1632 2689 1668 ά
2720 1640 2837 1688 toto
2857 1631 2989 1686 orbe
3009 1639 3262 1701 capturas
3300 1630 3420 1686 sine
3456 1630 3736 1690 discretio-

2146 1739 2217 1780 ne
2236 1740 2516 1796 personas.
2549 1723 2657 1780 Sed
2684 1724 2810 1794 quia
2839 1723 3020 1779 sazculi
3058 1723 3264 1780 vicinus
3289 1729 3372 1778 est
3389 1721 3545 1789 finis,
3595 1731 3654 1778 et
3678 1725 3737 1782 ad

448 1813 690 1869 caelorum
709 1815 904 1870 homini
927 1816 1237 1886 negotiatori
1256 1816 1508 1890 quarenti
1531 1815 1557 1854 δ
1580 1813 1742 1872 bonas
1781 1818 2041 1889 margari-
2067 1821 2118 1884 Β
2138 1816 2327 1888 iudicii
2354 1817 2502 1872 littus
2521 1824 2759 1886 captum
2787 1822 2986 1871 nostra
3023 1815 3159 1869 netia
3199 1813 3312 1882 jam
3351 1814 3733 1884 propinquant.

447 1913 568 1960 tas:
608 1907 813 1960 inventa
848 1915 1019 1961 autem
1037 1923 1146 1961 una
1175 1909 1404 1980 pretiosa
1448 1909 1760 1981 margarita,
1803 1909 1948 1977 abiit,
1991 1918 2042 1970 al

443 1997 617 2051 mdit
653 1999 830 2052 omnia
856 2015 971 2072 qua:
1012 1997 1212 2067 habuit,
1260 2009 1313 2056 et
1357 1999 1481 2055 emit
1507 2015 1623 2076 eam
1652 1999 1867 2074 (Matth.
1898 1999 2037 2074 xm).

441 2086 721 2145 Neminem
743 2090 834 2160 qui
855 2091 959 2147 hoc
982 2091 1130 2145 audit
1156 2106 1358 2148 nomen
1381 2093 1733 2162 negotiatoris
1761 2077 2036 2151 oll‘endat:

439 2180 531 2236 hic
553 2181 945 2249 negotiatorem
968 2181 1210 2253 loquitur
1232 2182 1326 2252 qui
1344 2181 1437 2238 dat
1455 2183 1902 2253 misericordiam,
1932 2200 2041 2241 non

441 2270 536 2340 qui
563 2270 656 2325 dat
681 2270 885 2327 fenoris
917 2287 1133 2344 semper
1178 2289 1431 2341 usuram;
1475 2274 1850 2346 providentem
1880 2292 2044 2333 orna-

439 2369 624 2415 menta
645 2360 922 2429 virtutum,
952 2379 1060 2419 non
1099 2363 1439 2420 irritamenta
1464 2365 1760 2434 vitiorum;
1801 2369 2039 2438 gravita-

439 2457 553 2508 tem
579 2469 810 2521 morum,
837 2471 946 2512 non
974 2455 1214 2529 lapidum
1240 2457 1482 2528 pondera
1508 2458 1907 2529 perferentem;
1935 2460 2039 2518 ho-

436 2546 685 2613 nestatis,
706 2563 813 2602 non
829 2546 985 2603 luxus
1001 2547 1223 2603 monilia
1246 2557 1554 2620 portantem
1568 2593 1583 2618 ,
1607 2556 1915 2621 gestantem
1930 2568 2040 2608 non

436 2638 728 2709 Voluptatis
754 2655 1028 2711 pompam,
1055 2641 1152 2696 sed
1173 2641 1401 2711 insignia
1427 2641 1744 2714 disciplima.
1772 2643 1882 2700 Iste
1909 2659 2039 2715 ergo

433 2729 743 2797 negotiator
770 2731 870 2786 has
897 2731 1077 2787 cordis
1103 2737 1159 2787 et
1187 2733 1433 2804 corporis
1474 2735 1796 2804 margaritas
1829 2751 2038 2808 propo-

434 2819 536 2882 nit,
570 2836 679 2874 non
701 2821 939 2878 humano
967 2823 1316 2890 commercio,
1348 2823 1446 2880 sed
1498 2824 1682 2881 divino
1729 2827 2034 2906 exercitio;

432 2925 547 2965 non
594 2912 661 2966 ad
690 2929 930 2983 pimsens
970 2916 1333 2984 commodum,
1362 2917 1459 2974 sed
1480 2929 1540 2973 ut
1561 2917 1802 3002 futurum
1830 2936 2038 2978 merce-

431 3008 552 3068 tur;
585 3018 694 3058 non
723 3003 791 3059 ad
828 3013 1098 3062 terrenam
1127 3007 1376 3079 gloriam,
1406 3009 1502 3066 sed
1549 3012 1827 3069 caelestem
1853 3031 1866 3068 :
1898 3029 2036 3085 qua-

430 3098 591 3148 tenus
618 3096 881 3152 cmlorum
909 3113 1131 3169 regnum
1158 3099 1332 3172 possit
1358 3103 1617 3159 virtutum
1639 3107 1865 3176 praemio
1884 3124 2037 3164 com-

2142 1909 2338 1980 pisces,
2364 1909 2470 1964 hoc
2497 1914 2582 1968 est
2609 1907 2875 1975 homines,
2899 1907 2991 1976 qui
3006 1905 3273 1976 profundo
3291 1906 3479 1963 saculi
3497 1905 3735 1966 discursu

2141 2000 2337 2057 feriato
2384 2016 2449 2056 ac
2489 2000 2661 2056 libero
2691 2001 3044 2068 vagabuntur,
3091 1999 3335 2055 siccitate
3371 1998 3597 2065 interii.
3643 1998 3735 2064 hoc

2142 2098 2245 2160 est,
2268 2090 2392 2146 finis
2415 2091 2817 2162 propinquitate
2845 2089 3066 2155 turbati,
3098 2098 3214 2146 tota
3260 2105 3320 2146 se
3364 2105 3557 2152 rerum
3579 2101 3604 2128 ⁸
3632 2091 3732 2152 dis-.-

2139 2185 2462 2257 pensatione
2473 2185 2734 2241 collidunt
2749 2202 2763 2238 :
2776 2185 3022 2240 videntes
3036 2185 3227 2254 impias
3239 2185 3733 2256 36111051an

2141 2277 2555 2333 succedentibus
2582 2276 2846 2349 ampliari,
2880 2277 3169 2346 angustiari
3198 2277 3444 2347 captivos
3467 2285 3591 2336 toto
3612 2277 3733 2336 orbe

2141 2368 2372 2442 populos
2396 2367 2753 2440 Christianos,
2779 2368 2974 2440 impios
3017 2369 3294 2439 prosperis
3332 2368 3586 2438 gaudere.
3616 2384 3730 2428 suc-

2141 2460 2398 2528 cessibus,
2438 2461 2559 2532 pios
2588 2461 2853 2516 malorum
2879 2461 3191 2516 continuata
3228 2461 3590 2527 successione.
3631 2463 3732 2517 calv

2140 2551 2272 2618 cari,
2296 2552 2451 2608 subdi
2477 2551 2726 2608 dominos
2751 2551 3014 2619 servituti,
3042 2551 3309 2606 dominari
3633 2567 3733 2617 sesi

2139 2658 2258 2711 vos,
2288 2642 2520 2699 rebelles
2559 2641 2700 2698 ﬁlios
2727 2643 2782 2698 in
2809 2650 3082 2714 parentes,
3125 2657 3282 2698 senes
3303 2642 3731 2712 juvenibusesse

2139 2735 2494 2808 contemptui,
2537 2751 2860 2806 omnemque
2911 2743 3115 2790 natura:
3162 2743 3381 2802 statum,
3434 2736 3563 2792 vita
3586 2738 3730 2793 ordi-

2140 2841 2266 2882 nem
2286 2827 2599 2898 deperiisse.
2624 2826 2731 2884 Sed
2752 2828 2868 2884 haec
2886 2843 3009 2896 cum
3031 2827 3105 2882 ita
3134 2828 3261 2896 sint,
3293 2827 3462 2895 fortes
3489 2843 3608 2884 non
3625 2836 3731 2886 tur"-

2136 2920 2289 2992 bant,
2320 2923 2486 2978 immo
2521 2921 2542 2961 ί
2593 2921 2836 2979 infirmos
2881 2924 3117 2989 turbant,
3164 2919 3332 2978 fortes
3357 2922 3582 2981 turbare
3626 2941 3729 2981 non

2137 3022 2382 3085 possunt,
2413 3015 2540 3085 quia
2558 3024 2778 3071 smnunt
2796 3015 2939 3072 vires
2965 3015 3032 3070 de
3060 3015 3436 3083 similitudine,
3462 3027 3488 3066 ε
3515 3017 3726 3074 fortitu-

2136 3106 2318 3162 dinem
2342 3108 2410 3164 de
2437 3106 2627 3179 figura.
2673 3107 2850 3178 Ejecti
2887 3108 2956 3164 de
2996 3106 3263 3178 profundo
3312 3108 3490 3179 pisces
3540 3125 3728 3180 parum

428 3197 641 3255 parare,
672 3195 729 3242 et
756 3187 1052 3247 innumeris
1071 3192 1230 3248 bonis
1259 3209 1422 3250 unam
1461 3196 1732 3255 redimere
1754 3209 2033 3272 perpetute
2060 3211 2106 3277 ο
2136 3199 2354 3269 quidem
2374 3199 2430 3254 in
2449 3199 2636 3256 littore
2663 3200 2747 3256 sui
2769 3199 3086 3255 confusione
3112 3199 3422 3267 volvuntur,
3447 3201 3540 3258 sed
3563 3201 3728 3256 citata

428 3275 554 3329 vita:
581 3280 946 3348 margaritam.
968 3281 1182 3353 Adjecit
1202 3293 1385 3340 autem
1413 3286 1821 3346 similitudinem
1848 3293 2034 3348 Domi-

427 3381 528 3422 nus
551 3369 738 3425 dicens
764 3389 778 3425 :
812 3369 1008 3429 Iterum
1033 3373 1206 3432 simile
1224 3387 1302 3432 est
1322 3395 1536 3451 regnum
1558 3382 1801 3440 calorum
1821 3401 2032 3460 sagena:

425 3461 665 3516 misstein
685 3481 846 3533 mare,
878 3475 928 3522 et
946 3484 1013 3523 ea:
1039 3470 1181 3524 omni
1204 3488 1392 3542 genere
1408 3476 1630 3545 piscium
1649 3483 1986 3553 congreganti
2009 3498 2028 3537 :

427 3567 582 3622 quam
602 3568 715 3607 cum
742 3555 955 3627 impleta
993 3568 1145 3628 esset,
1176 3559 1446 3619 educentes
1461 3582 1481 3631 ;
1509 3575 1561 3620 et
1599 3584 1746 3624 secus
1774 3570 1918 3628 littus
1941 3589 2026 3628 se-

428 3641 624 3706 dentes,
655 3644 915 3717 elegerunt
937 3647 1096 3706 bonos
1123 3653 1178 3706 in
1201 3669 1346 3722 vasa,
1368 3657 1534 3713 malos
1560 3669 1732 3716 autem
1764 3664 1907 3735 {oras
1926 3667 2027 3721 mi-

427 3745 623 3791 serunt.
675 3738 859 3795 Simile
878 3752 953 3798 est
973 3737 1188 3816 regnum
1217 3747 1458 3805 caelorum
1501 3735 1712 3826 sagenae‘
1752 3757 1926 3814 missa:
1969 3761 2026 3815 in

426 3842 591 3881 mare.
619 3827 926 3919 similitudo
947 3833 1060 3890 hare
1080 3835 1260 3905 prodit
1274 3854 1370 3894 cur
1391 3839 1446 3896 in
1468 3844 1832 3915 apostolatum
1848 3849 2038 3919 pisca-

427 3925 577 3973 tores
617 3918 841 3990 elegerit
886 3919 1151 3994 Christus,
1205 3936 1260 3983 et
1288 3938 1541 4001 captores
1581 3935 1810 4006 piscium
1837 3918 2028 3997 fecerit

424 4009 704 4066 hominum
725 4013 1045 4084 piscatores,
1071 4024 1130 4072 ut
1151 4017 1317 4075 divini
1337 4020 1525 4092 judicii
1546 4033 1703 4098 typus
1718 4037 1834 4086 arte
1847 4033 2026 4103 pisca-

423 4101 565 4156 toria
593 4110 1005 4162 monstraretur.
1036 4105 1216 4165 Pisces
1245 4123 1537 4186 congregat
1563 4128 1585 4158 ο
1620 4101 1862 4191 captura
1884 4140 2015 4182 con-

423 4190 592 4260 fusos,
623 4196 719 4251 sed
749 4197 802 4252 in
849 4214 978 4255 vasa
1007 4199 1262 4258 discretio
1290 4203 1382 4260 dat
1428 4207 1630 4266 electos
1655 4230 1669 4266 :
1690 4190 1778 4270 isic
1803 4219 2020 4274 vocatio

425 4281 731 4341 Christiana
748 4287 944 4358 justos,
977 4298 1034 4347 et
1062 4291 1310 4364 injustos,
1339 4298 1530 4365 malos,
1561 4301 1844 4376 bonosque
1889 4323 2020 4364 con-

425 4383 644 4447 gregat;
674 4377 771 4434 sed
789 4379 982 4452 bonos,
1012 4383 1296 4457 malosque
1314 4388 1510 4448 electio
1531 4391 1712 4452 divina
1739 4396 2016 4457 discernit.

498 4603 528 4632 ⁸
564 4592 1020 4658 Seduliuslib.r:

868 4750 885 4767 .
922 4755 936 4770 .
972 4755 986 4770 .
1010 4717 1217 4785 dirique
1239 4733 1433 4778 meatus

770 4775 998 4832 Humana
1019 4796 1108 4845 pro
1129 4775 1270 4847 parte
1289 4775 1419 4839 tulit.

352 4876 363 4973 ξ
427 4876 1155 4973 -..ἐξίεξξξὲῐιξιεηεῑῆςτηεμβ
1179 4886 1248 4944 de
1282 4887 1475 4973 Temp:
1501 4892 1810 4973 armenta
1830 4917 2016 4973 exspe-

360 4955 362 5022 ί
421 4955 794 5036 clamitarat”,
824 4955 1082 5036 patienter
1111 4965 1342 5036 tempora
1363 4955 1592 5036 pertulit.

492 5019 520 5057 δ
549 5018 748 5076 Notum
765 5018 964 5081 Iudaeis
986 5018 1395 5086 mercimonium
1416 5035 1487 5089 ob
1506 5018 1674 5094 maris
1695 5037 1865 5096 Rubri
1893 5041 2020 5098 vici-

355 5101 358 5106 '
421 5090 668 5145 nitatem.

493 5161 693 5248 iQuod
723 5162 923 5248 Grazcis
950 5173 1178 5243 σαγήνῃ,
1209 5187 1426 5248 sagepa,
1457 5180 1794 5236 everriculum
1820 5181 2019 5240 dicitur

414 5228 623 5322 laminis
657 5235 855 5322 :ncujus
899 5228 1096 5322 natura
1132 5228 1193 5296 et
1221 5228 2017 5322 oéjﬁciinhv

412 5303 718 5382 gbviainfit
763 5303 948 5382 secum
989 5313 1224 5368 trahere.
1257 5303 1484 5371 'Grotius
1534 5303 2016 5382 liic'Jbservat—e;

411 5369 706 5460 Plutarcho
736 5386 792 5433 et
831 5381 1068 5437 Homero
1111 5385 1214 5439 hoc
1243 5369 2014 5462 ipsumretis'genwusv

411 5447 700 5533 πὰχσςίρον.

487 5515 525 5640 ξι
647 5535 748 5641 ius.
781 5520 958 5579 Vatic.
1002 5523 1133 5580 Mita
1173 5533 1229 5581 et
1271 5527 1380 5595 alii,
1415 5529 1719 5590 credituras.
1759 5535 2012 5596 Fortasse

554 5605 640 5641 ma
666 5605 717 5641 e.

413 5599 525 5640 non
554 5599 717 5644 male.

490 5666 531 5749 ἱ
555 5657 678 5749 line
690 5666 922 5749 esteeci
944 5667 1233 5749 mortales,
1255 5668 1632 5749 iustorumque
1663 5676 1756 5734 Dei
1779 5677 2010 5749 judicio-

413 5739 553 5815 ξιξωο
575 5739 796 5815 minime
824 5750 1050 5815 capaces
1096 5739 1408 5810 hujusmodi
1439 5739 1619 5800 rerum
1649 5739 2011 5809 humanarum

409 5797 932 5865 administrationem
966 5797 1202 5882 iniquam
1237 5821 1291 5869 et
1322 5797 2006 5893 perversam

2135 3294 2390 3350 discretio
2411 3293 2538 3349 dum
2566 3293 2738 3348 malos
2751 3293 2954 3363 abjicit,
2979 3293 3129 3362 eligit
3147 3293 3353 3360 honos;
3384 3293 3514 3350 facit
3529 3294 3719 3359 bonos,

2135 3400 2245 3440 non
2274 3385 2473 3452 turbat,
2504 3384 2683 3441 brevis
2718 3384 2821 3440 ista
2849 3393 2905 3439 et
2930 3385 3040 3440 cito
3071 3381 3100 3421 ¹ι
3125 3385 3421 3440 transitura
3461 3384 3719 3442 confisio.

2131 3475 2240 3534 lsta
2277 3476 2533 3534 discretio
2561 3491 2813 3547 superna,
2855 3492 2976 3546 quae
3015 3477 3108 3532 dat
3130 3476 3302 3533 malos
3322 3479 3520 3550 pinnis,
3548 3477 3725 3534 bonos

2129 3570 2272 3640 rapit
2299 3569 2368 3624 ad
2392 3570 2677 3637 honorem,
2711 3569 2906 3641 impios
2927 3570 3143 3626 deducit
3165 3570 3234 3626 ad
3269 3578 3552 3637 tartarum,
3599 3571 3723 3641 {nos

2130 3660 2445 3716 transmittit
2464 3661 2534 3716 ad
2551 3675 2797 3732 regnum,
2828 3670 3028 3732 patres,
3059 3677 3244 3729 senes,
3269 3661 3470 3732 justos,
3499 3661 3722 3726 electos.

2135 3769 2328 3811 omnes
2354 3753 2423 3809 de
2450 3754 2779 3810 contumelia
2799 3754 2992 3824 exigua
3019 3762 3278 3826 perpetua
3324 3756 3501 3825 gloria
3525 3770 3724 3813 constt.

2132 3845 2312 3903 laturi.
2330 3844 2530 3902 Probat
2544 3847 2650 3902 hoc
2662 3853 2843 3902 autem
2856 3849 3190 3917 comparatio
3205 3849 3340 3918 ipsa,
3357 3863 3482 3904 cum
3495 3847 3693 3904 dicitur
3703 3866 3720 3900 :

2134 3933 2201 3996 In
2231 3939 2667 3993 consummatione
2685 3939 2862 3996 surculi
2882 3938 3094 3994 exibunt
3124 3939 3294 4011 angeli
3319 3937 3444 4007 Dei,
3485 3955 3724 4011 segrego.

2129 4039 2256 4085 ount
2274 4031 2438 4086 malos
2461 4029 2525 4084 de
2541 4029 2710 4086 medio
2721 4030 3003 4102 justorum.
3034 4027 3095 4084 In
3121 4032 3586 4088 consummatione
3614 4046 3721 4087 sa-

2128 4125 2238 4180 culi
2272 4143 2286 4178 :
2317 4125 2412 4195 qui
2443 4125 2964 4180 consummationem
2983 4124 3165 4180 saeculi
3188 4124 3378 4191 credit,
3411 4125 3505 4195 qui
3534 4124 3598 4180 de
3617 4139 3724 4178 sas-

2125 4217 2237 4274 culi
2255 4217 2618 4273 minoratione
2645 4223 2918 4284 causatur,
2943 4217 3036 4286 qui
3063 4214 3285 4272 conﬁdit
3311 4232 3566 4273 mansura
3590 4231 3717 4272 suo.

2125 4307 2340 4376 cedere,
2362 4308 2564 4365 habere
2587 4307 2717 4378 quid
2740 4308 2933 4378 quaerit
2953 4308 3241 4364 transitura
3261 4309 3285 4364 ?
3303 4307 3543 4372 Fratres,
3563 4323 3722 4363 mun-

2127 4400 2230 4457 dus
2255 4400 2325 4457 de
2353 4399 2458 4456 fine
2483 4400 2808 4472 principium
2853 4401 3048 4468 sumit;
3103 4399 3210 4457 fine
3255 4400 3564 4465 innovatur,
3604 4414 3718 4455 non

2045 4627 2102 4689 Β
2125 4623 2327 4678 etenim
2352 4630 2471 4680 tota
2490 4640 2548 4680 se
2567 4640 2749 4696 rerum
2769 4625 3174 4696 dispensatione
3189 4627 3450 4684 collidere
3472 4628 3549 4684 nil
3573 4627 3724 4686 aliud

2123 4699 2396 4764 estquam
2447 4695 2830 4761 scandalizari,
2860 4695 2981 4753 hoc
3018 4705 3103 4754 est
3143 4699 3380 4766 graviter
3419 4699 3617 4756 oﬂeudi
3644 4702 3726 4756 oh.

2121 4773 2344 4820 cunctas
2371 4781 2459 4820 res
2488 4766 2651 4831 male,
2674 4774 2735 4822 ut
2763 4767 2840 4822 illi
2867 4768 3098 4833 videtur,
3115 4769 3450 4834 distributas.
3475 4769 3720 4826 videam

2121 4835 2542 4910 impias_ge_n_tes
2570 4838 2940 4910 _ampliari,iet
2983 4846 3180 4896 czetera
3223 4855 3346 4910 quae
3386 4840 3715 4897 dicunturiu

2119 4912 2292 4978 textu.
2320 4905 2391 4978 Et
2408 4906 2584 4978 hiﬁqui
2607 4905 2692 4962 ita
2709 4909 3174 4978 scandalizentur,
3209 4905 3409 4969 inﬁrmi
3433 4920 3578 4978 sunt,
3605 4927 3715 4968 non

2118 4973 2306 5032 fortes.
2360 4976 2418 5032 S.
2452 4973 2718 5044 Hilarius,
2759 4977 3063 5036 Comment.
3114 4973 3169 5036 in
3208 4980 3401 5040 Matth.
3429 4973 3573 5046 xxv,
3595 4984 3710 5040 ait:

2120 5046 2285 5120 aitque
2306 5048 2387 5102 his
2407 5047 2613 5120 quidem
2634 5050 2988 5106 vexationibus
3005 5051 3151 5106 multi
3176 5051 3518 5109 turbabuntur
3537 5063 3587 5110 et
3605 5062 3715 5107 tan-

2123 5116 2599 5197 tis'insurge'ntibus
2627 5121 2796 5197 ma_lis_
2819 5122 3348 5197 scandalizabuntur,
3378 5133 3431 5197 et
3457 5140 3613 5197 usque
3655 5126 3711 5178 in

2118 5197 2349 5311 ηἷιέιαῦιη
2392 5190 2569 5246 odium
2607 5191 2970 5247 excitabuntur
2998 5202 3046 5246 et
3088 5193 3212 5265 falsi
3249 5190 3708 5266 prophetc'erunt,

2119 5273 2149 5311 e
2211 5299 2224 5311 .
2307 5276 2416 5311 in.

2119 5265 2224 5313 etc.
2253 5265 2416 5314 Mm.

2194 5327 2214 5367 ί
2256 5329 2430 5408 Aliter
2454 5330 2582 5408 Mita
2615 5349 2628 5385 :
2659 5331 2767 5388 Sed
2804 5333 2914 5389 hac
2952 5349 3067 5388 cum
3093 5335 3308 5408 itaisint
3347 5337 3585 5408 inﬁrmos
3605 5345 3711 5389 ωτ-

2116 5399 2450 5476 bant,_for_tcs
2481 5401 2690 5458 turbare
2714 5420 2818 5458 non
2845 5412 3079 5476 possunt,
3102 5407 3245 5475 quia,
3277 5414 3386 5462 etc.

2190 5480 2214 5517 8
2255 5470 2473 5546 Scilicet
2510 5488 2724 5546 sagenm
2747 5470 3089 5544 evangelica},
3112 5470 3240 5545 quae
3272 5478 3457 5532 omnia
3487 5475 3712 5546 piscium

2115 5556 2316 5611 genera
2360 5543 2604 5610 includit,
2631 5545 2826 5600 divina:
2852 5555 3034 5602 autem
3069 5543 3351 5604 electionis
3377 5557 3462 5605 est
3478 5543 3650 5606 bonos
3674 5560 3708 5601 a

2115 5613 2272 5669 malis
2297 5614 2624 5672 discernere.

2186 5682 2216 5759 if
2243 5684 2492 5759 Inferius,
2517 5686 2682 5759 brevis
2726 5688 2828 5742 ista
2845 5690 3132 5759 Amixtura;
3170 5689 3692 5759 Augustinumserm.‘

2118 5754 2243 5820 562,
2276 5757 2408 5812 alias
2439 5756 2532 5811 121
2566 5759 2762 5816 divers.
2793 5776 2806 5813 :
2834 5757 2970 5817 Boni
2990 5754 3214 5818 tolerant
3237 5754 3428 5835 malos,
3461 5762 3617 5820 donec
3639 5758 3698 5816 in

2114 5828 2222 5899 ﬁne
2252 5839 2574 5899 separentur.

2159 5846 2222 5883 ill’
2252 5839 2574 5904 separentur.
