3942 6348
151 348 256 408 333
1532 347 1770 408 SBIIO
1802 338 2036 407 XLVIII;

3333 347 3441 415 εει

164 465 332 523 ἀάόο
369 473 650 533 enatura;
681 465 938 524 suculam
963 464 1147 523 deﬁcit
1193 477 1305 521 non
1350 464 1616 532 Creatori,
1645 466 1744 523 sed
1767 473 1823 532 Α
1845 475 1904 523 et
1927 474 1989 522 ut
2009 469 2285 538 angustias
2311 467 2468 524 tollat
2495 467 2775 534 humanas,
2804 464 3054 523 humanis
3081 482 3142 522 se
3166 467 3314 524 dedit
3355 478 3444 526 at:

164 557 398 624 crimini;
422 571 600 628 neque
621 556 798 627 justis,
823 559 918 615 sed
945 558 1328 630 peccatoribus
1349 557 1609 615 ﬁniuntur
1628 560 1742 615 ele-

166 659 351 709 menta.
396 651 467 707 In
493 657 932 710 consummatione
957 655 1134 711 saeculi
1170 655 1383 710 exibunt
1419 656 1592 727 angeli
1615 665 1641 694 ο
1663 672 1746 711 se-

164 761 340 818 parare
363 747 552 820 justas.
585 747 695 803 Nec
736 748 1018 818 quisquam
1045 746 1256 805 dubitet
1297 749 1498 805 sanctis
1525 749 1747 818 angelos

163 853 269 894 esse
289 839 580 908 par-ituros,
612 841 808 910 quibus
835 841 1156 912 obsequium
1177 855 1337 897 suum
1375 841 1645 913 promittit
1689 848 1747 897 et

161 927 414 985 Christus.
436 927 635 986 Christi
658 947 765 986 vox
801 940 921 986 est:
954 931 1286 1001 Prmcingam
1333 945 1440 997 me,
1491 939 1547 987 et
1583 931 1746 986 mini-

162 1023 334 1078 strabo
354 1023 530 1078 vobis.
563 1022 798 1078 Exibunt
816 1025 987 1096 angeli
1010 1023 1108 1078 Dei
1130 1033 1181 1078 et
1197 1023 1542 1097 segregabunt
1576 1023 1743 1079 malos

163 1116 219 1170 de
240 1115 411 1170 medio
431 1116 692 1187 justorum
735 1115 886 1188 (Luc.
918 1117 1068 1187 xm).
1103 1116 1342 1186 Portate,
1379 1117 1530 1188 justi,
1562 1116 1592 1157 δ
1615 1133 1744 1189 por-

159 1215 277 1275 tate,
311 1207 482 1266 immo
508 1209 748 1265 inducias
790 1209 922 1280 justi
954 1211 1097 1276 date,
1130 1211 1312 1267 brevis
1357 1212 1461 1267 ista
1507 1210 1743 1267 mixtura

160 1303 307 1370 longe
350 1303 693 1374 separatione
742 1305 1074 1376 pensabitur.
1111 1305 1444 1377 Separabunt
1485 1305 1651 1360 malos
1679 1304 1744 1360 de

159 1396 316 1451 taedio
333 1399 612 1469 justoruns,
636 1405 690 1451 et
726 1398 930 1452 mittent
948 1414 1034 1453 eos
1053 1399 1109 1452 in
1131 1399 1392 1452 caminum
1426 1398 1582 1471 ignis.
1636 1397 1742 1454 Ec-

159 1503 215 1545 ce
238 1491 332 1558 qui
358 1501 382 1529 ο
411 1489 870 1560 ejiciuntvicinos,
893 1491 987 1562 qui
1010 1491 1285 1562 expellunt
1313 1492 1574 1562 hospites,
1605 1505 1742 1560 qua-

158 1582 252 1637 lem
275 1583 382 1637 sibi
409 1583 615 1652 eligunt
638 1584 1010 1651 mansionem;
1043 1600 1172 1641 ecce
1216 1585 1310 1655 qui
1355 1585 1461 1640 sibi
1497 1585 1585 1640 hic
1609 1584 1745 1641 deli-

159 1677 259 1730 cias
273 1676 534 1746 pauperis
557 1674 697 1730 fame
720 1677 896 1747 poenis
922 1684 1228 1747 praeparant
1249 1677 1458 1744 alienis,
1474 1677 1547 1732 ibi
1564 1678 1743 1747 ignem

157 1765 250 1818 sibi
274 1772 542 1834 quantum
569 1765 639 1821 de
683 1767 876 1836 exigua
920 1768 1199 1839 voluptate
1253 1769 1606 1826 succendunt.
1662 1769 1745 1826 Ibi

1849 575 1957 633 que
1984 561 2191 633 aptavit
2216 562 2496 633 angustiis.
2543 559 2741 629 Homo,
2784 559 2854 616 ad
2879 567 2936 617 te
2972 559 3118 619 Deus
3137 575 3200 618 se
3221 576 3324 633 per
3341 562 3445 619 ista

1849 656 2092 727 deponit,
2121 663 2178 712 te
2203 667 2302 727 per
2328 657 2430 711 ista
2475 656 2736 725 sequitur,
2786 670 2887 727 per
2931 655 3063 710 istas
3089 662 3146 711 te
3182 658 3448 727 perquirit

1850 749 2156 818 angustias;
2188 759 2247 804 ut
2271 764 2434 820 quem
2485 748 2735 804 formavit
2759 763 2944 820 opere,
2974 748 3234 805 refer-met
3263 765 3448 806 exem-

1848 845 1972 918 plo;
1995 859 2156 915 quem
2198 842 2402 913 judicio
2428 842 2647 913 repulit,
2678 843 2904 898 reducat
2955 841 3169 909 alTectn,
3202 852 3257 898 et
3305 844 3357 897 in
3390 859 3448 898 se

1849 945 2028 993 servet
2048 947 2210 1006 quem
2239 942 2436 1005 prmter
2454 949 2515 990 se
2538 942 2564 972 ⁸
2585 936 2851 1006 conspicit
2892 935 3206 1006 deperiisse.
3269 935 3444 1003 Venit,

1847 1030 2042 1101 inquit,
2068 1027 2222 1084 Iesus
2241 1029 2298 1083 in
2317 1029 2545 1100 patriam
2565 1042 2735 1094 suam,
2765 1037 2818 1082 et
2836 1027 3052 1083 docebat
3083 1044 3170 1084 eos
3210 1030 3264 1082 in
3288 1045 3450 1100 syna-

1849 1125 1994 1196 gogis
2015 1138 2211 1178 eorum.
2256 1119 2376 1175 Non
2398 1121 2452 1176 in
2498 1119 2700 1190 templo
2727 1133 2848 1184 suo,
2899 1120 2993 1175 sed
3028 1117 3127 1174 tin
3158 1120 3449 1194 synagogis

1849 1227 2058 1271 eorum.
2086 1211 2386 1286 Synagogte
2413 1225 2524 1268 non
2563 1218 2824 1284 poterant
2847 1210 2966 1281 ejus
2991 1226 3129 1278 esse,
3161 1213 3216 1267 in
3251 1213 3451 1283 quibus

1847 1321 1909 1363 se
1936 1307 2109 1362 turbae
2134 1305 2390 1377 perttdizu,
2426 1319 2535 1360 non
2557 1303 2681 1360 ﬁdei
2708 1304 3142 1373 congregabant;
3179 1305 3234 1360 in
3253 1305 3450 1375 quibus

1848 1397 2208 1454 conveniebat
2235 1395 2450 1451 invidia:
2473 1393 2727 1466 populus,
2760 1409 2872 1450 non
2897 1395 3130 1461 amoris;
3171 1395 3226 1449 in
3255 1396 3453 1465 quibus

1848 1491 2166 1547 considebat
2182 1489 2472 1547 consilium
2496 1487 2926 1559 malignantium,
2957 1501 3066 1545 non
3094 1489 3249 1542 home
3267 1489 3451 1544 consi-

1849 1583 1983 1638 lium
2009 1582 2327 1653 disciplinte.
2361 1579 2599 1637 Docebat
2641 1585 2698 1636 in
2743 1581 3027 1653 sgnagogis
3053 1595 3249 1646 eorum,
3280 1581 3360 1633 ita
3396 1588 3456 1634 ut

1849 1677 2185 1730 mirarentur.
2211 1672 2545 1730 Mirabantur
2564 1671 2955 1740 indignatione,
2986 1685 3096 1725 non
3117 1671 3321 1739 gratia;
3348 1677 3457 1724 stu-

1851 1768 2052 1838 pebant
2067 1776 2096 1816 ε
2112 1767 2305 1832 livore,
2324 1779 2434 1822 non
2447 1765 2638 1833 laude;
2657 1764 2925 1830 furebant,
2947 1765 3072 1834 quia
3095 1764 3241 1835 quod
3266 1778 3457 1834 sapere

155 1858 245 1910 erit
261 1857 415 1926 ﬂetus
434 1865 485 1912 et
502 1858 697 1913 stridor
734 1858 983 1914 dentium.
1015 1859 1188 1928 Quam
1237 1862 1381 1917 male
1417 1861 1608 1918 stridet
1649 1862 1744 1931 ibi,
1775 1874 1826 1938 Β
1851 1874 1964 1914 non
1983 1864 2248 1928 paterant-
2264 1857 2498 1927 superba
2516 1854 2792 1920 subsellia,
2811 1861 2964 1910 stans
2984 1855 3257 1910 humilitas
3280 1853 3306 1893 ιι
3325 1869 3458 1925 pro-

155 1948 240 2016 qui
261 1949 352 2004 hie
370 1948 512 2004 male
534 1949 704 2017 ridet;
732 1958 787 2005 et
811 1952 904 2021 qui
927 1967 1069 2008 nunc
1096 1954 1254 2010 malis
1279 1969 1578 2026 pauperum
1612 1969 1748 2026 gan-

152 2037 259 2106 det,
278 2039 350 2095 de
369 2041 526 2095 bonis
553 2055 853 2112 pauperum
875 2050 1005 2099 tunc
1035 2045 1257 2115 lugebit,
1280 2047 1408 2117 quia
1427 2049 1605 2118 potuit
1624 2063 1748 2105 cum

158 2146 391 2202 paupere
412 2133 665 2202 gaudere,
692 2134 787 2188 sed
823 2135 1031 2191 noluit:
1067 2151 1164 2193 vos
1192 2147 1374 2194 autem
1405 2138 1590 2197 ﬁdeles
1616 2152 1750 2212 gau-

155 2225 278 2282 dete
302 2227 362 2282 in
381 2227 612 2283 Domino
639 2243 872 2299 semper.

689 2317 926 2375 SERMO
976 2321 1202 2378 XLVIII.

287 2407 374 2463 De
391 2405 599 2465 Christo
621 2411 760 2483 fabri
779 2412 892 2483 ﬁlio
911 2414 1194 2485 appellato,
1229 2424 1280 2470 et
1299 2416 1363 2471 de
1381 2418 1596 2473 inuidia.

215 2500 559 2572 Evangelista
581 2504 742 2559 hodie
767 2503 1078 2561 Judasorum
1105 2507 1250 2564 circa
1269 2508 1543 2565 Christum
1565 2511 1750 2582 prodi-

147 2601 298 2649 turus
326 2595 602 2662 invidiam,
633 2597 714 2652 sie
737 2598 902 2668 coepit
928 2616 941 2652 :
982 2597 1152 2666 Venit,
1177 2600 1367 2670 inquit,
1397 2601 1551 2658 Iesus
1571 2604 1627 2658 in
1647 2620 1747 2677 pa-

146 2685 298 2740 triam
317 2700 489 2749 utam.
531 2696 580 2740 et
601 2686 818 2741 docebat
835 2703 926 2743 eos
945 2690 998 2742 in
1020 2693 1302 2762 synagogis
1339 2709 1536 2760 eorum,
1578 2695 1654 2749 ita
1691 2705 1749 2750 ut

143 2778 461 2833 mirarentur
478 2787 530 2834 et
549 2779 778 2835 dicerent
801 2798 818 2835 :
861 2780 1013 2837 Unde
1033 2783 1152 2837 huic
1189 2787 1448 2856 sapientia
1464 2795 1515 2840 et
1544 2789 1704 2843 virtus
1724 2788 1750 2843 .’

143 2867 440 2927 Nonnelts'e
478 2881 556 2928 est
593 2874 731 2946 fabri
767 2875 951 2946 ﬁlius?
991 2874 1184 2931 Nonne
1219 2880 1520 2951 materejus
1559 2880 1750 2936 dicitur

140 2961 342 3032 Maria,
365 2974 416 3019 et
443 2968 635 3038 fratres
674 2969 786 3041 ejus
805 2968 1054 3034 Iacobus,
1082 2979 1132 3024 et
1148 2969 1182 3024 1
1187 2971 1364 3043 oseplt,
1401 2982 1452 3026 et
1472 2972 1677 3039 Simon,
1699 2983 1751 3029 et

139 3052 308 3111 Iudas
332 3074 352 3124 ;
369 3066 422 3112 et
440 3074 644 3114 sorores
661 3062 774 3132 ejus
794 3079 971 3116 nonne
985 3078 1162 3117 omnes
1183 3064 1324 3134 apud
1344 3079 1438 3118 nos
1457 3066 1615 3118 sunt?
1637 3064 1750 3120 Un-

135 3147 199 3201 de
217 3165 352 3223 ergo
381 3152 502 3206 huic
521 3154 699 3207 omnia
717 3155 821 3207 ista
861 3155 1078 3227 (Matth.
1102 3156 1219 3219 xm)
1245 3158 1268 3209 ἲ
1309 3155 1426 3211 Non
1469 3158 1550 3213 sic
1579 3159 1750 3216 nubes

1853 1949 2116 2016 ducebat,
2161 1951 2241 2005 ita
2275 1957 2336 2005 ut
2368 1947 2706 2013 mirarentur,
2749 1956 2800 2002 et
2834 1945 3108 2001 dicerent:
3145 1945 3298 2002 Unde
3339 1947 3456 2002 huic

1852 2042 1965 2100 hac
1991 2041 2253 2114 sapientia
2271 2039 2300 2094 ll
2325 2039 2418 2097 Sic
2435 2038 2566 2094 dicit
2583 2039 2679 2110 qui
2704 2038 2898 2107 Dem,
2921 2052 2991 2094 ex
3008 2053 3122 2109 quo
3141 2046 3225 2094 est
3249 2040 3460 2109 sapien-

1851 2137 1949 2202 tia,
1980 2149 2049 2192 ex
2069 2147 2181 2205 quo
2207 2133 2402 2197 virtus,
2455 2131 2704 2200 ignorat;
2755 2131 2840 2187 sic
2879 2131 3011 2186 dicit
3063 2132 3158 2200 qui
3181 2129 3458 2187 Christum

1853 2229 2030 2286 nescit
2047 2241 2170 2284 esse
2197 2226 2296 2284 Dei
2322 2224 2664 2297 sapientiam,
2695 2224 2793 2280 Dei
2822 2239 2943 2280 esse
2970 2225 3246 2280 virtutem.
3304 2223 3460 2280 Unde

1850 2321 1926 2379 sit
1945 2319 2234 2392 sapientia,
2258 2315 2517 2375 Salomon
2540 2318 2766 2389 probat,
2797 2317 3035 2387 quicum
3063 2317 3218 2385 regni
3247 2317 3459 2387 apicem

1848 2413 2113 2487 parvulus
2129 2410 2477 2483 suscepisset,
2509 2416 2571 2466 ut
2589 2409 2858 2466 creditum
2877 2409 2978 2463 sibi
3008 2407 3268 2479 populum
3296 2421 3453 2478 rege-

1849 2513 1938 2561 ret
1963 2504 2185 2568 virtute,
2211 2517 2322 2559 non
2351 2500 2526 2570 fastu;
2555 2500 2842 2572 sapientia,
2867 2515 2976 2554 non
3001 2506 3245 2566 tumore;
3269 2499 3454 2566 corde,

1852 2611 1964 2652 non
1994 2595 2232 2662 vertice;
2261 2608 2295 2649 a
2324 2593 2440 2650 Deo
2471 2593 2794 2665 sapientiam
2823 2592 3010 2657 voluit,
3051 2592 3319 2662 poposcit,
3363 2606 3458 2646 ac-

1852 2688 2019 2761 cepit.
2053 2687 2206 2744 Unde
2240 2686 2360 2742 huic
2399 2686 2511 2741 hac
2549 2687 2812 2758 sapientia
2853 2693 2905 2738 et
2943 2684 3150 2738 virtus?
3186 2682 3458 2738 Virtutem

1852 2796 1974 2854 qua:
1993 2781 2089 2837 dat
2111 2780 2302 2838 oculos
2327 2794 2469 2850 quos
2498 2786 2692 2834 natura
2721 2793 2830 2833 non
2868 2776 3033 2842 dedit,
3057 2791 3180 2846 quae
3212 2776 3459 2832 auditum

1851 2875 2030 2930 reddit
2056 2872 2336 2931 debilitate
2359 2871 2698 2938 conclusum,
2741 2885 2864 2940 quae
2900 2870 2952 2924 in
2982 2870 3145 2927 mutis
3172 2869 3256 2925 sui
3297 2869 3462 2925 solvit

1850 2968 2068 3025 vincula
2121 2966 2411 3033 sermonis,
2457 2979 2584 3035 quas
2618 2964 2841 3021 claudos
2869 2963 3077 3018 reducit
3115 2961 3183 3016 ad
3218 2978 3457 3029 cursum,

1851 3073 1976 3131 qum
1997 3061 2206 3114 animas
2223 3058 2367 3130 apud
2387 3056 2591 3113 inferos
2607 3055 2719 3126 jam
2735 3055 3014 3110 devinctus
3037 3056 3255 3125 propria
3279 3056 3460 3109 redire

1852 3154 2002 3222 cogit
2020 3151 2090 3207 ad
2115 3161 2367 3222 corpora,
2398 3166 2438 3204 a.
2459 3147 2573 3204 Deo
2601 3162 2741 3209 esse,
2771 3145 2874 3199 nisi
2895 3146 3081 3199 salutis
3105 3145 3317 3199 invidus
3349 3161 3458 3201 nou

132 3243 358 3311 malum,
413 3262 521 3300 nox
549 3247 710 3312 diem,
756 3247 928 3302 solem
961 3249 1158 3316 caligo,
1190 3249 1466 3318 quomodo
1506 3259 1745 3308 mentem
1769 3259 1820 3326 α
1852 3250 2094 3316 negaret.
2119 3241 2189 3298 At
2206 3239 2379 3298 Judati
2406 3239 2652 3297 sciebant
2689 3237 2888 3293 Christi
2917 3252 3082 3308 opera
3117 3237 3312 3293 divina:
3353 3240 3460 3293 vir-

127 3345 326 3400 caecat,
353 3343 410 3392 et
439 3338 917 3393 tenebratinvidia.
949 3337 1114 3394 Livor
1127 3342 1232 3396 hoc
1251 3338 1506 3398 Judaicus
1526 3344 1741 3414 probat,

121 3429 218 3496 qui
267 3425 480 3484 Christi
505 3430 828 3501 sapientiam
877 3432 1125 3499 miratur,
1157 3433 1386 3491 virtutes
1431 3442 1632 3509 stupet,
1663 3447 1745 3495 at-

117 3519 275 3573 tollit
297 3534 493 3590 opera,
520 3522 664 3578 dicta
686 3525 932 3596 suscipit,
958 3532 1015 3581 et
1035 3534 1215 3582 tamen
1239 3541 1308 3582 ne
1329 3528 1385 3583 in
1413 3529 1532 3601 ipso
1561 3532 1746 3588 videa-

119 3620 213 3666 tur
243 3612 532 3679 divinitas,
563 3615 736 3671 deitas
783 3619 1066 3687 sentiatur,
1116 3621 1414 3678 carnalium
1457 3633 1745 3694 parentum

123 3705 363 3762 nomina
390 3718 705 3765 commonet
738 3717 792 3765 et
834 3711 1091 3783 divulgat.
1139 3712 1313 3782 Venit,
1354 3715 1548 3788 inquit,
1588 3716 1745 3777 Iesus

127 3799 179 3850 in
209 3799 452 3869 patriam
477 3817 644 3856 suam.
689 3801 861 3860 Nemo
884 3805 1130 3872 miretur,
1161 3806 1210 3861 si
1229 3807 1481 3865 conditor
1517 3825 1702 3867 rerum
1723 3853 1740 3882 ,

129 3890 404 3946 calorum
447 3891 726 3960 Dominus,
785 3895 930 3952 Deus
973 3897 1213 3952 omnium
1235 3941 1249 3964 ,
1305 3895 1334 3937 ἀ
1377 3902 1610 3971 patriam
1657 3903 1743 3961 lo-

131 3997 373 4053 cumque
420 3985 666 4053 sortitur,
709 3988 929 4058 quando
973 4005 1034 4046 se
1073 3991 1276 4047 claudit
1303 3999 1480 4061 utero,
1519 3998 1745 4054 metitur

133 4073 310 4140 cunis,
348 4074 605 4134 uberibus
621 4087 872 4153 occupat,
905 4088 1081 4138 arctat
1107 4084 1332 4153 gremio,
1355 4086 1525 4143 datin
1551 4089 1740 4158 ulnas;

205 4235 548 4317 filonnullm
574 4240 839 4317 editiones
859 4241 1079 4306 habent,
1111 4258 1296 4317 parere
1314 4246 1493 4317 justis.

205 4306 233 4346 δ
254 4308 321 4383 Id
348 4317 455 4374 est,
486 4311 769 4376 sustinete,
794 4306 1122 4383 supportate'
1140 4306 1630 4372 adhuc'modicum.

209 4388 231 4418 ε
256 4379 365 4452 Hic
387 4390 444 4435 et
470 4383 719 4452 superius
748 4385 800 4437 in
833 4379 935 4439 hoc
964 4385 1156 4439 eodem
1185 4399 1438 4442 sermone
1465 4389 1534 4444 de
1568 4387 1741 4444 hosti-

139 4450 234 4530 bus
264 4450 557 4530 imperium
583 4453 889 4530 Occidentis
917 4453 1296 4530 infestantibus
1328 4460 1455 4527 agit,
1489 4467 1545 4513 et
1565 4460 1746 4530 hospi-

139 4529 218 4577 tes
235 4539 274 4602 e_
299 4525 542 4602 propriis
561 4527 868 4602 civitatibus
881 4534 936 4581 et
955 4527 1248 4602 provinciis
1266 4525 1526 4602 expulsos
1550 4525 1739 4602 tangit,

138 4595 280 4664 quod
303 4595 482 4664 liquet
508 4611 576 4650 ex
607 4595 1229 4655 historiarum’lectione.
1265 4595 1427 4655 Ml'i'A.

1851 3344 1986 3400 tutis
2004 3355 2145 3408 esse,
2162 3353 2274 3396 non
2302 3351 2425 3396 esse
2447 3335 2822 3409 possibilitatis
2842 3335 3124 3402 humanm;
3157 3336 3250 3390 sed
3281 3337 3294 3373 ¹
3318 3336 3456 3391 livo-

1851 3439 1929 3496 ris
1956 3439 2219 3508 nubilum,
2267 3438 2488 3495 malitia:
2513 3435 2710 3504 fumus,
2738 3435 2911 3491 visum
2939 3433 3298 3504 spectantium
3327 3434 3459 3490 cali-

1849 3533 2087 3604 gabunt,
2144 3547 2215 3590 ne
2259 3532 2444 3588 lumen
2482 3527 2724 3595 Christi,
2783 3544 2853 3585 ne
2909 3536 3122 3598 tempus
3177 3525 3459 3598 Evangelii

1847 3625 2198 3699 perviderent
2251 3623 2483 3683 dicendo
2522 3643 2536 3680 :
2585 3618 2782 3679 Nonne
2828 3622 2914 3676 hic
2942 3630 3019 3676 est
3067 3620 3208 3694 fabri
3254 3622 3457 3693 ﬁlius?

1852 3717 2138 3788 Dicebant,
2177 3716 2278 3774 Hic
2304 3726 2389 3774 est
2414 3714 2553 3771 fabri
2601 3713 2774 3782 ﬁlius;
2814 3713 2908 3769 sed
2951 3711 3106 3784 cujus
3154 3713 3290 3768 fabri
3316 3713 3457 3770 illius

1853 3825 1965 3866 non
1991 3809 2278 3877 dicebant;
2329 3806 2581 3864 dicebant
2628 3805 2768 3861 fabri
2813 3805 2972 3870 illius,
3005 3811 3066 3860 ut
3094 3812 3213 3860 arte
3245 3805 3337 3860 vili
3367 3822 3457 3861 ars

1851 3901 2049 3958 lateret
2085 3901 2355 3968 auctoris,
2413 3906 2470 3954 et
2521 3898 2737 3954 deitatis
2777 3912 2975 3953 nomen
3015 3895 3207 3952 fabrile
3254 3911 3456 3953 nomen

1853 3993 2231 4050 absconderet.
2263 3990 2512 4045 Christus
2539 3999 2656 4046 erat
2701 3989 2839 4045 fabri
2882 3989 3038 4053 illius,
3073 3987 3169 4043 sed
3200 3987 3341 4043 illius
3359 3990 3456 4059 qui

1853 4087 2040 4145 mundi
2094 4084 2354 4141 fabricam
2402 4083 2528 4139 fecit
2559 4085 2573 4135 i
2609 4099 2718 4139 non
2763 4083 2981 4150 malleo,
3010 4080 3107 4137 sed
3145 4089 3453 4153 praecepto;

1851 4248 2137 4316 stigiorttm
2175 4241 2556 4316 aut_venelicii
2608 4242 2660 4297 vi
2711 4243 2828 4316 haec
2881 4240 3062 4316 omnia
3110 4249 3449 4316 gererentur.

1851 4310 1971 4374 Non
2002 4318 2145 4371 enim
2167 4313 2298 4384 quid
2341 4315 2450 4369 tale
2474 4314 2555 4368 eis
2583 4313 2874 4384 exprobrat
2913 4310 3191 4384 Christus;
3243 4313 3358 4378 sed,
3394 4320 3455 4369 ut

1853 4395 2010 4444 notat
2035 4390 2175 4444 bene
2188 4383 2585 4457 ’Chrysologus,
2615 4383 2811 4457 invidia
2840 4383 3062 4453 perciti,
3094 4384 3239 4457 quod
3269 4399 3337 4439 ex
3369 4386 3454 4441 in—

1851 4459 1996 4514 ﬁmis
2017 4457 2286 4515 natalibus
2316 4452 2453 4511 unus
2476 4452 2680 4509 tantam
2710 4452 2904 4507 lama’m
2933 4452 3340 4522 promeruisset.

1927 4531 1943 4582 i
1977 4527 2147 4583 Paulo
2173 4527 2413 4594 inferius,
2446 4543 2550 4582 non
2580 4524 2803 4580 carbone
2839 4526 3100 4595 conflavit.
3147 4525 3453 4583 Ferrariam

1851 4609 2025 4657 artem
2047 4599 2355 4655 exercuisse
2367 4597 2660 4668 Josephum
2677 4597 2976 4668 putativutn
2997 4596 3195 4653 Christi
3220 4608 3449 4668 patrem,

206 4663 445 4742 dPatria
469 4665 1093 4742 Christiquodammodo
1116 4671 1332 4740 triplex.
1358 4672 1635 4728 Bethleem
1657 4672 1750 4728 ubi
1775 4674 2057 4738 Dsentire
2102 4671 2316 4726 videtur
2359 4663 2749 4742 Chry'sologus:
2799 4666 2939 4742 illud
2981 4669 3119 4722 fabri
3181 4663 3346 4723 lilium
3400 4663 3454 4724 in

142 4741 316 4810 natus,
347 4735 620 4793 Nazareth
643 4735 735 4810 ubi
757 4741 1030 4807 educatus,
1054 4735 1433 4810 Capharnaum
1456 4745 1549 4799 ubi
1576 4745 1750 4800 domi-

141 4807 322 4863 cilium
390 4811 591 4878 posuit.
644 4809 744 4866 Hic
791 4821 975 4866 autem
1038 4807 1188 4867 innui
1235 4813 1502 4870 Nazareth
1559 4831 1750 4872 omnes

142 4880 503 4935 conveniunt.

211 4961 236 4988 ε
265 4950 521 5028 Perierat
534 4953 718 5019 homo,
736 4953 823 5028 cui
846 4953 1107 5010 oculorum
1122 4954 1395 5028 ingressus
1409 4971 1748 5028 nequaquam

143 5023 407 5096 patebat,
425 5025 737 5094 priusquam
779 5025 921 5080 Deus
949 5026 1266 5096 sumpsisset
1295 5023 1752 5084 hominem-Ser-

144 5103 294 5150 vatur
317 5113 349 5151 a
373 5095 495 5150 Deo
519 5096 634 5170 ipso
655 5111 776 5170 cum
798 5096 893 5152 Dei
914 5095 1083 5152 Filius
1097 5098 1436 5170 hypostatice
1457 5100 1750 5155 humanam

145 5177 397 5237 naturam
422 5168 668 5237 sumpsit.
693 5166 855 5237 Mm.

216 5235 242 5272 τ’
267 5237 437 5292 Juxta
468 5235 748 5306 vulgatam
774 5235 992 5297 Graecus
1026 5248 1207 5298 textus
1229 5242 1396 5297 habet
1419 5259 1434 5294 :
1457 5243 1508 5296 ἐν
1529 5250 1595 5306 τῇ
1624 5261 1748 5298 συν-

146 5318 315 5380 αγωγῇ
347 5313 546 5384 αὐξῶν,
570 5303 935 5384 in_synagoga
969 5328 1165 5369 eorum.
1199 5312 1475 5384 Recteque
1503 5303 1750 5368 no'nnulli

149 5379 370 5446 putant;
401 5379 1100 5454 ‘Nazareth'eniin'oppido
1137 5379 1525 5442 obscurissime
1565 5384 1748 5455 plures

148 5459 436 5523 synagoga:
459 5455 549 5508 vix
577 5467 697 5523 esse
717 5462 989 5523 poterant.

218 5528 244 5566 κ
265 5521 471 5577 Novar.
497 5521 1076 5600 in_Vall._’:_Tamqaant
1104 5527 1281 5600 aliqua
1307 5526 1747 5600 calamitatepre-

147 5601 444 5672 uterentur;
487 5598 606 5667 quia
653 5594 856 5672 Christi
887 5594 1267 5672 auctoritatem,
1297 5607 1474 5672 quam
1520 5594 1633 5654 sibi
1667 5605 1743 5653 tot

129 5663 419 5738 miraculis
441 5663 723 5738 pepererat,
754 5668 943 5724 invidis
965 5670 1127 5724 oculis
1143 5663 1496 5724 intuebantur.

141 5747 188 5815 ἠχ
217 5731 544 5815 ternas.
592 5731 826 5797 Caecum
873 5749 930 5798 et
961 5739 1094 5796 Val].
1123 5740 1268 5796 Βάκι
1309 5755 1474 5813 quam
1501 5739 1740 5815 plurimi,

225 5872 246 5916 ί
277 5873 407 5936 Non
428 5879 575 5938 enim
607 5882 1076 5943 calumniabantur
1105 5881 1402 5954 Christum,
1431 5884 1589 5961 quasi
1606 5895 1747 5961 prae-

1853 4742 2149 4813 Evangelig
2170 4743 2350 4798 varias
2377 4736 2590 4813 peperit
2627 4736 2695 4794 de
2721 4736 3088 4813 Josepli_i_arte
3130 4743 3448 4795 sententias.

1853 4810 2409 4874 Pseudo-Eustachio,
2432 4813 2485 4866 in
2511 4811 2735 4866 Hexam.
2763 4822 2886 4880 pag.
2912 4810 2997 4874 37,
3018 4813 3286 4865 domorum
3319 4813 3451 4866 (rdi-

1851 4888 2042 4959 ﬁcator
2071 4885 2330 4949 habetur;
2362 4883 2580 4959 liugoni
2607 4881 2780 4945 card.,
2815 4880 3145 4959 in_Evangcl.
3176 4883 3446 4959 Marci‘vt,

1852 4953 2302 5030 aurifex;_neque
2321 4970 2417 5030 eos
2445 4954 2770 5030 condemnat
2795 4953 2886 5020 qui
2917 4968 3037 5030 gitti
3062 4955 3453 5030 t'rrnttttttarittm

1850 5021 2081 5085 faciunt.
2107 5021 2341 5082 Hilarius
2364 5026 2416 5080 in
2447 5025 2634 5079 Matth.
2662 5041 2749 5088 xv,
2778 5035 2898 5093 pag.
2930 5021 3048 5086 757,
3084 5023 3314 5076 Fnbrum
3348 5027 3454 5094 fer-

1852 5102 2053 5155 rariuns
2078 5097 2286 5154 credit:
2320 5096 2490 5151 Plane
2509 5098 2591 5150 hic
2621 5096 2756 5166 fabri
2777 5104 2889 5147 erat
2919 5095 3077 5163 ﬁlius,
3111 5096 3301 5166 ferrum
3334 5097 3455 5163 igne

1849 5171 2121 5236 vincentis,
2161 5184 2365 5225 omnem
2383 5169 2562 5222 statuti
2602 5165 2838 5220 uirtutem
2858 5166 3057 5235 judicio
3099 5165 3450 5236 decoquenlis,

1851 5235 2182 5313 {nouamque
2211 5240 2562 5313 formulisjn
2584 5254 2735 5313 omne
2757 5253 2885 5313 opus
2914 5236 3152 5313 util-italis
3186 5235 3447 5313 humanm.

1851 5309 1994 5368 Nihil
2025 5304 2221 5381 itaque
2235 5308 2333 5366 fuit
2352 5325 2450 5366 cur
2477 5309 2752 5381 Scultetns
2776 5304 2911 5381 hanc
2935 5304 3454 5381 Hilarii-Opiltitdielll

1852 5389 2071 5439 notaret
2112 5376 2281 5438 veluti
2327 5381 2537 5436 facinus
2591 5380 2751 5434 nullis
2805 5376 3034 5430 ﬂammis
3087 5376 3456 5445 piacularibus

1849 5455 2159 5511 eluendum.
2185 5451 2318 5508 Nam
2340 5452 2587 5508 eamdem
2599 5448 2924 5505 sententiam
2947 5445 3184 5502 induisse
3204 5447 3456 5501 videntur

1851 5523 2568 5596 TheophilusAntiochenus
2594 5519 2885 5596 in_Mattl_t.;
2905 5517 3220 5596 umbrosum
3244 5519 3293 5571 in
3320 5518 3450 5596 tunc.

1852 5596 1946 5651 lib.
1979 5587 2036 5652 ui
2067 5611 2215 5652 mtm.
2239 5594 2295 5662 Ω,
2322 5595 2412 5651 ubi
2437 5591 2699 5662 exscribit
2720 5589 2882 5645 verba
2905 5587 3109 5662 l_a_uda_ti
3133 5589 3449 5658 Theophili;

1852 5667 1999 5724 Beda
2029 5669 2083 5723 in
2114 5658 2292 5722 Marc.
2313 5681 2382 5732 ιι;
2413 5673 2470 5720 et
2506 5661 2873 5732 Chrysologus
2914 5660 3020 5714 hic.
3055 5658 3243 5715 Potior
3270 5670 3454 5716 autem

1851 5740 2122 5796 sententia
2149 5746 2233 5795 est
2259 5751 2381 5793 eum
2413 5734 2576 5790 fuisse
2596 5732 2828 5786 Fabrum
2851 5732 3148 5796 lignarimn.
3175 5732 3306 5785 Nam
3331 5747 3451 5786 cum

1853 5827 1960 5866 vox
1986 5819 2175 5869 τικτῶν
2203 5806 2450 5863 absolute
2469 5805 2707 5870 ponitur,
2724 5811 2783 5859 ut
2803 5805 2856 5859 in
2878 5801 3190 5870 Evangelia,
3215 5801 3448 5856 Fabrum

1855 5883 2140 5958 tignarium
2183 5881 2414 5938 innuero
2439 5871 2784 5938 observatum
2830 5884 2914 5934 est
2942 5889 3010 5930 ex
3039 5871 3178 5931 libro
3203 5890 3237 5928 v
3264 5871 3452 5948 Xeno-3
