  <div class='ocr_page' id='page_1' title='image "/cluster/home/n/w/nwhite01/storage/ocr_20150623/52/hvd.32044015706419/172.png"; bbox 0 0 3902 6362; ppageno 0'>
   <div class='ocr_carea' id='block_1_1' title="bbox 125 399 3388 482">
    <p class='ocr_par' dir='ltr' id='par_1_1' title="bbox 125 399 3388 482">
     <span class='ocr_line' id='line_1_1' title="bbox 125 399 3388 482; baseline -0.005 -18"><span class='ocrx_word' id='word_1_1' title='bbox 125 403 214 476; x_wconf 66' lang='lat'><strong>357&#39;</strong></span> <span class='ocrx_word' id='word_1_2' title='bbox 1522 399 1754 459; x_wconf 72' lang='lat' dir='ltr'><strong>suum)</strong></span> <span class='ocrx_word' id='word_1_3' title='bbox 1794 399 1981 458; x_wconf 65' lang='grc' dir='ltr'>χιιι.</span> <span class='ocrx_word' id='word_1_4' title='bbox 2817 454 2819 456; x_wconf 73' lang='grc'><em>,</em></span> <span class='ocrx_word' id='word_1_5' title='bbox 2877 438 2880 442; x_wconf 92' lang='grc'>.</span> <span class='ocrx_word' id='word_1_6' title='bbox 3280 425 3388 482; x_wconf 58' lang='lat'><strong>358</strong></span> 
     </span>
    </p>
   </div>
   <div class='ocr_carea' id='block_1_2' title="bbox 125 515 3394 599">
    <p class='ocr_par' dir='ltr' id='par_1_2' title="bbox 125 515 3394 599">
     <span class='ocr_line' id='line_1_2' title="bbox 125 515 3394 599; baseline 0.002 -15"><span class='ocrx_word' id='word_1_7' title='bbox 125 529 345 586; x_wconf 70' lang='lat' dir='ltr'><strong>viantem.</strong></span> <span class='ocrx_word' id='word_1_8' title='bbox 389 520 461 577; x_wconf 85' lang='lat' dir='ltr'><strong>Et</strong></span> <span class='ocrx_word' id='word_1_9' title='bbox 493 537 600 577; x_wconf 86' lang='lat' dir='ltr'><strong>non</strong></span> <span class='ocrx_word' id='word_1_10' title='bbox 627 521 767 594; x_wconf 79' lang='lat' dir='ltr'><strong>fecit,</strong></span> <span class='ocrx_word' id='word_1_11' title='bbox 798 517 992 590; x_wconf 90' lang='lat' dir='ltr'><strong>inquit,</strong></span> <span class='ocrx_word' id='word_1_12' title='bbox 1026 516 1100 572; x_wconf 89' lang='lat' dir='ltr'><strong>ibi</strong></span> <span class='ocrx_word' id='word_1_13' title='bbox 1125 515 1335 572; x_wconf 82' lang='lat' dir='ltr'><strong>uirtutes</strong></span> <span class='ocrx_word' id='word_1_14' title='bbox 1364 515 1554 570; x_wconf 81' lang='lat' dir='ltr'><strong>multas</strong></span> <span class='ocrx_word' id='word_1_15' title='bbox 1582 531 1703 586; x_wconf 88' lang='lat' dir='ltr'><strong>pro-</strong></span> <span class='ocrx_word' id='word_1_16' title='bbox 1729 515 1785 578; x_wconf 82' lang='grc' dir='ltr'><strong>Α</strong></span> <span class='ocrx_word' id='word_1_17' title='bbox 1806 517 2161 588; x_wconf 87' lang='lat' dir='ltr'><strong>credendum;</strong></span> <span class='ocrx_word' id='word_1_18' title='bbox 2193 519 2390 579; x_wconf 84' lang='lat' dir='ltr'><strong>divinis</strong></span> <span class='ocrx_word' id='word_1_19' title='bbox 2427 522 2714 582; x_wconf 77' lang='lat' dir='ltr'><strong>virtutibus</strong></span> <span class='ocrx_word' id='word_1_20' title='bbox 2753 540 2863 584; x_wconf 90' lang='lat' dir='ltr'><strong>non</strong></span> <span class='ocrx_word' id='word_1_21' title='bbox 2891 527 2961 584; x_wconf 80' lang='lat' dir='ltr'><strong>ad</strong></span> <span class='ocrx_word' id='word_1_22' title='bbox 2985 527 3166 599; x_wconf 80' lang='lat' dir='ltr'><strong>ﬁdem,</strong></span> <span class='ocrx_word' id='word_1_23' title='bbox 3197 532 3296 589; x_wconf 88' lang='lat' dir='ltr'><strong>sed</strong></span> <span class='ocrx_word' id='word_1_24' title='bbox 3322 535 3394 591; x_wconf 85' lang='lat' dir='ltr'><strong>ad</strong></span> 
     </span>
    </p>
   </div>
   <div class='ocr_carea' id='block_1_3' title="bbox 126 606 3396 694">
    <p class='ocr_par' dir='ltr' id='par_1_3' title="bbox 126 606 3396 694">
     <span class='ocr_line' id='line_1_3' title="bbox 126 606 3396 694; baseline 0.003 -23"><span class='ocrx_word' id='word_1_25' title='bbox 126 614 648 694; x_wconf 67' lang='lat' dir='ltr'><strong>put-incredulitatem</strong></span> <span class='ocrx_word' id='word_1_26' title='bbox 662 612 894 668; x_wconf 84' lang='lat' dir='ltr'><strong>illorum.</strong></span> <span class='ocrx_word' id='word_1_27' title='bbox 910 608 1029 666; x_wconf 87' lang='lat' dir='ltr'><strong>Non</strong></span> <span class='ocrx_word' id='word_1_28' title='bbox 1050 607 1110 663; x_wconf 81' lang='lat' dir='ltr'><strong>fit</strong></span> <span class='ocrx_word' id='word_1_29' title='bbox 1124 607 1199 663; x_wconf 90' lang='lat' dir='ltr'><strong>ibi</strong></span> <span class='ocrx_word' id='word_1_30' title='bbox 1214 607 1402 674; x_wconf 89' lang='lat' dir='ltr'><strong>virtus,</strong></span> <span class='ocrx_word' id='word_1_31' title='bbox 1420 606 1512 662; x_wconf 90' lang='lat' dir='ltr'><strong>ubi</strong></span> <span class='ocrx_word' id='word_1_32' title='bbox 1526 607 1702 662; x_wconf 90' lang='lat' dir='ltr'><strong>incre-</strong></span> <span class='ocrx_word' id='word_1_33' title='bbox 1801 611 2126 667; x_wconf 81' lang='lat' dir='ltr'><strong>calumniam</strong></span> <span class='ocrx_word' id='word_1_34' title='bbox 2163 614 2393 671; x_wconf 83' lang='lat' dir='ltr'><strong>sollicite</strong></span> <span class='ocrx_word' id='word_1_35' title='bbox 2438 623 2831 688; x_wconf 77' lang='lat' dir='ltr'><strong>commovetur,</strong></span> <span class='ocrx_word' id='word_1_36' title='bbox 2880 621 2967 677; x_wconf 92' lang='lat' dir='ltr'><strong>vel</strong></span> <span class='ocrx_word' id='word_1_37' title='bbox 3005 622 3131 692; x_wconf 88' lang='lat' dir='ltr'><strong>quia</strong></span> <span class='ocrx_word' id='word_1_38' title='bbox 3193 625 3396 682; x_wconf 89' lang='lat' dir='ltr'><strong>meruit</strong></span> 
     </span>
    </p>
   </div>
   <div class='ocr_carea' id='block_1_4' title="bbox 127 700 3396 776">
    <p class='ocr_par' dir='ltr' id='par_1_4' title="bbox 127 700 3396 776">
     <span class='ocr_line' id='line_1_4' title="bbox 127 700 3396 776; baseline -0.003 4"><span class='ocrx_word' id='word_1_39' title='bbox 127 714 298 770; x_wconf 59' lang='lat' dir='ltr'><strong>iulius</strong></span> <span class='ocrx_word' id='word_1_40' title='bbox 339 724 454 765; x_wconf 80' lang='lat' dir='ltr'><strong>n0n</strong></span> <span class='ocrx_word' id='word_1_41' title='bbox 499 714 758 763; x_wconf 62' lang='lat' dir='ltr'><strong>mereillr-</strong></span> <span class='ocrx_word' id='word_1_42' title='bbox 817 703 934 758; x_wconf 77' lang='grc' dir='ltr'><strong>Ειεί</strong></span> <span class='ocrx_word' id='word_1_43' title='bbox 991 700 1298 757; x_wconf 72' lang='lat' dir='ltr'><strong>mercedem</strong></span> <span class='ocrx_word' id='word_1_44' title='bbox 1346 714 1470 756; x_wconf 77' lang='lat' dir='ltr'><strong>cum</strong></span> <span class='ocrx_word' id='word_1_45' title='bbox 1525 706 1698 766; x_wconf 77' lang='lat' dir='ltr'><strong>sanat.</strong></span> <span class='ocrx_word' id='word_1_46' title='bbox 1802 704 1988 760; x_wconf 92' lang='lat' dir='ltr'><strong>audire</strong></span> <span class='ocrx_word' id='word_1_47' title='bbox 2027 705 2348 776; x_wconf 85' lang='lat' dir='ltr'><strong>sapientiam</strong></span> <span class='ocrx_word' id='word_1_48' title='bbox 2389 715 2616 765; x_wconf 82' lang='lat' dir='ltr'><strong>tantam.</strong></span> <span class='ocrx_word' id='word_1_49' title='bbox 2677 709 2786 766; x_wconf 90' lang='lat' dir='ltr'><strong>Sed</strong></span> <span class='ocrx_word' id='word_1_50' title='bbox 2825 711 2970 768; x_wconf 88' lang='lat' dir='ltr'><strong>unde</strong></span> <span class='ocrx_word' id='word_1_51' title='bbox 3007 713 3079 769; x_wconf 88' lang='lat' dir='ltr'><strong>sit</strong></span> <span class='ocrx_word' id='word_1_52' title='bbox 3126 714 3396 773; x_wconf 84' lang='lat' dir='ltr'><strong>malitiose</strong></span> 
     </span>
    </p>
   </div>
   <div class='ocr_carea' id='block_1_5' title="bbox 127 792 3398 874">
    <p class='ocr_par' dir='ltr' id='par_1_5' title="bbox 127 792 3398 874">
     <span class='ocr_line' id='line_1_5' title="bbox 127 792 3398 874; baseline 0 -11"><span class='ocrx_word' id='word_1_53' title='bbox 127 823 219 863; x_wconf 89' lang='lat' dir='ltr'><strong>non</strong></span> <span class='ocrx_word' id='word_1_54' title='bbox 244 803 413 874; x_wconf 87' lang='lat' dir='ltr'><strong>exigit</strong></span> <span class='ocrx_word' id='word_1_55' title='bbox 451 799 730 867; x_wconf 86' lang='lat' dir='ltr'><strong>Christus;</strong></span> <span class='ocrx_word' id='word_1_56' title='bbox 773 797 1084 866; x_wconf 77' lang='lat' dir='ltr'><strong>indignatur</strong></span> <span class='ocrx_word' id='word_1_57' title='bbox 1111 802 1294 850; x_wconf 89' lang='lat' dir='ltr'><strong>tamen</strong></span> <span class='ocrx_word' id='word_1_58' title='bbox 1324 792 1451 849; x_wconf 91' lang='lat' dir='ltr'><strong>dum</strong></span> <span class='ocrx_word' id='word_1_59' title='bbox 1481 809 1583 864; x_wconf 91' lang='lat' dir='ltr'><strong>pro</strong></span> <span class='ocrx_word' id='word_1_60' title='bbox 1603 793 1704 849; x_wconf 89' lang='lat' dir='ltr'><strong>ho-</strong></span> <span class='ocrx_word' id='word_1_61' title='bbox 1802 796 2014 852; x_wconf 87' lang='lat' dir='ltr'><strong>curiosa</strong></span> <span class='ocrx_word' id='word_1_62' title='bbox 2041 837 2056 862; x_wconf 87' lang='lat'><strong>,</strong></span> <span class='ocrx_word' id='word_1_63' title='bbox 2099 798 2188 854; x_wconf 90' lang='lat' dir='ltr'><strong>vel</strong></span> <span class='ocrx_word' id='word_1_64' title='bbox 2216 799 2438 868; x_wconf 92' lang='lat' dir='ltr'><strong>querula</strong></span> <span class='ocrx_word' id='word_1_65' title='bbox 2463 840 2479 868; x_wconf 93' lang='lat'><strong>,</strong></span> <span class='ocrx_word' id='word_1_66' title='bbox 2523 799 2580 856; x_wconf 91' lang='lat' dir='ltr'><strong>in</strong></span> <span class='ocrx_word' id='word_1_67' title='bbox 2619 801 2777 857; x_wconf 88' lang='lat' dir='ltr'><strong>bonis</strong></span> <span class='ocrx_word' id='word_1_68' title='bbox 2803 803 3055 874; x_wconf 79' lang='lat' dir='ltr'><strong>suspicax</strong></span> <span class='ocrx_word' id='word_1_69' title='bbox 3076 844 3091 872; x_wconf 92' lang='lat'><strong>,</strong></span> <span class='ocrx_word' id='word_1_70' title='bbox 3137 805 3205 860; x_wconf 90' lang='lat' dir='ltr'><strong>ad</strong></span> <span class='ocrx_word' id='word_1_71' title='bbox 3233 807 3398 863; x_wconf 83' lang='lat' dir='ltr'><strong>noxia</strong></span> 
     </span>
    </p>
   </div>
   <div class='ocr_carea' id='block_1_6' title="bbox 128 871 3472 968">
    <p class='ocr_par' dir='ltr' id='par_1_6' title="bbox 128 871 3472 968">
     <span class='ocr_line' id='line_1_6' title="bbox 128 871 3472 968; baseline -0.001 -13"><span class='ocrx_word' id='word_1_72' title='bbox 128 912 243 956; x_wconf 83' lang='lat' dir='ltr'><strong>nore</strong></span> <span class='ocrx_word' id='word_1_73' title='bbox 276 871 376 952; x_wconf 79' lang='lat' dir='ltr'><strong>sibi</strong></span> <span class='ocrx_word' id='word_1_74' title='bbox 419 895 593 951; x_wconf 80' lang='lat' dir='ltr'><strong>fertur</strong></span> <span class='ocrx_word' id='word_1_75' title='bbox 634 891 828 962; x_wconf 86' lang='lat' dir='ltr'><strong>injuria</strong></span> <span class='ocrx_word' id='word_1_76' title='bbox 847 931 862 958; x_wconf 90' lang='lat'><strong>,</strong></span> <span class='ocrx_word' id='word_1_77' title='bbox 906 890 994 964; x_wconf 87' lang='lat' dir='ltr'><strong>qui</strong></span> <span class='ocrx_word' id='word_1_78' title='bbox 1031 895 1106 944; x_wconf 85' lang='lat' dir='ltr'><strong>est</strong></span> <span class='ocrx_word' id='word_1_79' title='bbox 1157 904 1312 960; x_wconf 84' lang='lat' dir='ltr'><strong>super</strong></span> <span class='ocrx_word' id='word_1_80' title='bbox 1350 888 1527 942; x_wconf 83' lang='lat' dir='ltr'><strong>omnia</strong></span> <span class='ocrx_word' id='word_1_81' title='bbox 1559 886 1702 942; x_wconf 86' lang='lat' dir='ltr'><strong>Deus</strong></span> <span class='ocrx_word' id='word_1_82' title='bbox 1803 889 1936 944; x_wconf 83' lang='lat' dir='ltr'><strong>satis</strong></span> <span class='ocrx_word' id='word_1_83' title='bbox 1963 887 2166 958; x_wconf 82' lang='lat' dir='ltr'><strong>facilis,</strong></span> <span class='ocrx_word' id='word_1_84' title='bbox 2199 890 2504 946; x_wconf 86' lang='lat' dir='ltr'><strong>doctrinam</strong></span> <span class='ocrx_word' id='word_1_85' title='bbox 2534 891 2765 964; x_wconf 84' lang='lat' dir='ltr'><strong>despicit</strong></span> <span class='ocrx_word' id='word_1_86' title='bbox 2792 871 2951 964; x_wconf 84' lang='lat' dir='ltr'><strong>quam</strong></span> <span class='ocrx_word' id='word_1_87' title='bbox 2981 871 3248 966; x_wconf 84' lang='lat' dir='ltr'><strong>miratur;</strong></span> <span class='ocrx_word' id='word_1_88' title='bbox 3277 912 3399 968; x_wconf 66' lang='lat' dir='ltr'><strong>quxe</strong></span> <span class='ocrx_word' id='word_1_89' title='bbox 3465 871 3472 882; x_wconf 52' lang='grc'><strong>’</strong></span> 
     </span>
    </p>
   </div>
   <div class='ocr_carea' id='block_1_7' title="bbox 127 978 3396 1059">
    <p class='ocr_par' dir='ltr' id='par_1_7' title="bbox 127 978 3396 1059">
     <span class='ocr_line' id='line_1_7' title="bbox 127 978 3396 1059; baseline -0 -13"><span class='ocrx_word' id='word_1_90' title='bbox 127 988 399 1046; x_wconf 78' lang='lat' dir='ltr'><strong>benedictus</strong></span> <span class='ocrx_word' id='word_1_91' title='bbox 426 995 478 1042; x_wconf 87' lang='lat' dir='ltr'><strong>et</strong></span> <span class='ocrx_word' id='word_1_92' title='bbox 504 985 760 1059; x_wconf 80' lang='lat' dir='ltr'><strong>gloriosus</strong></span> <span class='ocrx_word' id='word_1_93' title='bbox 789 985 844 1038; x_wconf 88' lang='lat' dir='ltr'><strong>in</strong></span> <span class='ocrx_word' id='word_1_94' title='bbox 863 980 1056 1038; x_wconf 83' lang='lat' dir='ltr'><strong>scecula</strong></span> <span class='ocrx_word' id='word_1_95' title='bbox 1081 979 1412 1038; x_wconf 75' lang='lat' dir='ltr'><strong>swculorum.</strong></span> <span class='ocrx_word' id='word_1_96' title='bbox 1435 978 1630 1036; x_wconf 82' lang='lat' dir='ltr'><strong>Amen.</strong></span> <span class='ocrx_word' id='word_1_97' title='bbox 1803 982 1999 1052; x_wconf 90' lang='lat' dir='ltr'><strong>probat</strong></span> <span class='ocrx_word' id='word_1_98' title='bbox 2038 990 2310 1053; x_wconf 71' lang='lat' dir='ltr'><strong>praecepta</strong></span> <span class='ocrx_word' id='word_1_99' title='bbox 2327 1025 2342 1050; x_wconf 93' lang='lat'><strong>,</strong></span> <span class='ocrx_word' id='word_1_100' title='bbox 2387 985 2718 1054; x_wconf 86' lang='lat' dir='ltr'><strong>contemnit;</strong></span> <span class='ocrx_word' id='word_1_101' title='bbox 2761 986 2829 1042; x_wconf 87' lang='lat' dir='ltr'><strong>ad</strong></span> <span class='ocrx_word' id='word_1_102' title='bbox 2878 986 3049 1043; x_wconf 88' lang='lat' dir='ltr'><strong>Deum</strong></span> <span class='ocrx_word' id='word_1_103' title='bbox 3090 996 3396 1056; x_wconf 88' lang='lat' dir='ltr'><strong>cunctatur,</strong></span> 
     </span>
    </p>
   </div>
   <div class='ocr_carea' id='block_1_8' title="bbox 673 1072 3399 1177">
    <p class='ocr_par' dir='ltr' id='par_1_8' title="bbox 673 1072 3399 1177">
     <span class='ocr_line' id='line_1_8' title="bbox 673 1072 3399 1177; baseline -0.005 -25"><span class='ocrx_word' id='word_1_104' title='bbox 673 1117 904 1177; x_wconf 72' lang='lat' dir='ltr'><strong>SERMO</strong></span> <span class='ocrx_word' id='word_1_105' title='bbox 938 1116 1126 1175; x_wconf 50' lang='lat' dir='ltr'><strong>xux.</strong></span> <span class='ocrx_word' id='word_1_106' title='bbox 1805 1072 1876 1177; x_wconf 64' lang='lat' dir='ltr'><strong>fld</strong></span> <span class='ocrx_word' id='word_1_107' title='bbox 1905 1073 2048 1177; x_wconf 75' lang='lat' dir='ltr'><strong>idola</strong></span> <span class='ocrx_word' id='word_1_108' title='bbox 2074 1076 2448 1177; x_wconf 69' lang='lat' dir='ltr'><strong>perproclivis;</strong></span> <span class='ocrx_word' id='word_1_109' title='bbox 2480 1078 2548 1177; x_wconf 77' lang='lat' dir='ltr'><strong>in</strong></span> <span class='ocrx_word' id='word_1_110' title='bbox 2561 1077 2756 1177; x_wconf 80' lang='lat' dir='ltr'><strong>divinis</strong></span> <span class='ocrx_word' id='word_1_111' title='bbox 2783 1086 2978 1150; x_wconf 88' lang='lat' dir='ltr'><strong>astuta,</strong></span> <span class='ocrx_word' id='word_1_112' title='bbox 3010 1081 3177 1152; x_wconf 87' lang='lat' dir='ltr'><strong>ligno,</strong></span> <span class='ocrx_word' id='word_1_113' title='bbox 3202 1083 3399 1155; x_wconf 83' lang='lat' dir='ltr'><strong>lapidi-</strong></span> 
     </span>
    </p>
   </div>
   <div class='ocr_carea' id='block_1_9' title="bbox 587 1157 3400 1246">
    <p class='ocr_par' dir='ltr' id='par_1_9' title="bbox 587 1157 3400 1246">
     <span class='ocr_line' id='line_1_9' title="bbox 587 1157 3400 1246; baseline 0.014 -53"><span class='ocrx_word' id='word_1_114' title='bbox 587 1233 599 1246; x_wconf 44' lang='lat'><em>.</em></span> <span class='ocrx_word' id='word_1_115' title='bbox 652 1157 902 1246; x_wconf 46' lang='lat' dir='ltr'><strong>.ww“</strong></span> <span class='ocrx_word' id='word_1_116' title='bbox 942 1157 1170 1246; x_wconf 50' lang='grc' dir='ltr'><em>ι</em></span> <span class='ocrx_word' id='word_1_117' title='bbox 1805 1164 1906 1222; x_wconf 91' lang='lat' dir='ltr'><strong>bus</strong></span> <span class='ocrx_word' id='word_1_118' title='bbox 1933 1173 2052 1222; x_wconf 92' lang='lat' dir='ltr'><strong>tota</strong></span> <span class='ocrx_word' id='word_1_119' title='bbox 2077 1168 2350 1237; x_wconf 91' lang='lat' dir='ltr'><strong>resoluta;</strong></span> <span class='ocrx_word' id='word_1_120' title='bbox 2392 1171 2696 1242; x_wconf 79' lang='lat' dir='ltr'><strong>prophetia:</strong></span> <span class='ocrx_word' id='word_1_121' title='bbox 2723 1173 2974 1241; x_wconf 86' lang='lat' dir='ltr'><strong>rebellis,</strong></span> <span class='ocrx_word' id='word_1_122' title='bbox 3005 1175 3276 1231; x_wconf 90' lang='lat' dir='ltr'><strong>contraria</strong></span> <span class='ocrx_word' id='word_1_123' title='bbox 3301 1189 3400 1230; x_wconf 85' lang='lat' dir='ltr'><strong>ve-</strong></span> 
     </span>
    </p>
   </div>
   <div class='ocr_carea' id='block_1_10' title="bbox 443 1228 3404 1336">
    <p class='ocr_par' dir='ltr' id='par_1_10' title="bbox 443 1228 3404 1336">
     <span class='ocr_line' id='line_1_10' title="bbox 443 1228 3404 1336; baseline 0.009 -39"><span class='ocrx_word' id='word_1_124' title='bbox 443 1233 526 1290; x_wconf 72' lang='lat' dir='ltr'><strong>De</strong></span> <span class='ocrx_word' id='word_1_125' title='bbox 553 1231 764 1300; x_wconf 67' lang='grc' dir='ltr'><strong>εἰσάεπι,</strong></span> <span class='ocrx_word' id='word_1_126' title='bbox 795 1230 1081 1287; x_wconf 64' lang='lat' dir='ltr'><strong>“cundum</strong></span> <span class='ocrx_word' id='word_1_127' title='bbox 1108 1228 1374 1286; x_wconf 66' lang='grc' dir='ltr'><strong>Πανθωπθ</strong></span> <span class='ocrx_word' id='word_1_128' title='bbox 1806 1258 1954 1314; x_wconf 89' lang='lat' dir='ltr'><strong>ritati</strong></span> <span class='ocrx_word' id='word_1_129' title='bbox 1975 1301 1992 1328; x_wconf 94' lang='lat'><strong>,</strong></span> <span class='ocrx_word' id='word_1_130' title='bbox 2044 1262 2282 1330; x_wconf 76' lang='lat' dir='ltr'><strong>auguriis</strong></span> <span class='ocrx_word' id='word_1_131' title='bbox 2303 1228 2348 1329; x_wconf 40' lang='lat'><strong>,&#39;</strong></span> <span class='ocrx_word' id='word_1_132' title='bbox 2368 1228 2772 1334; x_wconf 72' lang='lat' dir='ltr'><strong>mendaciisque</strong></span> <span class='ocrx_word' id='word_1_133' title='bbox 2813 1228 3060 1336; x_wconf 49' lang='lat' dir='ltr'><strong>perdita.</strong></span> <span class='ocrx_word' id='word_1_134' title='bbox 3087 1228 3276 1336; x_wconf 63' lang='lat' dir='ltr'><strong>Rogo,</strong></span> 
     </span>
    </p>
   </div>
   <div class='ocr_carea' id='block_1_11' title="bbox 1809 1353 3404 1429">
    <p class='ocr_par' dir='ltr' id='par_1_11' title="bbox 1809 1353 3404 1429">
     <span class='ocr_line' id='line_1_11' title="bbox 1809 1353 3404 1429; baseline 0.006 -21"><span class='ocrx_word' id='word_1_135' title='bbox 1809 1359 2045 1420; x_wconf 87' lang='lat' dir='ltr'><strong>cautum,</strong></span> <span class='ocrx_word' id='word_1_136' title='bbox 2077 1353 2223 1422; x_wconf 90' lang='lat' dir='ltr'><strong>quod</strong></span> <span class='ocrx_word' id='word_1_137' title='bbox 2251 1369 2426 1412; x_wconf 70' lang='lat' dir='ltr'><strong>czecus</strong></span> <span class='ocrx_word' id='word_1_138' title='bbox 2456 1356 2638 1412; x_wconf 83' lang='lat' dir='ltr'><strong>videt?</strong></span> <span class='ocrx_word' id='word_1_139' title='bbox 2665 1358 2751 1413; x_wconf 90' lang='lat' dir='ltr'><strong>cui</strong></span> <span class='ocrx_word' id='word_1_140' title='bbox 2772 1358 3062 1414; x_wconf 90' lang='lat' dir='ltr'><strong>sollicitum</strong></span> <span class='ocrx_word' id='word_1_141' title='bbox 3084 1360 3231 1429; x_wconf 87' lang='lat' dir='ltr'><strong>quod</strong></span> <span class='ocrx_word' id='word_1_142' title='bbox 3255 1376 3404 1417; x_wconf 85' lang='lat' dir='ltr'><strong>mor-</strong></span> 
     </span>
    </p>
   </div>
   <div class='ocr_carea' id='block_1_12' title="bbox 1813 1444 3404 1520">
    <p class='ocr_par' dir='ltr' id='par_1_12' title="bbox 1813 1444 3404 1520">
     <span class='ocr_line' id='line_1_12' title="bbox 1813 1444 3404 1520; baseline 0.006 -22"><span class='ocrx_word' id='word_1_143' title='bbox 1813 1450 1936 1498; x_wconf 90' lang='lat' dir='ltr'><strong>tuus</strong></span> <span class='ocrx_word' id='word_1_144' title='bbox 1963 1444 2174 1515; x_wconf 80' lang='lat' dir='ltr'><strong>surgit?</strong></span> <span class='ocrx_word' id='word_1_145' title='bbox 2201 1445 2287 1502; x_wconf 90' lang='lat' dir='ltr'><strong>cui</strong></span> <span class='ocrx_word' id='word_1_146' title='bbox 2315 1445 2554 1516; x_wconf 90' lang='lat' dir='ltr'><strong>dubium,</strong></span> <span class='ocrx_word' id='word_1_147' title='bbox 2585 1449 2734 1518; x_wconf 89' lang='lat' dir='ltr'><strong>quod</strong></span> <span class='ocrx_word' id='word_1_148' title='bbox 2770 1449 3011 1520; x_wconf 90' lang='lat' dir='ltr'><strong>loquitur</strong></span> <span class='ocrx_word' id='word_1_149' title='bbox 3035 1451 3255 1506; x_wconf 85' lang='lat' dir='ltr'><strong>mutus?</strong></span> <span class='ocrx_word' id='word_1_150' title='bbox 3284 1466 3404 1507; x_wconf 86' lang='lat' dir='ltr'><strong>cer-</strong></span> 
     </span>
    </p>
   </div>
   <div class='ocr_carea' id='block_1_13' title="bbox 1810 1538 3406 1614">
    <p class='ocr_par' dir='ltr' id='par_1_13' title="bbox 1810 1538 3406 1614">
     <span class='ocr_line' id='line_1_13' title="bbox 1810 1538 3406 1614; baseline 0.005 -22"><span class='ocrx_word' id='word_1_151' title='bbox 1810 1543 1896 1604; x_wconf 90' lang='lat' dir='ltr'><strong>te,</strong></span> <span class='ocrx_word' id='word_1_152' title='bbox 1929 1538 2054 1607; x_wconf 84' lang='lat' dir='ltr'><strong>quis</strong></span> <span class='ocrx_word' id='word_1_153' title='bbox 2082 1539 2289 1595; x_wconf 86' lang='lat' dir='ltr'><strong>nesciat</strong></span> <span class='ocrx_word' id='word_1_154' title='bbox 2316 1556 2437 1597; x_wconf 90' lang='lat' dir='ltr'><strong>esse</strong></span> <span class='ocrx_word' id='word_1_155' title='bbox 2464 1541 2653 1610; x_wconf 89' lang='lat' dir='ltr'><strong>Deum,</strong></span> <span class='ocrx_word' id='word_1_156' title='bbox 2680 1543 2834 1614; x_wconf 90' lang='lat' dir='ltr'><strong>cujus</strong></span> <span class='ocrx_word' id='word_1_157' title='bbox 2854 1544 2970 1600; x_wconf 89' lang='lat' dir='ltr'><strong>sola</strong></span> <span class='ocrx_word' id='word_1_158' title='bbox 2989 1551 3211 1601; x_wconf 90' lang='lat' dir='ltr'><strong>curatur</strong></span> <span class='ocrx_word' id='word_1_159' title='bbox 3229 1545 3406 1602; x_wconf 87' lang='lat' dir='ltr'><strong>omnis</strong></span> 
     </span>
    </p>
   </div>
   <div class='ocr_carea' id='block_1_14' title="bbox 133 1619 3408 1708">
    <p class='ocr_par' dir='ltr' id='par_1_14' title="bbox 133 1619 3408 1708">
     <span class='ocr_line' id='line_1_14' title="bbox 133 1619 3408 1708; baseline -0.001 -10"><span class='ocrx_word' id='word_1_160' title='bbox 133 1627 413 1684; x_wconf 67' lang='grc' dir='ltr'><strong>ῘωδθείΠθε</strong></span> <span class='ocrx_word' id='word_1_161' title='bbox 441 1639 680 1696; x_wconf 67' lang='lat' dir='ltr'><strong>namque</strong></span> <span class='ocrx_word' id='word_1_162' title='bbox 705 1631 917 1680; x_wconf 59' lang='lat' dir='ltr'><strong>mentes</strong></span> <span class='ocrx_word' id='word_1_163' title='bbox 942 1622 1191 1679; x_wconf 72' lang='grc' dir='ltr'><strong>ηθεοίυηῑ</strong></span> <span class='ocrx_word' id='word_1_164' title='bbox 1217 1619 1484 1677; x_wconf 54' lang='lat' dir='ltr'><strong>nomium</strong></span> <span class='ocrx_word' id='word_1_165' title='bbox 1511 1635 1710 1692; x_wconf 71' lang='lat' dir='ltr'><strong>COI‘PO&#39;</strong></span> <span class='ocrx_word' id='word_1_166' title='bbox 1810 1629 2058 1687; x_wconf 89' lang='lat' dir='ltr'><strong>debilitas</strong></span> <span class='ocrx_word' id='word_1_167' title='bbox 2080 1631 2363 1702; x_wconf 90' lang='lat' dir='ltr'><strong>jussione?</strong></span> <span class='ocrx_word' id='word_1_168' title='bbox 2391 1633 2603 1708; x_wconf 88' lang='lat' dir='ltr'><strong>Moyses</strong></span> <span class='ocrx_word' id='word_1_169' title='bbox 2629 1637 2784 1707; x_wconf 87' lang='lat' dir='ltr'><strong>signa</strong></span> <span class='ocrx_word' id='word_1_170' title='bbox 2811 1636 3014 1694; x_wconf 81' lang='lat' dir='ltr'><strong>fecerat</strong></span> <span class='ocrx_word' id='word_1_171' title='bbox 3041 1638 3229 1707; x_wconf 90' lang='lat' dir='ltr'><strong>multa,</strong></span> <span class='ocrx_word' id='word_1_172' title='bbox 3259 1637 3408 1695; x_wconf 86' lang='lat' dir='ltr'><strong>Elias</strong></span> 
     </span>
    </p>
   </div>
   <div class='ocr_carea' id='block_1_15' title="bbox 138 1714 3408 1800">
    <p class='ocr_par' dir='ltr' id='par_1_15' title="bbox 138 1714 3408 1800">
     <span class='ocr_line' id='line_1_15' title="bbox 138 1714 3408 1800; baseline 0.001 -15"><span class='ocrx_word' id='word_1_173' title='bbox 138 1722 198 1777; x_wconf 79' lang='lat' dir='ltr'><strong>ris</strong></span> <span class='ocrx_word' id='word_1_174' title='bbox 221 1719 423 1786; x_wconf 68' lang='lat' dir='ltr'><strong>audire.</strong></span> <span class='ocrx_word' id='word_1_175' title='bbox 467 1718 776 1774; x_wconf 69' lang='lat' dir='ltr'><strong>discernere</strong></span> <span class='ocrx_word' id='word_1_176' title='bbox 805 1723 862 1772; x_wconf 65' lang='lat' dir='ltr'><strong>et</strong></span> <span class='ocrx_word' id='word_1_177' title='bbox 896 1715 1212 1787; x_wconf 74' lang='lat' dir='ltr'><strong>dispensare</strong></span> <span class='ocrx_word' id='word_1_178' title='bbox 1247 1714 1532 1788; x_wconf 71' lang='lat' dir='ltr'><strong>mysteria.</strong></span> <span class='ocrx_word' id='word_1_179' title='bbox 1572 1714 1714 1770; x_wconf 63' lang='lat' dir='ltr'><strong>Sicut</strong></span> <span class='ocrx_word' id='word_1_180' title='bbox 1811 1726 2047 1780; x_wconf 83' lang='lat' dir='ltr'><strong>maxima</strong></span> <span class='ocrx_word' id='word_1_181' title='bbox 2074 1734 2472 1784; x_wconf 85' lang='lat' dir='ltr'><strong>monstraverat</strong></span> <span class='ocrx_word' id='word_1_182' title='bbox 2500 1729 2827 1786; x_wconf 89' lang='lat' dir='ltr'><strong>documenta</strong></span> <span class='ocrx_word' id='word_1_183' title='bbox 2853 1732 3114 1788; x_wconf 88' lang='lat' dir='ltr'><strong>virtutum</strong></span> <span class='ocrx_word' id='word_1_184' title='bbox 3131 1773 3148 1800; x_wconf 94' lang='lat'><strong>,</strong></span> <span class='ocrx_word' id='word_1_185' title='bbox 3176 1748 3278 1788; x_wconf 90' lang='lat' dir='ltr'><strong>nec</strong></span> <span class='ocrx_word' id='word_1_186' title='bbox 3299 1733 3408 1788; x_wconf 87' lang='lat' dir='ltr'><strong>dis-</strong></span> 
     </span>
    </p>
   </div>
   <div class='ocr_carea' id='block_1_16' title="bbox 139 1805 3411 1894">
    <p class='ocr_par' dir='ltr' id='par_1_16' title="bbox 139 1805 3411 1894">
     <span class='ocr_line' id='line_1_16' title="bbox 139 1805 3411 1894; baseline 0 -15"><span class='ocrx_word' id='word_1_187' title='bbox 139 1811 379 1869; x_wconf 70' lang='grc' dir='ltr'>Ιιοάίεηιίι</span> <span class='ocrx_word' id='word_1_188' title='bbox 416 1811 582 1867; x_wconf 74' lang='grc' dir='ltr'><strong>Ῑθοῑίο</strong></span> <span class='ocrx_word' id='word_1_189' title='bbox 622 1815 922 1876; x_wconf 60' lang='lat' dir='ltr'><strong>monstrat,</strong></span> <span class='ocrx_word' id='word_1_190' title='bbox 965 1823 1086 1878; x_wconf 67' lang='grc' dir='ltr'><strong>(Ιυω</strong></span> <span class='ocrx_word' id='word_1_191' title='bbox 1122 1807 1252 1863; x_wconf 65' lang='lat' dir='ltr'><strong>die&quot;</strong></span> <span class='ocrx_word' id='word_1_192' title='bbox 1278 1807 1564 1880; x_wconf 68' lang='grc' dir='ltr'><strong>τΕςνεεευε</strong></span> <span class='ocrx_word' id='word_1_193' title='bbox 1590 1805 1713 1861; x_wconf 70' lang='lat' dir='ltr'><strong>inde</strong></span> <span class='ocrx_word' id='word_1_194' title='bbox 1814 1815 2010 1871; x_wconf 90' lang='lat' dir='ltr'><strong>similia</strong></span> <span class='ocrx_word' id='word_1_195' title='bbox 2051 1832 2217 1888; x_wconf 88' lang='lat' dir='ltr'><strong>opera</strong></span> <span class='ocrx_word' id='word_1_196' title='bbox 2256 1817 2461 1874; x_wconf 82' lang='lat' dir='ltr'><strong>fecerat</strong></span> <span class='ocrx_word' id='word_1_197' title='bbox 2496 1818 2752 1877; x_wconf 63' lang='lat' dir='ltr'><strong>Elisaius:</strong></span> <span class='ocrx_word' id='word_1_198' title='bbox 2796 1838 2894 1878; x_wconf 90' lang='lat' dir='ltr'><strong>cur</strong></span> <span class='ocrx_word' id='word_1_199' title='bbox 2929 1839 3090 1878; x_wconf 90' lang='lat' dir='ltr'><strong>nemo</strong></span> <span class='ocrx_word' id='word_1_200' title='bbox 3119 1838 3411 1894; x_wconf 87' lang='lat' dir='ltr'><strong>personam</strong></span> 
     </span>
    </p>
   </div>
   <div class='ocr_carea' id='block_1_17' title="bbox 136 1895 3410 1986">
    <p class='ocr_par' dir='ltr' id='par_1_17' title="bbox 136 1895 3410 1986">
     <span class='ocr_line' id='line_1_17' title="bbox 136 1895 3410 1986; baseline 0.008 -41"><span class='ocrx_word' id='word_1_201' title='bbox 136 1902 287 1967; x_wconf 67' lang='grc' dir='ltr'><strong>ιεωε,</strong></span> <span class='ocrx_word' id='word_1_202' title='bbox 335 1901 466 1957; x_wconf 68' lang='lat' dir='ltr'><strong>abin</strong></span> <span class='ocrx_word' id='word_1_203' title='bbox 508 1903 565 1956; x_wconf 70' lang='lat' dir='ltr'><strong>in</strong></span> <span class='ocrx_word' id='word_1_204' title='bbox 611 1901 836 1974; x_wconf 72' lang='lat' dir='ltr'><strong>patriam</strong></span> <span class='ocrx_word' id='word_1_205' title='bbox 883 1915 1032 1954; x_wconf 84' lang='lat' dir='ltr'><strong>suam</strong></span> <span class='ocrx_word' id='word_1_206' title='bbox 1062 1896 1258 1971; x_wconf 80' lang='lat' dir='ltr'><strong>(Marc.</strong></span> <span class='ocrx_word' id='word_1_207' title='bbox 1289 1895 1386 1969; x_wconf 78' lang='lat' dir='ltr'><strong>vr).</strong></span> <span class='ocrx_word' id='word_1_208' title='bbox 1427 1896 1714 1968; x_wconf 74' lang='lat' dir='ltr'><strong>Egreditur</strong></span> <span class='ocrx_word' id='word_1_209' title='bbox 1741 1903 1791 1966; x_wconf 80' lang='grc' dir='ltr'><strong><em>Β</em></strong></span> <span class='ocrx_word' id='word_1_210' title='bbox 1815 1907 2072 1964; x_wconf 87' lang='lat' dir='ltr'><strong>discutit?</strong></span> <span class='ocrx_word' id='word_1_211' title='bbox 2112 1925 2213 1965; x_wconf 91' lang='lat' dir='ltr'><strong>cur</strong></span> <span class='ocrx_word' id='word_1_212' title='bbox 2251 1926 2412 1966; x_wconf 90' lang='lat' dir='ltr'><strong>nemo</strong></span> <span class='ocrx_word' id='word_1_213' title='bbox 2453 1919 2626 1968; x_wconf 91' lang='lat' dir='ltr'><strong>status</strong></span> <span class='ocrx_word' id='word_1_214' title='bbox 2671 1923 2976 1971; x_wconf 89' lang='lat' dir='ltr'><strong>commovet</strong></span> <span class='ocrx_word' id='word_1_215' title='bbox 3016 1915 3410 1986; x_wconf 60' lang='lat' dir='ltr'><strong>quaestionem?</strong></span> 
     </span>
    </p>
   </div>
   <div class='ocr_carea' id='block_1_18' title="bbox 137 1987 1717 2074">
    <p class='ocr_par' dir='ltr' id='par_1_18' title="bbox 137 1987 1711 2064">
     <span class='ocr_line' id='line_1_18' title="bbox 137 1987 1711 2064; baseline -0.005 -12"><span class='ocrx_word' id='word_1_216' title='bbox 137 1996 290 2059; x_wconf 89' lang='lat' dir='ltr'><strong>unde,</strong></span> <span class='ocrx_word' id='word_1_217' title='bbox 338 2009 449 2064; x_wconf 89' lang='lat' dir='ltr'><strong>quo</strong></span> <span class='ocrx_word' id='word_1_218' title='bbox 498 1993 816 2062; x_wconf 73' lang='lat' dir='ltr'><strong>ingreditur,</strong></span> <span class='ocrx_word' id='word_1_219' title='bbox 857 1990 954 2061; x_wconf 89' lang='lat' dir='ltr'><strong>qui</strong></span> <span class='ocrx_word' id='word_1_220' title='bbox 999 1989 1150 2046; x_wconf 89' lang='lat' dir='ltr'><strong>nullo</strong></span> <span class='ocrx_word' id='word_1_221' title='bbox 1190 1988 1516 2056; x_wconf 87' lang='lat' dir='ltr'><strong>continetur,</strong></span> <span class='ocrx_word' id='word_1_222' title='bbox 1561 1987 1711 2044; x_wconf 91' lang='lat' dir='ltr'><strong>nullo</strong></span> 
     </span>
    </p>
   </div>
   <div class='ocr_carea' id='block_1_19' title="bbox 1826 1987 3411 2074">
    <p class='ocr_par' dir='ltr' id='par_1_19' title="bbox 1826 2000 3411 2074">
     <span class='ocr_line' id='line_1_19' title="bbox 1826 2000 3411 2074; baseline 0.001 -18"><span class='ocrx_word' id='word_1_223' title='bbox 1826 2015 1915 2056; x_wconf 81' lang='lat' dir='ltr'><strong>cur</strong></span> <span class='ocrx_word' id='word_1_224' title='bbox 1943 2015 2103 2056; x_wconf 91' lang='lat' dir='ltr'><strong>nemo</strong></span> <span class='ocrx_word' id='word_1_225' title='bbox 2147 2000 2292 2056; x_wconf 90' lang='lat' dir='ltr'><strong>unde</strong></span> <span class='ocrx_word' id='word_1_226' title='bbox 2333 2010 2545 2071; x_wconf 90' lang='lat' dir='ltr'><strong>essent,</strong></span> <span class='ocrx_word' id='word_1_227' title='bbox 2589 2005 2750 2074; x_wconf 89' lang='lat' dir='ltr'><strong>quive</strong></span> <span class='ocrx_word' id='word_1_228' title='bbox 2778 2015 2990 2072; x_wconf 86' lang='lat' dir='ltr'><strong>essent,</strong></span> <span class='ocrx_word' id='word_1_229' title='bbox 3023 2006 3168 2062; x_wconf 91' lang='lat' dir='ltr'><strong>unde</strong></span> <span class='ocrx_word' id='word_1_230' title='bbox 3196 2007 3320 2072; x_wconf 91' lang='lat' dir='ltr'><strong>ista,</strong></span> <span class='ocrx_word' id='word_1_231' title='bbox 3353 2012 3411 2062; x_wconf 90' lang='lat' dir='ltr'><strong>et</strong></span> 
     </span>
    </p>
   </div>
   <div class='ocr_carea' id='block_1_20' title="bbox 192 1343 1710 1420">
    <p class='ocr_par' dir='ltr' id='par_1_20' title="bbox 192 1343 1710 1420">
     <span class='ocr_line' id='line_1_20' title="bbox 192 1343 1710 1420; baseline -0.007 -12"><span class='ocrx_word' id='word_1_232' title='bbox 192 1349 408 1420; x_wconf 83' lang='lat' dir='ltr'><strong>Quoties</strong></span> <span class='ocrx_word' id='word_1_233' title='bbox 434 1349 674 1405; x_wconf 89' lang='lat' dir='ltr'><strong>humana</strong></span> <span class='ocrx_word' id='word_1_234' title='bbox 701 1346 990 1404; x_wconf 89' lang='lat' dir='ltr'><strong>Dominum</strong></span> <span class='ocrx_word' id='word_1_235' title='bbox 1019 1352 1238 1402; x_wconf 87' lang='lat' dir='ltr'><strong>sanctus</strong></span> <span class='ocrx_word' id='word_1_236' title='bbox 1266 1343 1597 1414; x_wconf 74' lang='lat' dir='ltr'><strong>evangelista</strong></span> <span class='ocrx_word' id='word_1_237' title='bbox 1624 1356 1710 1399; x_wconf 91' lang='lat' dir='ltr'><strong>su-</strong></span> 
     </span>
    </p>
   </div>
   <div class='ocr_carea' id='block_1_21' title="bbox 133 1435 1709 1512">
    <p class='ocr_par' dir='ltr' id='par_1_21' title="bbox 133 1435 1709 1512">
     <span class='ocr_line' id='line_1_21' title="bbox 133 1435 1709 1512; baseline -0.008 -11"><span class='ocrx_word' id='word_1_238' title='bbox 133 1445 365 1502; x_wconf 83' lang='lat' dir='ltr'><strong>stinuisse</strong></span> <span class='ocrx_word' id='word_1_239' title='bbox 402 1448 500 1498; x_wconf 86' lang='lat' dir='ltr'><strong>aut</strong></span> <span class='ocrx_word' id='word_1_240' title='bbox 538 1441 714 1512; x_wconf 89' lang='lat' dir='ltr'><strong>egisse</strong></span> <span class='ocrx_word' id='word_1_241' title='bbox 748 1445 1172 1506; x_wconf 87' lang='lat' dir='ltr'><strong>commemorat,</strong></span> <span class='ocrx_word' id='word_1_242' title='bbox 1211 1437 1376 1494; x_wconf 86' lang='lat' dir='ltr'><strong>toties</strong></span> <span class='ocrx_word' id='word_1_243' title='bbox 1411 1435 1709 1492; x_wconf 85' lang='lat' dir='ltr'><strong>carnalium</strong></span> 
     </span>
    </p>
   </div>
   <div class='ocr_carea' id='block_1_22' title="bbox 135 1529 1707 1595">
    <p class='ocr_par' dir='ltr' id='par_1_22' title="bbox 135 1529 1707 1595">
     <span class='ocr_line' id='line_1_22' title="bbox 135 1529 1707 1595; baseline -0.006 -1"><span class='ocrx_word' id='word_1_244' title='bbox 135 1552 304 1595; x_wconf 80' lang='lat' dir='ltr'><strong>sensus</strong></span> <span class='ocrx_word' id='word_1_245' title='bbox 349 1541 468 1592; x_wconf 85' lang='lat' dir='ltr'><strong>tota</strong></span> <span class='ocrx_word' id='word_1_246' title='bbox 512 1534 662 1590; x_wconf 90' lang='lat' dir='ltr'><strong>velut</strong></span> <span class='ocrx_word' id='word_1_247' title='bbox 699 1530 958 1589; x_wconf 81' lang='lat' dir='ltr'><strong>ﬂuctuum</strong></span> <span class='ocrx_word' id='word_1_248' title='bbox 994 1531 1360 1588; x_wconf 91' lang='lat' dir='ltr'><strong>commotione</strong></span> <span class='ocrx_word' id='word_1_249' title='bbox 1399 1529 1707 1587; x_wconf 87' lang='lat' dir='ltr'><strong>conturbat.</strong></span> 
     </span>
    </p>
   </div>
   <div class='ocr_carea' id='block_1_23' title="bbox 139 2081 1713 2154">
    <p class='ocr_par' dir='ltr' id='par_1_23' title="bbox 139 2081 1713 2154">
     <span class='ocr_line' id='line_1_23' title="bbox 139 2081 1713 2154; baseline -0.006 -10"><span class='ocrx_word' id='word_1_250' title='bbox 139 2087 456 2144; x_wconf 86' lang='lat' dir='ltr'><strong>concluditur</strong></span> <span class='ocrx_word' id='word_1_251' title='bbox 481 2085 640 2142; x_wconf 87' lang='lat' dir='ltr'><strong>loco?</strong></span> <span class='ocrx_word' id='word_1_252' title='bbox 661 2084 744 2140; x_wconf 82' lang='lat' dir='ltr'><strong>Ad</strong></span> <span class='ocrx_word' id='word_1_253' title='bbox 764 2099 926 2154; x_wconf 89' lang='lat' dir='ltr'><strong>quam</strong></span> <span class='ocrx_word' id='word_1_254' title='bbox 947 2084 1181 2154; x_wconf 91' lang='lat' dir='ltr'><strong>patriam</strong></span> <span class='ocrx_word' id='word_1_255' title='bbox 1206 2082 1371 2149; x_wconf 84' lang='lat' dir='ltr'><strong>vadit,</strong></span> <span class='ocrx_word' id='word_1_256' title='bbox 1404 2081 1590 2137; x_wconf 89' lang='lat' dir='ltr'><strong>orbem</strong></span> <span class='ocrx_word' id='word_1_257' title='bbox 1618 2081 1713 2152; x_wconf 89' lang='lat' dir='ltr'><strong>qui</strong></span> 
     </span>
    </p>
   </div>
   <div class='ocr_carea' id='block_1_24' title="bbox 139 2171 1714 2248">
    <p class='ocr_par' dir='ltr' id='par_1_24' title="bbox 139 2171 1714 2248">
     <span class='ocr_line' id='line_1_24' title="bbox 139 2171 1714 2248; baseline -0.004 -16"><span class='ocrx_word' id='word_1_258' title='bbox 139 2176 250 2234; x_wconf 79' lang='lat' dir='ltr'><strong>fecit</strong></span> <span class='ocrx_word' id='word_1_259' title='bbox 286 2185 340 2232; x_wconf 93' lang='lat' dir='ltr'><strong>et</strong></span> <span class='ocrx_word' id='word_1_260' title='bbox 370 2176 615 2248; x_wconf 90' lang='lat' dir='ltr'><strong>possidet</strong></span> <span class='ocrx_word' id='word_1_261' title='bbox 647 2175 994 2231; x_wconf 88' lang='lat' dir='ltr'><strong>universum?</strong></span> <span class='ocrx_word' id='word_1_262' title='bbox 1041 2173 1256 2230; x_wconf 90' lang='lat' dir='ltr'><strong>dicente</strong></span> <span class='ocrx_word' id='word_1_263' title='bbox 1291 2174 1556 2244; x_wconf 84' lang='lat' dir='ltr'><strong>propheta</strong></span> <span class='ocrx_word' id='word_1_264' title='bbox 1581 2190 1593 2225; x_wconf 93' lang='lat'><strong>:</strong></span> <span class='ocrx_word' id='word_1_265' title='bbox 1615 2171 1714 2226; x_wconf 88' lang='lat' dir='ltr'><strong>Tui</strong></span> 
     </span>
    </p>
   </div>
   <div class='ocr_carea' id='block_1_25' title="bbox 139 2265 1715 2337">
    <p class='ocr_par' dir='ltr' id='par_1_25' title="bbox 139 2265 1715 2337">
     <span class='ocr_line' id='line_1_25' title="bbox 139 2265 1715 2337; baseline -0.004 -12"><span class='ocrx_word' id='word_1_266' title='bbox 139 2280 242 2326; x_wconf 82' lang='lat' dir='ltr'><strong>sunt</strong></span> <span class='ocrx_word' id='word_1_267' title='bbox 267 2271 396 2335; x_wconf 71' lang='lat' dir='ltr'><strong>caeli,</strong></span> <span class='ocrx_word' id='word_1_268' title='bbox 427 2278 480 2324; x_wconf 88' lang='lat' dir='ltr'><strong>et</strong></span> <span class='ocrx_word' id='word_1_269' title='bbox 507 2278 596 2323; x_wconf 84' lang='lat' dir='ltr'><strong>tua</strong></span> <span class='ocrx_word' id='word_1_270' title='bbox 621 2277 700 2324; x_wconf 85' lang='lat' dir='ltr'><strong>est</strong></span> <span class='ocrx_word' id='word_1_271' title='bbox 727 2277 865 2324; x_wconf 85' lang='lat' dir='ltr'><strong>terra</strong></span> <span class='ocrx_word' id='word_1_272' title='bbox 891 2285 910 2322; x_wconf 92' lang='lat'><strong><em>:</em></strong></span> <span class='ocrx_word' id='word_1_273' title='bbox 940 2267 1113 2323; x_wconf 88' lang='lat' dir='ltr'><strong>orbem</strong></span> <span class='ocrx_word' id='word_1_274' title='bbox 1153 2276 1438 2333; x_wconf 84' lang='lat' dir='ltr'><strong>terrarum,</strong></span> <span class='ocrx_word' id='word_1_275' title='bbox 1470 2275 1522 2320; x_wconf 90' lang='lat' dir='ltr'><strong>et</strong></span> <span class='ocrx_word' id='word_1_276' title='bbox 1545 2265 1715 2337; x_wconf 81' lang='lat' dir='ltr'><strong>pleni-</strong></span> 
     </span>
    </p>
   </div>
   <div class='ocr_carea' id='block_1_26' title="bbox 146 2356 1716 2434">
    <p class='ocr_par' dir='ltr' id='par_1_26' title="bbox 146 2356 1716 2434">
     <span class='ocr_line' id='line_1_26' title="bbox 146 2356 1716 2434; baseline -0.003 -19"><span class='ocrx_word' id='word_1_277' title='bbox 146 2361 349 2417; x_wconf 73' lang='lat' dir='ltr'><strong>tudinem</strong></span> <span class='ocrx_word' id='word_1_278' title='bbox 373 2362 486 2433; x_wconf 86' lang='lat' dir='ltr'><strong>ejus</strong></span> <span class='ocrx_word' id='word_1_279' title='bbox 518 2369 571 2415; x_wconf 92' lang='lat' dir='ltr'><strong>tu</strong></span> <span class='ocrx_word' id='word_1_280' title='bbox 600 2360 830 2434; x_wconf 75' lang='lat' dir='ltr'><strong>fundasti</strong></span> <span class='ocrx_word' id='word_1_281' title='bbox 853 2359 1024 2433; x_wconf 84' lang='lat' dir='ltr'><strong>(Psat.</strong></span> <span class='ocrx_word' id='word_1_282' title='bbox 1058 2356 1335 2429; x_wconf 82' lang='lat' dir='ltr'><strong>Lxxxvm).</strong></span> <span class='ocrx_word' id='word_1_283' title='bbox 1377 2356 1577 2412; x_wconf 80' lang='lat' dir='ltr'><strong>Verum</strong></span> <span class='ocrx_word' id='word_1_284' title='bbox 1606 2371 1716 2411; x_wconf 91' lang='lat' dir='ltr'><strong>non</strong></span> 
     </span>
    </p>
   </div>
   <div class='ocr_carea' id='block_1_27' title="bbox 143 2447 1717 2526">
    <p class='ocr_par' dir='ltr' id='par_1_27' title="bbox 143 2447 1717 2526">
     <span class='ocr_line' id='line_1_27' title="bbox 143 2447 1717 2526; baseline -0.003 -19"><span class='ocrx_word' id='word_1_285' title='bbox 143 2454 228 2508; x_wconf 86' lang='lat' dir='ltr'><strong>sibi</strong></span> <span class='ocrx_word' id='word_1_286' title='bbox 253 2469 348 2526; x_wconf 88' lang='lat' dir='ltr'><strong>per</strong></span> <span class='ocrx_word' id='word_1_287' title='bbox 372 2468 462 2521; x_wconf 91' lang='lat' dir='ltr'><strong>se,</strong></span> <span class='ocrx_word' id='word_1_288' title='bbox 505 2452 604 2508; x_wconf 91' lang='lat' dir='ltr'><strong>sed</strong></span> <span class='ocrx_word' id='word_1_289' title='bbox 637 2468 736 2524; x_wconf 90' lang='lat' dir='ltr'><strong>per</strong></span> <span class='ocrx_word' id='word_1_290' title='bbox 772 2460 827 2507; x_wconf 89' lang='lat' dir='ltr'><strong>te</strong></span> <span class='ocrx_word' id='word_1_291' title='bbox 862 2451 961 2506; x_wconf 86' lang='lat' dir='ltr'><strong>tibi</strong></span> <span class='ocrx_word' id='word_1_292' title='bbox 999 2449 1290 2520; x_wconf 87' lang='lat' dir='ltr'><strong>egreditur,</strong></span> <span class='ocrx_word' id='word_1_293' title='bbox 1335 2455 1390 2503; x_wconf 90' lang='lat' dir='ltr'><strong>et</strong></span> <span class='ocrx_word' id='word_1_294' title='bbox 1418 2447 1717 2518; x_wconf 86' lang='lat' dir='ltr'><strong>ingreditur</strong></span> 
     </span>
    </p>
   </div>
   <div class='ocr_carea' id='block_1_28' title="bbox 143 2542 1717 2614">
    <p class='ocr_par' dir='ltr' id='par_1_28' title="bbox 143 2542 1717 2614">
     <span class='ocr_line' id='line_1_28' title="bbox 143 2542 1717 2614; baseline -0.002 -14"><span class='ocrx_word' id='word_1_295' title='bbox 143 2546 363 2602; x_wconf 89' lang='lat' dir='ltr'><strong>Christus</strong></span> <span class='ocrx_word' id='word_1_296' title='bbox 383 2588 399 2611; x_wconf 91' lang='lat'><strong>,</strong></span> <span class='ocrx_word' id='word_1_297' title='bbox 452 2545 630 2602; x_wconf 89' lang='lat' dir='ltr'><strong>donec</strong></span> <span class='ocrx_word' id='word_1_298' title='bbox 657 2553 713 2601; x_wconf 90' lang='lat' dir='ltr'><strong>te</strong></span> <span class='ocrx_word' id='word_1_299' title='bbox 757 2545 1082 2601; x_wconf 85' lang='lat' dir='ltr'><strong>intromittat</strong></span> <span class='ocrx_word' id='word_1_300' title='bbox 1117 2543 1430 2614; x_wconf 90' lang='lat' dir='ltr'><strong>expulsum,</strong></span> <span class='ocrx_word' id='word_1_301' title='bbox 1474 2542 1717 2598; x_wconf 80' lang='lat' dir='ltr'><strong>exsulem</strong></span> 
     </span>
    </p>
   </div>
   <div class='ocr_carea' id='block_1_29' title="bbox 143 2633 1717 2710">
    <p class='ocr_par' dir='ltr' id='par_1_29' title="bbox 143 2633 1717 2710">
     <span class='ocr_line' id='line_1_29' title="bbox 143 2633 1717 2710; baseline -0.004 -14"><span class='ocrx_word' id='word_1_302' title='bbox 143 2649 358 2707; x_wconf 84' lang='lat' dir='ltr'><strong>revocet,</strong></span> <span class='ocrx_word' id='word_1_303' title='bbox 385 2640 634 2706; x_wconf 86' lang='lat' dir='ltr'><strong>reducat,</strong></span> <span class='ocrx_word' id='word_1_304' title='bbox 665 2647 722 2696; x_wconf 91' lang='lat' dir='ltr'><strong>et</strong></span> <span class='ocrx_word' id='word_1_305' title='bbox 747 2645 991 2710; x_wconf 89' lang='lat' dir='ltr'><strong>reportet</strong></span> <span class='ocrx_word' id='word_1_306' title='bbox 1018 2636 1271 2708; x_wconf 89' lang='lat' dir='ltr'><strong>ejectum.</strong></span> <span class='ocrx_word' id='word_1_307' title='bbox 1311 2635 1454 2690; x_wconf 80' lang='lat' dir='ltr'><strong>Abiit</strong></span> <span class='ocrx_word' id='word_1_308' title='bbox 1480 2652 1602 2708; x_wconf 88' lang='lat' dir='ltr'><strong>ergo</strong></span> <span class='ocrx_word' id='word_1_309' title='bbox 1625 2633 1717 2690; x_wconf 82' lang='lat' dir='ltr'><strong>Je-</strong></span> 
     </span>
    </p>
   </div>
   <div class='ocr_carea' id='block_1_30' title="bbox 144 2729 1717 2807">
    <p class='ocr_par' dir='ltr' id='par_1_30' title="bbox 144 2729 1717 2807">
     <span class='ocr_line' id='line_1_30' title="bbox 144 2729 1717 2807; baseline -0.003 -19"><span class='ocrx_word' id='word_1_310' title='bbox 144 2750 216 2788; x_wconf 82' lang='lat' dir='ltr'><strong>sus</strong></span> <span class='ocrx_word' id='word_1_311' title='bbox 242 2735 294 2788; x_wconf 84' lang='lat' dir='ltr'><strong>in</strong></span> <span class='ocrx_word' id='word_1_312' title='bbox 313 2735 542 2807; x_wconf 87' lang='lat' dir='ltr'><strong>patriam</strong></span> <span class='ocrx_word' id='word_1_313' title='bbox 569 2749 741 2788; x_wconf 83' lang='lat' dir='ltr'><strong>suam.</strong></span> <span class='ocrx_word' id='word_1_314' title='bbox 782 2731 903 2788; x_wconf 86' lang='lat' dir='ltr'><strong>Non</strong></span> <span class='ocrx_word' id='word_1_315' title='bbox 929 2737 992 2786; x_wconf 91' lang='lat' dir='ltr'><strong>ut</strong></span> <span class='ocrx_word' id='word_1_316' title='bbox 1017 2744 1172 2786; x_wconf 88' lang='lat' dir='ltr'><strong>suam</strong></span> <span class='ocrx_word' id='word_1_317' title='bbox 1198 2729 1332 2798; x_wconf 89' lang='lat' dir='ltr'><strong>sibi,</strong></span> <span class='ocrx_word' id='word_1_318' title='bbox 1365 2730 1463 2785; x_wconf 90' lang='lat' dir='ltr'><strong>sed</strong></span> <span class='ocrx_word' id='word_1_319' title='bbox 1489 2736 1550 2784; x_wconf 92' lang='lat' dir='ltr'><strong>ut</strong></span> <span class='ocrx_word' id='word_1_320' title='bbox 1568 2736 1717 2784; x_wconf 91' lang='lat' dir='ltr'><strong>tuam</strong></span> 
     </span>
    </p>
   </div>
   <div class='ocr_carea' id='block_1_31' title="bbox 146 2822 1714 2898">
    <p class='ocr_par' dir='ltr' id='par_1_31' title="bbox 146 2822 1714 2898">
     <span class='ocr_line' id='line_1_31' title="bbox 146 2822 1714 2898; baseline -0.004 -15"><span class='ocrx_word' id='word_1_321' title='bbox 146 2827 227 2882; x_wconf 81' lang='lat' dir='ltr'><strong>u&#39;bi</strong></span> <span class='ocrx_word' id='word_1_322' title='bbox 245 2869 261 2892; x_wconf 89' lang='lat'><strong>,</strong></span> <span class='ocrx_word' id='word_1_323' title='bbox 306 2842 468 2898; x_wconf 84' lang='lat' dir='ltr'><strong>quam</strong></span> <span class='ocrx_word' id='word_1_324' title='bbox 512 2826 687 2882; x_wconf 81' lang='lat' dir='ltr'><strong>Adam</strong></span> <span class='ocrx_word' id='word_1_325' title='bbox 729 2824 1074 2898; x_wconf 88' lang='lat' dir='ltr'><strong>perdiderat,</strong></span> <span class='ocrx_word' id='word_1_326' title='bbox 1126 2823 1358 2895; x_wconf 88' lang='lat' dir='ltr'><strong>patriam</strong></span> <span class='ocrx_word' id='word_1_327' title='bbox 1402 2822 1714 2878; x_wconf 88' lang='lat' dir='ltr'><strong>redonaret.</strong></span> 
     </span>
    </p>
   </div>
   <div class='ocr_carea' id='block_1_32' title="bbox 143 2914 1716 2994">
    <p class='ocr_par' dir='ltr' id='par_1_32' title="bbox 143 2914 1716 2994">
     <span class='ocr_line' id='line_1_32' title="bbox 143 2914 1716 2994; baseline -0.003 -19"><span class='ocrx_word' id='word_1_328' title='bbox 143 2921 266 2976; x_wconf 79' lang='lat' dir='ltr'><strong>Abiit</strong></span> <span class='ocrx_word' id='word_1_329' title='bbox 295 2923 348 2976; x_wconf 88' lang='lat' dir='ltr'><strong>in</strong></span> <span class='ocrx_word' id='word_1_330' title='bbox 374 2922 604 2994; x_wconf 85' lang='lat' dir='ltr'><strong>patriam</strong></span> <span class='ocrx_word' id='word_1_331' title='bbox 638 2937 804 2974; x_wconf 84' lang='lat' dir='ltr'><strong>suam.</strong></span> <span class='ocrx_word' id='word_1_332' title='bbox 864 2916 924 2974; x_wconf 90' lang='lat' dir='ltr'><strong>Si</strong></span> <span class='ocrx_word' id='word_1_333' title='bbox 951 2925 1140 2985; x_wconf 90' lang='lat' dir='ltr'><strong>natus,</strong></span> <span class='ocrx_word' id='word_1_334' title='bbox 1171 2914 1446 2988; x_wconf 89' lang='lat' dir='ltr'><strong>quomodo</strong></span> <span class='ocrx_word' id='word_1_335' title='bbox 1475 2929 1585 2970; x_wconf 87' lang='lat' dir='ltr'><strong>non</strong></span> <span class='ocrx_word' id='word_1_336' title='bbox 1612 2915 1716 2970; x_wconf 91' lang='lat' dir='ltr'><strong>ho-</strong></span> 
     </span>
    </p>
   </div>
   <div class='ocr_carea' id='block_1_33' title="bbox 143 3005 1721 3085">
    <p class='ocr_par' dir='ltr' id='par_1_33' title="bbox 143 3005 1721 3085">
     <span class='ocr_line' id='line_1_33' title="bbox 143 3005 1721 3085; baseline -0.004 -15"><span class='ocrx_word' id='word_1_337' title='bbox 143 3017 260 3071; x_wconf 73' lang='lat' dir='ltr'><strong>mo?</strong></span> <span class='ocrx_word' id='word_1_338' title='bbox 300 3016 346 3071; x_wconf 88' lang='lat' dir='ltr'><strong>si</strong></span> <span class='ocrx_word' id='word_1_339' title='bbox 362 3015 545 3081; x_wconf 90' lang='lat' dir='ltr'><strong>homo,</strong></span> <span class='ocrx_word' id='word_1_340' title='bbox 577 3012 851 3085; x_wconf 90' lang='lat' dir='ltr'><strong>quomodo</strong></span> <span class='ocrx_word' id='word_1_341' title='bbox 881 3027 990 3068; x_wconf 90' lang='lat' dir='ltr'><strong>non</strong></span> <span class='ocrx_word' id='word_1_342' title='bbox 1019 3011 1196 3067; x_wconf 89' lang='lat' dir='ltr'><strong>civis?</strong></span> <span class='ocrx_word' id='word_1_343' title='bbox 1222 3009 1269 3065; x_wconf 90' lang='lat' dir='ltr'><strong>si</strong></span> <span class='ocrx_word' id='word_1_344' title='bbox 1297 3009 1460 3076; x_wconf 85' lang='lat' dir='ltr'><strong>civis,</strong></span> <span class='ocrx_word' id='word_1_345' title='bbox 1492 3023 1614 3064; x_wconf 91' lang='lat' dir='ltr'><strong>esse</strong></span> <span class='ocrx_word' id='word_1_346' title='bbox 1642 3005 1721 3062; x_wconf 88' lang='lat' dir='ltr'><strong>illi</strong></span> 
     </span>
    </p>
   </div>
   <div class='ocr_carea' id='block_1_34' title="bbox 145 3098 1714 3179">
    <p class='ocr_par' dir='ltr' id='par_1_34' title="bbox 145 3098 1714 3179">
     <span class='ocr_line' id='line_1_34' title="bbox 145 3098 1714 3179; baseline -0.006 -17"><span class='ocrx_word' id='word_1_347' title='bbox 145 3108 361 3179; x_wconf 86' lang='lat' dir='ltr'><strong>patriam</strong></span> <span class='ocrx_word' id='word_1_348' title='bbox 395 3108 508 3177; x_wconf 86' lang='lat' dir='ltr'><strong>quis</strong></span> <span class='ocrx_word' id='word_1_349' title='bbox 547 3105 809 3162; x_wconf 81' lang='lat' dir='ltr'><strong>miretur?</strong></span> <span class='ocrx_word' id='word_1_350' title='bbox 851 3103 960 3160; x_wconf 90' lang='lat' dir='ltr'><strong>Sed</strong></span> <span class='ocrx_word' id='word_1_351' title='bbox 986 3103 1075 3158; x_wconf 90' lang='lat' dir='ltr'><strong>hic</strong></span> <span class='ocrx_word' id='word_1_352' title='bbox 1108 3101 1462 3157; x_wconf 88' lang='lat' dir='ltr'><strong>humanitatis</strong></span> <span class='ocrx_word' id='word_1_353' title='bbox 1500 3098 1714 3164; x_wconf 87' lang='lat' dir='ltr'><strong>modus,</strong></span> 
     </span>
    </p>
   </div>
   <div class='ocr_carea' id='block_1_35' title="bbox 145 3190 1714 3264">
    <p class='ocr_par' dir='ltr' id='par_1_35' title="bbox 145 3190 1714 3264">
     <span class='ocr_line' id='line_1_35' title="bbox 145 3190 1714 3264; baseline -0.005 -13"><span class='ocrx_word' id='word_1_354' title='bbox 145 3213 243 3253; x_wconf 90' lang='lat' dir='ltr'><strong>non</strong></span> <span class='ocrx_word' id='word_1_355' title='bbox 261 3197 544 3252; x_wconf 85' lang='lat' dir='ltr'><strong>divinitatis</strong></span> <span class='ocrx_word' id='word_1_356' title='bbox 575 3195 712 3252; x_wconf 90' lang='lat' dir='ltr'><strong>ordo</strong></span> <span class='ocrx_word' id='word_1_357' title='bbox 740 3202 854 3262; x_wconf 89' lang='lat' dir='ltr'><strong>est,</strong></span> <span class='ocrx_word' id='word_1_358' title='bbox 886 3209 1048 3264; x_wconf 89' lang='lat' dir='ltr'><strong>quem</strong></span> <span class='ocrx_word' id='word_1_359' title='bbox 1073 3191 1304 3248; x_wconf 82' lang='lat' dir='ltr'><strong>fatetur:</strong></span> <span class='ocrx_word' id='word_1_360' title='bbox 1337 3191 1464 3261; x_wconf 89' lang='lat' dir='ltr'><strong>quia</strong></span> <span class='ocrx_word' id='word_1_361' title='bbox 1491 3190 1586 3260; x_wconf 89' lang='lat' dir='ltr'><strong>qui</strong></span> <span class='ocrx_word' id='word_1_362' title='bbox 1613 3197 1714 3256; x_wconf 90' lang='lat' dir='ltr'><strong>est,</strong></span> 
     </span>
    </p>
   </div>
   <div class='ocr_carea' id='block_1_36' title="bbox 145 3276 1793 3360">
    <p class='ocr_par' dir='ltr' id='par_1_36' title="bbox 145 3276 1793 3360">
     <span class='ocr_line' id='line_1_36' title="bbox 145 3276 1793 3360; baseline -0.001 -16"><span class='ocrx_word' id='word_1_363' title='bbox 145 3296 193 3344; x_wconf 88' lang='lat' dir='ltr'><strong>et</strong></span> <span class='ocrx_word' id='word_1_364' title='bbox 217 3291 301 3360; x_wconf 90' lang='lat' dir='ltr'><strong>qui</strong></span> <span class='ocrx_word' id='word_1_365' title='bbox 335 3297 454 3345; x_wconf 90' lang='lat' dir='ltr'><strong>erat</strong></span> <span class='ocrx_word' id='word_1_366' title='bbox 480 3297 607 3345; x_wconf 88' lang='lat' dir='ltr'><strong>ante</strong></span> <span class='ocrx_word' id='word_1_367' title='bbox 646 3288 846 3344; x_wconf 69' lang='lat' dir='ltr'><strong>saecula</strong></span> <span class='ocrx_word' id='word_1_368' title='bbox 882 3287 1024 3342; x_wconf 91' lang='lat' dir='ltr'><strong>Deus</strong></span> <span class='ocrx_word' id='word_1_369' title='bbox 1051 3291 1256 3352; x_wconf 89' lang='lat' dir='ltr'><strong>noster,</strong></span> <span class='ocrx_word' id='word_1_370' title='bbox 1287 3299 1484 3356; x_wconf 89' lang='lat' dir='ltr'><strong>parens</strong></span> <span class='ocrx_word' id='word_1_371' title='bbox 1510 3290 1716 3350; x_wconf 87' lang='lat' dir='ltr'><strong>uoster,</strong></span> <span class='ocrx_word' id='word_1_372' title='bbox 1745 3276 1793 3342; x_wconf 88' lang='lat' dir='ltr'><strong>C</strong></span> 
     </span>
    </p>
   </div>
   <div class='ocr_carea' id='block_1_37' title="bbox 149 3378 1721 3450">
    <p class='ocr_par' dir='ltr' id='par_1_37' title="bbox 149 3378 1721 3450">
     <span class='ocr_line' id='line_1_37' title="bbox 149 3378 1721 3450; baseline -0.003 -13"><span class='ocrx_word' id='word_1_373' title='bbox 149 3381 410 3437; x_wconf 86' lang='lat' dir='ltr'><strong>novissima</strong></span> <span class='ocrx_word' id='word_1_374' title='bbox 445 3380 621 3437; x_wconf 85' lang='lat' dir='ltr'><strong>voluit</strong></span> <span class='ocrx_word' id='word_1_375' title='bbox 665 3394 785 3436; x_wconf 89' lang='lat' dir='ltr'><strong>esse</strong></span> <span class='ocrx_word' id='word_1_376' title='bbox 812 3394 912 3450; x_wconf 90' lang='lat' dir='ltr'><strong>per</strong></span> <span class='ocrx_word' id='word_1_377' title='bbox 937 3378 1167 3445; x_wconf 65' lang='lat' dir='ltr'><strong>szecula;</strong></span> <span class='ocrx_word' id='word_1_378' title='bbox 1197 3384 1259 3432; x_wconf 90' lang='lat' dir='ltr'><strong>ut</strong></span> <span class='ocrx_word' id='word_1_379' title='bbox 1285 3393 1421 3447; x_wconf 92' lang='lat' dir='ltr'><strong>quos</strong></span> <span class='ocrx_word' id='word_1_380' title='bbox 1448 3383 1721 3448; x_wconf 88' lang='lat' dir='ltr'><strong>potestate</strong></span> 
     </span>
    </p>
   </div>
   <div class='ocr_carea' id='block_1_38' title="bbox 149 3469 1718 3545">
    <p class='ocr_par' dir='ltr' id='par_1_38' title="bbox 149 3469 1718 3545">
     <span class='ocr_line' id='line_1_38' title="bbox 149 3469 1718 3545; baseline -0.004 -15"><span class='ocrx_word' id='word_1_381' title='bbox 149 3475 356 3540; x_wconf 84' lang='lat' dir='ltr'><strong>fecerat,</strong></span> <span class='ocrx_word' id='word_1_382' title='bbox 394 3474 605 3545; x_wconf 88' lang='lat' dir='ltr'><strong>pietate</strong></span> <span class='ocrx_word' id='word_1_383' title='bbox 633 3472 894 3538; x_wconf 89' lang='lat' dir='ltr'><strong>salvaret;</strong></span> <span class='ocrx_word' id='word_1_384' title='bbox 935 3478 991 3527; x_wconf 89' lang='lat' dir='ltr'><strong>et</strong></span> <span class='ocrx_word' id='word_1_385' title='bbox 1016 3469 1399 3542; x_wconf 88' lang='lat' dir='ltr'><strong>compatiendo</strong></span> <span class='ocrx_word' id='word_1_386' title='bbox 1427 3470 1718 3540; x_wconf 88' lang='lat' dir='ltr'><strong>reciperet,</strong></span> 
     </span>
    </p>
   </div>
   <div class='ocr_carea' id='block_1_39' title="bbox 149 3563 1722 3636">
    <p class='ocr_par' dir='ltr' id='par_1_39' title="bbox 149 3563 1722 3636">
     <span class='ocr_line' id='line_1_39' title="bbox 149 3563 1722 3636; baseline -0.002 -14"><span class='ocrx_word' id='word_1_387' title='bbox 149 3582 266 3636; x_wconf 80' lang='lat' dir='ltr'><strong>quos</strong></span> <span class='ocrx_word' id='word_1_388' title='bbox 299 3573 551 3623; x_wconf 81' lang='lat' dir='ltr'><strong>extorres</strong></span> <span class='ocrx_word' id='word_1_389' title='bbox 593 3565 869 3636; x_wconf 88' lang='lat' dir='ltr'><strong>arguendo</strong></span> <span class='ocrx_word' id='word_1_390' title='bbox 917 3563 1120 3620; x_wconf 88' lang='lat' dir='ltr'><strong>fecerat</strong></span> <span class='ocrx_word' id='word_1_391' title='bbox 1160 3573 1216 3620; x_wconf 92' lang='lat' dir='ltr'><strong>et</strong></span> <span class='ocrx_word' id='word_1_392' title='bbox 1249 3563 1512 3634; x_wconf 87' lang='lat' dir='ltr'><strong>jubendo.</strong></span> <span class='ocrx_word' id='word_1_393' title='bbox 1555 3563 1722 3631; x_wconf 88' lang='lat' dir='ltr'><strong>Quid-</strong></span> 
     </span>
    </p>
   </div>
   <div class='ocr_carea' id='block_1_40' title="bbox 147 3657 1720 3730">
    <p class='ocr_par' dir='ltr' id='par_1_40' title="bbox 147 3657 1720 3730">
     <span class='ocr_line' id='line_1_40' title="bbox 147 3657 1720 3730; baseline -0.001 -14"><span class='ocrx_word' id='word_1_394' title='bbox 147 3660 258 3730; x_wconf 87' lang='lat' dir='ltr'><strong>quid</strong></span> <span class='ocrx_word' id='word_1_395' title='bbox 281 3661 423 3716; x_wconf 89' lang='lat' dir='ltr'><strong>enim</strong></span> <span class='ocrx_word' id='word_1_396' title='bbox 465 3675 568 3730; x_wconf 85' lang='lat' dir='ltr'><strong>per</strong></span> <span class='ocrx_word' id='word_1_397' title='bbox 603 3659 878 3715; x_wconf 90' lang='lat' dir='ltr'><strong>hominem</strong></span> <span class='ocrx_word' id='word_1_398' title='bbox 920 3664 1232 3729; x_wconf 88' lang='lat' dir='ltr'><strong>susceptum</strong></span> <span class='ocrx_word' id='word_1_399' title='bbox 1260 3658 1496 3727; x_wconf 86' lang='lat' dir='ltr'><strong>legimus</strong></span> <span class='ocrx_word' id='word_1_400' title='bbox 1524 3657 1720 3728; x_wconf 90' lang='lat' dir='ltr'><strong>egisse,</strong></span> 
     </span>
    </p>
   </div>
   <div class='ocr_carea' id='block_1_41' title="bbox 148 3751 1724 3827">
    <p class='ocr_par' dir='ltr' id='par_1_41' title="bbox 148 3751 1724 3827">
     <span class='ocr_line' id='line_1_41' title="bbox 148 3751 1724 3827; baseline -0.001 -18"><span class='ocrx_word' id='word_1_401' title='bbox 148 3764 224 3811; x_wconf 84' lang='lat' dir='ltr'><strong>aut</strong></span> <span class='ocrx_word' id='word_1_402' title='bbox 245 3756 532 3827; x_wconf 84' lang='lat' dir='ltr'><strong>pertulisse</strong></span> <span class='ocrx_word' id='word_1_403' title='bbox 557 3753 852 3817; x_wconf 88' lang='lat' dir='ltr'><strong>Christum,</strong></span> <span class='ocrx_word' id='word_1_404' title='bbox 884 3768 996 3808; x_wconf 93' lang='lat' dir='ltr'><strong>non</strong></span> <span class='ocrx_word' id='word_1_405' title='bbox 1025 3751 1094 3806; x_wconf 89' lang='lat' dir='ltr'><strong>ad</strong></span> <span class='ocrx_word' id='word_1_406' title='bbox 1115 3751 1412 3807; x_wconf 87' lang='lat' dir='ltr'><strong>divinitatis</strong></span> <span class='ocrx_word' id='word_1_407' title='bbox 1440 3751 1724 3808; x_wconf 89' lang='lat' dir='ltr'><strong>audiamus</strong></span> 
     </span>
    </p>
   </div>
   <div class='ocr_carea' id='block_1_42' title="bbox 146 3843 1725 3920">
    <p class='ocr_par' dir='ltr' id='par_1_42' title="bbox 146 3843 1725 3920">
     <span class='ocr_line' id='line_1_42' title="bbox 146 3843 1725 3920; baseline -0.004 -15"><span class='ocrx_word' id='word_1_408' title='bbox 146 3850 370 3920; x_wconf 75' lang='lat' dir='ltr'><strong>iniuriam</strong></span> <span class='ocrx_word' id='word_1_409' title='bbox 386 3892 404 3917; x_wconf 93' lang='lat'><strong>,</strong></span> <span class='ocrx_word' id='word_1_410' title='bbox 449 3849 550 3906; x_wconf 88' lang='lat' dir='ltr'><strong>sed</strong></span> <span class='ocrx_word' id='word_1_411' title='bbox 578 3847 870 3920; x_wconf 87' lang='lat' dir='ltr'><strong>profecisse</strong></span> <span class='ocrx_word' id='word_1_412' title='bbox 897 3845 1134 3904; x_wconf 89' lang='lat' dir='ltr'><strong>hominis</strong></span> <span class='ocrx_word' id='word_1_413' title='bbox 1161 3845 1230 3902; x_wconf 91' lang='lat' dir='ltr'><strong>ad</strong></span> <span class='ocrx_word' id='word_1_414' title='bbox 1256 3845 1503 3916; x_wconf 86' lang='lat' dir='ltr'><strong>gloriam.</strong></span> <span class='ocrx_word' id='word_1_415' title='bbox 1546 3843 1617 3899; x_wconf 87' lang='lat' dir='ltr'><strong>Et</strong></span> <span class='ocrx_word' id='word_1_416' title='bbox 1641 3861 1725 3899; x_wconf 61' lang='lat' dir='ltr'><strong>se.</strong></span> 
     </span>
    </p>
   </div>
   <div class='ocr_carea' id='block_1_43' title="bbox 147 3938 1721 4015">
    <p class='ocr_par' dir='ltr' id='par_1_43' title="bbox 147 3938 1721 4015">
     <span class='ocr_line' id='line_1_43' title="bbox 147 3938 1721 4015; baseline -0.003 -16"><span class='ocrx_word' id='word_1_417' title='bbox 147 3942 437 4015; x_wconf 63' lang='lat' dir='ltr'><strong>alebantur,</strong></span> <span class='ocrx_word' id='word_1_418' title='bbox 471 3943 678 4012; x_wconf 88' lang='lat' dir='ltr'><strong>inquit,</strong></span> <span class='ocrx_word' id='word_1_419' title='bbox 707 3941 858 3996; x_wconf 80' lang='lat' dir='ltr'><strong>illum</strong></span> <span class='ocrx_word' id='word_1_420' title='bbox 884 3939 1128 4012; x_wconf 82' lang='lat' dir='ltr'><strong>discipuli</strong></span> <span class='ocrx_word' id='word_1_421' title='bbox 1153 3939 1288 4012; x_wconf 86' lang='lat' dir='ltr'><strong>ejus.</strong></span> <span class='ocrx_word' id='word_1_422' title='bbox 1335 3938 1530 3996; x_wconf 84' lang='lat' dir='ltr'><strong>Merito</strong></span> <span class='ocrx_word' id='word_1_423' title='bbox 1557 3938 1721 3994; x_wconf 87' lang='lat' dir='ltr'><strong>disci-</strong></span> 
     </span>
    </p>
   </div>
   <div class='ocr_carea' id='block_1_44' title="bbox 147 4034 1722 4107">
    <p class='ocr_par' dir='ltr' id='par_1_44' title="bbox 147 4034 1722 4107">
     <span class='ocr_line' id='line_1_44' title="bbox 147 4034 1722 4107; baseline -0.001 -16"><span class='ocrx_word' id='word_1_424' title='bbox 147 4036 240 4107; x_wconf 86' lang='lat' dir='ltr'><strong>puli</strong></span> <span class='ocrx_word' id='word_1_425' title='bbox 283 4035 564 4092; x_wconf 88' lang='lat' dir='ltr'><strong>Christum</strong></span> <span class='ocrx_word' id='word_1_426' title='bbox 609 4035 929 4091; x_wconf 88' lang='lat' dir='ltr'><strong>redeuntem</strong></span> <span class='ocrx_word' id='word_1_427' title='bbox 977 4050 1131 4093; x_wconf 87' lang='lat' dir='ltr'><strong>suam</strong></span> <span class='ocrx_word' id='word_1_428' title='bbox 1172 4042 1474 4105; x_wconf 89' lang='lat' dir='ltr'><strong>sequuntur</strong></span> <span class='ocrx_word' id='word_1_429' title='bbox 1511 4034 1582 4089; x_wconf 89' lang='lat' dir='ltr'><strong>ad</strong></span> <span class='ocrx_word' id='word_1_430' title='bbox 1621 4049 1722 4106; x_wconf 89' lang='lat' dir='ltr'><strong>pa-</strong></span> 
     </span>
    </p>
   </div>
   <div class='ocr_carea' id='block_1_45' title="bbox 149 4125 1725 4200">
    <p class='ocr_par' dir='ltr' id='par_1_45' title="bbox 149 4125 1725 4200">
     <span class='ocr_line' id='line_1_45' title="bbox 149 4125 1725 4200; baseline -0.002 -15"><span class='ocrx_word' id='word_1_431' title='bbox 149 4129 298 4195; x_wconf 84' lang='lat' dir='ltr'><strong>triam,</strong></span> <span class='ocrx_word' id='word_1_432' title='bbox 327 4143 472 4200; x_wconf 89' lang='lat' dir='ltr'><strong>quos</strong></span> <span class='ocrx_word' id='word_1_433' title='bbox 488 4127 602 4198; x_wconf 87' lang='lat' dir='ltr'><strong>jam</strong></span> <span class='ocrx_word' id='word_1_434' title='bbox 629 4127 685 4182; x_wconf 87' lang='lat' dir='ltr'><strong>in</strong></span> <span class='ocrx_word' id='word_1_435' title='bbox 714 4136 739 4165; x_wconf 79' lang='grc' dir='ltr'>ει</span> <span class='ocrx_word' id='word_1_436' title='bbox 769 4125 991 4198; x_wconf 90' lang='lat' dir='ltr'><strong>superni</strong></span> <span class='ocrx_word' id='word_1_437' title='bbox 1027 4126 1232 4183; x_wconf 89' lang='lat' dir='ltr'><strong>ordinis</strong></span> <span class='ocrx_word' id='word_1_438' title='bbox 1271 4126 1394 4183; x_wconf 89' lang='lat' dir='ltr'><strong>albo</strong></span> <span class='ocrx_word' id='word_1_439' title='bbox 1422 4125 1725 4196; x_wconf 88' lang='lat' dir='ltr'><strong>descriptos</strong></span> 
     </span>
    </p>
   </div>
   <div class='ocr_carea' id='block_1_46' title="bbox 148 4221 1721 4294">
    <p class='ocr_par' dir='ltr' id='par_1_46' title="bbox 148 4221 1721 4294">
     <span class='ocr_line' id='line_1_46' title="bbox 148 4221 1721 4294; baseline -0.002 -15"><span class='ocrx_word' id='word_1_440' title='bbox 148 4222 360 4279; x_wconf 71' lang='lat' dir='ltr'><strong>anlestis</strong></span> <span class='ocrx_word' id='word_1_441' title='bbox 407 4222 602 4294; x_wconf 70' lang='lat' dir='ltr'><strong>patria:</strong></span> <span class='ocrx_word' id='word_1_442' title='bbox 642 4222 790 4278; x_wconf 89' lang='lat' dir='ltr'><strong>cives</strong></span> <span class='ocrx_word' id='word_1_443' title='bbox 812 4261 828 4287; x_wconf 94' lang='lat'><strong>,</strong></span> <span class='ocrx_word' id='word_1_444' title='bbox 872 4229 930 4276; x_wconf 90' lang='lat' dir='ltr'><strong>et</strong></span> <span class='ocrx_word' id='word_1_445' title='bbox 974 4221 1276 4292; x_wconf 90' lang='lat' dir='ltr'><strong>municipes</strong></span> <span class='ocrx_word' id='word_1_446' title='bbox 1321 4222 1518 4278; x_wconf 90' lang='lat' dir='ltr'><strong>electio</strong></span> <span class='ocrx_word' id='word_1_447' title='bbox 1547 4229 1721 4287; x_wconf 83' lang='lat' dir='ltr'><strong>tanta,</strong></span> 
     </span>
    </p>
   </div>
   <div class='ocr_carea' id='block_1_47' title="bbox 146 4313 1720 4386">
    <p class='ocr_par' dir='ltr' id='par_1_47' title="bbox 146 4313 1720 4386">
     <span class='ocr_line' id='line_1_47' title="bbox 146 4313 1720 4386; baseline 0 -18"><span class='ocrx_word' id='word_1_448' title='bbox 146 4319 285 4370; x_wconf 64' lang='lat' dir='ltr'><strong>tanta</strong></span> <span class='ocrx_word' id='word_1_449' title='bbox 309 4315 503 4386; x_wconf 80' lang='lat' dir='ltr'><strong>gratiae</strong></span> <span class='ocrx_word' id='word_1_450' title='bbox 529 4313 836 4385; x_wconf 88' lang='lat' dir='ltr'><strong>perfecerat</strong></span> <span class='ocrx_word' id='word_1_451' title='bbox 873 4313 1175 4384; x_wconf 89' lang='lat' dir='ltr'><strong>plenitudo,</strong></span> <span class='ocrx_word' id='word_1_452' title='bbox 1209 4313 1424 4371; x_wconf 80' lang='lat' dir='ltr'><strong>dicente</strong></span> <span class='ocrx_word' id='word_1_453' title='bbox 1449 4313 1681 4370; x_wconf 90' lang='lat' dir='ltr'><strong>Domino</strong></span> <span class='ocrx_word' id='word_1_454' title='bbox 1706 4331 1720 4368; x_wconf 92' lang='lat'><strong>:</strong></span> 
     </span>
    </p>
   </div>
   <div class='ocr_carea' id='block_1_48' title="bbox 148 4402 1724 4479">
    <p class='ocr_par' dir='ltr' id='par_1_48' title="bbox 148 4402 1724 4479">
     <span class='ocr_line' id='line_1_48' title="bbox 148 4402 1724 4479; baseline 0.002 -20"><span class='ocrx_word' id='word_1_455' title='bbox 148 4402 351 4462; x_wconf 76' lang='lat' dir='ltr'><strong>Gaudete</strong></span> <span class='ocrx_word' id='word_1_456' title='bbox 372 4446 390 4472; x_wconf 93' lang='lat'><strong>,</strong></span> <span class='ocrx_word' id='word_1_457' title='bbox 421 4407 546 4479; x_wconf 81' lang='lat' dir='ltr'><strong>quia</strong></span> <span class='ocrx_word' id='word_1_458' title='bbox 593 4406 807 4460; x_wconf 86' lang='lat' dir='ltr'><strong>nomina</strong></span> <span class='ocrx_word' id='word_1_459' title='bbox 852 4412 1022 4459; x_wconf 83' lang='lat' dir='ltr'><strong>vestra</strong></span> <span class='ocrx_word' id='word_1_460' title='bbox 1067 4405 1265 4477; x_wconf 84' lang='lat' dir='ltr'><strong>scripta</strong></span> <span class='ocrx_word' id='word_1_461' title='bbox 1310 4412 1434 4459; x_wconf 86' lang='lat' dir='ltr'><strong>sunt</strong></span> <span class='ocrx_word' id='word_1_462' title='bbox 1479 4405 1536 4459; x_wconf 88' lang='lat' dir='ltr'><strong>in</strong></span> <span class='ocrx_word' id='word_1_463' title='bbox 1583 4406 1724 4462; x_wconf 75' lang='lat' dir='ltr'><strong>caelis</strong></span> 
     </span>
    </p>
   </div>
   <div class='ocr_carea' id='block_1_49' title="bbox 147 4494 1719 4571">
    <p class='ocr_par' dir='ltr' id='par_1_49' title="bbox 147 4494 1719 4571">
     <span class='ocr_line' id='line_1_49' title="bbox 147 4494 1719 4571; baseline 0.001 -20"><span class='ocrx_word' id='word_1_464' title='bbox 147 4494 273 4565; x_wconf 74' lang='lat' dir='ltr'><strong>(hc.</strong></span> <span class='ocrx_word' id='word_1_465' title='bbox 303 4497 387 4570; x_wconf 73' lang='grc' dir='ltr'><strong>ι).</strong></span> <span class='ocrx_word' id='word_1_466' title='bbox 425 4496 502 4552; x_wconf 83' lang='lat' dir='ltr'><strong>Et</strong></span> <span class='ocrx_word' id='word_1_467' title='bbox 529 4499 668 4571; x_wconf 81' lang='lat' dir='ltr'><strong>facta</strong></span> <span class='ocrx_word' id='word_1_468' title='bbox 695 4495 934 4563; x_wconf 85' lang='lat' dir='ltr'><strong>sabbato,</strong></span> <span class='ocrx_word' id='word_1_469' title='bbox 966 4497 1117 4569; x_wconf 62' lang='lat' dir='ltr'><strong>capit</strong></span> <span class='ocrx_word' id='word_1_470' title='bbox 1142 4497 1200 4551; x_wconf 89' lang='lat' dir='ltr'><strong>in</strong></span> <span class='ocrx_word' id='word_1_471' title='bbox 1219 4513 1489 4570; x_wconf 80' lang='lat' dir='ltr'><strong>synagoga</strong></span> <span class='ocrx_word' id='word_1_472' title='bbox 1516 4496 1719 4564; x_wconf 85' lang='lat' dir='ltr'><strong>docere,</strong></span> 
     </span>
    </p>
   </div>
   <div class='ocr_carea' id='block_1_50' title="bbox 146 4585 1722 4660">
    <p class='ocr_par' dir='ltr' id='par_1_50' title="bbox 146 4585 1722 4660">
     <span class='ocr_line' id='line_1_50' title="bbox 146 4585 1722 4660; baseline 0.003 -21"><span class='ocrx_word' id='word_1_473' title='bbox 146 4595 186 4639; x_wconf 83' lang='lat' dir='ltr'><strong>et</strong></span> <span class='ocrx_word' id='word_1_474' title='bbox 203 4588 344 4642; x_wconf 70' lang='lat' dir='ltr'><strong>stulti</strong></span> <span class='ocrx_word' id='word_1_475' title='bbox 372 4587 644 4642; x_wconf 78' lang='lat' dir='ltr'><strong>audientes</strong></span> <span class='ocrx_word' id='word_1_476' title='bbox 677 4585 1004 4642; x_wconf 83' lang='lat' dir='ltr'><strong>mirabantur</strong></span> <span class='ocrx_word' id='word_1_477' title='bbox 1029 4588 1087 4641; x_wconf 86' lang='lat' dir='ltr'><strong>in</strong></span> <span class='ocrx_word' id='word_1_478' title='bbox 1116 4585 1354 4642; x_wconf 84' lang='lat' dir='ltr'><strong>doctrina</strong></span> <span class='ocrx_word' id='word_1_479' title='bbox 1377 4589 1510 4660; x_wconf 85' lang='lat' dir='ltr'><strong>ejus,</strong></span> <span class='ocrx_word' id='word_1_480' title='bbox 1544 4588 1722 4644; x_wconf 87' lang='lat' dir='ltr'><strong>dicen-</strong></span> 
     </span>
    </p>
   </div>
   <div class='ocr_carea' id='block_1_51' title="bbox 1815 2091 3408 2166">
    <p class='ocr_par' dir='ltr' id='par_1_51' title="bbox 1815 2091 3408 2166">
     <span class='ocr_line' id='line_1_51' title="bbox 1815 2091 3408 2166; baseline 0.003 -19"><span class='ocrx_word' id='word_1_481' title='bbox 1815 2107 1915 2163; x_wconf 89' lang='lat' dir='ltr'><strong>per</strong></span> <span class='ocrx_word' id='word_1_482' title='bbox 1940 2107 2103 2161; x_wconf 90' lang='lat' dir='ltr'><strong>quem</strong></span> <span class='ocrx_word' id='word_1_483' title='bbox 2141 2091 2385 2148; x_wconf 84' lang='lat' dir='ltr'><strong>facerent</strong></span> <span class='ocrx_word' id='word_1_484' title='bbox 2413 2095 2725 2150; x_wconf 87' lang='lat' dir='ltr'><strong>curiositate</strong></span> <span class='ocrx_word' id='word_1_485' title='bbox 2751 2096 2831 2152; x_wconf 91' lang='lat' dir='ltr'><strong>sic</strong></span> <span class='ocrx_word' id='word_1_486' title='bbox 2857 2097 3139 2166; x_wconf 74' lang='lat' dir='ltr'><strong>requisivit</strong></span> <span class='ocrx_word' id='word_1_487' title='bbox 3167 2096 3194 2135; x_wconf 70' lang='grc' dir='ltr'>δ</span> <span class='ocrx_word' id='word_1_488' title='bbox 3224 2097 3408 2166; x_wconf 87' lang='lat' dir='ltr'><strong>ingra-</strong></span> 
     </span>
    </p>
   </div>
   <div class='ocr_carea' id='block_1_52' title="bbox 1814 2185 3408 2260">
    <p class='ocr_par' dir='ltr' id='par_1_52' title="bbox 1814 2185 3408 2260">
     <span class='ocr_line' id='line_1_52' title="bbox 1814 2185 3408 2260; baseline 0.004 -20"><span class='ocrx_word' id='word_1_489' title='bbox 1814 2194 1922 2242; x_wconf 93' lang='lat' dir='ltr'><strong>tus.</strong></span> <span class='ocrx_word' id='word_1_490' title='bbox 1966 2185 2076 2244; x_wconf 90' lang='lat' dir='ltr'><strong>Sed</strong></span> <span class='ocrx_word' id='word_1_491' title='bbox 2111 2186 2385 2256; x_wconf 89' lang='lat' dir='ltr'><strong>judicatur</strong></span> <span class='ocrx_word' id='word_1_492' title='bbox 2423 2189 2514 2244; x_wconf 92' lang='lat' dir='ltr'><strong>hic</strong></span> <span class='ocrx_word' id='word_1_493' title='bbox 2554 2189 2702 2246; x_wconf 91' lang='lat' dir='ltr'><strong>solus</strong></span> <span class='ocrx_word' id='word_1_494' title='bbox 2743 2191 2835 2260; x_wconf 90' lang='lat' dir='ltr'><strong>qui</strong></span> <span class='ocrx_word' id='word_1_495' title='bbox 2860 2190 3009 2245; x_wconf 89' lang='lat' dir='ltr'><strong>solus</strong></span> <span class='ocrx_word' id='word_1_496' title='bbox 3033 2190 3277 2260; x_wconf 85' lang='lat' dir='ltr'><strong>judicare</strong></span> <span class='ocrx_word' id='word_1_497' title='bbox 3304 2206 3408 2246; x_wconf 86' lang='lat' dir='ltr'><strong>no-</strong></span> 
     </span>
    </p>
   </div>
   <div class='ocr_carea' id='block_1_53' title="bbox 1816 2279 3414 2352">
    <p class='ocr_par' dir='ltr' id='par_1_53' title="bbox 1816 2279 3414 2352">
     <span class='ocr_line' id='line_1_53' title="bbox 1816 2279 3414 2352; baseline 0.003 -18"><span class='ocrx_word' id='word_1_498' title='bbox 1816 2279 1918 2334; x_wconf 88' lang='lat' dir='ltr'><strong>luit</strong></span> <span class='ocrx_word' id='word_1_499' title='bbox 1945 2295 2012 2335; x_wconf 91' lang='lat' dir='ltr'><strong>ne</strong></span> <span class='ocrx_word' id='word_1_500' title='bbox 2039 2280 2294 2351; x_wconf 90' lang='lat' dir='ltr'><strong>puniret;</strong></span> <span class='ocrx_word' id='word_1_501' title='bbox 2339 2281 2586 2351; x_wconf 89' lang='lat' dir='ltr'><strong>improba</strong></span> <span class='ocrx_word' id='word_1_502' title='bbox 2627 2283 2918 2337; x_wconf 88' lang='lat' dir='ltr'><strong>severitate</strong></span> <span class='ocrx_word' id='word_1_503' title='bbox 2971 2283 3272 2351; x_wconf 86' lang='lat' dir='ltr'><strong>discutitur,</strong></span> <span class='ocrx_word' id='word_1_504' title='bbox 3318 2283 3414 2352; x_wconf 90' lang='lat' dir='ltr'><strong>qui</strong></span> 
     </span>
    </p>
   </div>
   <div class='ocr_carea' id='block_1_54' title="bbox 1817 2370 3412 2443">
    <p class='ocr_par' dir='ltr' id='par_1_54' title="bbox 1817 2370 3412 2443">
     <span class='ocr_line' id='line_1_54' title="bbox 1817 2370 3412 2443; baseline 0.002 -18"><span class='ocrx_word' id='word_1_505' title='bbox 1817 2376 1878 2425; x_wconf 91' lang='lat' dir='ltr'><strong>ut</strong></span> <span class='ocrx_word' id='word_1_506' title='bbox 1904 2370 2194 2440; x_wconf 81' lang='lat' dir='ltr'><strong>largiretur</strong></span> <span class='ocrx_word' id='word_1_507' title='bbox 2221 2373 2466 2439; x_wconf 91' lang='lat' dir='ltr'><strong>veniam,</strong></span> <span class='ocrx_word' id='word_1_508' title='bbox 2497 2372 2573 2427; x_wconf 91' lang='lat' dir='ltr'><strong>nil</strong></span> <span class='ocrx_word' id='word_1_509' title='bbox 2600 2373 2846 2443; x_wconf 65' lang='lat' dir='ltr'><strong>quaesivit</strong></span> <span class='ocrx_word' id='word_1_510' title='bbox 2875 2392 2889 2427; x_wconf 89' lang='lat'><strong>:</strong></span> <span class='ocrx_word' id='word_1_511' title='bbox 2920 2381 2976 2428; x_wconf 90' lang='lat' dir='ltr'><strong>et</strong></span> <span class='ocrx_word' id='word_1_512' title='bbox 3001 2389 3122 2430; x_wconf 91' lang='lat' dir='ltr'><strong>cum</strong></span> <span class='ocrx_word' id='word_1_513' title='bbox 3152 2375 3298 2430; x_wconf 90' lang='lat' dir='ltr'><strong>solus</strong></span> <span class='ocrx_word' id='word_1_514' title='bbox 3325 2375 3412 2428; x_wconf 86' lang='lat' dir='ltr'><strong>in-</strong></span> 
     </span>
    </p>
   </div>
   <div class='ocr_carea' id='block_1_55' title="bbox 1817 2463 3416 2537">
    <p class='ocr_par' dir='ltr' id='par_1_55' title="bbox 1817 2463 3416 2537">
     <span class='ocr_line' id='line_1_55' title="bbox 1817 2463 3416 2537; baseline 0.003 -19"><span class='ocrx_word' id='word_1_515' title='bbox 1817 2477 2023 2518; x_wconf 91' lang='lat' dir='ltr'><strong>nocens</strong></span> <span class='ocrx_word' id='word_1_516' title='bbox 2049 2463 2317 2519; x_wconf 88' lang='lat' dir='ltr'><strong>invenerit</strong></span> <span class='ocrx_word' id='word_1_517' title='bbox 2358 2479 2548 2522; x_wconf 91' lang='lat' dir='ltr'><strong>omnes</strong></span> <span class='ocrx_word' id='word_1_518' title='bbox 2573 2480 2728 2532; x_wconf 91' lang='lat' dir='ltr'><strong>reos,</strong></span> <span class='ocrx_word' id='word_1_519' title='bbox 2764 2475 2788 2504; x_wconf 74' lang='grc' dir='ltr'><strong>ο</strong></span> <span class='ocrx_word' id='word_1_520' title='bbox 2817 2465 2887 2520; x_wconf 92' lang='lat' dir='ltr'><strong>ad</strong></span> <span class='ocrx_word' id='word_1_521' title='bbox 2913 2465 3167 2522; x_wconf 89' lang='lat' dir='ltr'><strong>indicium</strong></span> <span class='ocrx_word' id='word_1_522' title='bbox 3196 2465 3416 2537; x_wconf 89' lang='lat' dir='ltr'><strong>pietatis</strong></span> 
     </span>
    </p>
   </div>
   <div class='ocr_carea' id='block_1_56' title="bbox 1819 2553 3413 2628">
    <p class='ocr_par' dir='ltr' id='par_1_56' title="bbox 1819 2553 3413 2628">
     <span class='ocr_line' id='line_1_56' title="bbox 1819 2553 3413 2628; baseline 0.003 -19"><span class='ocrx_word' id='word_1_523' title='bbox 1819 2553 2095 2611; x_wconf 73' lang='lat' dir='ltr'><strong>immensa:</strong></span> <span class='ocrx_word' id='word_1_524' title='bbox 2137 2556 2414 2626; x_wconf 88' lang='lat' dir='ltr'><strong>suspicere</strong></span> <span class='ocrx_word' id='word_1_525' title='bbox 2451 2556 2668 2624; x_wconf 85' lang='lat' dir='ltr'><strong>maluit,</strong></span> <span class='ocrx_word' id='word_1_526' title='bbox 2708 2572 2872 2627; x_wconf 90' lang='lat' dir='ltr'><strong>quam</strong></span> <span class='ocrx_word' id='word_1_527' title='bbox 2900 2557 3163 2628; x_wconf 85' lang='lat' dir='ltr'><strong>abrogare</strong></span> <span class='ocrx_word' id='word_1_528' title='bbox 3192 2565 3413 2614; x_wconf 85' lang='lat' dir='ltr'><strong>senten-</strong></span> 
     </span>
    </p>
   </div>
   <div class='ocr_carea' id='block_1_57' title="bbox 1819 2646 3412 2719">
    <p class='ocr_par' dir='ltr' id='par_1_57' title="bbox 1819 2646 3412 2719">
     <span class='ocr_line' id='line_1_57' title="bbox 1819 2646 3412 2719; baseline 0.001 -19"><span class='ocrx_word' id='word_1_529' title='bbox 1819 2646 1982 2713; x_wconf 91' lang='lat' dir='ltr'><strong>tiam,</strong></span> <span class='ocrx_word' id='word_1_530' title='bbox 2027 2651 2090 2700; x_wconf 83' lang='lat' dir='ltr'><strong>ut</strong></span> <span class='ocrx_word' id='word_1_531' title='bbox 2128 2646 2296 2702; x_wconf 87' lang='lat' dir='ltr'><strong>vitam</strong></span> <span class='ocrx_word' id='word_1_532' title='bbox 2336 2648 2655 2703; x_wconf 89' lang='lat' dir='ltr'><strong>mortalibus</strong></span> <span class='ocrx_word' id='word_1_533' title='bbox 2696 2648 2825 2704; x_wconf 91' lang='lat' dir='ltr'><strong>olim</strong></span> <span class='ocrx_word' id='word_1_534' title='bbox 2851 2648 3114 2719; x_wconf 88' lang='lat' dir='ltr'><strong>perditam</strong></span> <span class='ocrx_word' id='word_1_535' title='bbox 3139 2648 3412 2715; x_wconf 86' lang='lat' dir='ltr'><strong>redderet,</strong></span> 
     </span>
    </p>
   </div>
   <div class='ocr_carea' id='block_1_58' title="bbox 1821 2736 3414 2812">
    <p class='ocr_par' dir='ltr' id='par_1_58' title="bbox 1821 2736 3414 2812">
     <span class='ocr_line' id='line_1_58' title="bbox 1821 2736 3414 2812; baseline 0.001 -17"><span class='ocrx_word' id='word_1_536' title='bbox 1821 2746 1877 2795; x_wconf 89' lang='lat' dir='ltr'><strong>et</strong></span> <span class='ocrx_word' id='word_1_537' title='bbox 1905 2746 2186 2810; x_wconf 87' lang='lat' dir='ltr'><strong>repararet</strong></span> <span class='ocrx_word' id='word_1_538' title='bbox 2215 2736 2244 2777; x_wconf 73' lang='grc' dir='ltr'><strong>ἀ</strong></span> <span class='ocrx_word' id='word_1_539' title='bbox 2273 2741 2502 2797; x_wconf 91' lang='lat' dir='ltr'><strong>occisos.</strong></span> <span class='ocrx_word' id='word_1_540' title='bbox 2543 2739 2714 2806; x_wconf 85' lang='lat' dir='ltr'><strong>Vere,</strong></span> <span class='ocrx_word' id='word_1_541' title='bbox 2758 2742 2898 2811; x_wconf 85' lang='lat' dir='ltr'><strong>sicut</strong></span> <span class='ocrx_word' id='word_1_542' title='bbox 2937 2741 3072 2796; x_wconf 83' lang='lat' dir='ltr'><strong>dixit</strong></span> <span class='ocrx_word' id='word_1_543' title='bbox 3103 2740 3414 2812; x_wconf 87' lang='lat' dir='ltr'><strong>Apostolus,</strong></span> 
     </span>
    </p>
   </div>
   <div class='ocr_carea' id='block_1_59' title="bbox 1819 2833 3416 2906">
    <p class='ocr_par' dir='ltr' id='par_1_59' title="bbox 1819 2833 3416 2906">
     <span class='ocr_line' id='line_1_59' title="bbox 1819 2833 3416 2906; baseline 0.001 -18"><span class='ocrx_word' id='word_1_544' title='bbox 1819 2833 2074 2904; x_wconf 81' lang='lat' dir='ltr'><strong>Magnum</strong></span> <span class='ocrx_word' id='word_1_545' title='bbox 2101 2834 2320 2906; x_wconf 90' lang='lat' dir='ltr'><strong>pictatis</strong></span> <span class='ocrx_word' id='word_1_546' title='bbox 2349 2841 2432 2891; x_wconf 92' lang='lat' dir='ltr'><strong>est</strong></span> <span class='ocrx_word' id='word_1_547' title='bbox 2458 2841 2882 2904; x_wconf 88' lang='lat' dir='ltr'><strong>sacramentum,</strong></span> <span class='ocrx_word' id='word_1_548' title='bbox 2915 2835 3058 2904; x_wconf 90' lang='lat' dir='ltr'><strong>quod</strong></span> <span class='ocrx_word' id='word_1_549' title='bbox 3085 2833 3284 2890; x_wconf 86' lang='lat' dir='ltr'><strong>Christi</strong></span> <span class='ocrx_word' id='word_1_550' title='bbox 3311 2849 3416 2889; x_wconf 90' lang='lat' dir='ltr'><strong>no-</strong></span> 
     </span>
    </p>
   </div>
   <div class='ocr_carea' id='block_1_60' title="bbox 1820 2927 3417 3001">
    <p class='ocr_par' dir='ltr' id='par_1_60' title="bbox 1820 2927 3417 3001">
     <span class='ocr_line' id='line_1_60' title="bbox 1820 2927 3417 3001; baseline 0 -18"><span class='ocrx_word' id='word_1_551' title='bbox 1820 2928 1923 2983; x_wconf 89' lang='lat' dir='ltr'><strong>stri</strong></span> <span class='ocrx_word' id='word_1_552' title='bbox 1950 2927 2328 2984; x_wconf 87' lang='lat' dir='ltr'><strong>manifestatur</strong></span> <span class='ocrx_word' id='word_1_553' title='bbox 2357 2929 2412 2984; x_wconf 92' lang='lat' dir='ltr'><strong>in</strong></span> <span class='ocrx_word' id='word_1_554' title='bbox 2441 2943 2604 2984; x_wconf 88' lang='lat' dir='ltr'><strong>carne</strong></span> <span class='ocrx_word' id='word_1_555' title='bbox 2635 2927 2692 3001; x_wconf 87' lang='grc' dir='ltr'><strong>(Ι</strong></span> <span class='ocrx_word' id='word_1_556' title='bbox 2722 2927 2857 2984; x_wconf 87' lang='lat' dir='ltr'><strong>Tim.</strong></span> <span class='ocrx_word' id='word_1_557' title='bbox 2889 2929 3002 3001; x_wconf 86' lang='grc' dir='ltr'>ιιι).</span> <span class='ocrx_word' id='word_1_558' title='bbox 3047 2927 3304 2984; x_wconf 81' lang='lat' dir='ltr'><strong>Extendit</strong></span> <span class='ocrx_word' id='word_1_559' title='bbox 3329 2934 3417 2983; x_wconf 91' lang='lat' dir='ltr'><strong>ta-</strong></span> 
     </span>
    </p>
   </div>
   <div class='ocr_carea' id='block_1_61' title="bbox 1822 3020 3418 3078">
    <p class='ocr_par' dir='ltr' id='par_1_61' title="bbox 1822 3020 3418 3078">
     <span class='ocr_line' id='line_1_61' title="bbox 1822 3020 3418 3078; baseline 0.001 -3"><span class='ocrx_word' id='word_1_560' title='bbox 1822 3036 1950 3077; x_wconf 90' lang='lat' dir='ltr'><strong>men</strong></span> <span class='ocrx_word' id='word_1_561' title='bbox 1979 3021 2155 3078; x_wconf 88' lang='lat' dir='ltr'><strong>adhuc</strong></span> <span class='ocrx_word' id='word_1_562' title='bbox 2187 3022 2559 3077; x_wconf 89' lang='lat' dir='ltr'><strong>curiositatem</strong></span> <span class='ocrx_word' id='word_1_563' title='bbox 2601 3037 2754 3077; x_wconf 90' lang='lat' dir='ltr'><strong>suam</strong></span> <span class='ocrx_word' id='word_1_564' title='bbox 2794 3022 3028 3078; x_wconf 86' lang='lat' dir='ltr'><strong>carnalis</strong></span> <span class='ocrx_word' id='word_1_565' title='bbox 3066 3022 3168 3078; x_wconf 89' lang='lat' dir='ltr'><strong>ista</strong></span> <span class='ocrx_word' id='word_1_566' title='bbox 3194 3020 3418 3077; x_wconf 67' lang='lat' dir='ltr'><strong>aemula-</strong></span> 
     </span>
    </p>
   </div>
   <div class='ocr_carea' id='block_1_62' title="bbox 1821 3112 3419 3184">
    <p class='ocr_par' dir='ltr' id='par_1_62' title="bbox 1821 3112 3419 3184">
     <span class='ocr_line' id='line_1_62' title="bbox 1821 3112 3419 3184; baseline 0.002 -19"><span class='ocrx_word' id='word_1_567' title='bbox 1821 3112 1921 3179; x_wconf 91' lang='lat' dir='ltr'><strong>tio,</strong></span> <span class='ocrx_word' id='word_1_568' title='bbox 1953 3112 2043 3168; x_wconf 89' lang='lat' dir='ltr'><strong>cui</strong></span> <span class='ocrx_word' id='word_1_569' title='bbox 2071 3127 2290 3184; x_wconf 91' lang='lat' dir='ltr'><strong>semper</strong></span> <span class='ocrx_word' id='word_1_570' title='bbox 2315 3121 2400 3170; x_wconf 91' lang='lat' dir='ltr'><strong>est</strong></span> <span class='ocrx_word' id='word_1_571' title='bbox 2431 3123 2454 3150; x_wconf 75' lang='grc' dir='ltr'><strong>ο</strong></span> <span class='ocrx_word' id='word_1_572' title='bbox 2485 3113 2702 3169; x_wconf 87' lang='lat' dir='ltr'><strong>inimica</strong></span> <span class='ocrx_word' id='word_1_573' title='bbox 2729 3114 2972 3168; x_wconf 88' lang='lat' dir='ltr'><strong>veritatis</strong></span> <span class='ocrx_word' id='word_1_574' title='bbox 3001 3113 3291 3182; x_wconf 87' lang='lat' dir='ltr'><strong>cogitatio:</strong></span> <span class='ocrx_word' id='word_1_575' title='bbox 3316 3127 3419 3168; x_wconf 90' lang='lat' dir='ltr'><strong>nec</strong></span> 
     </span>
    </p>
   </div>
   <div class='ocr_carea' id='block_1_63' title="bbox 1823 3201 3415 3276">
    <p class='ocr_par' dir='ltr' id='par_1_63' title="bbox 1823 3201 3415 3276">
     <span class='ocr_line' id='line_1_63' title="bbox 1823 3201 3415 3276; baseline -0.002 -17"><span class='ocrx_word' id='word_1_576' title='bbox 1823 3203 2031 3276; x_wconf 88' lang='lat' dir='ltr'><strong>patitur</strong></span> <span class='ocrx_word' id='word_1_577' title='bbox 2055 3202 2330 3261; x_wconf 87' lang='lat' dir='ltr'><strong>Christum</strong></span> <span class='ocrx_word' id='word_1_578' title='bbox 2357 3203 2645 3259; x_wconf 90' lang='lat' dir='ltr'><strong>virtutibus</strong></span> <span class='ocrx_word' id='word_1_579' title='bbox 2672 3209 2727 3259; x_wconf 89' lang='lat' dir='ltr'><strong>et</strong></span> <span class='ocrx_word' id='word_1_580' title='bbox 2754 3203 3018 3273; x_wconf 90' lang='lat' dir='ltr'><strong>sapientia</strong></span> <span class='ocrx_word' id='word_1_581' title='bbox 3046 3203 3214 3258; x_wconf 89' lang='lat' dir='ltr'><strong>Deum</strong></span> <span class='ocrx_word' id='word_1_582' title='bbox 3247 3201 3415 3268; x_wconf 90' lang='lat' dir='ltr'><strong>credi,</strong></span> 
     </span>
    </p>
   </div>
   <div class='ocr_carea' id='block_1_64' title="bbox 1823 3291 3418 3368">
    <p class='ocr_par' dir='ltr' id='par_1_64' title="bbox 1823 3291 3418 3368">
     <span class='ocr_line' id='line_1_64' title="bbox 1823 3291 3418 3368; baseline -0.004 -16"><span class='ocrx_word' id='word_1_583' title='bbox 1823 3296 1920 3353; x_wconf 92' lang='lat' dir='ltr'><strong>sed</strong></span> <span class='ocrx_word' id='word_1_584' title='bbox 1948 3297 2339 3368; x_wconf 85' lang='lat' dir='ltr'><strong>proximorum,</strong></span> <span class='ocrx_word' id='word_1_585' title='bbox 2370 3300 2684 3366; x_wconf 89' lang='lat' dir='ltr'><strong>parentum,</strong></span> <span class='ocrx_word' id='word_1_586' title='bbox 2718 3292 2966 3358; x_wconf 85' lang='lat' dir='ltr'><strong>fratrum,</strong></span> <span class='ocrx_word' id='word_1_587' title='bbox 2988 3291 3226 3347; x_wconf 83' lang='lat' dir='ltr'><strong>afﬁnium</strong></span> <span class='ocrx_word' id='word_1_588' title='bbox 3247 3291 3418 3347; x_wconf 88' lang='lat' dir='ltr'><strong>docu-</strong></span> 
     </span>
    </p>
   </div>
   <div class='ocr_carea' id='block_1_65' title="bbox 1822 3383 3419 3455">
    <p class='ocr_par' dir='ltr' id='par_1_65' title="bbox 1822 3383 3419 3455">
     <span class='ocr_line' id='line_1_65' title="bbox 1822 3383 3419 3455; baseline -0.004 -11"><span class='ocrx_word' id='word_1_589' title='bbox 1822 3394 2029 3454; x_wconf 90' lang='lat' dir='ltr'><strong>mento,</strong></span> <span class='ocrx_word' id='word_1_590' title='bbox 2065 3386 2086 3426; x_wconf 70' lang='grc' dir='ltr'><strong>ί</strong></span> <span class='ocrx_word' id='word_1_591' title='bbox 2112 3387 2384 3443; x_wconf 90' lang='lat' dir='ltr'><strong>hominem</strong></span> <span class='ocrx_word' id='word_1_592' title='bbox 2421 3393 2632 3442; x_wconf 89' lang='lat' dir='ltr'><strong>tantum</strong></span> <span class='ocrx_word' id='word_1_593' title='bbox 2659 3386 2881 3452; x_wconf 89' lang='lat' dir='ltr'><strong>asserit,</strong></span> <span class='ocrx_word' id='word_1_594' title='bbox 2905 3386 3090 3455; x_wconf 87' lang='lat' dir='ltr'><strong>gestit,</strong></span> <span class='ocrx_word' id='word_1_595' title='bbox 3119 3389 3299 3455; x_wconf 91' lang='lat' dir='ltr'><strong>optat,</strong></span> <span class='ocrx_word' id='word_1_596' title='bbox 3332 3383 3419 3437; x_wconf 88' lang='lat' dir='ltr'><strong>in-</strong></span> 
     </span>
    </p>
   </div>
   <div class='ocr_carea' id='block_1_66' title="bbox 1822 3474 3416 3551">
    <p class='ocr_par' dir='ltr' id='par_1_66' title="bbox 1822 3474 3416 3551">
     <span class='ocr_line' id='line_1_66' title="bbox 1822 3474 3416 3551; baseline -0.003 -17"><span class='ocrx_word' id='word_1_597' title='bbox 1822 3481 2046 3551; x_wconf 88' lang='lat' dir='ltr'><strong>telligit,</strong></span> <span class='ocrx_word' id='word_1_598' title='bbox 2078 3479 2308 3536; x_wconf 88' lang='lat' dir='ltr'><strong>dicendo</strong></span> <span class='ocrx_word' id='word_1_599' title='bbox 2336 3497 2349 3532; x_wconf 93' lang='lat'>:</span> <span class='ocrx_word' id='word_1_600' title='bbox 2384 3478 2578 3534; x_wconf 84' lang='lat' dir='ltr'><strong>Nonne</strong></span> <span class='ocrx_word' id='word_1_601' title='bbox 2603 3481 2700 3535; x_wconf 87' lang='lat' dir='ltr'><strong>iste</strong></span> <span class='ocrx_word' id='word_1_602' title='bbox 2726 3487 2805 3534; x_wconf 82' lang='lat' dir='ltr'><strong>est</strong></span> <span class='ocrx_word' id='word_1_603' title='bbox 2825 3476 2962 3550; x_wconf 78' lang='lat' dir='ltr'><strong>fabri</strong></span> <span class='ocrx_word' id='word_1_604' title='bbox 2986 3487 3010 3524; x_wconf 77' lang='lat'><strong><em>8</em></strong></span> <span class='ocrx_word' id='word_1_605' title='bbox 3041 3477 3182 3548; x_wconf 81' lang='lat' dir='ltr'><strong>ﬁlius</strong></span> <span class='ocrx_word' id='word_1_606' title='bbox 3215 3485 3266 3530; x_wconf 85' lang='lat' dir='ltr'><strong>et</strong></span> <span class='ocrx_word' id='word_1_607' title='bbox 3292 3474 3416 3530; x_wconf 78' lang='lat' dir='ltr'><strong>Ma-</strong></span> 
     </span>
    </p>
   </div>
   <div class='ocr_carea' id='block_1_67' title="bbox 1823 3566 3422 3645">
    <p class='ocr_par' dir='ltr' id='par_1_67' title="bbox 1823 3566 3422 3645">
     <span class='ocr_line' id='line_1_67' title="bbox 1823 3566 3422 3645; baseline -0.004 -18"><span class='ocrx_word' id='word_1_608' title='bbox 1823 3574 1949 3639; x_wconf 66' lang='lat' dir='ltr'><strong>ria,</strong></span> <span class='ocrx_word' id='word_1_609' title='bbox 1983 3574 2150 3645; x_wconf 78' lang='lat' dir='ltr'><strong>frater</strong></span> <span class='ocrx_word' id='word_1_610' title='bbox 2185 3570 2373 3626; x_wconf 79' lang='lat' dir='ltr'><strong>Jacobi</strong></span> <span class='ocrx_word' id='word_1_611' title='bbox 2413 3580 2463 3625; x_wconf 88' lang='lat' dir='ltr'><strong>et</strong></span> <span class='ocrx_word' id='word_1_612' title='bbox 2494 3571 2721 3643; x_wconf 76' lang='lat' dir='ltr'><strong>Ioseph,</strong></span> <span class='ocrx_word' id='word_1_613' title='bbox 2766 3579 2816 3626; x_wconf 83' lang='lat' dir='ltr'><strong>et</strong></span> <span class='ocrx_word' id='word_1_614' title='bbox 2864 3569 3094 3625; x_wconf 86' lang='lat' dir='ltr'><strong>Simonis</strong></span> <span class='ocrx_word' id='word_1_615' title='bbox 3136 3577 3186 3624; x_wconf 86' lang='lat' dir='ltr'><strong>et</strong></span> <span class='ocrx_word' id='word_1_616' title='bbox 3224 3566 3422 3622; x_wconf 76' lang='lat' dir='ltr'><strong>Judaz?</strong></span> 
     </span>
    </p>
   </div>
   <div class='ocr_carea' id='block_1_68' title="bbox 1825 3661 3423 3736">
    <p class='ocr_par' dir='ltr' id='par_1_68' title="bbox 1825 3661 3423 3736">
     <span class='ocr_line' id='line_1_68' title="bbox 1825 3661 3423 3736; baseline -0.003 -16"><span class='ocrx_word' id='word_1_617' title='bbox 1825 3663 1856 3703; x_wconf 75' lang='grc' dir='ltr'><strong>ιι</strong></span> <span class='ocrx_word' id='word_1_618' title='bbox 1883 3682 2058 3720; x_wconf 86' lang='lat' dir='ltr'><strong>nonne</strong></span> <span class='ocrx_word' id='word_1_619' title='bbox 2084 3673 2134 3720; x_wconf 84' lang='lat' dir='ltr'><strong>et</strong></span> <span class='ocrx_word' id='word_1_620' title='bbox 2182 3681 2385 3720; x_wconf 86' lang='lat' dir='ltr'><strong>sorores</strong></span> <span class='ocrx_word' id='word_1_621' title='bbox 2413 3667 2526 3736; x_wconf 87' lang='lat' dir='ltr'><strong>ejus</strong></span> <span class='ocrx_word' id='word_1_622' title='bbox 2555 3665 2636 3719; x_wconf 88' lang='lat' dir='ltr'><strong>hic</strong></span> <span class='ocrx_word' id='word_1_623' title='bbox 2683 3665 2950 3720; x_wconf 85' lang='lat' dir='ltr'><strong>nobiscum</strong></span> <span class='ocrx_word' id='word_1_624' title='bbox 2986 3664 3146 3719; x_wconf 84' lang='lat' dir='ltr'><strong>sunt?</strong></span> <span class='ocrx_word' id='word_1_625' title='bbox 3185 3661 3423 3732; x_wconf 82' lang='lat' dir='ltr'><strong>Caiphas</strong></span> 
     </span>
    </p>
   </div>
   <div class='ocr_carea' id='block_1_69' title="bbox 1824 3753 3419 3829">
    <p class='ocr_par' dir='ltr' id='par_1_69' title="bbox 1824 3753 3419 3829">
     <span class='ocr_line' id='line_1_69' title="bbox 1824 3753 3419 3829; baseline -0.003 -16"><span class='ocrx_word' id='word_1_626' title='bbox 1824 3755 2053 3829; x_wconf 89' lang='lat' dir='ltr'><strong>profano</strong></span> <span class='ocrx_word' id='word_1_627' title='bbox 2093 3757 2386 3827; x_wconf 89' lang='lat' dir='ltr'><strong>prophetat</strong></span> <span class='ocrx_word' id='word_1_628' title='bbox 2425 3771 2521 3812; x_wconf 89' lang='lat' dir='ltr'><strong>ore</strong></span> <span class='ocrx_word' id='word_1_629' title='bbox 2555 3755 2736 3828; x_wconf 82' lang='lat' dir='ltr'><strong>(Joan.</strong></span> <span class='ocrx_word' id='word_1_630' title='bbox 2782 3755 2894 3828; x_wconf 76' lang='lat' dir='ltr'><strong>xi);</strong></span> <span class='ocrx_word' id='word_1_631' title='bbox 2927 3763 2982 3811; x_wconf 90' lang='lat' dir='ltr'><strong>et</strong></span> <span class='ocrx_word' id='word_1_632' title='bbox 3009 3771 3132 3812; x_wconf 90' lang='lat' dir='ltr'><strong>cum</strong></span> <span class='ocrx_word' id='word_1_633' title='bbox 3161 3753 3419 3810; x_wconf 89' lang='lat' dir='ltr'><strong>sacerdos</strong></span> 
     </span>
    </p>
   </div>
   <div class='ocr_carea' id='block_1_70' title="bbox 1825 3847 3421 3917">
    <p class='ocr_par' dir='ltr' id='par_1_70' title="bbox 1825 3847 3421 3917">
     <span class='ocr_line' id='line_1_70' title="bbox 1825 3847 3421 3917; baseline -0.004 -10"><span class='ocrx_word' id='word_1_634' title='bbox 1825 3857 2000 3917; x_wconf 89' lang='lat' dir='ltr'><strong>esset,</strong></span> <span class='ocrx_word' id='word_1_635' title='bbox 2038 3847 2287 3906; x_wconf 90' lang='lat' dir='ltr'><strong>falsitatis</strong></span> <span class='ocrx_word' id='word_1_636' title='bbox 2327 3865 2438 3906; x_wconf 73' lang='lat' dir='ltr'><strong>suae</strong></span> <span class='ocrx_word' id='word_1_637' title='bbox 2483 3865 2700 3906; x_wconf 88' lang='lat' dir='ltr'><strong>sensum</strong></span> <span class='ocrx_word' id='word_1_638' title='bbox 2740 3849 2872 3905; x_wconf 91' lang='lat' dir='ltr'><strong>vicit</strong></span> <span class='ocrx_word' id='word_1_639' title='bbox 2916 3847 3096 3904; x_wconf 79' lang='lat' dir='ltr'><strong>ollicio</strong></span> <span class='ocrx_word' id='word_1_640' title='bbox 3137 3847 3421 3913; x_wconf 89' lang='lat' dir='ltr'><strong>veritatis;</strong></span> 
     </span>
    </p>
   </div>
   <div class='ocr_carea' id='block_1_71' title="bbox 1824 3938 3418 4010">
    <p class='ocr_par' dir='ltr' id='par_1_71' title="bbox 1824 3938 3418 4010">
     <span class='ocr_line' id='line_1_71' title="bbox 1824 3938 3418 4010; baseline -0.005 -10"><span class='ocrx_word' id='word_1_641' title='bbox 1824 3942 2151 4000; x_wconf 86' lang='lat' dir='ltr'><strong>sententiam</strong></span> <span class='ocrx_word' id='word_1_642' title='bbox 2187 3957 2295 3998; x_wconf 87' lang='lat' dir='ltr'><strong>non</strong></span> <span class='ocrx_word' id='word_1_643' title='bbox 2337 3957 2470 4008; x_wconf 91' lang='lat' dir='ltr'><strong>suo,</strong></span> <span class='ocrx_word' id='word_1_644' title='bbox 2504 3941 2602 3998; x_wconf 90' lang='lat' dir='ltr'><strong>sed</strong></span> <span class='ocrx_word' id='word_1_645' title='bbox 2641 3939 2656 3978; x_wconf 84' lang='grc' dir='ltr'><strong>ί</strong></span> <span class='ocrx_word' id='word_1_646' title='bbox 2692 3939 2892 3996; x_wconf 86' lang='lat' dir='ltr'><strong>addicti</strong></span> <span class='ocrx_word' id='word_1_647' title='bbox 2935 3939 3129 4010; x_wconf 86' lang='lat' dir='ltr'><strong>probat</strong></span> <span class='ocrx_word' id='word_1_648' title='bbox 3170 3938 3418 4009; x_wconf 88' lang='lat' dir='ltr'><strong>imperio.</strong></span> 
     </span>
    </p>
   </div>
   <div class='ocr_carea' id='block_1_72' title="bbox 1824 4029 3420 4099">
    <p class='ocr_par' dir='ltr' id='par_1_72' title="bbox 1824 4029 3420 4099">
     <span class='ocr_line' id='line_1_72' title="bbox 1824 4029 3420 4099; baseline -0.004 -9"><span class='ocrx_word' id='word_1_649' title='bbox 1824 4035 2046 4091; x_wconf 84' lang='lat' dir='ltr'><strong>Balaam</strong></span> <span class='ocrx_word' id='word_1_650' title='bbox 2073 4032 2336 4090; x_wconf 86' lang='lat' dir='ltr'><strong>maledico</strong></span> <span class='ocrx_word' id='word_1_651' title='bbox 2363 4033 2637 4090; x_wconf 89' lang='lat' dir='ltr'><strong>benedicit</strong></span> <span class='ocrx_word' id='word_1_652' title='bbox 2664 4047 2790 4099; x_wconf 90' lang='lat' dir='ltr'><strong>ore,</strong></span> <span class='ocrx_word' id='word_1_653' title='bbox 2822 4039 2878 4086; x_wconf 92' lang='lat' dir='ltr'><strong>et</strong></span> <span class='ocrx_word' id='word_1_654' title='bbox 2905 4031 3202 4087; x_wconf 91' lang='lat' dir='ltr'><strong>conductus</strong></span> <span class='ocrx_word' id='word_1_655' title='bbox 3226 4029 3295 4084; x_wconf 92' lang='lat' dir='ltr'><strong>ad</strong></span> <span class='ocrx_word' id='word_1_656' title='bbox 3321 4043 3420 4084; x_wconf 79' lang='lat' dir='ltr'><strong>ne-</strong></span> 
     </span>
    </p>
   </div>
   <div class='ocr_carea' id='block_1_73' title="bbox 1824 4119 3420 4198">
    <p class='ocr_par' dir='ltr' id='par_1_73' title="bbox 1824 4119 3420 4198">
     <span class='ocr_line' id='line_1_73' title="bbox 1824 4119 3420 4198; baseline -0.005 -15"><span class='ocrx_word' id='word_1_657' title='bbox 1824 4127 2068 4198; x_wconf 88' lang='lat' dir='ltr'><strong>quitiam,</strong></span> <span class='ocrx_word' id='word_1_658' title='bbox 2104 4132 2219 4182; x_wconf 92' lang='lat' dir='ltr'><strong>tota</strong></span> <span class='ocrx_word' id='word_1_659' title='bbox 2252 4125 2490 4197; x_wconf 90' lang='lat' dir='ltr'><strong>loquitur</strong></span> <span class='ocrx_word' id='word_1_660' title='bbox 2521 4125 2777 4196; x_wconf 87' lang='lat' dir='ltr'><strong>mysteria</strong></span> <span class='ocrx_word' id='word_1_661' title='bbox 2795 4123 3040 4178; x_wconf 89' lang='lat' dir='ltr'><strong>veritatis</strong></span> <span class='ocrx_word' id='word_1_662' title='bbox 3057 4119 3242 4194; x_wconf 90' lang='lat' dir='ltr'><strong>(Num.</strong></span> <span class='ocrx_word' id='word_1_663' title='bbox 3269 4135 3420 4186; x_wconf 84' lang='lat' dir='ltr'><strong>xxm,</strong></span> 
     </span>
    </p>
   </div>
   <div class='ocr_carea' id='block_1_74' title="bbox 1825 4209 3425 4287">
    <p class='ocr_par' dir='ltr' id='par_1_74' title="bbox 1825 4209 3425 4287">
     <span class='ocr_line' id='line_1_74' title="bbox 1825 4209 3425 4287; baseline -0.004 -15"><span class='ocrx_word' id='word_1_664' title='bbox 1825 4216 2009 4287; x_wconf 76' lang='lat' dir='ltr'><strong>xxiv):</strong></span> <span class='ocrx_word' id='word_1_665' title='bbox 2053 4223 2111 4272; x_wconf 90' lang='lat' dir='ltr'><strong>et</strong></span> <span class='ocrx_word' id='word_1_666' title='bbox 2157 4217 2299 4272; x_wconf 89' lang='lat' dir='ltr'><strong>sicut</strong></span> <span class='ocrx_word' id='word_1_667' title='bbox 2342 4216 2398 4269; x_wconf 85' lang='lat' dir='ltr'><strong>in</strong></span> <span class='ocrx_word' id='word_1_668' title='bbox 2445 4214 2615 4286; x_wconf 90' lang='lat' dir='ltr'><strong>spinis</strong></span> <span class='ocrx_word' id='word_1_669' title='bbox 2657 4228 2814 4280; x_wconf 86' lang='lat' dir='ltr'><strong>rosa,</strong></span> <span class='ocrx_word' id='word_1_670' title='bbox 2862 4213 2968 4269; x_wconf 90' lang='lat' dir='ltr'><strong>hoc</strong></span> <span class='ocrx_word' id='word_1_671' title='bbox 2995 4217 3109 4278; x_wconf 90' lang='lat' dir='ltr'><strong>est,</strong></span> <span class='ocrx_word' id='word_1_672' title='bbox 3142 4212 3198 4266; x_wconf 92' lang='lat' dir='ltr'><strong>in</strong></span> <span class='ocrx_word' id='word_1_673' title='bbox 3225 4209 3425 4267; x_wconf 86' lang='lat' dir='ltr'><strong>frutice</strong></span> 
     </span>
    </p>
   </div>
   <div class='ocr_carea' id='block_1_75' title="bbox 1824 4305 3425 4375">
    <p class='ocr_par' dir='ltr' id='par_1_75' title="bbox 1824 4305 3425 4375">
     <span class='ocr_line' id='line_1_75' title="bbox 1824 4305 3425 4375; baseline -0.003 -10"><span class='ocrx_word' id='word_1_674' title='bbox 1824 4309 2069 4366; x_wconf 88' lang='lat' dir='ltr'><strong>horrenti</strong></span> <span class='ocrx_word' id='word_1_675' title='bbox 2096 4309 2219 4364; x_wconf 89' lang='lat' dir='ltr'><strong>miri</strong></span> <span class='ocrx_word' id='word_1_676' title='bbox 2248 4307 2432 4364; x_wconf 92' lang='lat' dir='ltr'><strong>odoris</strong></span> <span class='ocrx_word' id='word_1_677' title='bbox 2457 4307 2666 4363; x_wconf 85' lang='lat' dir='ltr'><strong>flosculi</strong></span> <span class='ocrx_word' id='word_1_678' title='bbox 2694 4305 3097 4375; x_wconf 87' lang='lat' dir='ltr'><strong>germinantur;</strong></span> <span class='ocrx_word' id='word_1_679' title='bbox 3129 4305 3204 4359; x_wconf 86' lang='lat' dir='ltr'><strong>ita</strong></span> <span class='ocrx_word' id='word_1_680' title='bbox 3232 4318 3425 4360; x_wconf 87' lang='lat' dir='ltr'><strong>sensus</strong></span> 
     </span>
    </p>
   </div>
   <div class='ocr_carea' id='block_1_76' title="bbox 1826 4395 3422 4471">
    <p class='ocr_par' dir='ltr' id='par_1_76' title="bbox 1826 4395 3422 4471">
     <span class='ocr_line' id='line_1_76' title="bbox 1826 4395 3422 4471; baseline -0.004 -15"><span class='ocrx_word' id='word_1_681' title='bbox 1826 4401 2111 4471; x_wconf 89' lang='lat' dir='ltr'><strong>aliquoties</strong></span> <span class='ocrx_word' id='word_1_682' title='bbox 2151 4398 2511 4470; x_wconf 89' lang='lat' dir='ltr'><strong>pessimorum</strong></span> <span class='ocrx_word' id='word_1_683' title='bbox 2551 4397 2621 4453; x_wconf 89' lang='lat' dir='ltr'><strong>ad</strong></span> <span class='ocrx_word' id='word_1_684' title='bbox 2659 4397 2802 4452; x_wconf 85' lang='lat' dir='ltr'><strong>bona</strong></span> <span class='ocrx_word' id='word_1_685' title='bbox 2849 4396 3147 4451; x_wconf 89' lang='lat' dir='ltr'><strong>divinitatis</strong></span> <span class='ocrx_word' id='word_1_686' title='bbox 3188 4395 3422 4465; x_wconf 92' lang='lat' dir='ltr'><strong>impulsu</strong></span> 
     </span>
    </p>
   </div>
   <div class='ocr_carea' id='block_1_77' title="bbox 1827 4486 3426 4566">
    <p class='ocr_par' dir='ltr' id='par_1_77' title="bbox 1827 4486 3426 4566">
     <span class='ocr_line' id='line_1_77' title="bbox 1827 4486 3426 4566; baseline -0.006 -15"><span class='ocrx_word' id='word_1_687' title='bbox 1827 4502 2060 4566; x_wconf 85' lang='lat' dir='ltr'><strong>aguntur</strong></span> <span class='ocrx_word' id='word_1_688' title='bbox 2086 4493 2260 4560; x_wconf 91' lang='lat' dir='ltr'><strong>inviti,</strong></span> <span class='ocrx_word' id='word_1_689' title='bbox 2293 4499 2353 4546; x_wconf 89' lang='lat' dir='ltr'><strong>ut</strong></span> <span class='ocrx_word' id='word_1_690' title='bbox 2382 4508 2492 4547; x_wconf 90' lang='lat' dir='ltr'><strong>non</strong></span> <span class='ocrx_word' id='word_1_691' title='bbox 2521 4491 2594 4546; x_wconf 89' lang='lat' dir='ltr'><strong>sit</strong></span> <span class='ocrx_word' id='word_1_692' title='bbox 2619 4491 2821 4557; x_wconf 88' lang='lat' dir='ltr'><strong>meriti,</strong></span> <span class='ocrx_word' id='word_1_693' title='bbox 2854 4489 2952 4546; x_wconf 91' lang='lat' dir='ltr'><strong>sed</strong></span> <span class='ocrx_word' id='word_1_694' title='bbox 2979 4489 3242 4562; x_wconf 86' lang='lat' dir='ltr'><strong>mysterii,</strong></span> <span class='ocrx_word' id='word_1_695' title='bbox 3278 4486 3426 4557; x_wconf 91' lang='lat' dir='ltr'><strong>quod</strong></span> 
     </span>
    </p>
   </div>
   <div class='ocr_carea' id='block_1_78' title="bbox 1827 4579 3427 4657">
    <p class='ocr_par' dir='ltr' id='par_1_78' title="bbox 1827 4579 3427 4657">
     <span class='ocr_line' id='line_1_78' title="bbox 1827 4579 3427 4657; baseline -0.007 -14"><span class='ocrx_word' id='word_1_696' title='bbox 1827 4587 2141 4657; x_wconf 90' lang='lat' dir='ltr'><strong>loquuntur.</strong></span> <span class='ocrx_word' id='word_1_697' title='bbox 2223 4583 2381 4652; x_wconf 86' lang='lat' dir='ltr'><strong>Quod</strong></span> <span class='ocrx_word' id='word_1_698' title='bbox 2446 4589 2578 4638; x_wconf 90' lang='lat' dir='ltr'><strong>tunc</strong></span> <span class='ocrx_word' id='word_1_699' title='bbox 2635 4581 2854 4636; x_wconf 73' lang='lat' dir='ltr'><strong>malitiae</strong></span> <span class='ocrx_word' id='word_1_700' title='bbox 2898 4579 3135 4636; x_wconf 68' lang='lat' dir='ltr'><strong>Judaica:</strong></span> <span class='ocrx_word' id='word_1_701' title='bbox 3179 4579 3427 4634; x_wconf 90' lang='lat' dir='ltr'><strong>videmus</strong></span> 
     </span>
    </p>
   </div>
   <div class='ocr_carea' id='block_1_79' title="bbox 149 4671 3425 4758">
    <p class='ocr_par' dir='ltr' id='par_1_79' title="bbox 149 4671 3425 4758">
     <span class='ocr_line' id='line_1_79' title="bbox 149 4671 3425 4758; baseline -0.002 -26"><span class='ocrx_word' id='word_1_702' title='bbox 149 4685 235 4732; x_wconf 80' lang='lat' dir='ltr'><strong>tes:</strong></span> <span class='ocrx_word' id='word_1_703' title='bbox 264 4679 419 4736; x_wconf 86' lang='lat' dir='ltr'><strong>Unde</strong></span> <span class='ocrx_word' id='word_1_704' title='bbox 445 4679 567 4734; x_wconf 86' lang='lat' dir='ltr'><strong>huic</strong></span> <span class='ocrx_word' id='word_1_705' title='bbox 594 4680 704 4736; x_wconf 75' lang='lat' dir='ltr'><strong>[two</strong></span> <span class='ocrx_word' id='word_1_706' title='bbox 750 4681 956 4746; x_wconf 90' lang='lat' dir='ltr'><strong>omnia,</strong></span> <span class='ocrx_word' id='word_1_707' title='bbox 1001 4689 1053 4735; x_wconf 86' lang='lat' dir='ltr'><strong>et</strong></span> <span class='ocrx_word' id='word_1_708' title='bbox 1078 4697 1194 4754; x_wconf 69' lang='lat' dir='ltr'><strong>qua:</strong></span> <span class='ocrx_word' id='word_1_709' title='bbox 1221 4689 1299 4736; x_wconf 81' lang='lat' dir='ltr'><strong>est</strong></span> <span class='ocrx_word' id='word_1_710' title='bbox 1325 4684 1582 4753; x_wconf 81' lang='lat' dir='ltr'><strong>sapientia</strong></span> <span class='ocrx_word' id='word_1_711' title='bbox 1609 4701 1724 4758; x_wconf 65' lang='lat' dir='ltr'><strong>quis</strong></span> <span class='ocrx_word' id='word_1_712' title='bbox 1748 4671 1803 4732; x_wconf 86' lang='lat' dir='ltr'><strong>D</strong></span> <span class='ocrx_word' id='word_1_713' title='bbox 1827 4679 2072 4736; x_wconf 88' lang='lat' dir='ltr'><strong>evenisse</strong></span> <span class='ocrx_word' id='word_1_714' title='bbox 2089 4721 2104 4746; x_wconf 90' lang='lat'><strong>,</strong></span> <span class='ocrx_word' id='word_1_715' title='bbox 2134 4693 2258 4748; x_wconf 68' lang='lat' dir='ltr'><strong>quae</strong></span> <span class='ocrx_word' id='word_1_716' title='bbox 2291 4677 2347 4732; x_wconf 93' lang='lat' dir='ltr'><strong>in</strong></span> <span class='ocrx_word' id='word_1_717' title='bbox 2377 4675 2762 4734; x_wconf 90' lang='lat' dir='ltr'><strong>contumeliam</strong></span> <span class='ocrx_word' id='word_1_718' title='bbox 2791 4674 3087 4730; x_wconf 72' lang='lat' dir='ltr'><strong>Dominicm</strong></span> <span class='ocrx_word' id='word_1_719' title='bbox 3113 4672 3425 4743; x_wconf 77' lang='lat' dir='ltr'><strong>generatio-</strong></span> 
     </span>
    </p>
   </div>
   <div class='ocr_carea' id='block_1_80' title="bbox 149 4769 1722 4849">
    <p class='ocr_par' dir='ltr' id='par_1_80' title="bbox 149 4769 1722 4849">
     <span class='ocr_line' id='line_1_80' title="bbox 149 4769 1722 4849; baseline 0.004 -25"><span class='ocrx_word' id='word_1_720' title='bbox 149 4769 251 4825; x_wconf 75' lang='lat' dir='ltr'><strong>data</strong></span> <span class='ocrx_word' id='word_1_721' title='bbox 274 4782 353 4828; x_wconf 83' lang='lat' dir='ltr'><strong>est</strong></span> <span class='ocrx_word' id='word_1_722' title='bbox 379 4773 460 4827; x_wconf 80' lang='lat' dir='ltr'><strong>illi</strong></span> <span class='ocrx_word' id='word_1_723' title='bbox 476 4773 502 4826; x_wconf 87' lang='lat'><strong><em>?</em></strong></span> <span class='ocrx_word' id='word_1_724' title='bbox 527 4781 580 4826; x_wconf 88' lang='lat' dir='ltr'><strong>et</strong></span> <span class='ocrx_word' id='word_1_725' title='bbox 606 4773 816 4828; x_wconf 84' lang='lat' dir='ltr'><strong>virtutes</strong></span> <span class='ocrx_word' id='word_1_726' title='bbox 847 4773 977 4828; x_wconf 80' lang='lat' dir='ltr'><strong>tales</strong></span> <span class='ocrx_word' id='word_1_727' title='bbox 1001 4789 1116 4846; x_wconf 74' lang='lat' dir='ltr'><strong>quae</strong></span> <span class='ocrx_word' id='word_1_728' title='bbox 1139 4789 1233 4846; x_wconf 90' lang='lat' dir='ltr'><strong>per</strong></span> <span class='ocrx_word' id='word_1_729' title='bbox 1259 4791 1445 4829; x_wconf 87' lang='lat' dir='ltr'><strong>manus</strong></span> <span class='ocrx_word' id='word_1_730' title='bbox 1473 4777 1586 4848; x_wconf 86' lang='lat' dir='ltr'><strong>ejus</strong></span> <span class='ocrx_word' id='word_1_731' title='bbox 1613 4777 1722 4849; x_wconf 75' lang='lat' dir='ltr'><strong>e/ﬁ-</strong></span> 
     </span>
    </p>
   </div>
   <div class='ocr_carea' id='block_1_81' title="bbox 149 4864 1720 4938">
    <p class='ocr_par' dir='ltr' id='par_1_81' title="bbox 149 4864 1720 4938">
     <span class='ocr_line' id='line_1_81' title="bbox 149 4864 1720 4938; baseline 0.005 -22"><span class='ocrx_word' id='word_1_732' title='bbox 149 4865 368 4922; x_wconf 77' lang='lat' dir='ltr'><strong>ciuntur?</strong></span> <span class='ocrx_word' id='word_1_733' title='bbox 395 4865 590 4922; x_wconf 81' lang='lat' dir='ltr'><strong>Infelix</strong></span> <span class='ocrx_word' id='word_1_734' title='bbox 615 4864 852 4922; x_wconf 70' lang='lat' dir='ltr'><strong>Iudaica:</strong></span> <span class='ocrx_word' id='word_1_735' title='bbox 879 4866 1078 4922; x_wconf 89' lang='lat' dir='ltr'><strong>mentis</strong></span> <span class='ocrx_word' id='word_1_736' title='bbox 1104 4873 1160 4922; x_wconf 91' lang='lat' dir='ltr'><strong>et</strong></span> <span class='ocrx_word' id='word_1_737' title='bbox 1186 4865 1506 4923; x_wconf 88' lang='lat' dir='ltr'><strong>detestanda</strong></span> <span class='ocrx_word' id='word_1_738' title='bbox 1527 4869 1720 4938; x_wconf 81' lang='lat' dir='ltr'><strong>nequi—</strong></span> 
     </span>
    </p>
   </div>
   <div class='ocr_carea' id='block_1_82' title="bbox 148 4957 1718 5030">
    <p class='ocr_par' dir='ltr' id='par_1_82' title="bbox 148 4957 1718 5030">
     <span class='ocr_line' id='line_1_82' title="bbox 148 4957 1718 5030; baseline 0.006 -21"><span class='ocrx_word' id='word_1_739' title='bbox 148 4957 227 5022; x_wconf 87' lang='lat' dir='ltr'><strong>tia,</strong></span> <span class='ocrx_word' id='word_1_740' title='bbox 273 4961 340 5017; x_wconf 87' lang='lat' dir='ltr'><strong>ad</strong></span> <span class='ocrx_word' id='word_1_741' title='bbox 388 4957 789 5016; x_wconf 90' lang='lat' dir='ltr'><strong>discutiendum</strong></span> <span class='ocrx_word' id='word_1_742' title='bbox 828 4974 1045 5030; x_wconf 90' lang='lat' dir='ltr'><strong>semper</strong></span> <span class='ocrx_word' id='word_1_743' title='bbox 1087 4960 1392 5030; x_wconf 89' lang='lat' dir='ltr'><strong>promptior</strong></span> <span class='ocrx_word' id='word_1_744' title='bbox 1437 4975 1601 5030; x_wconf 90' lang='lat' dir='ltr'><strong>quam</strong></span> <span class='ocrx_word' id='word_1_745' title='bbox 1651 4962 1718 5018; x_wconf 88' lang='lat' dir='ltr'><strong>ad</strong></span> 
     </span>
    </p>
   </div>
   <div class='ocr_carea' id='block_1_83' title="bbox 204 5147 1716 5232">
    <p class='ocr_par' dir='ltr' id='par_1_83' title="bbox 204 5147 1716 5232">
     <span class='ocr_line' id='line_1_83' title="bbox 204 5147 1716 5232; baseline -0.003 -26"><span class='ocrx_word' id='word_1_746' title='bbox 204 5149 529 5232; x_wconf 52' lang='lat' dir='ltr'><strong>{Nonnulla</strong></span> <span class='ocrx_word' id='word_1_747' title='bbox 575 5162 703 5204; x_wconf 88' lang='lat' dir='ltr'><strong>mss.</strong></span> <span class='ocrx_word' id='word_1_748' title='bbox 741 5148 962 5214; x_wconf 91' lang='lat' dir='ltr'><strong>habent,</strong></span> <span class='ocrx_word' id='word_1_749' title='bbox 1011 5151 1069 5202; x_wconf 86' lang='lat' dir='ltr'><strong>in</strong></span> <span class='ocrx_word' id='word_1_750' title='bbox 1115 5163 1338 5220; x_wconf 87' lang='lat' dir='ltr'><strong>superno</strong></span> <span class='ocrx_word' id='word_1_751' title='bbox 1381 5147 1564 5203; x_wconf 77' lang='lat' dir='ltr'><strong>ordine</strong></span> <span class='ocrx_word' id='word_1_752' title='bbox 1622 5149 1716 5202; x_wconf 86' lang='lat' dir='ltr'><strong>de-</strong></span> 
     </span>
    </p>
   </div>
   <div class='ocr_carea' id='block_1_84' title="bbox 144 5229 1283 5374">
    <p class='ocr_par' dir='ltr' id='par_1_84' title="bbox 144 5229 1283 5374">
     <span class='ocr_line' id='line_1_84' title="bbox 144 5229 1283 5374; baseline -0.002 -29"><span class='ocrx_word' id='word_1_753' title='bbox 504 5289 681 5345; x_wconf 84' lang='lat' dir='ltr'><strong>Vatic.</strong></span> <span class='ocrx_word' id='word_1_754' title='bbox 708 5289 1146 5374; x_wconf 42' lang='grc' dir='ltr'><strong>Αιιειβηξρῃαηιῆ</strong></span> <span class='ocrx_word' id='word_1_755' title='bbox 1191 5359 1212 5374; x_wconf 37' lang='lat' dir='ltr'><strong>ﬂ</strong></span> <span class='ocrx_word' id='word_1_756' title='bbox 1271 5359 1283 5371; x_wconf 35' lang='lat'><em>.</em></span> 
     </span>
    </p>
   </div>
   <div class='ocr_carea' id='block_1_85' title="bbox 145 5359 1715 5487">
    <p class='ocr_par' dir='ltr' id='par_1_85' title="bbox 145 5359 1715 5487">
     <span class='ocr_line' id='line_1_85' title="bbox 202 5359 1715 5432; baseline -0.001 -16"><span class='ocrx_word' id='word_1_757' title='bbox 202 5371 222 5398; x_wconf 60' lang='grc' dir='ltr'><strong>ί</strong></span> <span class='ocrx_word' id='word_1_758' title='bbox 259 5360 404 5416; x_wconf 88' lang='lat' dir='ltr'><strong>Editi</strong></span> <span class='ocrx_word' id='word_1_759' title='bbox 440 5375 762 5432; x_wconf 83' lang='lat' dir='ltr'><strong>perperam,</strong></span> <span class='ocrx_word' id='word_1_760' title='bbox 806 5359 1082 5432; x_wconf 72' lang='lat' dir='ltr'><strong>judicium.</strong></span> <span class='ocrx_word' id='word_1_761' title='bbox 1123 5359 1372 5423; x_wconf 87' lang='lat' dir='ltr'><strong>Inferius,</strong></span> <span class='ocrx_word' id='word_1_762' title='bbox 1425 5361 1715 5432; x_wconf 83' lang='lat' dir='ltr'><strong>abrogare;</strong></span> 
     </span>
     <span class='ocr_line' id='line_1_86' title="bbox 145 5429 1155 5487; baseline 0.005 -3"><span class='ocrx_word' id='word_1_763' title='bbox 145 5430 271 5487; x_wconf 84' lang='lat' dir='ltr'><strong>editi.</strong></span> <span class='ocrx_word' id='word_1_764' title='bbox 300 5449 507 5487; x_wconf 85' lang='lat' dir='ltr'><strong>roaare.</strong></span> <span class='ocrx_word' id='word_1_765' title='bbox 1147 5429 1155 5436; x_wconf 83' lang='grc'><em>’</em></span> 
     </span>
    </p>
   </div>
   <div class='ocr_carea' id='block_1_86' title="bbox 198 5450 1713 5584">
    <p class='ocr_par' dir='ltr' id='par_1_86' title="bbox 198 5450 1713 5584">
     <span class='ocr_line' id='line_1_87' title="bbox 198 5450 1713 5584; baseline 0.005 -32"><span class='ocrx_word' id='word_1_766' title='bbox 198 5450 548 5584; x_wconf 42' lang='grc' dir='ltr'><strong>ξ’ἱηᾌῗξιῖἶιέε</strong></span> <span class='ocrx_word' id='word_1_767' title='bbox 563 5501 830 5559; x_wconf 89' lang='lat' dir='ltr'><strong>editiones</strong></span> <span class='ocrx_word' id='word_1_768' title='bbox 850 5519 918 5559; x_wconf 86' lang='lat' dir='ltr'><strong>ex</strong></span> <span class='ocrx_word' id='word_1_769' title='bbox 933 5502 1217 5560; x_wconf 89' lang='lat' dir='ltr'><strong>oscitantia</strong></span> <span class='ocrx_word' id='word_1_770' title='bbox 1236 5503 1713 5574; x_wconf 86' lang='lat' dir='ltr'><strong>typographorum,</strong></span> 
     </span>
    </p>
   </div>
   <div class='ocr_carea' id='block_1_87' title="bbox 143 5588 1246 5714">
    <p class='ocr_par' dir='ltr' id='par_1_87' title="bbox 143 5588 1246 5714">
     <span class='ocr_line' id='line_1_88' title="bbox 143 5588 1246 5714; baseline 0.002 -18"><span class='ocrx_word' id='word_1_771' title='bbox 143 5588 512 5714; x_wconf 36' lang='lat' dir='ltr'><strong>&quot;Titianus</strong></span> <span class='ocrx_word' id='word_1_772' title='bbox 539 5643 788 5714; x_wconf 80' lang='lat' dir='ltr'><strong>plurimis</strong></span> <span class='ocrx_word' id='word_1_773' title='bbox 814 5644 968 5700; x_wconf 87' lang='lat' dir='ltr'><strong>deest</strong></span> <span class='ocrx_word' id='word_1_774' title='bbox 996 5644 1246 5700; x_wconf 78' lang='lat' dir='ltr'><strong>ueritatis.</strong></span> 
     </span>
    </p>
   </div>
   <div class='ocr_carea' id='block_1_88' title="bbox 206 5711 1717 5786">
    <p class='ocr_par' dir='ltr' id='par_1_88' title="bbox 206 5711 1717 5786">
     <span class='ocr_line' id='line_1_89' title="bbox 206 5711 1717 5786; baseline 0 -17"><span class='ocrx_word' id='word_1_775' title='bbox 206 5711 223 5748; x_wconf 73' lang='grc' dir='ltr'>ί</span> <span class='ocrx_word' id='word_1_776' title='bbox 262 5713 431 5786; x_wconf 74' lang='lat' dir='ltr'><strong>Error</strong></span> <span class='ocrx_word' id='word_1_777' title='bbox 455 5711 556 5786; x_wconf 75' lang='lat' dir='ltr'><strong>hic</strong></span> <span class='ocrx_word' id='word_1_778' title='bbox 577 5713 881 5770; x_wconf 71' lang='lat' dir='ltr'><strong>Judteorum</strong></span> <span class='ocrx_word' id='word_1_779' title='bbox 905 5733 935 5770; x_wconf 92' lang='lat' dir='ltr'><strong>a</strong></span> <span class='ocrx_word' id='word_1_780' title='bbox 958 5716 1146 5786; x_wconf 86' lang='lat' dir='ltr'><strong>primis</strong></span> <span class='ocrx_word' id='word_1_781' title='bbox 1176 5715 1430 5786; x_wconf 72' lang='lat' dir='ltr'><strong>Ecclesim</strong></span> <span class='ocrx_word' id='word_1_782' title='bbox 1459 5714 1717 5786; x_wconf 87' lang='lat' dir='ltr'><strong>tempori-</strong></span> 
     </span>
    </p>
   </div>
   <div class='ocr_carea' id='block_1_89' title="bbox 145 5782 1718 5856">
    <p class='ocr_par' dir='ltr' id='par_1_89' title="bbox 145 5782 1718 5856">
     <span class='ocr_line' id='line_1_90' title="bbox 145 5782 1718 5856; baseline 0.001 -18"><span class='ocrx_word' id='word_1_783' title='bbox 145 5782 229 5856; x_wconf 86' lang='lat' dir='ltr'><strong>bus</strong></span> <span class='ocrx_word' id='word_1_784' title='bbox 259 5785 315 5856; x_wconf 84' lang='lat' dir='ltr'><strong>in</strong></span> <span class='ocrx_word' id='word_1_785' title='bbox 343 5785 591 5844; x_wconf 71' lang='lat' dir='ltr'><strong>haeresim</strong></span> <span class='ocrx_word' id='word_1_786' title='bbox 623 5785 853 5840; x_wconf 89' lang='lat' dir='ltr'><strong>transiit.</strong></span> <span class='ocrx_word' id='word_1_787' title='bbox 899 5782 1165 5856; x_wconf 80' lang='lat' dir='ltr'><strong>Tempore</strong></span> <span class='ocrx_word' id='word_1_788' title='bbox 1193 5787 1337 5841; x_wconf 90' lang='lat' dir='ltr'><strong>cnim</strong></span> <span class='ocrx_word' id='word_1_789' title='bbox 1365 5785 1554 5855; x_wconf 82' lang='lat' dir='ltr'><strong>lgnatii</strong></span> <span class='ocrx_word' id='word_1_790' title='bbox 1572 5782 1718 5839; x_wconf 75' lang='lat' dir='ltr'><strong>inar-</strong></span> 
     </span>
    </p>
   </div>
   <div class='ocr_carea' id='block_1_90' title="bbox 145 5855 1722 5924">
    <p class='ocr_par' dir='ltr' id='par_1_90' title="bbox 145 5855 1722 5924">
     <span class='ocr_line' id='line_1_91' title="bbox 145 5855 1722 5924; baseline 0.004 -20"><span class='ocrx_word' id='word_1_791' title='bbox 145 5855 261 5924; x_wconf 73' lang='lat' dir='ltr'><strong>tyris</strong></span> <span class='ocrx_word' id='word_1_792' title='bbox 289 5855 506 5910; x_wconf 88' lang='lat' dir='ltr'><strong>fuerunt</strong></span> <span class='ocrx_word' id='word_1_793' title='bbox 533 5857 626 5924; x_wconf 85' lang='lat' dir='ltr'><strong>qui</strong></span> <span class='ocrx_word' id='word_1_794' title='bbox 668 5857 910 5912; x_wconf 91' lang='lat' dir='ltr'><strong>dicerent</strong></span> <span class='ocrx_word' id='word_1_795' title='bbox 944 5855 1138 5912; x_wconf 83' lang='lat' dir='ltr'><strong>Filium</strong></span> <span class='ocrx_word' id='word_1_796' title='bbox 1167 5857 1368 5912; x_wconf 85' lang='lat' dir='ltr'><strong>nudum</strong></span> <span class='ocrx_word' id='word_1_797' title='bbox 1398 5873 1516 5912; x_wconf 89' lang='lat' dir='ltr'><strong>esse</strong></span> <span class='ocrx_word' id='word_1_798' title='bbox 1545 5856 1722 5912; x_wconf 84' lang='lat' dir='ltr'><strong>homi-</strong></span> 
     </span>
    </p>
   </div>
   <div class='ocr_carea' id='block_1_91' title="bbox 147 5924 1719 6000">
    <p class='ocr_par' dir='ltr' id='par_1_91' title="bbox 147 5924 1719 6000">
     <span class='ocr_line' id='line_1_92' title="bbox 147 5924 1719 6000; baseline 0.003 -21"><span class='ocrx_word' id='word_1_799' title='bbox 147 5941 271 5984; x_wconf 79' lang='lat' dir='ltr'><strong>nem.</strong></span> <span class='ocrx_word' id='word_1_800' title='bbox 319 5924 480 5986; x_wconf 86' lang='lat' dir='ltr'><strong>Tales</strong></span> <span class='ocrx_word' id='word_1_801' title='bbox 518 5924 812 5998; x_wconf 60' lang='lat' dir='ltr'><strong>Ebionitte,</strong></span> <span class='ocrx_word' id='word_1_802' title='bbox 845 5936 902 5984; x_wconf 91' lang='lat' dir='ltr'><strong>et</strong></span> <span class='ocrx_word' id='word_1_803' title='bbox 939 5927 1288 5996; x_wconf 86' lang='lat' dir='ltr'><strong>Cerinthiani,</strong></span> <span class='ocrx_word' id='word_1_804' title='bbox 1337 5926 1545 5984; x_wconf 79' lang='lat' dir='ltr'><strong>Joanne</strong></span> <span class='ocrx_word' id='word_1_805' title='bbox 1585 5944 1719 6000; x_wconf 78' lang='lat' dir='ltr'><strong>apo-</strong></span> 
     </span>
    </p>
   </div>
   <div class='ocr_carea' id='block_1_92' title="bbox 1829 4767 3426 4842">
    <p class='ocr_par' dir='ltr' id='par_1_92' title="bbox 1829 4767 3426 4842">
     <span class='ocr_line' id='line_1_93' title="bbox 1829 4767 3426 4842; baseline -0.006 -13"><span class='ocrx_word' id='word_1_806' title='bbox 1829 4774 1931 4840; x_wconf 89' lang='lat' dir='ltr'><strong>nis,</strong></span> <span class='ocrx_word' id='word_1_807' title='bbox 1964 4788 2086 4829; x_wconf 93' lang='lat' dir='ltr'><strong>cum</strong></span> <span class='ocrx_word' id='word_1_808' title='bbox 2115 4787 2214 4842; x_wconf 90' lang='lat' dir='ltr'><strong>per</strong></span> <span class='ocrx_word' id='word_1_809' title='bbox 2247 4777 2422 4826; x_wconf 88' lang='lat' dir='ltr'><strong>artem</strong></span> <span class='ocrx_word' id='word_1_810' title='bbox 2449 4769 2652 4840; x_wconf 86' lang='lat' dir='ltr'><strong>Joseph</strong></span> <span class='ocrx_word' id='word_1_811' title='bbox 2678 4770 2945 4841; x_wconf 77' lang='lat' dir='ltr'><strong>prosapia:</strong></span> <span class='ocrx_word' id='word_1_812' title='bbox 2973 4767 3173 4824; x_wconf 92' lang='lat' dir='ltr'><strong>Christi</strong></span> <span class='ocrx_word' id='word_1_813' title='bbox 3203 4779 3426 4837; x_wconf 81' lang='lat' dir='ltr'><strong>exagge-</strong></span> 
     </span>
    </p>
   </div>
   <div class='ocr_carea' id='block_1_93' title="bbox 1825 4857 3425 4933">
    <p class='ocr_par' dir='ltr' id='par_1_93' title="bbox 1825 4857 3425 4933">
     <span class='ocr_line' id='line_1_94' title="bbox 1825 4857 3425 4933; baseline -0.008 -11"><span class='ocrx_word' id='word_1_814' title='bbox 1825 4873 1911 4923; x_wconf 87' lang='lat' dir='ltr'><strong>rat</strong></span> <span class='ocrx_word' id='word_1_815' title='bbox 1936 4866 2221 4920; x_wconf 88' lang='lat' dir='ltr'><strong>veritatem</strong></span> <span class='ocrx_word' id='word_1_816' title='bbox 2243 4903 2260 4929; x_wconf 93' lang='lat'><strong>,</strong></span> <span class='ocrx_word' id='word_1_817' title='bbox 2309 4863 2425 4918; x_wconf 89' lang='lat' dir='ltr'><strong>veri</strong></span> <span class='ocrx_word' id='word_1_818' title='bbox 2464 4861 2724 4933; x_wconf 87' lang='lat' dir='ltr'><strong>genitoris</strong></span> <span class='ocrx_word' id='word_1_819' title='bbox 2773 4860 3060 4917; x_wconf 81' lang='lat' dir='ltr'><strong>confitetur</strong></span> <span class='ocrx_word' id='word_1_820' title='bbox 3094 4866 3149 4915; x_wconf 91' lang='lat' dir='ltr'><strong>et</strong></span> <span class='ocrx_word' id='word_1_821' title='bbox 3187 4857 3425 4927; x_wconf 89' lang='lat' dir='ltr'><strong>loquitur</strong></span> 
     </span>
    </p>
   </div>
   <div class='ocr_carea' id='block_1_94' title="bbox 1827 4951 3422 5030">
    <p class='ocr_par' dir='ltr' id='par_1_94' title="bbox 1827 4951 3422 5030">
     <span class='ocr_line' id='line_1_95' title="bbox 1827 4951 3422 5030; baseline -0.006 -15"><span class='ocrx_word' id='word_1_822' title='bbox 1827 4959 2141 5030; x_wconf 90' lang='lat' dir='ltr'><strong>qualitatem</strong></span> <span class='ocrx_word' id='word_1_823' title='bbox 2160 4997 2175 5023; x_wconf 92' lang='lat'><strong>,</strong></span> <span class='ocrx_word' id='word_1_824' title='bbox 2207 4954 2471 5012; x_wconf 86' lang='lat' dir='ltr'><strong>dicendo:</strong></span> <span class='ocrx_word' id='word_1_825' title='bbox 2513 4954 2626 5010; x_wconf 84' lang='lat' dir='ltr'><strong>Iste</strong></span> <span class='ocrx_word' id='word_1_826' title='bbox 2656 4961 2734 5010; x_wconf 84' lang='lat' dir='ltr'><strong>est</strong></span> <span class='ocrx_word' id='word_1_827' title='bbox 2761 4955 2897 5028; x_wconf 76' lang='lat' dir='ltr'><strong>fabri</strong></span> <span class='ocrx_word' id='word_1_828' title='bbox 2925 4955 3086 5024; x_wconf 82' lang='lat' dir='ltr'><strong>ﬁlius.</strong></span> <span class='ocrx_word' id='word_1_829' title='bbox 3128 4951 3273 5008; x_wconf 89' lang='lat' dir='ltr'><strong>Bene</strong></span> <span class='ocrx_word' id='word_1_830' title='bbox 3294 4965 3422 5022; x_wconf 58' lang='lat' dir='ltr'><strong>per»</strong></span> 
     </span>
    </p>
   </div>
   <div class='ocr_carea' id='block_1_95' title="bbox 1827 5132 3422 5216">
    <p class='ocr_par' dir='ltr' id='par_1_95' title="bbox 1827 5132 3422 5216">
     <span class='ocr_line' id='line_1_96' title="bbox 1827 5132 3422 5216; baseline -0.008 -14"><span class='ocrx_word' id='word_1_831' title='bbox 1827 5148 1969 5202; x_wconf 91' lang='lat' dir='ltr'><strong>stolo</strong></span> <span class='ocrx_word' id='word_1_832' title='bbox 2001 5145 2177 5201; x_wconf 91' lang='lat' dir='ltr'><strong>adhuc</strong></span> <span class='ocrx_word' id='word_1_833' title='bbox 2203 5144 2514 5216; x_wconf 89' lang='lat' dir='ltr'><strong>superstite,</strong></span> <span class='ocrx_word' id='word_1_834' title='bbox 2546 5141 2640 5212; x_wconf 92' lang='lat' dir='ltr'><strong>qui</strong></span> <span class='ocrx_word' id='word_1_835' title='bbox 2669 5146 2857 5198; x_wconf 87' lang='lat' dir='ltr'><strong>contra</strong></span> <span class='ocrx_word' id='word_1_836' title='bbox 2885 5153 2980 5194; x_wconf 91' lang='lat' dir='ltr'><strong>eos</strong></span> <span class='ocrx_word' id='word_1_837' title='bbox 3001 5134 3214 5206; x_wconf 88' lang='lat' dir='ltr'><strong>scripsit</strong></span> <span class='ocrx_word' id='word_1_838' title='bbox 3240 5132 3422 5190; x_wconf 76' lang='lat' dir='ltr'><strong>Evan-</strong></span> 
     </span>
    </p>
   </div>
   <div class='ocr_carea' id='block_1_96' title="bbox 1826 5219 3392 5289">
    <p class='ocr_par' dir='ltr' id='par_1_96' title="bbox 1826 5219 3392 5289">
     <span class='ocr_line' id='line_1_97' title="bbox 1826 5219 3392 5289; baseline -0.001 0"><span class='ocrx_word' id='word_1_839' title='bbox 1826 5219 2044 5289; x_wconf 76' lang='lat' dir='ltr'><strong>selium-</strong></span> <span class='ocrx_word' id='word_1_840' title='bbox 2217 5287 2226 5289; x_wconf 33' lang='grc' dir='ltr'><strong><em>μ</em></strong></span> <span class='ocrx_word' id='word_1_841' title='bbox 2433 5285 2502 5289; x_wconf 87' lang='grc'><strong>--</strong></span> <span class='ocrx_word' id='word_1_842' title='bbox 2772 5283 2783 5289; x_wconf 79' lang='lat'><strong>-</strong></span> <span class='ocrx_word' id='word_1_843' title='bbox 2907 5281 2920 5289; x_wconf 94' lang='lat'><strong>.</strong></span> <span class='ocrx_word' id='word_1_844' title='bbox 3082 5285 3091 5289; x_wconf 87' lang='lat'>_</span> <span class='ocrx_word' id='word_1_845' title='bbox 3195 5275 3250 5289; x_wconf 70' lang='grc' dir='ltr'><strong>η.</strong></span> 
     </span>
    </p>
   </div>
   <div class='ocr_carea' id='block_1_97' title="bbox 1901 5275 3417 5343">
    <p class='ocr_par' dir='ltr' id='par_1_97' title="bbox 1901 5275 3417 5343">
     <span class='ocr_line' id='line_1_98' title="bbox 1901 5275 3417 5343; baseline -0.008 0"><span class='ocrx_word' id='word_1_846' title='bbox 1901 5299 1927 5336; x_wconf 71' lang='grc' dir='ltr'><strong><em>κ</em></strong></span> <span class='ocrx_word' id='word_1_847' title='bbox 1967 5287 2232 5343; x_wconf 88' lang='lat' dir='ltr'><strong>Nazareni</strong></span> <span class='ocrx_word' id='word_1_848' title='bbox 2275 5285 2684 5342; x_wconf 72' lang='lat' dir='ltr'><strong>oﬂ‘endebantur</strong></span> <span class='ocrx_word' id='word_1_849' title='bbox 2712 5283 2876 5338; x_wconf 89' lang='lat' dir='ltr'><strong>etiam</strong></span> <span class='ocrx_word' id='word_1_850' title='bbox 2904 5281 2958 5335; x_wconf 93' lang='lat' dir='ltr'><strong>in</strong></span> <span class='ocrx_word' id='word_1_851' title='bbox 2987 5285 3160 5334; x_wconf 88' lang='lat' dir='ltr'><strong>matre</strong></span> <span class='ocrx_word' id='word_1_852' title='bbox 3191 5275 3417 5342; x_wconf 86' lang='lat' dir='ltr'><strong>Christi,</strong></span> 
     </span>
    </p>
   </div>
   <div class='ocr_carea' id='block_1_98' title="bbox 1829 5343 3420 5431">
    <p class='ocr_par' dir='ltr' id='par_1_98' title="bbox 1829 5343 3420 5431">
     <span class='ocr_line' id='line_1_99' title="bbox 1829 5343 3420 5431; baseline -0.008 -19"><span class='ocrx_word' id='word_1_853' title='bbox 1829 5375 1990 5430; x_wconf 87' lang='lat' dir='ltr'><strong>quam</strong></span> <span class='ocrx_word' id='word_1_854' title='bbox 2031 5359 2305 5431; x_wconf 77' lang='lat' dir='ltr'><strong>nutricem</strong></span> <span class='ocrx_word' id='word_1_855' title='bbox 2332 5356 2555 5431; x_wconf 79' lang='lat' dir='ltr'><strong>fuisse,_</strong></span> <span class='ocrx_word' id='word_1_856' title='bbox 2578 5356 2664 5410; x_wconf 85' lang='lat' dir='ltr'><strong>vel</strong></span> <span class='ocrx_word' id='word_1_857' title='bbox 2707 5355 2886 5422; x_wconf 91' lang='lat' dir='ltr'><strong>aliquo</strong></span> <span class='ocrx_word' id='word_1_858' title='bbox 2915 5343 3420 5431; x_wconf 34' lang='lat' dir='ltr'><strong>alioomanuumnla:</strong></span> 
     </span>
    </p>
   </div>
   <div class='ocr_carea' id='block_1_99' title="bbox 1827 5417 3420 5490">
    <p class='ocr_par' dir='ltr' id='par_1_99' title="bbox 1827 5417 3420 5490">
     <span class='ocr_line' id='line_1_100' title="bbox 1827 5417 3420 5490; baseline -0.008 -5"><span class='ocrx_word' id='word_1_859' title='bbox 1827 5417 1960 5486; x_wconf 72' lang='lat' dir='ltr'><strong>bore</strong></span> <span class='ocrx_word' id='word_1_860' title='bbox 2000 5431 2198 5484; x_wconf 87' lang='lat' dir='ltr'><strong>victum</strong></span> <span class='ocrx_word' id='word_1_861' title='bbox 2244 5429 2347 5483; x_wconf 90' lang='lat' dir='ltr'><strong>sibi</strong></span> <span class='ocrx_word' id='word_1_862' title='bbox 2392 5417 2744 5490; x_wconf 65' lang='lat' dir='ltr'><strong>quacritasse,</strong></span> <span class='ocrx_word' id='word_1_863' title='bbox 2795 5417 2989 5479; x_wconf 77' lang='lat' dir='ltr'><strong>census</strong></span> <span class='ocrx_word' id='word_1_864' title='bbox 3032 5419 3258 5490; x_wconf 87' lang='lat' dir='ltr'><strong>impium</strong></span> <span class='ocrx_word' id='word_1_865' title='bbox 3287 5417 3420 5473; x_wconf 90' lang='lat' dir='ltr'><strong>illud</strong></span> 
     </span>
    </p>
   </div>
   <div class='ocr_carea' id='block_1_100' title="bbox 1830 5497 3416 5608">
    <p class='ocr_par' dir='ltr' id='par_1_100' title="bbox 1830 5497 3416 5608">
     <span class='ocr_line' id='line_1_101' title="bbox 1830 5497 3416 5608; baseline -0.009 -52"><span class='ocrx_word' id='word_1_866' title='bbox 1830 5509 2012 5608; x_wconf 58' lang='lat' dir='ltr'><strong>caput,</strong></span> <span class='ocrx_word' id='word_1_867' title='bbox 2045 5499 2372 5568; x_wconf 89' lang='lat' dir='ltr'><strong>objiciebant</strong></span> <span class='ocrx_word' id='word_1_868' title='bbox 2398 5497 2736 5553; x_wconf 87' lang='lat' dir='ltr'><strong>Christianis.</strong></span> <span class='ocrx_word' id='word_1_869' title='bbox 3402 5559 3416 5570; x_wconf 49' lang='lat'>.</span> 
     </span>
     <span class='ocr_line' id='line_1_102' title="bbox 1963 5559 3416 5608; baseline 0 0"><span class='ocrx_word' id='word_1_870' title='bbox 1963 5571 2331 5608; x_wconf 63' lang='lat' dir='ltr'><strong>Cnncnlirinac</strong></span> <span class='ocrx_word' id='word_1_871' title='bbox 2374 5568 2602 5608; x_wconf 66' lang='lat' dir='ltr'><strong>fnrfaccp</strong></span> <span class='ocrx_word' id='word_1_872' title='bbox 2654 5564 2926 5608; x_wconf 65' lang='lat' dir='ltr'><strong>natrnnlnc</strong></span> <span class='ocrx_word' id='word_1_873' title='bbox 2964 5569 3155 5608; x_wconf 65' lang='lat' dir='ltr'><strong>nentes:</strong></span> <span class='ocrx_word' id='word_1_874' title='bbox 3194 5559 3416 5608; x_wconf 74' lang='lat' dir='ltr'><strong>Jnsenhl</strong></span> 
     </span>
    </p>
   </div>
   <div class='ocr_carea' id='block_1_101' title="bbox 1963 5559 3420 5637">
    <p class='ocr_par' dir='ltr' id='par_1_101' title="bbox 1963 5559 3420 5637">
     <span class='ocr_line' id='line_1_103' title="bbox 1963 5559 3420 5637; baseline -0.009 -10"><span class='ocrx_word' id='word_1_875' title='bbox 1963 5559 2332 5627; x_wconf 46' lang='lat' dir='ltr'><strong>C&#39;onsohrinas</strong></span> <span class='ocrx_word' id='word_1_876' title='bbox 2373 5568 2602 5624; x_wconf 90' lang='lat' dir='ltr'><strong>fortasse</strong></span> <span class='ocrx_word' id='word_1_877' title='bbox 2654 5564 2926 5637; x_wconf 88' lang='lat' dir='ltr'><strong>patrueles</strong></span> <span class='ocrx_word' id='word_1_878' title='bbox 2964 5569 3155 5633; x_wconf 90' lang='lat' dir='ltr'><strong>neptes</strong></span> <span class='ocrx_word' id='word_1_879' title='bbox 3194 5559 3420 5637; x_wconf 69' lang='lat' dir='ltr'><strong>Iosephi</strong></span> 
     </span>
    </p>
   </div>
   <div class='ocr_carea' id='block_1_102' title="bbox 1823 5633 3422 5706">
    <p class='ocr_par' dir='ltr' id='par_1_102' title="bbox 1823 5633 3422 5706">
     <span class='ocr_line' id='line_1_104' title="bbox 1823 5633 3422 5706; baseline -0.007 -8"><span class='ocrx_word' id='word_1_880' title='bbox 1823 5659 1891 5698; x_wconf 88' lang='lat' dir='ltr'><strong>ex</strong></span> <span class='ocrx_word' id='word_1_881' title='bbox 1924 5643 2042 5697; x_wconf 90' lang='lat' dir='ltr'><strong>aliis</strong></span> <span class='ocrx_word' id='word_1_882' title='bbox 2089 5641 2344 5696; x_wconf 86' lang='lat' dir='ltr'><strong>fratribus</strong></span> <span class='ocrx_word' id='word_1_883' title='bbox 2389 5639 2475 5695; x_wconf 85' lang='lat' dir='ltr'><strong>vel</strong></span> <span class='ocrx_word' id='word_1_884' title='bbox 2521 5633 2834 5699; x_wconf 77' lang='lat' dir='ltr'><strong>sororibus,</strong></span> <span class='ocrx_word' id='word_1_885' title='bbox 2889 5650 3023 5706; x_wconf 87' lang='lat' dir='ltr'><strong>quas</strong></span> <span class='ocrx_word' id='word_1_886' title='bbox 3062 5633 3422 5706; x_wconf 83' lang='lat' dir='ltr'><strong>pauperculas</strong></span> 
     </span>
    </p>
   </div>
   <div class='ocr_carea' id='block_1_103' title="bbox 1825 5704 3421 5780">
    <p class='ocr_par' dir='ltr' id='par_1_103' title="bbox 1825 5704 3421 5780">
     <span class='ocr_line' id='line_1_105' title="bbox 1825 5704 3421 5780; baseline -0.008 -11"><span class='ocrx_word' id='word_1_887' title='bbox 1825 5713 1988 5769; x_wconf 88' lang='lat' dir='ltr'><strong>fuisse</strong></span> <span class='ocrx_word' id='word_1_888' title='bbox 2015 5729 2084 5768; x_wconf 82' lang='lat' dir='ltr'><strong>ex</strong></span> <span class='ocrx_word' id='word_1_889' title='bbox 2112 5713 2221 5768; x_wconf 92' lang='lat' dir='ltr'><strong>hoc</strong></span> <span class='ocrx_word' id='word_1_890' title='bbox 2247 5711 2439 5767; x_wconf 91' lang='lat' dir='ltr'><strong>eodem</strong></span> <span class='ocrx_word' id='word_1_891' title='bbox 2476 5715 2655 5780; x_wconf 88' lang='lat' dir='ltr'><strong>patet,</strong></span> <span class='ocrx_word' id='word_1_892' title='bbox 2686 5706 2835 5777; x_wconf 89' lang='lat' dir='ltr'><strong>quod</strong></span> <span class='ocrx_word' id='word_1_893' title='bbox 2861 5704 3216 5761; x_wconf 52' lang='lat' dir='ltr'><strong>a&#39;Nazarenis</strong></span> <span class='ocrx_word' id='word_1_894' title='bbox 3243 5704 3421 5760; x_wconf 87' lang='lat' dir='ltr'><strong>crimi-</strong></span> 
     </span>
    </p>
   </div>
   <div class='ocr_carea' id='block_1_104' title="bbox 1829 5786 2112 5840">
    <p class='ocr_par' dir='ltr' id='par_1_104' title="bbox 1829 5786 2112 5840">
     <span class='ocr_line' id='line_1_106' title="bbox 1829 5786 2112 5840; baseline -0.007 0"><span class='ocrx_word' id='word_1_895' title='bbox 1829 5786 2112 5840; x_wconf 89' lang='lat' dir='ltr'><strong>nabantur.</strong></span> 
     </span>
    </p>
   </div>
   <div class='ocr_carea' id='block_1_105' title="bbox 1906 5851 3418 5924">
    <p class='ocr_par' dir='ltr' id='par_1_105' title="bbox 1906 5851 3418 5924">
     <span class='ocr_line' id='line_1_107' title="bbox 1906 5851 3418 5924; baseline -0.009 -13"><span class='ocrx_word' id='word_1_896' title='bbox 1906 5853 1920 5892; x_wconf 79' lang='grc' dir='ltr'><strong>ί</strong></span> <span class='ocrx_word' id='word_1_897' title='bbox 1964 5854 2289 5924; x_wconf 86' lang='lat' dir='ltr'><strong>Corruptum</strong></span> <span class='ocrx_word' id='word_1_898' title='bbox 2318 5852 2553 5924; x_wconf 86' lang='lat' dir='ltr'><strong>fortasse</strong></span> <span class='ocrx_word' id='word_1_899' title='bbox 2580 5851 2780 5924; x_wconf 90' lang='lat' dir='ltr'><strong>locum,</strong></span> <span class='ocrx_word' id='word_1_900' title='bbox 2812 5864 2914 5924; x_wconf 89' lang='lat' dir='ltr'><strong>nec</strong></span> <span class='ocrx_word' id='word_1_901' title='bbox 2941 5865 3044 5921; x_wconf 89' lang='lat' dir='ltr'><strong>ope</strong></span> <span class='ocrx_word' id='word_1_902' title='bbox 3069 5865 3198 5924; x_wconf 68' lang='lat' dir='ltr'><strong>mss.</strong></span> <span class='ocrx_word' id='word_1_903' title='bbox 3224 5855 3418 5924; x_wconf 77' lang='lat' dir='ltr'><strong>sanare</strong></span> 
     </span>
    </p>
   </div>
   <div class='ocr_carea' id='block_1_106' title="bbox 1830 5917 3414 5998">
    <p class='ocr_par' dir='ltr' id='par_1_106' title="bbox 1830 5917 3414 5998">
     <span class='ocr_line' id='line_1_108' title="bbox 1830 5917 3414 5998; baseline -0.008 -15"><span class='ocrx_word' id='word_1_904' title='bbox 1830 5926 2119 5998; x_wconf 83' lang='lat' dir='ltr'><strong>potuimus.</strong></span> <span class='ocrx_word' id='word_1_905' title='bbox 2140 5917 2451 5994; x_wconf 55' lang='lat' dir='ltr'><strong>&#39;Legerem,</strong></span> <span class='ocrx_word' id='word_1_906' title='bbox 2484 5923 2678 5978; x_wconf 69' lang='lat' dir='ltr'><strong>addicti</strong></span> <span class='ocrx_word' id='word_1_907' title='bbox 2709 5923 2936 5980; x_wconf 84' lang='lat' dir='ltr'><strong>muneris</strong></span> <span class='ocrx_word' id='word_1_908' title='bbox 2965 5917 3148 5996; x_wconf 74' lang='lat' dir='ltr'><strong>probat</strong></span> <span class='ocrx_word' id='word_1_909' title='bbox 3178 5917 3414 5992; x_wconf 81' lang='lat' dir='ltr'><strong>imperio.</strong></span> 
     </span>
    </p>
   </div>
  </div>
