3902 6362
1746 238 1748 240 τ
1775 237 1916 246 -ο-..ν-οη

1607 313 1836 382 8ΕΒΜο
1873 314 1959 374 ιιι.

3323 325 3432 384 3ιὲ

149 387 264 510 3
289 439 646 517 οΜωιίά
693 433 1039 510 paralyticmn
1071 433 1334 504 jacentent
1383 427 1442 486 in
1490 427 1647 495 lecto,
1689 436 1742 484 et
1768 431 1820 502 Α
1844 429 1960 502 quis
1987 430 2124 486 enim
2153 435 2320 506 potest
2359 435 2573 513 peccata
2617 387 2888 487 remittere
2922 431 3025 488 nisi
3062 433 3203 492 solus
3247 432 3386 510 Deus
3407 439 3435 494 1

151 540 450 613 respiciens,
483 533 677 603 inquit,
702 528 858 585 Iesus
878 525 1036 600 ﬁdem
1053 525 1284 591 illorum,
1317 521 1452 578 dixit
1479 521 1738 613 paralyti-

151 651 208 690 ω
233 611 256 686 ξ
288 626 526 700 Conﬂde,
561 623 640 697 ﬁli
661 639 680 678 :
711 620 1040 678 dimittuntur
1069 616 1159 672 tibi
1186 622 1398 688 peccata
1428 623 1536 668 tua.
1577 611 1742 670 Audit

153 725 382 788 veniam,
415 723 476 775 et
493 723 639 774 tacet
683 711 1032 786 paralyticus,
1081 723 1184 766 nec
1220 707 1388 762 ullam
1448 703 1744 776 respondet

153 814 402 888 gratiam,
424 809 553 880 quia
575 807 698 879 plus
723 802 967 875 corporis
990 814 1154 871 quam
1181 798 1372 854 animus
1395 795 1654 852 tendebat
1673 793 1743 888 ad

153 920 364 971 curam;
405 908 464 958 et
503 897 827 972 temporales
870 907 1139 951 aerumnas
1163 901 1190 930 ι
1229 890 1456 947 resoluti
1499 887 1742 962 corporis

153 998 226 1054 sic
241 991 498 1058 deﬂebat,
516 998 578 1046 ut
593 995 824 1046 aeternas
845 1000 1034 1057 paruas
1051 981 1397 1041 resolutionis
1419 980 1611 1036 animae
1631 995 1742 1034 non

155 1085 394 1151 defieret,
425 1081 720 1153 gratiorem
775 1078 876 1136 sibi
917 1082 1239 1148 pmsentem
1289 1073 1457 1129 vitam
1494 1069 1744 1143 judicans

155 1192 306 1250 quam
333 1174 598 1231 futma‘m.
628 1171 820 1230 Merito
857 1168 1147 1226 Christus”
1197 1165 1536 1224 offerentium
1584 1163 1743 1220 ﬁdem

158 1269 255 1327 non
275 1267 522 1338 respicit,
547 1273 606 1320 et
627 1261 938 1322 vecordiam
971 1259 1191 1330 respicit
1211 1257 1290 1314 sic
1311 1257 1562 1328 jacentis,
1593 1261 1654 1310 ut
1682 1253 1745 1308 fi-

156 1361 234 1420 dei
260 1361 458 1416 alienae
476 1357 732 1428 s'uﬂmgio
769 1353 1056 1426 paralytici
1085 1353 1260 1407 anima
1291 1356 1418 1406 ante
1462 1356 1744 1406 curaretur

157 1449 306 1527 quam
323 1467 551 1523 corpus.
583 1449 906 1521 Respiciens,
939 1445 1133 1516 inquit,
1165 1444 1325 1516 ﬁdem
1352 1443 1581 1499 illorum.
1613 1441 1744 1498 Cer-

159 1543 271 1603 uitis
297 1545 354 1600 in
383 1545 494 1600 hoc
518 1540 887 1610 loco,fratres,
907 1539 1076 1594 Deum
1094 1552 1204 1592 non
1225 1551 1470 1606 qumrere
1491 1535 1746 1606 insipien-

159 1637 634 1703 tilmvoluntates,
657 1650 767 1691 non
799 1643 822 1672 ο
863 1637 1112 1704 spectare
1162 1629 1526 1700 ignorantium
1563 1627 1740 1693 fidem,

1840 518 2130 587 Pharisme,
2155 522 2246 592 qui
2273 509 2491 578 sciendo
2513 521 2708 589 nescis,
2743 523 3054 580 confitendo
3083 509 3267 596 negas,
3309 529 3436 585 c'um

1841 613 2078 682 testaris,
2108 614 2389 684 impugnas
2418 631 2438 675 ς
2461 614 2505 674 si
2533 613 2676 678 Deus
2703 623 2786 670 est
2827 615 2921 686 qui
2964 617 3192 673 remittit
3236 633 3434 690 pecca-

1841 712 1916 772 ta,
1941 721 2037 762 cur
2059 705 2152 760 tibi
2191 703 2436 788 Christus
2475 705 2618 760 Deus
2647 721 2756 761 non
2802 714 2906 774 est,
2949 708 3042 786 qui
3071 708 3232 765 unius
3261 709 3440 766 indul-

1842 798 2037 871 gentize
2062 813 2173 854 sum
2192 813 2416 854 munere
2436 799 2602 856 totius
2633 798 2820 854 mundi
2853 799 3114 882 probatur
3151 802 3440 859 abstulisse

1843 899 2066 966 peccata
2093 891 2116 944 ?
2141 889 2294 956 Ecce,
2326 890 2520 960 inquit,
2551 891 2730 964 Agnus
2753 889 2872 959 Dei,
2901 909 3019 946 ecce
3047 893 3134 965 qui
3167 893 3301 948 tollit
3320 911 3442 966 pec-

1845 991 1964 1040 cata
1990 981 2169 1038 mundi
2198 980 2378 1053 (Joan.
2410 979 2471 1054 ι).
2505 979 2576 1052 Ut
2597 992 2776 1038 autem
2803 983 2980 1054 possis
3007 982 3213 1053 majora
3243 999 3441 1056 capere

1844 1077 1963 1150 ejus
1983 1075 2282 1132 divinitatis
2303 1077 2554 1148 insignia,
2598 1076 2722 1132 audi
2751 1092 2873 1132 eum
2901 1078 3140 1149 pectoris
3166 1077 3245 1133 tui
3276 1087 3302 1126 ε
3347 1093 3442 1148 pe-

1847 1177 2093 1228 netrasse
2114 1174 2418 1233 secretum;
2449 1168 2630 1238 aspice
2658 1183 2781 1246 eum
2811 1167 2878 1224 ad
2909 1169 3297 1240 cogitationum
3321 1176 3443 1224 tua-

1845 1276 1966 1324 rum
1985 1260 2219 1316 latebras
2237 1261 2576 1330 pervenisse;
2605 1259 2844 1328 intelligo
2865 1275 2986 1315 eum
3009 1260 3188 1316 cordis
3210 1259 3286 1315 tui
3311 1259 3442 1316 taci-

1843 1357 1899 1410 ta
1920 1352 2124 1408 nudare
2145 1352 2392 1408 consilia.
2422 1351 2486 1406 Et
2506 1368 2621 1406 cum
2650 1352 2876 1430 vidisset,
2928 1337 3120 1422 inquit,
3151 1351 3305 1408 Iesus
3353 1368 3442 1408 co-

1844 1429 2118 1522 gitationes
2147 1462 2342 1511 eorum,
2374 1431 2544 1501 dixit:
2578 1442 2716 1512 Quid
2765 1447 3004 1517 cogitatis
3042 1445 3184 1500 mala
3224 1446 3278 1500 in
3322 1461 3441 1502 cor-

1848 1538 1996 1598 dibus
2034 1539 2262 1596 vestris?
2300 1536 2439 1606 Quid
2478 1540 2615 1598 enim
2660 1547 2737 1595 est
2765 1527 2974 1612 [acilius
3004 1539 3202 1605 dicere,
3235 1538 3438 1594 Remit-

1848 1640 2024 1686 tuutur
2074 1615 2164 1686 tibi
2220 1639 2431 1704 peccata
2477 1640 2593 1698 tua,
2640 1647 2708 1685 an
2753 1629 2954 1696 dicere,
3003 1630 3172 1704 Surge
3222 1639 3272 1685 et
3323 1647 3439 1686 am—

161 1727 255 1788 Ioti
281 1728 628 1786 inﬁrmorum
651 1726 817 1782 stulta
839 1723 1106 1782 desideria
1133 1723 1483 1794 perscrutari,
1536 1721 1633 1776 sed
1678 1720 1747 1776 ad
1776 1742 1826 1810 Β
1851 1723 2010 1778 bula?
2048 1722 2116 1780 Ut
2144 1734 2316 1779 autem
2333 1725 2512 1780 sciatis
2542 1724 2662 1797 quia
2692 1721 2739 1776 F
2744 1722 2862 1776 ilius
2893 1721 3137 1804 Hominis
3166 1722 3320 1777 liabet
3347 1738 3444 1794 po-

159 1823 373 1880 marius
413 1820 580 1877 fidem
622 1818 930 1883 subvenire,
972 1816 1121 1887 quod
1156 1832 1256 1888 per
1302 1817 1474 1872 solam
1513 1816 1746 1885 gratiam

160 1913 483 1978 aduehat,
507 1927 634 1969 cum
650 1909 909 1982 quidquid
930 1909 1124 1964 divinae
1161 1907 1455 1966 voluntatis
1477 1915 1578 1975 est,
1637 1924 1748 1964 non

417 2003 490 2060 Et
507 2019 570 2061 re
595 2019 743 2070 vera,
757 2001 968 2068 fratres,
991 1999 1210 2072 quando
1225 2000 1467 2058 medicus
1494 2001 1749 2072 languen-

164 2100 278 2154 tium
304 2106 407 2153 aut
428 2096 643 2167 qumrit,
674 2102 767 2152 aut
790 2093 1013 2166 respicit
1030 2093 1358 2160 voluntates,
1382 2108 1506 2150 cum
1533 2108 1747 2165 semper

164 2190 424 2248 contraria
467 2188 746 2246 desideret
786 2195 843 2244 et
868 2187 1109 2257 requirat
1160 2184 1450 2253 infirmus;
1492 2185 1620 2242 hinc
1663 2193 1748 2244 est

163 2282 291 2355 quod
313 2295 470 2338 nunc
492 2279 714 2348 fer-mm,
745 2293 890 2337 nunc
916 2279 1116 2350 ignem,
1158 2294 1304 2335 nunc
1329 2294 1514 2336 amara
1553 2280 1746 2350 pocula

165 2377 364 2448 'mgerit,
398 2383 458 2432 et
495 2372 724 2447 apponit
765 2373 966 2442 invitis,
1016 2378 1077 2429 ut
1114 2388 1301 2430 curam
1328 2373 1450 2430 sani
1485 2374 1742 2442 sentiant,

167 2483 310 2541 quam
328 2483 447 2524 non
468 2474 727 2540 poterant
755 2467 960 2523 sentire
983 2473 1330 2536 mgrotantes.
1378 2465 1450 2524 Et
1490 2468 1537 2522 si
1582 2468 1747 2526 homo

167 2560 378 2631 injurias
401 2555 658 2630 despicit,
701 2558 988 2614 maledicta
1031 2557 1351 2623 contemnit,
1393 2565 1454 2616 ut
1495 2559 1748 2616 sauciatis

167 2653 341 2709 morbo
361 2658 564 2724 sponte
582 2651 744 2708 vitam
770 2649 1013 2706 conferat
1032 2656 1088 2706 et
1105 2651 1335 2708 salutem
1364 2668 1381 2717 ;
1402 2656 1606 2720 quanto
1633 2667 1750 2707 ma-

167 2745 241 2815 gis
260 2743 512 2800 Christus
538 2741 784 2800 medicus
801 2742 1048 2798 bonitate
1084 2741 1265 2798 divina
1290 2743 1496 2800 morbis
1533 2743 1748 2802 saucios

167 2833 524 2909 peccatorum,
557 2842 616 2892 et
631 2834 886 2906 phrenesi
900 2833 1188 2891 criminum
1213 2833 1544 2902 laborantes,
1565 2834 1635 2891 ad
1661 2850 1749 2892 sa-

163 2919 326 2990 lutem
349 2933 516 2989 etiam
537 2930 737 2988 invitos
765 2929 1007 2997 attrahit,
1031 2935 1088 2986 et
1133 2928 1425 2986 nolentes?
1451 2928 1497 2984 Ο
1541 2929 1588 2984 si
1615 2929 1748 2986 veli-

1853 1825 2086 1872 testatcm
2127 1815 2417 1872 dimittendi
2459 1825 2689 1888 peccata,
2730 1814 2863 1870 dixit
2895 1815 3204 1887 paralytico,
3251 1813 3439 1888 Surge,

1853 1908 1975 1964 tolle
2002 1908 2189 1964 lectum
2217 1919 2379 1974 tuum,
2411 1916 2461 1964 et
2488 1909 2618 1964 vade
2644 1909 2697 1962 in
2722 1908 2929 1962 domum
2960 1907 3101 1980 tuam
3124 1924 3142 1973 ;
3167 1915 3219 1962 et
3264 1924 3442 1962 surre-

1851 2001 1948 2065 xit,
1993 2007 2043 2054 et
2081 1998 2210 2054 abiit
2252 1999 2308 2053 in
2354 1998 2563 2054 domum
2601 2015 2768 2054 suam.
2815 1997 3101 2056 Scrutator
3139 1998 3443 2053 animarum

1850 2090 2113 2162 praevenit
2139 2090 2400 2146 mentium
2445 2089 2683 2159 maligna
2704 2087 2949 2152 consilia,
2994 2077 3292 2144 etdcitatis
3333 2102 3444 2143 sua:

1850 2184 2149 2256 potentiam
2172 2183 2352 2254 operis
2374 2183 2719 2238 attestatione
2748 2180 3088 2243 monstravit,
3119 2179 3246 2234 dum
3283 2179 3443 2234 dissi-

1847 2257 1962 2348 pati
1982 2275 2228 2346 corporis
2255 2271 2497 2329 membra
2524 2271 2821 2343 componit,
2846 2287 3041 2326 nervos
3060 2270 3292 2340 stringit,
3321 2269 3444 2339 jun-

1846 2371 1928 2446 git
1955 2383 2097 2436 ossa,
2128 2367 2367 2439 complet
2384 2367 2613 2429 viscera,
2639 2361 2818 2419 firmat
2843 2369 3014 2430 artus,
3051 2370 3109 2418 et
3134 2376 3347 2431 gressus
3375 2358 3445 2416 ad

1849 2478 2068 2522 cursum
2096 2461 2323 2522 suscitat
2352 2460 2407 2516 in
2427 2458 2552 2515 vivo
2573 2457 2840 2515 cadavere
2866 2455 2976 2538 jam
3012 2454 3274 2527 sepultos.
3301 2451 3447 2509 Tolle

1850 2557 2037 2614 lectum
2059 2566 2220 2614 tuum.
2250 2555 2368 2612 Hoc
2394 2563 2494 2622 est,
2516 2562 2675 2628 porta
2701 2560 3030 2624 portantem,
3063 2565 3250 2606 omnes
3296 2555 3445 2604 muta

1853 2651 2022 2718 vices,
2053 2657 2114 2705 ut
2139 2647 2287 2720 quod
2315 2655 2398 2706 est
2425 2644 2455 2686 ¹λ
2484 2645 2809 2704 inﬁrmitatis
2838 2643 3201 2699 testimonium
3229 2641 3300 2696 sit
3318 2655 3444 2712 pro-

1849 2742 2002 2802 batio
2022 2741 2292 2807 sanitatis,
2314 2747 2376 2796 ut
2403 2739 2574 2796 lectus
2594 2738 2799 2794 doloris
2828 2737 2907 2792 tui
2952 2735 3022 2791 sit
3049 2749 3182 2790 mem
3209 2732 3444 2789 curatio-

1853 2836 1938 2894 nis
1967 2834 2244 2900 indicium,
2275 2839 2336 2890 ut
2361 2840 2594 2903 recepta:
2636 2814 2965 2888 fortitudinis
3019 2825 3443 2898 magnitudinem

1853 2927 2114 3002 ponderis
2165 2935 2376 2983 asserat
2413 2921 2745 2997 magnitudo.
2786 2920 2950 2988 Vade,
3019 2919 3208 2990 inquit,
3257 2917 3314 2990 in
3353 2914 3448 2970 do.-

175 3039 310 3093 mus,
334 3025 544 3091 fratres,
578 3037 613 3080 ο
639 3022 690 3079 si
718 3023 948 3079 velimus
966 3033 1185 3078 omnem
1209 3021 1409 3078 mentis
1435 3029 1633 3078 nostrae
1650 3036 1749 3092 pa—
1777 3062 1825 3132 c
1853 3039 1994 3080 suum
2023 3031 2181 3087 tuam,
2211 3035 2282 3076 ne
2308 3017 2618 3074 Christiana
2646 3014 2751 3072 ﬁde
2778 3021 3017 3080 curatus,
3051 3012 3104 3068 in
3133 3011 3234 3066 viis
3257 3006 3444 3064 Iudai-

181 3117 390 3188 ralysim
413 3113 710 3186 perviderit,
733 3114 970 3169 animam
997 3121 1239 3170 nostram
1255 3113 1546 3170 virtutibus
1586 3113 1754 3170 desti-

177 3201 335 3263 tutam
350 3208 533 3278 jacere
563 3207 620 3263 in
645 3207 904 3264 vitiorum
923 3206 952 3246 (ι
1003 3209 1192 3264 stratis
1228 3222 1494 3276 cernere;
1542 3208 1754 3268 luceret

173 3300 315 3356 nobis
337 3299 800 3371 quemadmodum
841 3297 1093 3356 Christus
1111 3340 1129 3368 ,
1167 3306 1224 3356 et
1259 3307 1476 3356 nostras
1509 3300 1753 3370 quotidie

173 3390 343 3446 noxia
370 3385 602 3462 respicit
627 3391 954 3458 voluntates,
984 3397 1042 3448 et
1065 3390 1134 3448 ad
1159 3391 1419 3448 salutaria
1446 3407 1549 3448 nos
1574 3405 1752 3450 reme-

161 3481 252 3538 ὥ
273 3472 560 3554 perii-amt,
591 3491 646 3539 et
669 3481 695 3522 ά
716 3481 971 3554 perm-get
1010 3483 1228 3542 invitos.
1257 3483 1391 3551 Fili,
1439 3484 1632 3556 inquit,
1663 3501 1750 3543 re-

173 3577 430 3631 ittittuntur
460 3574 554 3630 tibi
582 3585 794 3648 peccata
822 3585 930 3631 tua.
955 3575 1086 3634 Haec
1106 3576 1312 3645 dicens,
1354 3577 1526 3634 Deum
1551 3593 1611 3634 se
1653 3595 1753 3634 vo-

173 3655 300 3725 lebat
319 3669 576 3739 intelligi,
597 3665 690 3739 qui
711 3682 811 3740 per
825 3669 1114 3726 hominem
1140 3671 1316 3727 oculis
1342 3671 1522 3728 adhuc
1547 3671 1754 3728 latebat

173 3758 402 3816 humanis
436 3776 453 3826 ;
488 3757 784 3818 virtutibus
827 3759 973 3816 enim
1022 3767 1080 3815 et
1123 3761 1292 3830 signis
1336 3763 1752 3833 comparabatur

171 3852 456 3924 prophetis,
484 3853 581 3922 qui
607 3867 707 3924 per
731 3852 908 3924 ipsum
950 3851 1193 3910 fecerant
1233 3862 1292 3911 et
1330 3855 1435 3925 ipsi
1479 3855 1746 3913 virtutes:

415 3950 606 4000 autem
649 3943 782 4000 dare
807 3943 1041 4011 veniam,
1079 3945 1210 4016 quia
1253 3961 1424 4018 penes
1471 3947 1748 4004 hominem

171 4047 264 4093 non
289 4044 392 4103 est,
417 4044 486 4096 et
503 4046 588 4094 est
612 4037 885 4108 singulare
912 4037 1130 4095 deitatis
1157 4038 1384 4110 insigne,
1408 4040 1576 4098 Deum
1589 4041 1748 4118 illum

171 4130 465 4200 pectoribus
483 4129 1054 4186 inserebat-humanis.
1085 4128 1287 4186 Probat
1327 4131 1432 4188 hoc
1477 4129 1748 4187 Pharisai-

170 4236 250 4277 cus
273 4222 414 4278 livor
449 4239 464 4272 :
498 4237 623 4276 nam
649 4236 774 4278 cum
805 4220 1032 4278 dixisset
1059 4238 1078 4277 :
1121 4221 1476 4278 Remittuntur
1507 4223 1598 4279 tibi
1628 4241 1748 4296 pec-

169 4313 273 4367 cata
299 4320 408 4382 lita,
441 4311 829 4385 responderunt
865 4311 1130 4369 Pharisan‘
1151 4329 1172 4368 :
1211 4312 1318 4369 Hic
1349 4311 1372 4353 ἲ
1404 4314 1744 4387 blasphenwt,

229 4433 252 4462 ι
285 4421 690 4494 ὃθᾱιιιίιιειιίδ.
714 4438 790 4488 tu,
821 4437 944 4494 pag.
969 4421 1093 4490 167,
1117 4440 1172 4482 v.
1203 4421 1290 4490 i9,
1321 4423 1390 4480 de
1416 4424 1522 4480 hoc
1553 4426 1748 4481 eodem

1853 3129 1932 3174 cae
1957 3111 2194 3186 perfidia:
2213 3110 2326 3182 jam
2370 3109 2618 3166 moreris.

2457 3198 2691 3258 SERMO
2749 3196 2834 3254 LI.

2101 3295 2181 3352 De
2207 3295 2528 3352 datmoniaco
2556 3291 2715 3348 surdo
2743 3300 2796 3347 et
2820 3297 2963 3348 muto
2993 3295 3193 3344 curato.

1925 3388 2062 3457 Quia
2089 3388 2250 3446 solito
2275 3387 2397 3459 plus
2424 3401 2544 3443 sese
2564 3385 2722 3442 terris
2749 3393 2914 3440 mstus
2941 3380 3228 3447 infuderat,
3247 3377 3338 3434 diu
3365 3384 3445 3433 tac

1853 3486 1962 3553 cui,
1993 3500 2062 3542 ne
2081 3482 2414 3554 compressio
2441 3497 2564 3554 qua:
2582 3497 2652 3540 ex
2671 3480 2940 3538 desiderio
2969 3478 3208 3534 nascitur
3221 3476 3448 3533 audien-

1835 3577 1930 3642 di,
1960 3578 2075 3649 ipsa
2107 3575 2263 3639 nobis
2298 3572 2784 3647 lcynocaumatnm
2797 3561 3446 3645 generaretincendium:

1854 3677 2001 3728 nunc
2024 3670 2116 3732 ubi
2138 3685 2320 3728 aerem
2345 3669 2635 3740 temperies
2663 3666 2681 3721 i
2717 3667 2985 3738 mitigavit
3013 3665 3275 3730 autumni,
3335 3662 3448 3720 Do-

1852 3764 2144 3829 minicum,
2171 3761 2398 3834 jnvante
2426 3760 2686 3830 Domino,
2734 3776 3058 3818 revocamur
3099 3759 3166 3818 ad
3200 3757 3449 3816 verbum.
3533 3753 3550 3774 ’

1851 3854 1989 3912 Cum
2033 3855 2201 3912 lilium
2252 3870 2412 3912 suum
2461 3854 2684 3925 quidam
2733 3853 2884 3912 surdi
2930 3861 2990 3912 et
3038 3853 3176 3910 muti
3228 3851 3449 3923 spiritus

1857 3948 2044 4004 lurore
2109 3961 2421 4018 possessum
2495 3945 2770 4016 ingereret
2831 3947 3064 4002 Domino
3136 3942 3164 3983 ι
3234 3958 3449 4002 curan-

1851 4041 1980 4100 dum
2008 4040 2292 4098 Dominum
2317 4047 2516 4110 prater
2542 4054 2750 4095 morem
2772 4039 3050 4112 patientiae
3075 4053 3186 4094 sua:
3216 4049 3449 4106 evange-

1827 4133 1974 4193 lista
2013 4133 2094 4194 sic
2138 4133 2325 4196 retulit
2359 4131 2524 4190 fuisse
2547 4138 2874 4188 commotum
2893 4172 2908 4197 ,
2937 4139 2997 4186 ut
3023 4136 3152 4185 ante
3197 4129 3251 4183 in
3277 4127 3448 4200 patris

1849 4225 2188 4294 vulnusipse
2232 4223 2582 4281 inveheretur
2605 4237 2767 4293 quam
2795 4222 2862 4280 ad
2892 4221 2984 4284 ﬁlii
3013 4227 3322 4276 moveretur
3349 4235 3448 4274 cu-

1849 4330 1987 4375 ram.
2020 4314 2376 4388 Respondeas,
2409 4315 2601 4385 inquit,
2628 4331 2763 4370 unus
2791 4313 2855 4369 de
2883 4311 3053 4380 turba,
3085 4307 3448 4382 dixit:Magi-

1925 4422 1952 4463 (ι
1991 4425 2330 4482 Adbaesimus
2351 4441 2453 4482 ms.
2476 4426 2731 4482 Caesenae.
2763 4424 2926 4490 Editi.
2958 4437 3298 4480 cemerenws.

171 4495 468 4568 pshlyticoo
487 4512 512 4568 :_
553 4493 902 4568 Resolutaque
925 4495 1164 4550 membra
1177 4494 1448 4567 jacebant.
1477 4495 1748 4568 _Vatablus
1773 4500 1830 4562 D
1925 4505 1948 4534 ⁸
1986 4495 2124 4552 Vide
2153 4505 2339 4568 notam
2369 4509 2393 4536 ο
2423 4498 2530 4554 col.
2557 4496 2683 4561 218,
2715 4513 2878 4556 serui.
2913 4495 2996 4568 l0.
3032 4495 3236 4568 Dicitur
3262 4500 3449 4568 autem

169 4563 367 4647 quoque
390 4566 562 4648 legit,
594 4563 887 4648 μεσαιτάτη
925 4581 1025 4637 pro
1066 4563 1444 4648 paralyticuns.
1476 4563 1746 4648 Paralysis
1846 4568 2165 4648 pertrahere
2182 4565 2400 4648 invitos,
2420 4583 2542 4624 cum
2557 4577 2905 4648 contumaces
2921 4564 3448 4648 flagellanvelbonis

171 4637 295 4692 enim
322 4643 410 4693 est
439 4635 728 4691 dissolutio
768 4635 1090 4706 nervorum,
1136 4652 1204 4692 ex
1224 4635 1349 4706 'qua
1393 4635 1747 4693 dissolutione

171 4707 425 4767 exteriora
457 4707 702 4761 membra
731 4705 936 4760 viribus
954 4705 1210 4762 destituta
1235 4705 1464 4762 tremula
1509 4707 1747 4762 reddun-

171 4781 260 4831 tur.
284 4775 442 4847 Unde
471 4776 684 4847 Hebrmi
712 4775 1019 4846 hujusmodi
1046 4786 1280 4847 mgrotos
1306 4785 1507 4833 vocant
1526 4778 1752 4836 dissolu-

169 4856 236 4902 tos
250 4846 517 4914 umbris,
539 4855 599 4905 et
622 4845 795 4904 Graeci
817 4862 912 4916 eos
933 4847 1026 4916 qui
1053 4863 1085 4903 a
1101 4845 1298 4904 inorbo
1323 4848 1430 4904 hoc
1455 4849 1750 4904 restituun-

171 4924 244 4980 tur
285 4918 449 4980 ligari
497 4919 703 4980 dicunt.
747 4915 1118 4974 Infirmitatem
1147 4919 1403 4974 describit
1439 4916 1755 4976 Guillelmus

171 4936 244 4980 utr
285 4936 322 4974 u
359 4936 449 4974 art
497 4936 703 4980 dicunt.
747 4936 1118 4974 llllll'lllllalem
1147 4936 1403 4974 aescrtmt
1439 4936 1750 4976 uumetmus

170 4936 383 5060 Adertfe
407 4987 586 5045 Morb.
619 4987 876 5060 Evangel.
901 5002 1032 5060 cap.
1064 4987 1126 5042 11
1165 5006 1178 5042 :
1213 4985 1490 5045 Obsidetur
1515 4992 1653 5045 enim
1692 4991 1750 5045 in

171 5059 566 5144 paralysiatota
593 5060 747 5144 spina
768 5059 950 5142 dorsi:
971 5059 1088 5133 quas
1118 5069 1303 5144 suapte
1321 5069 1522 5144 natura
1553 5061 1751 5144 frigida

711 5130 996 5201 propagine
1033 5147 1066 5186 α
1103 5130 1283 5203 morbo
1311 5130 1670 5203 frigidissime,
1701 5139 1754 5186 et

410 5199 647 5272 paralysi
665 5199 866 5272 nempe,
878 5199 983 5255 ἀυτ
994 5199 1323 5257 convulsione
1341 5199 1619 5276 numquam
1640 5203 1754 5256 vin-

217 5279 376 5324 ωηεν.

229 5338 254 5378 δ
288 5339 348 5414 la
379 5339 676 5414 nonnullis,
705 5341 1051 5414 operantium.
1080 5339 1433 5414 Offerentium
1477 5341 1640 5414 fidem
1665 5357 1754 5400 re-

171 5412 336 5537 m“
372 5410 552 5494 Jesu's.
582 5410 719 5467 Nam
739 5410 886 5495 sicut
929 5428 1089 5496 servo
1117 5413 1449 5495 centurionis
1475 5412 1754 5497 profuerat

316 5498 620 5537 amicorum
649 5481 853 5537 domum
881 5499 985 5537 sm.
1025 5491 1100 5537 ita
1136 5483 1265 5537 huic
1302 5492 1508 5537 moto
1546 5484 1753 5537 profuit

316 5484 620 5555 amicorum
649 5481 853 5539 domini
881 5484 985 5550 sui,
1025 5484 1100 5539 ita
1130 5483 1275 5555 huic
1301 5481 1508 5555 ψει-(ξιξ)
1546 5484 1753 5555 profuit

172 5549 618 5627 fniesamicorum
643 5569 752 5609 una
778 5569 904 5627 cum
929 5549 1014 5627 sui
1039 5554 1208 5626 ipsius
1247 5549 1378 5627 ﬁde:
1403 5549 1622 5627 Nam'et
1647 5571 1750 5627 pa,-

170 5622 384 5696 ralytico
415 5622 661 5696 fiduciam
713 5622 1097 5696 nonddefuisse
1125 5641 1255 5682 vero
1308 5625 1483 5682 simile
1523 5634 1624 5692 est,
1649 5622 1750 5696 qui

171 5705 222 5768 se
244 5693 311 5768 ad
348 5709 490 5768 eum;
512 5695 733 5752 modum
779 5693 962 5753 offerri
1016 5714 1206 5768 passus
1260 5704 1362 5762 est,
1407 5704 1462 5753 et
1509 5693 1749 5768 alioquin

151 5759 407 5837 'Cbristus
443 5765 496 5820 ei
528 5776 752 5837 peccata
785 5783 892 5824 non
929 5759 1242 5825 remisisset.

234 5843 255 5872 ε
293 5831 389 5891 Sic
411 5831 660 5894 emendat
685 5837 949 5894 Latinius.
973 5837 1113 5896 Editi
1143 5855 1331 5897 omnes
1348 5883 1361 5907 ,
1388 5853 1703 5914 exspectare.

1849 4636 2107 4706 cumulat,
2151 4643 2210 4694 ut
2247 4637 2419 4704 Deum
2459 4637 2746 4694 auctorem
2773 4645 3128 4709 agnoscentes
3165 4636 3235 4691 ad
3271 4636 3449 4706 ipsum

1849 4709 2078 4780 redeant
2103 4723 2202 4780 per
2227 4710 2620 4780 paenitentiam;
2653 4709 2815 4764 Mira.

1930 4777 1950 4817 ί
1991 4777 2250 4836 NonDeo
2277 4780 2794 4847 maledicendo,.sed
2822 4779 2966 4850 quod
3015 4777 3068 4834 ei
3115 4784 3224 4850 est,
3255 4778 3449 4834 remis-

1855 4849 2066 4906 sionem
2095 4851 2301 4907 scilicet
2328 4860 2702 4918 peccatorum,
2734 4847 3191 4918 sibi’arrogando.

1932 4929 1956 4968 ε
1999 4919 2130 4975 Erat
2157 4921 2230 4987 id,
2263 4917 2514 4977 videlicet
2542 4929 2750 4977 secreta
2780 4921 2962 4977 cordis
2991 4917 3274 4990 inspicere,
3308 4917 3448 4972 inter

1858 4997 2020 5046 notas
2058 4990 2285 5058 Messina,
2318 4999 2378 5045 ut
2421 4999 2612 5047 contra
2667 4989 3102 5048 Barcbaocebam
3155 4989 3448 5045 observant

1860 5059 2207 5134 Talmudistte
2228 5061 2394 5134 titulo
2422 5061 2490 5134 de
2518 5061 2804 5134 Synedrio.

1855 5200 1900 5256 Β
1923 5129 1952 5169 ιι
1991 5130 2119 5215 Haec
2144 5132 2336 5188 eadem
2360 5133 2526 5190 verba
2545 5127 2601 5188 in
2619 5133 2764 5190 hunc
2783 5133 2962 5190 locum
2983 5127 3261 5201 usurpavit
3274 5127 3448 5184 Lucas

1901 5215 2166 5256 ruaensrs.

1901 5217 2166 5258 maensrs.

1933 5215 2441 5329 igiiiﬁinssimum
2475 5281 2665 5330 uastum
2709 5272 2916 5337 innuit,
2965 5284 3127 5342 quem
3162 5267 3350 5342 populi
3379 5268 3446 5325 ad

1855 5343 2183 5418 audiendum
2195 5343 2525 5418 frequentes,
2538 5345 2740 5418 pressis
2761 5345 2830 5398 ad
2848 5341 3077 5418 invicem
3101 5341 3443 5418 corporibus,

1855 5413 2181 5488 efﬁciebant.
2212 5411 2560 5488 Cynocanma
2587 5416 2730 5488 enim
2759 5421 2842 5471 est
2871 5412 2954 5470 vel
2979 5421 3143 5469 aestus
3170 5411 3447 5469 canicula-

1853 5486 1950 5551 ris,
1981 5485 2071 5541 vel
2099 5485 2311 5542 morsus
2334 5485 2514 5541 rabidi
2540 5487 2708 5541 canis.

1928 5555 1944 5608 i
1990 5553 2196 5612 Locum
2222 5556 2368 5613 hunc
2393 5555 2580 5612 laudat
2615 5553 3040 5611 Elmenhorstius
3079 5553 3136 5610 in
3182 5551 3312 5608 illud
3340 5552 3445 5607 Mi-

1853 5625 2000 5684 nucii
2025 5624 2222 5699 Felicis
2249 5641 2374 5699 pag.
2409 5625 2496 5693 14,
2531 5641 2680 5699 num.
2713 5625 2746 5699 _l_
2777 5643 2794 5699 :A
2815 5624 2946 5699 Post
2963 5625 3206 5682 aestivam
3227 5623 3369 5680 diem
3393 5623 3445 5681 in

1853 5697 2170 5778 temperiem
2189 5696 2672 5778 seserautumnitas
2697 5696 2982 5778 dirigebat.

1921 5770 1948 5808 τι
1964 5763 2348 5841 ’Βθδεθηὰθηιὶ
2367 5769 2436 5841 de
2453 5777 2639 5841 monte
2661 5769 2712 5823 in
2735 5763 2886 5841 cujus
2917 5768 3121 5841 vertice
3158 5763 3442 5841 transﬁgu-

1847 5850 1997 5900 ratus
2019 5842 2192 5897 fuerat
2210 5847 2267 5897 et
2285 5840 2352 5896 ad
2371 5838 2664 5910 discipulos
2688 5838 2953 5896 redeunti.
