3882 6356
439 345 544 405 διδ

1693 334 1752 391 S.
1793 331 2010 390 PETRI
2047 331 2480 391 CHRYSOLOGI

3624 343 3758 398 346*

438 473 565 532 ster,
588 463 740 520 attuli
765 463 934 536 ﬁlium
961 478 1128 519 meum
1155 461 1225 516 ad
1253 467 1318 527 te,
1354 456 1621 512 habentem
1649 457 1891 528 spiritum
1917 471 2031 510 mu-
2054 455 2110 516 Λ
2133 453 2527 511 incredulitatis
2544 460 2737 511 vestrte
2755 465 2991 523 causam,
3008 452 3338 512 inﬁdelitatis
3355 437 3592 522 titulum,
3614 469 3742 526 pert

437 565 548 612 tum
576 572 594 610 :
624 557 712 630 qui
739 556 1041 628 ubicumque
1065 570 1180 608 eum
1208 548 1622 624 apprehenderit,
1650 547 1820 603 allidit
1846 564 1961 602 eum
1979 554 2031 602 et

437 655 664 720 spumat,
696 654 747 701 et
765 645 948 701 stridet
976 644 1212 700 dentibus
1234 649 1285 697 et
1304 641 1522 707 arescit;
1551 647 1603 694 et
1630 638 1740 694 dixi
1762 637 2029 708 discipulis

439 738 542 792 tuis
559 745 616 791 ut
637 737 878 808 ejicerent
903 735 1038 800 eum,
1062 743 1112 789 et
1131 749 1236 788 non
1252 737 1547 805 potuerunt.
1568 726 1671 795 Qui
1691 727 2026 802 respondens,

438 829 516 882 eis
545 827 717 882 dixit:
753 825 797 880 Ο
821 826 1087 899 generatio
1115 823 1384 880 incredula
1408 822 1600 896 (Marc.
1623 819 1747 893 1x)!
1779 819 2030 890 Respon-

441 916 579 974 dens
599 933 736 974 unus
752 917 820 974 de
843 919 1000 974 turba
1025 936 1039 972 :
1067 916 1208 984 Quid
1228 923 1312 972 est
1331 915 1495 986 quod,
1513 929 1622 970 uno
1643 914 2030 984 interrogante,

439 1017 468 1046 ι
498 1009 764 1064 feriuntur
803 1009 999 1064 multi?
1025 1007 1156 1080 quid
1195 1014 1278 1063 est
1301 1007 1465 1078 quod,
1503 1005 1860 1076 conquirente
1889 1020 2028 1072 uno,

436 1100 830 1156 incredulitatis
851 1107 1112 1157 notantur
1133 1115 1322 1157 omnes
1341 1099 1366 1152 ?
1382 1097 1512 1169 quid
1526 1105 1608 1153 est
1626 1096 1770 1167 quod
1795 1095 1864 1151 ad
1878 1096 2034 1152 unius

434 1207 627 1249 vocem
657 1200 773 1250 tota
803 1193 1083 1264 generatio
1112 1194 1345 1265 superba
1373 1191 1609 1264 perﬁdiae
1648 1191 2033 1261 nuncupatur?

381 1283 383 1286 ⁴
435 1285 576 1354 Quid
590 1295 672 1343 est
691 1289 714 1343 ?
735 1287 873 1356 Quia
899 1288 1002 1345 iste
1024 1304 1134 1345 non
1149 1288 1219 1343 ad
1232 1287 1403 1343 Deum
1429 1290 1673 1352 venerat,
1704 1284 1797 1341 sed
1826 1284 1896 1340 ad
1911 1299 2031 1339 ma-

435 1380 664 1450 gistrum
701 1388 956 1448 venerat;
998 1396 1204 1449 curam,
1239 1396 1347 1436 non
1375 1396 1408 1435 a
1434 1379 1635 1435 virtute
1669 1379 1908 1448 exigens,
1939 1376 2034 1434 sed

431 1472 502 1527 ab
531 1481 679 1540 arte;
710 1473 1022 1530 tarditatem
1048 1489 1191 1530 curae
1228 1489 1337 1530 non
1361 1487 1539 1530 causa;
1564 1472 1848 1543 deputans,
1879 1469 1909 1509 ι’
1936 1469 2033 1528 sed

432 1563 674 1631 curanti;
697 1563 1183 1635 impossibilitatem
1202 1564 1584 1636 discipulorum
1596 1563 1836 1633 magistri
1855 1563 2027 1634 impe-

430 1655 572 1711 ritiae
594 1657 892 1727 assignans,
916 1656 1142 1714 Iudaico
1170 1657 1328 1712 livori
1358 1655 1572 1712 invidiae
1598 1653 1907 1710 Scribarum
1945 1660 2027 1708 ta-

2133 546 2270 602 ﬁdite
2308 546 2712 603 documentum.
2755 547 2950 617 Aﬂ'erte
2984 545 3152 602 illum.
3179 545 3251 602 Ut
3287 547 3381 617 qui
3416 548 3615 604 saltem
3636 548 3738 603 do-

2132 640 2276 695 centi
2314 639 2427 694 Deo
2471 638 2723 694 noluistis
2760 638 2998 707 credere,
3038 639 3125 695 vel
3151 639 3396 695 dzemone
3433 639 3741 696 conﬁtente

2131 731 2386 799 credatis,
2409 736 2464 787 et
2501 730 2748 787 sentiatis
2766 747 2863 787 vos
2891 731 3008 803 ipso
3036 730 3252 788 diabolo
3273 732 3583 802 nequiores,
3609 748 3738 788 cum

2131 820 2372 877 videritis
2409 821 2559 877 illum
2597 819 2862 887 conﬁteri,
2886 829 3119 878 tremere
3153 823 3236 878 sui
3273 838 3402 878 mox
3435 824 3738 894 praesentia

2135 914 2447 984 cognitoris.
2501 912 2572 968 Et
2622 915 2905 970 attulerunt
2934 932 3069 982 eum,
3102 923 3152 970 et
3187 933 3303 986 cum
3333 916 3546 971 vidisset
3593 933 3733 984 etim,

2134 1011 2311 1065 statim
2337 1011 2552 1082 spiritus
2569 1011 2890 1066 conturbavit
2909 1011 3078 1076 illum,
3110 1018 3160 1065 et
3179 1011 3332 1066 elisus
3363 1013 3420 1066 in
3451 1019 3598 1065 terra
3627 1012 3738 1065 ωι-

2134 1101 2346 1158 uebatur
2366 1119 2632 1174 spumans.
2655 1101 2988 1158 Volvebatur
3011 1103 3198 1168 homo,
3222 1102 3318 1158 sed
3345 1102 3608 1159 diabolus
3629 1109 3737 1158 lor-

2134 1193 2429 1264 quebatur;
2498 1193 2743 1249 invasum
2789 1194 3025 1250 vexabat
3069 1209 3217 1261 cura,
3261 1193 3356 1250 sed
3415 1194 3737 1250 invasorem

2133 1286 2388 1357 majestas
2425 1285 2620 1356 judicis
2667 1286 2959 1358 arguebat;
3015 1287 3304 1342 sistebatur
3357 1295 3586 1360 captus,
3639 1285 3735 1342 sed

2133 1381 2458 1454 puniebatur
2513 1381 2704 1446 hostis,
2763 1380 2960 1436 diaboli
3002 1395 3164 1451 poena
3224 1380 3465 1436 cruciatu
3503 1379 3734 1435 humani

2134 1471 2378 1543 corporis
2430 1471 2747 1542 apparebat.
2791 1469 2938 1542 Opus
2976 1478 3078 1538 est,
3108 1470 3323 1534 fratres,
3347 1486 3489 1542 opus
3519 1478 3608 1526 est
3636 1468 3732 1526 Dei

2130 1563 2364 1630 lumine,
2416 1578 2486 1619 ne
2536 1563 2592 1618 in
2633 1578 2800 1634 opere
2838 1562 2937 1618 Dei
2983 1562 3125 1618 oculi
3172 1561 3428 1618 fallantur
3474 1561 3728 1617 humani.

2128 1653 2200 1710 Et
2242 1656 2578 1728 interrogavit
2613 1663 2812 1727 patrem
2858 1655 2988 1727 ejus,
3043 1663 3289 1727 quantum
3335 1655 3589 1726 temporis
3631 1663 3728 1720 est,

431 1747 542 1803 lem
579 1749 914 1805 satisfaciens
942 1765 1042 1820 per
1067 1750 1380 1816 clamorem,
1411 1747 1483 1802 Et
1506 1747 1617 1802 dixi
1637 1746 1904 1818 discipulis
1925 1746 2024 1800 tuis
2051 1767 2102 1830 Β
2127 1765 2194 1805 ea:
2239 1766 2337 1823 quo
2371 1749 2468 1804 hoc
2505 1749 2696 1804 accidit
2731 1748 2823 1803 ei?
2860 1756 2918 1802 at
2941 1748 3033 1802 ille
3063 1750 3164 1816 ait,
3206 1747 3271 1801 ab
3307 1748 3566 1820 infantia.
3619 1744 3731 1800 Be-

431 1848 491 1893 ut
517 1841 762 1912 ejicerent
781 1858 914 1908 eum,
939 1849 990 1896 ct
1010 1858 1114 1896 non
1137 1848 1430 1913 potuerunt.
1449 1839 1565 1896 Hoc
1580 1845 1664 1895 est
1681 1839 1882 1906 dicere,
1905 1853 2025 1894 esse
2127 1842 2293 1912 quirit
2343 1840 2611 1913 passionis
2648 1848 2863 1912 tempus
2908 1847 3098 1896 auctor
3139 1839 3399 1911 temporis
3419 1879 3435 1905 ,
3477 1837 3731 1894 medicus

427 1933 703 1989 diabolum
737 1933 832 2003 qui
859 1932 1077 1990 Christo
1104 1950 1213 1990 non
1253 1933 1525 2000 crederet,
1569 1947 1690 1988 esse
1725 1930 2023 1986 daemonem

425 2027 521 2098 qui
564 2027 720 2098 parvi
765 2027 940 2099 possit
977 2025 1178 2084 Christi
1219 2025 1452 2082 nominis
1497 2023 1700 2080 habere
1744 2025 2019 2080 virtutem.

426 2118 690 2189 Discipuli
715 2133 826 2174 non
869 2134 1000 2186 suo,
1033 2119 1128 2175 sed
1153 2116 1353 2173 Christi
1397 2116 1617 2172 nomine
1642 2115 1915 2171 dtemones
1955 2114 2024 2172 de

427 2212 666 2271 obsessis
696 2213 1014 2284 corporibus
1068 2210 1394 2282 eﬁ‘ugabant.
1433 2208 1591 2277 Quod
1633 2222 1762 2278 ergo
1810 2207 2019 2264 daemon

425 2303 705 2376 discipulis
720 2305 1109 2382 imperantibus
1128 2319 1238 2359 non
1253 2302 1499 2369 cedebat,
1523 2302 1625 2357 iste
1653 2301 1720 2355 ad
1748 2297 2020 2356 inﬁrmita-

426 2403 538 2452 tem
558 2396 760 2454 Christi
788 2398 1039 2464 nominis,
1071 2412 1181 2452 non
1209 2407 1234 2436 ο
1261 2394 1648 2466 discipulorum
1677 2392 1927 2448 trahebat
1951 2392 2019 2448 ad

430 2487 666 2559 culpam.
698 2488 902 2545 Videns
929 2503 1058 2558 ergo
1082 2487 1344 2544 Dominus
1361 2484 1666 2541 Judatorum
1687 2483 1765 2540 sic
1790 2483 2019 2540 circum-

425 2587 636 2636 stantes
659 2595 851 2652 sapere
875 2587 1138 2646 catervas,
1176 2579 1232 2634 in
1259 2577 1380 2633 ﬁliis
1407 2584 1621 2649 patrum
1643 2574 1924 2647 perﬁdiam
1938 2575 2018 2630 sic

423 2673 612 2741 inurit,
650 2682 706 2729 et
745 2674 801 2728 in
827 2672 1161 2743 genitoribus
1200 2669 1443 2742 germina
1480 2670 1559 2725 sic
1588 2683 1858 2724 venenosa
1893 2682 2018 2738 per-

360 2829 365 2833 .
425 2766 592 2821 cellit.
628 2766 673 2820 ο
703 2767 967 2838 generatio
994 2764 1297 2820 incredula!
1332 2763 1574 2828 Veniens,
1612 2761 1803 2831 inquit,
1833 2759 2018 2816 Domi-

425 2875 525 2912 nus
563 2859 632 2912 ad
659 2859 939 2930 discipulos
984 2874 1124 2924 suos,
1155 2857 1280 2912 vidit
1324 2858 1465 2910 circa
1500 2855 1620 2910 illos
1659 2853 1860 2908 turbam
1896 2870 2013 2908 ma-

423 2954 611 3008 gnam,
654 2948 704 2992 et
743 2939 954 2994 Scribas
993 2939 1345 3011 conquirentes
1366 2954 1479 2991 cum
1516 2936 1624 2990 illis
1636 2943 1728 3000 ;et
1746 2936 2014 3007 confestim

423 3033 592 3087 omnis
612 3031 830 3104 populus
849 3031 1026 3086 videns
1045 3030 1224 3086 Jesum
1257 3032 1576 3102 stupefactus
1597 3036 1699 3096 est,
1723 3036 1772 3082 et
1791 3043 2012 3100 expave-

421 3132 561 3177 runt.
579 3123 852 3180 Timentes
870 3125 1056 3194 utique
1079 3123 1299 3193 nequod
1313 3121 2010 3193 insultaverantdiscipulis,

421 3214 674 3269 veniente
709 3215 988 3283 magistro,
1019 3215 1126 3270 hoc
1160 3213 1480 3285 perderent;
1502 3220 1576 3279 et,
1599 3217 1750 3267 tanto
1769 3211 2012 3267 daemone

419 3305 623 3377 fugato,
647 3307 764 3378 ipsa
783 3305 936 3363 ﬁeret
954 3305 1228 3377 discipulis
1249 3321 1412 3361 causa
1449 3305 1651 3374 gloriae,
1679 3318 1800 3374 qua:
1834 3301 2012 3359 fuerat

420 3397 755 3454 confusionis
783 3398 1017 3454 occasio.
1040 3397 1178 3452 Hinc
1197 3404 1280 3454 est
1299 3396 1445 3466 quod
1464 3397 1740 3462 Dominus,
1763 3411 1872 3451 uno
1891 3410 2009 3452 om-

418 3491 580 3545 nibus
601 3490 986 3559 interrogante,
1011 3489 1292 3560 reSpondit
1317 3506 1330 3542 :
1357 3485 1402 3542 Ο
1423 3488 1687 3560 generatio
1715 3486 2004 3551 incredula,

417 3581 664 3654 quamdiu
703 3583 842 3652 apud
878 3599 964 3638 vos
1006 3583 1135 3637 ero?
1166 3580 1405 3648 Quorum
1426 3580 1799 3636 incredulitate
1836 3595 2012 3650 neque

418 3690 562 3729 mus
599 3673 807 3730 dzemon
846 3675 1062 3746 captivo
1099 3673 1311 3745 fugatur
1355 3689 1423 3728 ex
1461 3687 1707 3743 corpore.
1752 3669 2011 3736 Quamdiu

421 3765 563 3836 apud
571 3782 656 3820 vos
671 3782 758 3820 ero
769 3765 793 3820 ?
803 3763 830 3803 ἀ
841 3765 911 3820 Et
925 3781 1034 3820 non
1049 3766 1116 3822 ad
1127 3774 1316 3836 gentes
1329 3763 1566 3819 mittam?
1578 3763 1667 3818 ubi
1681 3763 1750 3819 ad
1763 3763 1923 3819 unius
1936 3763 2012 3818 di-

417 3855 614 3926 scipuli
637 3855 743 3910 mei
771 3871 960 3911 vocem
977 3856 1176 3927 templa
1188 3863 1464 3922 corruunt,
1482 3855 1767 3910 simulacra
1778 3852 2007 3924 fugiunt,

418 3955 810 4002 consumuntur
846 3962 974 4016 arte,
1015 3948 1216 4004 cadunt
1253 3947 1417 4016 idola,
1447 3947 1724 4003 caeduntur
1741 3947 1868 4014 luci,
1891 3953 2006 4002 tota

417 4039 722 4096 daemonum
742 4047 986 4112 potestas
1005 4042 1240 4113 antiquis
1267 4050 1323 4098 et
1342 4043 1640 4100 veternosis
1658 4043 1875 4099 sedibus
1893 4043 2006 4099 suis

415 4147 638 4202 gemens
657 4140 713 4189 et
732 4141 988 4201 tremens,
1011 4141 1067 4190 et
1085 4134 1296 4205 ejulans
1326 4134 1591 4206 eﬁ'ugatur
1621 4155 1634 4189 :
1677 4143 2008 4193 commutan-

413 4230 504 4279 tur
524 4225 578 4280 in
608 4224 875 4284 Ecclesias
895 4227 1138 4294 delubra,
1162 4228 1217 4283 in
1238 4228 1429 4284 altaria
1461 4237 1744 4284 vertuntur
1761 4244 1886 4295 arte,
1910 4244 2004 4300 pes

413 4331 601 4372 corum
629 4320 860 4376 victimze
897 4329 1234 4377 mortuorum
1274 4322 1330 4377 in
1366 4321 1543 4377 vivam
1571 4323 1752 4378 cordis
1769 4323 2006 4379 hostiam

2123 1934 2390 2005 passionis
2406 1939 2619 2005 tempus
2635 1933 2883 2004 requirit,
2901 1949 3008 1988 non
3018 1940 3079 1988 ut
3097 1933 3327 2000 nescius,
3348 1931 3446 1988 sed
3465 1939 3530 1986 ut
3551 1931 3729 1988 sciens

2126 2025 2489 2081 nescientibus
2506 2023 2723 2095 prodat.
2746 2022 2990 2093 Denique
3015 2021 3438 2093 interrogatione
3459 2020 3562 2075 tali
3591 2027 3729 2076 tem-

2123 2131 2226 2188 pus
2245 2116 2437 2188 aperit,
2459 2121 2676 2172 aetatem
2694 2114 2902 2186 pandit,
2923 2114 3150 2170 revolvit
3167 2113 3472 2179 infantiam,
3495 2118 3564 2166 ut
3588 2111 3727 2168 tanti

2124 2207 2254 2263 mali
2273 2222 2436 2263 causa
2456 2223 2566 2263 non
2585 2213 2772 2277 tangat
2790 2205 3056 2273 sobolem,
3079 2206 3176 2262 sed
3197 2212 3506 2276 parentem,
3539 2204 3672 2274 quia
3696 2217 3726 2258 ι

2125 2298 2238 2355 Deo
2261 2299 2364 2354 sibi
2385 2299 2568 2355 datum
2587 2299 2783 2369 pignus
2810 2297 2879 2353 ad
2905 2297 3105 2353 diaboli
3132 2297 3379 2367 gratiam,
3409 2295 3725 2352 daemonum

2123 2391 2310 2448 retulit
2353 2391 2422 2447 ad
2439 2391 2721 2456 honorem,
2763 2390 2977 2446 dicente
3007 2389 3302 2462 Scriptura.
3324 2387 3397 2442 Et
3422 2386 3728 2444 obtulerunt

2124 2483 2264 2554 ﬁlios
2291 2499 2410 2538 suos
2438 2489 2489 2537 et
2515 2482 2654 2553 filias
2680 2498 2802 2537 suas
2831 2481 3101 2536 dcemoniis
3123 2480 3143 2553 (
3163 2479 3310 2536 Psal.
3333 2479 3454 2551 cv).
3489 2476 3725 2533 Infantia

2124 2573 2258 2628 utin
2279 2588 2339 2628 se
2366 2572 2582 2628 diabolo
2603 2572 2781 2628 locum
2800 2570 3029 2637 faceret,
3071 2570 3204 2641 quid
3221 2569 3463 2626 criminis
3483 2569 3724 2626 admise-

2120 2666 2246 2720 rat?
2283 2663 2412 2734 quid
2457 2663 2675 2719 reatus?
2717 2663 2812 2720 sed
2855 2663 3133 2734 replentur
3175 2661 3423 2717 daemone
3467 2660 3721 2732 parvuli,

2119 2756 2336 2827 quando
2352 2772 2382 2811 a
2395 2756 2710 2828 parentibus
2724 2755 2836 2814 suis
2849 2754 3147 2811 oﬁ‘eruntur
3156 2753 3392 2820 diabolo,
3410 2753 3724 2810 daemonum

2119 2847 2387 2903 ducuntur
2406 2847 2473 2902 ad
2488 2862 2692 2903 curam.
2716 2846 2956 2916 Denique
2975 2847 3146 2917 patris
3166 2843 3271 2902 ﬁde
3284 2845 3534 2910 solvitur,
3555 2859 3722 2915 quem

2117 2941 2290 3012 patris
2327 2940 2613 2996 inﬁdelitas
2661 2940 2924 3010 alligarat.
2965 2939 3142 2996 Patris
3175 2955 3285 2996 vox
3321 2946 3448 2995 est:
3494 2936 3560 2994 Si
3599 2937 3722 3010 quid

2121 3042 2284 3105 potes,
2308 3033 2499 3106 adjuva
2525 3050 2620 3089 nos
2640 3034 2877 3089 misertus
2897 3034 3080 3088 nostri.
3104 3031 3221 3089 Hoc
3238 3037 3342 3098 est,
3372 3046 3476 3087 nos
3495 3030 3717 3100 adjuva,

2119 3124 2378 3180 miserere
2397 3125 2573 3192 nobis,
2595 3139 2826 3195 quorum
2858 3132 3040 3180 reatus
3067 3130 3323 3194 aggravat
3342 3123 3716 3186 innocentem,

2119 3215 2190 3271 ad
2229 3231 2459 3286 quorum
2495 3231 2712 3287 ptenam
2748 3215 2966 3271 infantis
2992 3215 3288 3286 periculum
3308 3214 3388 3269 sic
3423 3211 3718 3269 redundat.

2117 3305 2186 3361 Et
2207 3307 2346 3363 bene
2364 3308 2623 3363 Dominus
2651 3323 2683 3362 a
2709 3307 3020 3378 parentibus
3056 3304 3215 3362 ﬁdem
3241 3307 3459 3377 repetit,
3479 3304 3715 3360 dicens:

2120 3398 2182 3454 Si
2202 3408 2346 3470 potes
2359 3398 2584 3464 credere,
2608 3400 2782 3452 omnia
2810 3397 3076 3470 possibilia
3101 3405 3223 3452 sunt
3254 3396 3502 3451 credenti.
3523 3393 3596 3449 Et
3612 3408 3719 3466 pa-

2117 3497 2220 3557 ter,
2239 3491 2423 3558 Credo,
2442 3490 2683 3559 Domine,
2698 3491 2888 3563 adjuva
2905 3489 3319 3546 incredulitatem
3336 3506 3527 3545 meam.
3548 3487 3722 3545 Pater

2115 3586 2326 3652 credit;
2349 3591 2423 3653 et,
2447 3587 2586 3642 sicut
2611 3586 2862 3652 diximus,
2895 3586 3064 3657 patris
3084 3585 3344 3640 liberatur
3361 3583 3485 3651 ﬁde,
3509 3584 3609 3652 qui
3629 3596 3720 3654 pa-

2113 3675 2216 3730 tris
2252 3674 2413 3730 fuerit
2452 3675 2770 3732 inﬁdelitate
2807 3676 3111 3731 damnatus.
3151 3674 3288 3730 Nam
3325 3674 3412 3731 cui
3447 3673 3720 3743 genitoris

2114 3763 2247 3821 ﬁdes
2271 3765 2492 3838 profuit,
2515 3767 2787 3838 quomodo
2806 3768 2858 3822 ei
2883 3767 3142 3837 genitoris
3160 3765 3381 3838 perﬁdia
3401 3767 3584 3837 potuit
3603 3781 3719 3822 non

2115 3861 2346 3915 obesse?
2365 3860 2650 3928 Quomodo
2679 3867 2859 3917 autem
2894 3866 3115 3916 sanatus
3134 3860 3223 3928 sit,
3253 3860 3340 3916 vel
3358 3874 3530 3929 quare
3547 3859 3718 3918 disci-

2112 3955 2246 4026 puli,
2269 3953 2363 4024 qui
2383 3955 2582 4012 multos
2601 3954 2874 4025 eiecerant
2892 3955 3183 4019 daemones,
3205 3953 3351 4009 hunc
3369 3951 3720 4022 nequiverint

2117 4047 2370 4119 effugere,
2384 4048 2604 4118 juvante
2614 4049 2843 4105 Domino
2861 4056 3115 4105 secuturo
3125 4063 3374 4104 sermone
3386 4046 3717 4118 pandemus.

2718 4161 2949 4218 SERMO
2985 4162 3093 4217 Lll.

2749 4233 2830 4287 De
2863 4233 3059 4289 eodem.

2191 4322 2212 4362 ί
2253 4323 2501 4380 Doctoris
2520 4323 2754 4380 oiﬁcium
2774 4331 2858 4380 est
2877 4326 3017 4380 lecta
3053 4325 3348 4388 disserere,
3373 4330 3431 4378 et
3465 4320 3719 4393 mysticis

412 4409 827 4479 transferuntur,
841 4414 1462 4482 augtn-ia,divinationes,
1475 4415 1765 4481 somnia,in
1781 4416 2007 4471 soloDei
2035 4406 2088 4468 D
2109 4415 2398 4472 obscurata
2443 4417 2687 4473 sensibus
2731 4417 2911 4472 lucido
2958 4423 3202 4473 astruere
3240 4422 3295 4470 et
3335 4414 3720 4470 demonstrare

412 4506 568 4564 nutu,
588 4502 642 4556 in
663 4503 759 4558 Dei
777 4511 985 4559 tantum
1006 4506 1408 4561 constituuntur
1426 4508 1724 4562 arbitrium.
1745 4504 2006 4571 Quamdiu

411 4591 554 4662 apud
583 4609 668 4648 vos
689 4595 814 4648 ero?
849 4596 1091 4668 quamdiu
1131 4598 1301 4668 patiar
1317 4598 1440 4652 vos?
1465 4607 1488 4635 ο
1512 4597 1721 4654 Patitur
1740 4599 2001 4670 patientia

410 4699 522 4738 non
546 4684 735 4740 timore
757 4703 771 4751 ;
792 4703 898 4741 non
919 4687 1256 4752 necessitate,
1280 4689 1374 4744 sed
1395 4689 1790 4754 misericordia;
1813 4705 2005 4760 exspe-

412 4775 670 4842 ctatione,
697 4791 802 4831 non
822 4785 968 4833 metu
987 4779 1089 4834 hos
1108 4780 1328 4848 patitur,
1352 4786 1554 4850 portat,
1578 4789 1886 4850 exspectat,
1910 4784 2003 4851 qui

411 4866 592 4922 redire
623 4867 736 4923 vult
766 4869 1006 4938 impium,
1031 4886 1142 4926 non
1180 4872 1380 4941 perire.
1405 4870 1601 4940 Aﬂ'erte
1638 4872 1786 4926 illum
1808 4875 1877 4928 ad
1898 4892 1995 4939 me,

408 4961 563 5025 quasi
583 4957 743 5030 longe
761 4959 996 5031 positum
1015 4977 1208 5018 curare
1234 4978 1341 5018 non
1373 4962 1562 5032 possit,
1585 4961 1681 5018 sed
1700 4962 1887 5020 atferte
1905 4979 2003 5021 vos

481 5151 508 5180 ι
533 5141 702 5215 Feriri
738 5143 1178 5215 interrogatione,
1201 5143 1336 5215 dixit
1360 5144 1672 5201 Bachiarius
1707 5144 1775 5199 de
1813 5143 1999 5215 Recip.

409 5211 573 5286 Laps.
598 5213 776 5286 verba
809 5211 1127 5286 Chrysologi
1165 5214 1351 5269 laudat
1385 5222 1440 5270 et
1484 5215 1715 5270 illustrat
1754 5211 2002 5272 Barthius

411 5282 638 5342 Advers.
673 5285 764 5339 lib.
797 5282 964 5340 xxxii.

481 5352 864 5428 b_l_)ubitabant
883 5354 1028 5428 enim
1051 5368 1121 5410 an
1147 5353 1393 5412 Christus
1421 5371 1544 5412 eum
1571 5363 1755 5428 posset
1782 5371 1991 5412 sanare.

409 5422 491 5477 Du
519 5423 812 5489 Hamelius,
843 5425 949 5481 hic.

483 5503 506 5532 θ
529 5493 598 5549 Ει
615 5510 940 5570 reveracum
959 5493 1290 5570 Chrysolqgo
1312 5505 1509 5570 putant
1519 5498 1608 5570 alii
1631 5498 1996 5570 apostolorum

407 5578 645 5638 quoque,
662 5565 1163 5638 sendiscipulorum
1191 5565 1352 5624 ﬁdem
1379 5565 1687 5636 vacillasse',
1706 5571 1776 5626 ob
1803 5585 1998 5626 conce-

408 5642 557 5703 ptam
571 5636 650 5691 rei
667 5635 1054 5706 difﬁcultatem,
1071 5653 1192 5694 cum
1211 5645 1293 5694 tot
1306 5640 1361 5694 in
1376 5657 1484 5696 uno
1499 5635 1821 5697 coaluissent
1832 5641 1992 5695 mala.

483 5701 516 5776 ιιΑ
539 5703 620 5760 Ex
647 5709 995 5776 sequentibus
1038 5716 1188 5776 patet
1234 5725 1385 5767 mens
1412 5709 1728 5776 Chrysologi
1763 5730 1774 5764 :
1809 5711 1992 5776 objur-

506 5724 620 5786 ζει
647 5724 995 5786 sequentibus
1038 5724 1188 5780 patet
1234 5725 1385 5767 mens
1412 5724 1728 5786 unrysmogt
1763 5730 1774 5764 :
1809 5724 1994 5786 onjur-

483 5728 518 5786 ιι.
539 5728 620 5760 nx
647 5728 995 5776 sequentibus
1038 5728 1188 5780 patet
1234 5728 1385 5767 mens
1412 5728 1728 5783 unrysomgt
1763 5730 1774 5764 :
1809 5728 1994 5781 onJur-

411 5782 682 5852 gattonem
709 5778 913 5852 scilicet
937 5781 1098 5852 istam
1118 5795 1148 5835 e
1175 5796 1269 5834 sua
1299 5784 1565 5837 sententia
1596 5799 1702 5837 non
1724 5783 1997 5852 apostolos

343 5903 390 5941 Ι,
410 5847 698 5923 respicere,
734 5855 794 5904 ut
821 5851 895 5906 ait
925 5848 1180 5920 Origenes
1201 5852 1383 5908 homil.
1409 5852 1442 5907 4
1471 5854 1522 5909 in
1562 5847 1906 5910 Matthftom.
1932 5852 1998 5910 Ill

2112 4523 2383 4575 sermone,
2416 4525 2486 4564 ne
2505 4510 2684 4564 minor
2711 4508 3063 4578 intelligentia
3084 4508 3209 4563 inde
3233 4506 3529 4578 perniciem
3547 4519 3719 4574 gene-

2107 4605 2193 4654 ret
2213 4599 2464 4666 auditori,
2495 4600 2640 4654 unde
2667 4599 2950 4655 scientiam
2976 4596 3224 4654 conferre
3250 4597 3437 4652 debuit
3454 4603 3509 4651 et
3527 4595 3719 4666 potuit

2106 4694 2419 4748 salutarem.
2463 4693 2589 4749 Haec
2615 4699 2698 4748 est
2726 4691 2891 4760 igitur
2917 4691 3190 4746 hodiernae
3222 4688 3574 4745 consonantia
3631 4688 3715 4744 le-

2107 4785 2321 4840 ctionis.
2346 4785 2416 4839 Et
2435 4784 2747 4856 respondens
2769 4799 2900 4836 unus
2923 4781 2987 4835 de
3018 4781 3193 4846 turba,
3219 4782 3392 4835 dixit:
3424 4779 3710 4850 Magister,

2105 4876 2257 4930 attuli
2285 4876 2452 4947 ﬁlium
2480 4893 2648 4930 meum
2668 4873 2936 4928 habentem
2955 4873 3192 4943 spiritum
3210 4872 3424 4927 surdum
3441 4880 3492 4926 et
3508 4879 3715 4926 mutum

2107 4966 2301 5040 (Marc.
2330 4966 2429 5039 rx).
2462 4967 2581 5023 Non
2599 4966 2760 5032 dixit,
2803 4963 2972 5019 Attuli
2992 4963 3159 5018 illium
3185 4979 3368 5019 meum
3400 4963 3626 5020 surdum
3655 4967 3714 5018 et

2108 5161 2232 5218 pag.
2248 5147 2328 5233 All?
2355 5149 2458 5204 col.
2496 5148 2521 5202 l
2547 5148 3100 5233 antiquae_edit."apud
3118 5147 3308 5230 Juntas
3329 5145 3498 5233 ιλδδεξρ
3529 5161 3712 5233 neque

2109 5219 2386 5288 apostolos
2413 5234 2565 5288 teque
2605 5219 3094 5276 ac’multitudin’em
3121 5219 3581 5274 circumstantium
3599 5259 3618 5283 ,
3652 5226 3713 5273 ut

2106 5287 2466 5357 Ligthfootius
2483 5333 2498 5356 ,
2522 5289 2762 5346 Clericus
2779 5333 2794 5358 ,
2818 5300 2874 5347 et
2900 5289 3111 5357 Glossa,
3142 5289 3240 5346 sed
3257 5287 3473 5344 Judazos
3493 5295 3710 5344 tantum

2102 5373 2243 5433 quos
2267 5361 2552 5433 gentilibus
2578 5369 2874 5433 comparat.

2177 5439 2200 5501 ξ
2218 5430 2475 5501 Apposite
2488 5429 2717 5488 dictum;
2725 5432 2859 5487 Nam
2873 5431 3117 5489 Christus
3125 5429 3362 5488 ostendit
3372 5429 3564 5485 divinae
3577 5441 3710 5501 erga

2100 5497 2318 5580 Iudaeos
2330 5503 2602 5580 patientia:
2632 5511 2872 5580 tempora
2897 5503 3374 5580 appropinquasse,
3404 5508 3461 5554 et
3486 5497 3709 5580 respicit

2101 5571 2245 5640 quod
2275 5571 2778 5629 in’Deuteronomio
2806 5571 3002 5630 dicitur
3027 5571 3096 5629 de
3122 5571 3410 5628 vocatione
3437 5571 3704 5640 gentium.

2176 5640 2198 5680 ί
2231 5642 2505 5716 Doctoris,
2537 5659 2631 5716 seu
2670 5644 2914 5701 docentis
2960 5644 3249 5716 appellatio
3295 5638 3456 5716 apud
3483 5638 3706 5716 Latinos

2100 5714 2299 5783 passim
2330 5709 2507 5784 obvia.
2533 5714 2860 5784 Augustinus
2895 5709 3055 5772 serin'.
3090 5713 3192 5768 122
3218 5713 3286 5768 de
3310 5709 3530 5784 divers_._;
3561 5709 3702 5764 Liri-

2102 5781 2284 5860 nensis
2330 5781 2654 5860 Commonit.
2705 5801 2824 5860 cap.
2868 5785 2970 5856 27;
3021 5784 3310 5856 Gregorius
3347 5781 3417 5836 Μ.
3459 5781 3556 5836 lib.
3594 5795 3702 5839 XVII

2102 5854 2290 5912 Mora].
2317 5871 2436 5930 cap.
2462 5853 2548 5912 ﬂ.
2771 5853 2790 5860 '
2958 5853 2963 5856 ⁷
