  <div class='ocr_page' id='page_1' title='image "/cluster/home/n/w/nwhite01/storage/ocr_20150623/52/hvd.32044015706419/176.png"; bbox 0 0 3882 6356; ppageno 0'>
   <div class='ocr_carea' id='block_1_1' title="bbox 234 351 332 410">
    <p class='ocr_par' dir='ltr' id='par_1_1' title="bbox 234 351 332 410">
     <span class='ocr_line' id='line_1_1' title="bbox 234 351 332 410; baseline -0.031 0"><span class='ocrx_word' id='word_1_1' title='bbox 234 351 332 410; x_wconf 65' lang='lat'><strong>3‘5</strong></span> 
     </span>
    </p>
   </div>
   <div class='ocr_carea' id='block_1_2' title="bbox 1692 340 2067 400">
    <p class='ocr_par' dir='ltr' id='par_1_2' title="bbox 1692 340 2067 400">
     <span class='ocr_line' id='line_1_2' title="bbox 1692 340 2067 400; baseline -0.008 0"><span class='ocrx_word' id='word_1_2' title='bbox 1692 341 1921 400; x_wconf 65' lang='grc' dir='ltr'><strong>διεκιιο</strong></span> <span class='ocrx_word' id='word_1_3' title='bbox 1958 340 2067 399; x_wconf 67' lang='grc' dir='ltr'><strong>ιιιι.</strong></span> 
     </span>
    </p>
   </div>
   <div class='ocr_carea' id='block_1_3' title="bbox 3400 359 3506 422">
    <p class='ocr_par' dir='ltr' id='par_1_3' title="bbox 3400 359 3506 422">
     <span class='ocr_line' id='line_1_3' title="bbox 3400 359 3506 422; baseline 0 0"><span class='ocrx_word' id='word_1_4' title='bbox 3400 359 3506 422; x_wconf 70' lang='grc' dir='ltr'><strong>Βῦϐ</strong></span> 
     </span>
    </p>
   </div>
   <div class='ocr_carea' id='block_1_4' title="bbox 232 459 3508 548">
    <p class='ocr_par' dir='ltr' id='par_1_4' title="bbox 232 459 3508 548">
     <span class='ocr_line' id='line_1_4' title="bbox 232 459 3508 548; baseline -0 -24"><span class='ocrx_word' id='word_1_5' title='bbox 232 471 460 532; x_wconf 89' lang='lat' dir='ltr'><strong>mutum,</strong></span> <span class='ocrx_word' id='word_1_6' title='bbox 491 463 606 533; x_wconf 87' lang='lat' dir='ltr'><strong>sed,</strong></span> <span class='ocrx_word' id='word_1_7' title='bbox 633 462 802 520; x_wconf 78' lang='lat' dir='ltr'><strong>Attuli</strong></span> <span class='ocrx_word' id='word_1_8' title='bbox 825 461 993 519; x_wconf 86' lang='lat' dir='ltr'><strong>ﬁlium</strong></span> <span class='ocrx_word' id='word_1_9' title='bbox 1011 474 1192 518; x_wconf 86' lang='lat' dir='ltr'><strong>meum</strong></span> <span class='ocrx_word' id='word_1_10' title='bbox 1213 468 1238 500; x_wconf 75' lang='grc' dir='ltr'><strong>ι</strong></span> <span class='ocrx_word' id='word_1_11' title='bbox 1261 460 1551 518; x_wconf 81' lang='lat' dir='ltr'><strong>habentem</strong></span> <span class='ocrx_word' id='word_1_12' title='bbox 1574 459 1821 532; x_wconf 84' lang='lat' dir='ltr'><strong>spiritum</strong></span> <span class='ocrx_word' id='word_1_13' title='bbox 1847 465 1902 523; x_wconf 79' lang='grc' dir='ltr'><strong>Α</strong></span> <span class='ocrx_word' id='word_1_14' title='bbox 1925 476 2028 518; x_wconf 88' lang='lat' dir='ltr'><strong>nec</strong></span> <span class='ocrx_word' id='word_1_15' title='bbox 2054 467 2286 533; x_wconf 81' lang='lat' dir='ltr'><strong>poterat,</strong></span> <span class='ocrx_word' id='word_1_16' title='bbox 2311 477 2414 521; x_wconf 87' lang='lat' dir='ltr'><strong>nec</strong></span> <span class='ocrx_word' id='word_1_17' title='bbox 2439 463 2574 534; x_wconf 84' lang='lat' dir='ltr'><strong>fari;</strong></span> <span class='ocrx_word' id='word_1_18' title='bbox 2614 470 2669 522; x_wconf 90' lang='lat' dir='ltr'><strong>et</strong></span> <span class='ocrx_word' id='word_1_19' title='bbox 2695 470 2754 522; x_wconf 91' lang='lat' dir='ltr'><strong>ut</strong></span> <span class='ocrx_word' id='word_1_20' title='bbox 2779 465 2924 538; x_wconf 88' lang='lat' dir='ltr'><strong>quod</strong></span> <span class='ocrx_word' id='word_1_21' title='bbox 2951 473 3069 525; x_wconf 88' lang='lat' dir='ltr'><strong>erat</strong></span> <span class='ocrx_word' id='word_1_22' title='bbox 3093 467 3344 530; x_wconf 89' lang='lat' dir='ltr'><strong>diabolici</strong></span> <span class='ocrx_word' id='word_1_23' title='bbox 3375 491 3508 548; x_wconf 79' lang='lat' dir='ltr'><strong>Ope.</strong></span> 
     </span>
    </p>
   </div>
   <div class='ocr_carea' id='block_1_5' title="bbox 230 553 1822 626">
    <p class='ocr_par' dir='ltr' id='par_1_5' title="bbox 230 553 1822 626">
     <span class='ocr_line' id='line_1_5' title="bbox 230 553 1822 626; baseline -0.006 -9"><span class='ocrx_word' id='word_1_24' title='bbox 230 560 456 617; x_wconf 90' lang='lat' dir='ltr'><strong>surdum</strong></span> <span class='ocrx_word' id='word_1_25' title='bbox 486 563 544 614; x_wconf 92' lang='lat' dir='ltr'><strong>et</strong></span> <span class='ocrx_word' id='word_1_26' title='bbox 570 562 797 614; x_wconf 90' lang='lat' dir='ltr'><strong>mutum.</strong></span> <span class='ocrx_word' id='word_1_27' title='bbox 835 553 1105 626; x_wconf 84' lang='lat' dir='ltr'><strong>Numquid</strong></span> <span class='ocrx_word' id='word_1_28' title='bbox 1139 553 1382 625; x_wconf 79' lang='lat' dir='ltr'><strong>nequitia</strong></span> <span class='ocrx_word' id='word_1_29' title='bbox 1435 553 1690 624; x_wconf 74' lang='lat' dir='ltr'><strong>spiritalis</strong></span> <span class='ocrx_word' id='word_1_30' title='bbox 1717 553 1822 608; x_wconf 85' lang='lat' dir='ltr'><strong>hu-</strong></span> 
     </span>
    </p>
   </div>
   <div class='ocr_carea' id='block_1_6' title="bbox 228 648 1825 720">
    <p class='ocr_par' dir='ltr' id='par_1_6' title="bbox 228 648 1825 720">
     <span class='ocr_line' id='line_1_6' title="bbox 228 648 1825 720; baseline -0.003 -13"><span class='ocrx_word' id='word_1_31' title='bbox 228 652 406 707; x_wconf 84' lang='lat' dir='ltr'><strong>manis</strong></span> <span class='ocrx_word' id='word_1_32' title='bbox 450 651 795 720; x_wconf 76' lang='lat' dir='ltr'><strong>distinguitur</strong></span> <span class='ocrx_word' id='word_1_33' title='bbox 832 648 1109 716; x_wconf 84' lang='lat' dir='ltr'><strong>membris,</strong></span> <span class='ocrx_word' id='word_1_34' title='bbox 1142 653 1197 703; x_wconf 89' lang='lat' dir='ltr'><strong>et</strong></span> <span class='ocrx_word' id='word_1_35' title='bbox 1234 648 1480 704; x_wconf 89' lang='lat' dir='ltr'><strong>sensibus</strong></span> <span class='ocrx_word' id='word_1_36' title='bbox 1507 652 1825 717; x_wconf 81' lang='lat' dir='ltr'><strong>angustatur</strong></span> 
     </span>
    </p>
   </div>
   <div class='ocr_carea' id='block_1_7' title="bbox 230 740 1824 812">
    <p class='ocr_par' dir='ltr' id='par_1_7' title="bbox 230 740 1824 812">
     <span class='ocr_line' id='line_1_7' title="bbox 230 740 1824 812; baseline -0.002 -13"><span class='ocrx_word' id='word_1_37' title='bbox 230 744 505 811; x_wconf 86' lang='lat' dir='ltr'><strong>humanis,</strong></span> <span class='ocrx_word' id='word_1_38' title='bbox 537 750 595 798; x_wconf 90' lang='lat' dir='ltr'><strong>ut</strong></span> <span class='ocrx_word' id='word_1_39' title='bbox 621 743 927 799; x_wconf 81' lang='lat' dir='ltr'><strong>debilitates</strong></span> <span class='ocrx_word' id='word_1_40' title='bbox 947 748 1180 810; x_wconf 91' lang='lat' dir='ltr'><strong>nostras,</strong></span> <span class='ocrx_word' id='word_1_41' title='bbox 1207 747 1420 796; x_wconf 84' lang='lat' dir='ltr'><strong>nostras</strong></span> <span class='ocrx_word' id='word_1_42' title='bbox 1445 740 1682 812; x_wconf 77' lang='lat' dir='ltr'><strong>perferat</strong></span> <span class='ocrx_word' id='word_1_43' title='bbox 1698 755 1824 811; x_wconf 88' lang='lat' dir='ltr'><strong>pas-</strong></span> 
     </span>
    </p>
   </div>
   <div class='ocr_carea' id='block_1_8' title="bbox 228 834 1826 910">
    <p class='ocr_par' dir='ltr' id='par_1_8' title="bbox 228 834 1826 910">
     <span class='ocr_line' id='line_1_8' title="bbox 228 834 1826 910; baseline -0.001 -18"><span class='ocrx_word' id='word_1_44' title='bbox 228 839 442 904; x_wconf 79' lang='lat' dir='ltr'><strong>siones;</strong></span> <span class='ocrx_word' id='word_1_45' title='bbox 465 853 571 894; x_wconf 89' lang='lat' dir='ltr'><strong>nec</strong></span> <span class='ocrx_word' id='word_1_46' title='bbox 597 837 786 894; x_wconf 90' lang='lat' dir='ltr'><strong>videre</strong></span> <span class='ocrx_word' id='word_1_47' title='bbox 821 837 1013 910; x_wconf 90' lang='lat' dir='ltr'><strong>possit,</strong></span> <span class='ocrx_word' id='word_1_48' title='bbox 1043 836 1148 892; x_wconf 88' lang='lat' dir='ltr'><strong>nisi</strong></span> <span class='ocrx_word' id='word_1_49' title='bbox 1167 834 1420 892; x_wconf 80' lang='lat' dir='ltr'><strong>fenestris</strong></span> <span class='ocrx_word' id='word_1_50' title='bbox 1448 834 1746 902; x_wconf 91' lang='lat' dir='ltr'><strong>oculorum,</strong></span> <span class='ocrx_word' id='word_1_51' title='bbox 1769 842 1826 892; x_wconf 90' lang='lat' dir='ltr'><strong>et</strong></span> 
     </span>
    </p>
   </div>
   <div class='ocr_carea' id='block_1_9' title="bbox 226 925 1826 1000">
    <p class='ocr_par' dir='ltr' id='par_1_9' title="bbox 226 925 1826 1000">
     <span class='ocr_line' id='line_1_9' title="bbox 226 925 1826 1000; baseline -0.001 -17"><span class='ocrx_word' id='word_1_52' title='bbox 226 929 590 986; x_wconf 74' lang='lat' dir='ltr'><strong>foraminibus</strong></span> <span class='ocrx_word' id='word_1_53' title='bbox 617 929 827 985; x_wconf 89' lang='lat' dir='ltr'><strong>aurium</strong></span> <span class='ocrx_word' id='word_1_54' title='bbox 866 944 1062 1000; x_wconf 84' lang='lat' dir='ltr'><strong>capere</strong></span> <span class='ocrx_word' id='word_1_55' title='bbox 1099 927 1374 996; x_wconf 91' lang='lat' dir='ltr'><strong>auditum;</strong></span> <span class='ocrx_word' id='word_1_56' title='bbox 1396 941 1698 984; x_wconf 89' lang='lat' dir='ltr'><strong>sermonem</strong></span> <span class='ocrx_word' id='word_1_57' title='bbox 1721 925 1826 982; x_wconf 90' lang='lat' dir='ltr'><strong>lin-</strong></span> 
     </span>
    </p>
   </div>
   <div class='ocr_carea' id='block_1_10' title="bbox 228 1019 1826 1095">
    <p class='ocr_par' dir='ltr' id='par_1_10' title="bbox 228 1019 1826 1095">
     <span class='ocr_line' id='line_1_10' title="bbox 228 1019 1826 1095; baseline -0.002 -16"><span class='ocrx_word' id='word_1_58' title='bbox 228 1039 344 1093; x_wconf 78' lang='lat' dir='ltr'><strong>guze</strong></span> <span class='ocrx_word' id='word_1_59' title='bbox 365 1030 464 1078; x_wconf 90' lang='lat' dir='ltr'><strong>aut</strong></span> <span class='ocrx_word' id='word_1_60' title='bbox 491 1025 604 1080; x_wconf 89' lang='lat' dir='ltr'><strong>oris</strong></span> <span class='ocrx_word' id='word_1_61' title='bbox 622 1022 802 1080; x_wconf 76' lang='lat' dir='ltr'><strong>ofﬁcio</strong></span> <span class='ocrx_word' id='word_1_62' title='bbox 819 1021 1082 1095; x_wconf 86' lang='lat' dir='ltr'><strong>proferre,</strong></span> <span class='ocrx_word' id='word_1_63' title='bbox 1105 1029 1161 1078; x_wconf 87' lang='lat' dir='ltr'><strong>et</strong></span> <span class='ocrx_word' id='word_1_64' title='bbox 1177 1036 1278 1092; x_wconf 92' lang='lat' dir='ltr'><strong>per</strong></span> <span class='ocrx_word' id='word_1_65' title='bbox 1297 1021 1404 1077; x_wconf 91' lang='lat' dir='ltr'><strong>hoc</strong></span> <span class='ocrx_word' id='word_1_66' title='bbox 1421 1019 1568 1076; x_wconf 91' lang='lat' dir='ltr'><strong>surdi</strong></span> <span class='ocrx_word' id='word_1_67' title='bbox 1587 1019 1826 1090; x_wconf 82' lang='lat' dir='ltr'><strong>mutique</strong></span> 
     </span>
    </p>
   </div>
   <div class='ocr_carea' id='block_1_11' title="bbox 229 1114 1827 1184">
    <p class='ocr_par' dir='ltr' id='par_1_11' title="bbox 229 1114 1827 1184">
     <span class='ocr_line' id='line_1_11' title="bbox 229 1114 1827 1184; baseline -0.003 -12"><span class='ocrx_word' id='word_1_68' title='bbox 229 1122 438 1172; x_wconf 85' lang='lat' dir='ltr'><strong>statum</strong></span> <span class='ocrx_word' id='word_1_69' title='bbox 459 1116 822 1173; x_wconf 88' lang='lat' dir='ltr'><strong>miserabilem</strong></span> <span class='ocrx_word' id='word_1_70' title='bbox 843 1116 1127 1184; x_wconf 89' lang='lat' dir='ltr'><strong>sustinere,</strong></span> <span class='ocrx_word' id='word_1_71' title='bbox 1142 1131 1264 1171; x_wconf 91' lang='lat' dir='ltr'><strong>cum</strong></span> <span class='ocrx_word' id='word_1_72' title='bbox 1283 1114 1463 1170; x_wconf 90' lang='lat' dir='ltr'><strong>tenuis</strong></span> <span class='ocrx_word' id='word_1_73' title='bbox 1483 1119 1538 1169; x_wconf 90' lang='lat' dir='ltr'><strong>et</strong></span> <span class='ocrx_word' id='word_1_74' title='bbox 1555 1127 1715 1169; x_wconf 89' lang='lat' dir='ltr'><strong>aerea</strong></span> <span class='ocrx_word' id='word_1_75' title='bbox 1735 1127 1827 1168; x_wconf 86' lang='lat' dir='ltr'><strong>na-</strong></span> 
     </span>
    </p>
   </div>
   <div class='ocr_carea' id='block_1_12' title="bbox 230 1207 1827 1280">
    <p class='ocr_par' dir='ltr' id='par_1_12' title="bbox 230 1207 1827 1280">
     <span class='ocr_line' id='line_1_12' title="bbox 230 1207 1827 1280; baseline -0.001 -16"><span class='ocrx_word' id='word_1_76' title='bbox 230 1218 350 1265; x_wconf 82' lang='lat' dir='ltr'><strong>tura</strong></span> <span class='ocrx_word' id='word_1_77' title='bbox 373 1226 598 1266; x_wconf 92' lang='lat' dir='ltr'><strong>carnem</strong></span> <span class='ocrx_word' id='word_1_78' title='bbox 635 1211 861 1277; x_wconf 88' lang='lat' dir='ltr'><strong>nesciat,</strong></span> <span class='ocrx_word' id='word_1_79' title='bbox 887 1211 1086 1265; x_wconf 91' lang='lat' dir='ltr'><strong>refutet</strong></span> <span class='ocrx_word' id='word_1_80' title='bbox 1122 1225 1265 1277; x_wconf 90' lang='lat' dir='ltr'><strong>ossa,</strong></span> <span class='ocrx_word' id='word_1_81' title='bbox 1292 1209 1438 1265; x_wconf 92' lang='lat' dir='ltr'><strong>velut</strong></span> <span class='ocrx_word' id='word_1_82' title='bbox 1465 1223 1596 1263; x_wconf 89' lang='lat' dir='ltr'><strong>aura</strong></span> <span class='ocrx_word' id='word_1_83' title='bbox 1616 1207 1827 1280; x_wconf 87' lang='lat' dir='ltr'><strong>spirans</strong></span> 
     </span>
    </p>
   </div>
   <div class='ocr_carea' id='block_1_13' title="bbox 231 1300 1826 1375">
    <p class='ocr_par' dir='ltr' id='par_1_13' title="bbox 231 1300 1826 1375">
     <span class='ocr_line' id='line_1_13' title="bbox 231 1300 1826 1375; baseline -0.002 -16"><span class='ocrx_word' id='word_1_84' title='bbox 231 1303 427 1359; x_wconf 87' lang='lat' dir='ltr'><strong>orbem</strong></span> <span class='ocrx_word' id='word_1_85' title='bbox 446 1310 623 1360; x_wconf 92' lang='lat' dir='ltr'><strong>totum</strong></span> <span class='ocrx_word' id='word_1_86' title='bbox 641 1302 670 1343; x_wconf 71' lang='grc' dir='ltr'>δ</span> <span class='ocrx_word' id='word_1_87' title='bbox 698 1303 959 1375; x_wconf 89' lang='lat' dir='ltr'><strong>temporis</strong></span> <span class='ocrx_word' id='word_1_88' title='bbox 979 1307 1219 1358; x_wconf 87' lang='lat' dir='ltr'><strong>transeat</strong></span> <span class='ocrx_word' id='word_1_89' title='bbox 1244 1301 1301 1357; x_wconf 90' lang='lat' dir='ltr'><strong>in</strong></span> <span class='ocrx_word' id='word_1_90' title='bbox 1330 1306 1626 1368; x_wconf 90' lang='lat' dir='ltr'><strong>momento,</strong></span> <span class='ocrx_word' id='word_1_91' title='bbox 1650 1300 1826 1357; x_wconf 90' lang='lat' dir='ltr'><strong>diver-</strong></span> 
     </span>
    </p>
   </div>
   <div class='ocr_carea' id='block_1_14' title="bbox 228 1391 1826 1464">
    <p class='ocr_par' dir='ltr' id='par_1_14' title="bbox 228 1391 1826 1464">
     <span class='ocr_line' id='line_1_14' title="bbox 228 1391 1826 1464; baseline 0.001 -16"><span class='ocrx_word' id='word_1_92' title='bbox 228 1407 319 1450; x_wconf 83' lang='lat' dir='ltr'><strong>sas</strong></span> <span class='ocrx_word' id='word_1_93' title='bbox 349 1394 566 1464; x_wconf 89' lang='lat' dir='ltr'><strong>species</strong></span> <span class='ocrx_word' id='word_1_94' title='bbox 593 1401 851 1460; x_wconf 89' lang='lat' dir='ltr'><strong>assumat,</strong></span> <span class='ocrx_word' id='word_1_95' title='bbox 874 1395 1050 1451; x_wconf 89' lang='lat' dir='ltr'><strong>varias</strong></span> <span class='ocrx_word' id='word_1_96' title='bbox 1075 1400 1312 1450; x_wconf 88' lang='lat' dir='ltr'><strong>mutetur</strong></span> <span class='ocrx_word' id='word_1_97' title='bbox 1329 1394 1385 1449; x_wconf 89' lang='lat' dir='ltr'><strong>in</strong></span> <span class='ocrx_word' id='word_1_98' title='bbox 1415 1391 1634 1460; x_wconf 82' lang='lat' dir='ltr'><strong>formas,</strong></span> <span class='ocrx_word' id='word_1_99' title='bbox 1662 1391 1826 1449; x_wconf 86' lang='lat' dir='ltr'><strong>corda</strong></span> 
     </span>
    </p>
   </div>
   <div class='ocr_carea' id='block_1_15' title="bbox 228 1483 1831 1556">
    <p class='ocr_par' dir='ltr' id='par_1_15' title="bbox 228 1483 1831 1556">
     <span class='ocr_line' id='line_1_15' title="bbox 228 1483 1831 1556; baseline 0 -16"><span class='ocrx_word' id='word_1_100' title='bbox 228 1491 502 1556; x_wconf 88' lang='lat' dir='ltr'><strong>penetret,</strong></span> <span class='ocrx_word' id='word_1_101' title='bbox 527 1485 717 1542; x_wconf 89' lang='lat' dir='ltr'><strong>illudat</strong></span> <span class='ocrx_word' id='word_1_102' title='bbox 737 1487 1037 1552; x_wconf 87' lang='lat' dir='ltr'><strong>animabus,</strong></span> <span class='ocrx_word' id='word_1_103' title='bbox 1066 1485 1292 1556; x_wconf 88' lang='lat' dir='ltr'><strong>inspiret</strong></span> <span class='ocrx_word' id='word_1_104' title='bbox 1317 1483 1509 1556; x_wconf 89' lang='lat' dir='ltr'><strong>impias</strong></span> <span class='ocrx_word' id='word_1_105' title='bbox 1539 1490 1596 1540; x_wconf 92' lang='lat' dir='ltr'><strong>et</strong></span> <span class='ocrx_word' id='word_1_106' title='bbox 1631 1483 1831 1556; x_wconf 90' lang='lat' dir='ltr'><strong>turpis-</strong></span> 
     </span>
    </p>
   </div>
   <div class='ocr_carea' id='block_1_16' title="bbox 229 1575 1830 1648">
    <p class='ocr_par' dir='ltr' id='par_1_16' title="bbox 229 1575 1830 1648">
     <span class='ocr_line' id='line_1_16' title="bbox 229 1575 1830 1648; baseline 0 -16"><span class='ocrx_word' id='word_1_107' title='bbox 229 1578 400 1633; x_wconf 89' lang='lat' dir='ltr'><strong>simas</strong></span> <span class='ocrx_word' id='word_1_108' title='bbox 440 1578 821 1648; x_wconf 78' lang='lat' dir='ltr'><strong>cogitationes,</strong></span> <span class='ocrx_word' id='word_1_109' title='bbox 861 1594 964 1634; x_wconf 92' lang='lat' dir='ltr'><strong>nec</strong></span> <span class='ocrx_word' id='word_1_110' title='bbox 991 1578 1134 1634; x_wconf 91' lang='lat' dir='ltr'><strong>unde</strong></span> <span class='ocrx_word' id='word_1_111' title='bbox 1159 1578 1343 1634; x_wconf 82' lang='lat' dir='ltr'><strong>veniat</strong></span> <span class='ocrx_word' id='word_1_112' title='bbox 1380 1583 1473 1632; x_wconf 87' lang='lat' dir='ltr'><strong>aut</strong></span> <span class='ocrx_word' id='word_1_113' title='bbox 1498 1591 1606 1648; x_wconf 91' lang='lat' dir='ltr'><strong>quo</strong></span> <span class='ocrx_word' id='word_1_114' title='bbox 1643 1575 1830 1632; x_wconf 90' lang='lat' dir='ltr'><strong>redeat</strong></span> 
     </span>
    </p>
   </div>
   <div class='ocr_carea' id='block_1_17' title="bbox 229 1669 1830 1740">
    <p class='ocr_par' dir='ltr' id='par_1_17' title="bbox 229 1669 1830 1740">
     <span class='ocr_line' id='line_1_17' title="bbox 229 1669 1830 1740; baseline 0 -14"><span class='ocrx_word' id='word_1_115' title='bbox 229 1671 532 1735; x_wconf 88' lang='lat' dir='ltr'><strong>sentiatur,</strong></span> <span class='ocrx_word' id='word_1_116' title='bbox 565 1687 629 1727; x_wconf 90' lang='lat' dir='ltr'><strong>ac</strong></span> <span class='ocrx_word' id='word_1_117' title='bbox 663 1672 742 1728; x_wconf 91' lang='lat' dir='ltr'><strong>sic</strong></span> <span class='ocrx_word' id='word_1_118' title='bbox 767 1672 1030 1728; x_wconf 89' lang='lat' dir='ltr'><strong>innocuas</strong></span> <span class='ocrx_word' id='word_1_119' title='bbox 1049 1677 1279 1738; x_wconf 87' lang='lat' dir='ltr'><strong>mentes,</strong></span> <span class='ocrx_word' id='word_1_120' title='bbox 1297 1671 1443 1727; x_wconf 90' lang='lat' dir='ltr'><strong>velut</strong></span> <span class='ocrx_word' id='word_1_121' title='bbox 1467 1669 1707 1740; x_wconf 87' lang='lat' dir='ltr'><strong>jaculum</strong></span> <span class='ocrx_word' id='word_1_122' title='bbox 1732 1685 1830 1726; x_wconf 90' lang='lat' dir='ltr'><strong>vo-</strong></span> 
     </span>
    </p>
   </div>
   <div class='ocr_carea' id='block_1_18' title="bbox 231 1760 1830 1828">
    <p class='ocr_par' dir='ltr' id='par_1_18' title="bbox 231 1760 1830 1828">
     <span class='ocr_line' id='line_1_18' title="bbox 231 1760 1830 1828; baseline -0.002 -12"><span class='ocrx_word' id='word_1_123' title='bbox 231 1762 370 1828; x_wconf 89' lang='lat' dir='ltr'><strong>lans,</strong></span> <span class='ocrx_word' id='word_1_124' title='bbox 399 1762 589 1817; x_wconf 90' lang='lat' dir='ltr'><strong>lcthali</strong></span> <span class='ocrx_word' id='word_1_125' title='bbox 615 1763 836 1818; x_wconf 80' lang='lat' dir='ltr'><strong>vulnere</strong></span> <span class='ocrx_word' id='word_1_126' title='bbox 868 1769 923 1818; x_wconf 89' lang='lat' dir='ltr'><strong>et</strong></span> <span class='ocrx_word' id='word_1_127' title='bbox 953 1767 1070 1818; x_wconf 90' lang='lat' dir='ltr'><strong>tota</strong></span> <span class='ocrx_word' id='word_1_128' title='bbox 1105 1761 1366 1819; x_wconf 86' lang='lat' dir='ltr'><strong>facilitate</strong></span> <span class='ocrx_word' id='word_1_129' title='bbox 1395 1760 1830 1817; x_wconf 84' lang='lat' dir='ltr'><strong>transverberet?</strong></span> 
     </span>
    </p>
   </div>
   <div class='ocr_carea' id='block_1_19' title="bbox 232 1853 1830 1928">
    <p class='ocr_par' dir='ltr' id='par_1_19' title="bbox 232 1853 1830 1928">
     <span class='ocr_line' id='line_1_19' title="bbox 232 1853 1830 1928; baseline 0.001 -22"><span class='ocrx_word' id='word_1_130' title='bbox 232 1853 436 1910; x_wconf 87' lang='lat' dir='ltr'><strong>Parum</strong></span> <span class='ocrx_word' id='word_1_131' title='bbox 453 1861 600 1910; x_wconf 89' lang='lat' dir='ltr'><strong>esset</strong></span> <span class='ocrx_word' id='word_1_132' title='bbox 615 1855 660 1910; x_wconf 93' lang='lat' dir='ltr'><strong>si</strong></span> <span class='ocrx_word' id='word_1_133' title='bbox 683 1855 789 1912; x_wconf 92' lang='lat' dir='ltr'><strong>hoc</strong></span> <span class='ocrx_word' id='word_1_134' title='bbox 806 1860 963 1928; x_wconf 86' lang='lat' dir='ltr'><strong>pater</strong></span> <span class='ocrx_word' id='word_1_135' title='bbox 980 1855 1126 1911; x_wconf 87' lang='lat' dir='ltr'><strong>solus</strong></span> <span class='ocrx_word' id='word_1_136' title='bbox 1145 1870 1242 1911; x_wconf 91' lang='lat' dir='ltr'><strong>sua</strong></span> <span class='ocrx_word' id='word_1_137' title='bbox 1261 1854 1651 1927; x_wconf 88' lang='lat' dir='ltr'><strong>supplicatione</strong></span> <span class='ocrx_word' id='word_1_138' title='bbox 1663 1853 1830 1909; x_wconf 89' lang='lat' dir='ltr'><strong>dixis-</strong></span> 
     </span>
    </p>
   </div>
   <div class='ocr_carea' id='block_1_20' title="bbox 229 1945 1830 2019">
    <p class='ocr_par' dir='ltr' id='par_1_20' title="bbox 229 1945 1830 2019">
     <span class='ocr_line' id='line_1_20' title="bbox 229 1945 1830 2019; baseline -0.001 -19"><span class='ocrx_word' id='word_1_139' title='bbox 229 1951 337 2012; x_wconf 87' lang='lat' dir='ltr'><strong>set,</strong></span> <span class='ocrx_word' id='word_1_140' title='bbox 361 1961 493 2000; x_wconf 89' lang='lat' dir='ltr'><strong>cum</strong></span> <span class='ocrx_word' id='word_1_141' title='bbox 513 1945 683 2001; x_wconf 82' lang='lat' dir='ltr'><strong>dixit:</strong></span> <span class='ocrx_word' id='word_1_142' title='bbox 715 1946 881 2001; x_wconf 84' lang='lat' dir='ltr'><strong>Attuli</strong></span> <span class='ocrx_word' id='word_1_143' title='bbox 918 1947 1087 2019; x_wconf 83' lang='lat' dir='ltr'><strong>ﬁlium</strong></span> <span class='ocrx_word' id='word_1_144' title='bbox 1114 1963 1282 2001; x_wconf 87' lang='lat' dir='ltr'><strong>meum</strong></span> <span class='ocrx_word' id='word_1_145' title='bbox 1302 1945 1574 2000; x_wconf 81' lang='lat' dir='ltr'><strong>habentem</strong></span> <span class='ocrx_word' id='word_1_146' title='bbox 1593 1945 1830 2016; x_wconf 78' lang='lat' dir='ltr'><strong>spiritum</strong></span> 
     </span>
    </p>
   </div>
   <div class='ocr_carea' id='block_1_21' title="bbox 226 2038 1829 2112">
    <p class='ocr_par' dir='ltr' id='par_1_21' title="bbox 226 2038 1829 2112">
     <span class='ocr_line' id='line_1_21' title="bbox 226 2038 1829 2112; baseline 0 -19"><span class='ocrx_word' id='word_1_147' title='bbox 226 2038 453 2093; x_wconf 82' lang='lat' dir='ltr'><strong>surdum</strong></span> <span class='ocrx_word' id='word_1_148' title='bbox 471 2048 525 2094; x_wconf 87' lang='lat' dir='ltr'><strong>et</strong></span> <span class='ocrx_word' id='word_1_149' title='bbox 542 2050 754 2107; x_wconf 83' lang='lat' dir='ltr'><strong>mutum,</strong></span> <span class='ocrx_word' id='word_1_150' title='bbox 787 2041 892 2096; x_wconf 87' lang='lat' dir='ltr'><strong>nisi</strong></span> <span class='ocrx_word' id='word_1_151' title='bbox 916 2041 1176 2096; x_wconf 90' lang='lat' dir='ltr'><strong>Dominus</strong></span> <span class='ocrx_word' id='word_1_152' title='bbox 1203 2041 1319 2112; x_wconf 91' lang='lat' dir='ltr'><strong>ipse</strong></span> <span class='ocrx_word' id='word_1_153' title='bbox 1347 2040 1680 2096; x_wconf 87' lang='lat' dir='ltr'><strong>immundum</strong></span> <span class='ocrx_word' id='word_1_154' title='bbox 1716 2038 1829 2111; x_wconf 90' lang='lat' dir='ltr'><strong>spi-</strong></span> 
     </span>
    </p>
   </div>
   <div class='ocr_carea' id='block_1_22' title="bbox 231 2129 1832 2203">
    <p class='ocr_par' dir='ltr' id='par_1_22' title="bbox 231 2129 1832 2203">
     <span class='ocr_line' id='line_1_22' title="bbox 231 2129 1832 2203; baseline 0.002 -20"><span class='ocrx_word' id='word_1_155' title='bbox 231 2130 401 2183; x_wconf 87' lang='lat' dir='ltr'><strong>ritum</strong></span> <span class='ocrx_word' id='word_1_156' title='bbox 424 2129 526 2184; x_wconf 87' lang='lat' dir='ltr'><strong>tali</strong></span> <span class='ocrx_word' id='word_1_157' title='bbox 545 2130 916 2202; x_wconf 88' lang='lat' dir='ltr'><strong>increpatione</strong></span> <span class='ocrx_word' id='word_1_158' title='bbox 935 2131 1228 2203; x_wconf 88' lang='lat' dir='ltr'><strong>depulisset</strong></span> <span class='ocrx_word' id='word_1_159' title='bbox 1251 2149 1264 2184; x_wconf 88' lang='lat'><strong>:</strong></span> <span class='ocrx_word' id='word_1_160' title='bbox 1300 2129 1470 2187; x_wconf 74' lang='lat' dir='ltr'><strong>Surda</strong></span> <span class='ocrx_word' id='word_1_161' title='bbox 1489 2139 1538 2186; x_wconf 87' lang='lat' dir='ltr'><strong>et</strong></span> <span class='ocrx_word' id='word_1_162' title='bbox 1563 2140 1703 2187; x_wconf 86' lang='lat' dir='ltr'><strong>mute</strong></span> <span class='ocrx_word' id='word_1_163' title='bbox 1719 2132 1832 2202; x_wconf 87' lang='lat' dir='ltr'><strong>spi-</strong></span> 
     </span>
    </p>
   </div>
   <div class='ocr_carea' id='block_1_23' title="bbox 235 2221 1832 2294">
    <p class='ocr_par' dir='ltr' id='par_1_23' title="bbox 235 2221 1832 2294">
     <span class='ocr_line' id='line_1_23' title="bbox 235 2221 1832 2294; baseline 0.003 -20"><span class='ocrx_word' id='word_1_164' title='bbox 235 2221 390 2286; x_wconf 81' lang='lat' dir='ltr'><strong>ritus,</strong></span> <span class='ocrx_word' id='word_1_165' title='bbox 416 2238 513 2294; x_wconf 86' lang='lat' dir='ltr'><strong>ego</strong></span> <span class='ocrx_word' id='word_1_166' title='bbox 533 2225 781 2294; x_wconf 69' lang='lat' dir='ltr'><strong>pracipio</strong></span> <span class='ocrx_word' id='word_1_167' title='bbox 803 2221 913 2290; x_wconf 80' lang='lat' dir='ltr'><strong>tibi,</strong></span> <span class='ocrx_word' id='word_1_168' title='bbox 937 2225 1020 2278; x_wconf 76' lang='lat' dir='ltr'><strong>exi</strong></span> <span class='ocrx_word' id='word_1_169' title='bbox 1041 2223 1104 2276; x_wconf 86' lang='lat' dir='ltr'><strong>ab</strong></span> <span class='ocrx_word' id='word_1_170' title='bbox 1124 2240 1203 2278; x_wconf 89' lang='lat' dir='ltr'><strong>eo.</strong></span> <span class='ocrx_word' id='word_1_171' title='bbox 1222 2221 1329 2279; x_wconf 89' lang='lat' dir='ltr'><strong>Sed</strong></span> <span class='ocrx_word' id='word_1_172' title='bbox 1343 2221 1456 2292; x_wconf 88' lang='lat' dir='ltr'><strong>jam</strong></span> <span class='ocrx_word' id='word_1_173' title='bbox 1471 2237 1589 2292; x_wconf 87' lang='lat' dir='ltr'><strong>quae</strong></span> <span class='ocrx_word' id='word_1_174' title='bbox 1603 2222 1671 2277; x_wconf 94' lang='lat' dir='ltr'><strong>ad</strong></span> <span class='ocrx_word' id='word_1_175' title='bbox 1685 2222 1832 2278; x_wconf 90' lang='lat' dir='ltr'><strong>solu-</strong></span> 
     </span>
    </p>
   </div>
   <div class='ocr_carea' id='block_1_24' title="bbox 233 2313 1832 2387">
    <p class='ocr_par' dir='ltr' id='par_1_24' title="bbox 233 2313 1832 2387">
     <span class='ocr_line' id='line_1_24' title="bbox 233 2313 1832 2387; baseline 0.001 -20"><span class='ocrx_word' id='word_1_176' title='bbox 233 2314 444 2369; x_wconf 87' lang='lat' dir='ltr'><strong>tionem</strong></span> <span class='ocrx_word' id='word_1_177' title='bbox 485 2315 797 2384; x_wconf 67' lang='lat' dir='ltr'><strong>quaestionis</strong></span> <span class='ocrx_word' id='word_1_178' title='bbox 833 2315 1105 2387; x_wconf 89' lang='lat' dir='ltr'><strong>pertinent</strong></span> <span class='ocrx_word' id='word_1_179' title='bbox 1130 2328 1538 2387; x_wconf 88' lang='lat' dir='ltr'><strong>prosequamur.</strong></span> <span class='ocrx_word' id='word_1_180' title='bbox 1569 2315 1711 2371; x_wconf 91' lang='lat' dir='ltr'><strong>Deus</strong></span> <span class='ocrx_word' id='word_1_181' title='bbox 1737 2313 1832 2384; x_wconf 89' lang='lat' dir='ltr'><strong>qui</strong></span> 
     </span>
    </p>
   </div>
   <div class='ocr_carea' id='block_1_25' title="bbox 234 2407 1829 2482">
    <p class='ocr_par' dir='ltr' id='par_1_25' title="bbox 234 2407 1829 2482">
     <span class='ocr_line' id='line_1_25' title="bbox 234 2407 1829 2482; baseline 0.001 -18"><span class='ocrx_word' id='word_1_182' title='bbox 234 2407 518 2465; x_wconf 76' lang='lat' dir='ltr'><strong>daemones</strong></span> <span class='ocrx_word' id='word_1_183' title='bbox 537 2418 622 2466; x_wconf 87' lang='lat' dir='ltr'><strong>est</strong></span> <span class='ocrx_word' id='word_1_184' title='bbox 643 2421 665 2450; x_wconf 78' lang='grc' dir='ltr'><strong>ο</strong></span> <span class='ocrx_word' id='word_1_185' title='bbox 689 2419 946 2482; x_wconf 85' lang='lat' dir='ltr'><strong>perpetuo</strong></span> <span class='ocrx_word' id='word_1_186' title='bbox 969 2418 1300 2467; x_wconf 90' lang='lat' dir='ltr'><strong>crematurus</strong></span> <span class='ocrx_word' id='word_1_187' title='bbox 1321 2410 1588 2477; x_wconf 88' lang='lat' dir='ltr'><strong>incendio,</strong></span> <span class='ocrx_word' id='word_1_188' title='bbox 1611 2411 1702 2480; x_wconf 91' lang='lat' dir='ltr'><strong>qui</strong></span> <span class='ocrx_word' id='word_1_189' title='bbox 1716 2409 1829 2480; x_wconf 89' lang='lat' dir='ltr'><strong>jam</strong></span> 
     </span>
    </p>
   </div>
   <div class='ocr_carea' id='block_1_26' title="bbox 234 2502 1830 2574">
    <p class='ocr_par' dir='ltr' id='par_1_26' title="bbox 234 2502 1830 2574">
     <span class='ocr_line' id='line_1_26' title="bbox 234 2502 1830 2574; baseline 0.001 -18"><span class='ocrx_word' id='word_1_190' title='bbox 234 2517 356 2568; x_wconf 89' lang='lat' dir='ltr'><strong>eos,</strong></span> <span class='ocrx_word' id='word_1_191' title='bbox 387 2510 445 2557; x_wconf 89' lang='lat' dir='ltr'><strong>et</strong></span> <span class='ocrx_word' id='word_1_192' title='bbox 464 2502 522 2558; x_wconf 87' lang='lat' dir='ltr'><strong>in</strong></span> <span class='ocrx_word' id='word_1_193' title='bbox 558 2503 842 2574; x_wconf 71' lang='lat' dir='ltr'><strong>praesentia</strong></span> <span class='ocrx_word' id='word_1_194' title='bbox 867 2504 1113 2574; x_wconf 78' lang='lat' dir='ltr'><strong>astringit</strong></span> <span class='ocrx_word' id='word_1_195' title='bbox 1137 2503 1383 2570; x_wconf 82' lang='lat' dir='ltr'><strong>vinculis,</strong></span> <span class='ocrx_word' id='word_1_196' title='bbox 1417 2503 1564 2573; x_wconf 89' lang='lat' dir='ltr'><strong>angit</strong></span> <span class='ocrx_word' id='word_1_197' title='bbox 1581 2502 1830 2558; x_wconf 82' lang='lat' dir='ltr'><strong>cruciati-</strong></span> 
     </span>
    </p>
   </div>
   <div class='ocr_carea' id='block_1_27' title="bbox 237 2593 1830 2666">
    <p class='ocr_par' dir='ltr' id='par_1_27' title="bbox 237 2593 1830 2666">
     <span class='ocr_line' id='line_1_27' title="bbox 237 2593 1830 2666; baseline 0.001 -18"><span class='ocrx_word' id='word_1_198' title='bbox 237 2593 359 2660; x_wconf 89' lang='lat' dir='ltr'><strong>bus,</strong></span> <span class='ocrx_word' id='word_1_199' title='bbox 383 2601 542 2664; x_wconf 81' lang='lat' dir='ltr'><strong>urget</strong></span> <span class='ocrx_word' id='word_1_200' title='bbox 561 2595 764 2666; x_wconf 85' lang='lat' dir='ltr'><strong>poenis,</strong></span> <span class='ocrx_word' id='word_1_201' title='bbox 794 2601 975 2666; x_wconf 91' lang='lat' dir='ltr'><strong>potest</strong></span> <span class='ocrx_word' id='word_1_202' title='bbox 1011 2603 1067 2652; x_wconf 91' lang='lat' dir='ltr'><strong>et</strong></span> <span class='ocrx_word' id='word_1_203' title='bbox 1093 2610 1215 2651; x_wconf 89' lang='lat' dir='ltr'><strong>cum</strong></span> <span class='ocrx_word' id='word_1_204' title='bbox 1249 2594 1472 2665; x_wconf 88' lang='lat' dir='ltr'><strong>jusserit</strong></span> <span class='ocrx_word' id='word_1_205' title='bbox 1500 2601 1610 2650; x_wconf 92' lang='lat' dir='ltr'><strong>tota</strong></span> <span class='ocrx_word' id='word_1_206' title='bbox 1638 2593 1830 2649; x_wconf 88' lang='lat' dir='ltr'><strong>debili-</strong></span> 
     </span>
    </p>
   </div>
   <div class='ocr_carea' id='block_1_28' title="bbox 240 2685 1828 2758">
    <p class='ocr_par' dir='ltr' id='par_1_28' title="bbox 240 2685 1828 2758">
     <span class='ocr_line' id='line_1_28' title="bbox 240 2685 1828 2758; baseline 0.001 -18"><span class='ocrx_word' id='word_1_207' title='bbox 240 2692 356 2740; x_wconf 82' lang='lat' dir='ltr'><strong>tate</strong></span> <span class='ocrx_word' id='word_1_208' title='bbox 375 2693 652 2755; x_wconf 86' lang='lat' dir='ltr'><strong>truncare,</strong></span> <span class='ocrx_word' id='word_1_209' title='bbox 676 2695 836 2758; x_wconf 86' lang='lat' dir='ltr'><strong>atque</strong></span> <span class='ocrx_word' id='word_1_210' title='bbox 851 2703 917 2743; x_wconf 93' lang='lat' dir='ltr'><strong>eo</strong></span> <span class='ocrx_word' id='word_1_211' title='bbox 935 2687 1100 2744; x_wconf 91' lang='lat' dir='ltr'><strong>modo</strong></span> <span class='ocrx_word' id='word_1_212' title='bbox 1114 2703 1222 2758; x_wconf 90' lang='lat' dir='ltr'><strong>quo</strong></span> <span class='ocrx_word' id='word_1_213' title='bbox 1241 2687 1440 2752; x_wconf 86' lang='lat' dir='ltr'><strong>vident,</strong></span> <span class='ocrx_word' id='word_1_214' title='bbox 1457 2701 1566 2757; x_wconf 88' lang='lat' dir='ltr'><strong>quo</strong></span> <span class='ocrx_word' id='word_1_215' title='bbox 1587 2685 1828 2754; x_wconf 88' lang='lat' dir='ltr'><strong>audiunt,</strong></span> 
     </span>
    </p>
   </div>
   <div class='ocr_carea' id='block_1_29' title="bbox 241 2776 1833 2848">
    <p class='ocr_par' dir='ltr' id='par_1_29' title="bbox 241 2776 1833 2848">
     <span class='ocr_line' id='line_1_29' title="bbox 241 2776 1833 2848; baseline -0.001 -15"><span class='ocrx_word' id='word_1_216' title='bbox 241 2793 354 2848; x_wconf 90' lang='lat' dir='ltr'><strong>quo</strong></span> <span class='ocrx_word' id='word_1_217' title='bbox 367 2778 682 2848; x_wconf 91' lang='lat' dir='ltr'><strong>loquuntur,</strong></span> <span class='ocrx_word' id='word_1_218' title='bbox 697 2795 868 2836; x_wconf 71' lang='lat' dir='ltr'><strong>cmcos</strong></span> <span class='ocrx_word' id='word_1_219' title='bbox 887 2779 1132 2844; x_wconf 89' lang='lat' dir='ltr'><strong>reddere,</strong></span> <span class='ocrx_word' id='word_1_220' title='bbox 1157 2779 1348 2834; x_wconf 89' lang='lat' dir='ltr'><strong>surdos</strong></span> <span class='ocrx_word' id='word_1_221' title='bbox 1375 2785 1432 2834; x_wconf 90' lang='lat' dir='ltr'><strong>et</strong></span> <span class='ocrx_word' id='word_1_222' title='bbox 1458 2785 1634 2833; x_wconf 90' lang='lat' dir='ltr'><strong>mutos</strong></span> <span class='ocrx_word' id='word_1_223' title='bbox 1652 2776 1833 2833; x_wconf 87' lang='lat' dir='ltr'><strong>facere</strong></span> 
     </span>
    </p>
   </div>
   <div class='ocr_carea' id='block_1_30' title="bbox 243 2867 1836 2941">
    <p class='ocr_par' dir='ltr' id='par_1_30' title="bbox 243 2867 1836 2941">
     <span class='ocr_line' id='line_1_30' title="bbox 243 2867 1836 2941; baseline -0.001 -17"><span class='ocrx_word' id='word_1_224' title='bbox 243 2885 316 2924; x_wconf 92' lang='lat' dir='ltr'><strong>ne</strong></span> <span class='ocrx_word' id='word_1_225' title='bbox 343 2870 652 2941; x_wconf 88' lang='lat' dir='ltr'><strong>loquantur.</strong></span> <span class='ocrx_word' id='word_1_226' title='bbox 685 2869 794 2926; x_wconf 91' lang='lat' dir='ltr'><strong>Sed</strong></span> <span class='ocrx_word' id='word_1_227' title='bbox 820 2872 875 2926; x_wconf 93' lang='lat' dir='ltr'><strong>in</strong></span> <span class='ocrx_word' id='word_1_228' title='bbox 903 2872 1006 2928; x_wconf 90' lang='lat' dir='ltr'><strong>hoc</strong></span> <span class='ocrx_word' id='word_1_229' title='bbox 1030 2871 1152 2928; x_wconf 90' lang='lat' dir='ltr'><strong>loco</strong></span> <span class='ocrx_word' id='word_1_230' title='bbox 1192 2870 1321 2941; x_wconf 89' lang='lat' dir='ltr'><strong>quid</strong></span> <span class='ocrx_word' id='word_1_231' title='bbox 1359 2870 1604 2926; x_wconf 87' lang='lat' dir='ltr'><strong>diabolus</strong></span> <span class='ocrx_word' id='word_1_232' title='bbox 1629 2867 1836 2924; x_wconf 90' lang='lat' dir='ltr'><strong>homini</strong></span> 
     </span>
    </p>
   </div>
   <div class='ocr_carea' id='block_1_31' title="bbox 243 2962 1835 3036">
    <p class='ocr_par' dir='ltr' id='par_1_31' title="bbox 243 2962 1835 3036">
     <span class='ocr_line' id='line_1_31' title="bbox 243 2962 1835 3036; baseline 0.001 -18"><span class='ocrx_word' id='word_1_233' title='bbox 243 2963 440 3019; x_wconf 78' lang='lat' dir='ltr'><strong>fecerit</strong></span> <span class='ocrx_word' id='word_1_234' title='bbox 456 2964 772 3021; x_wconf 88' lang='lat' dir='ltr'><strong>declaretur.</strong></span> <span class='ocrx_word' id='word_1_235' title='bbox 796 2962 819 3002; x_wconf 72' lang='grc' dir='ltr'><em>δ</em></span> <span class='ocrx_word' id='word_1_236' title='bbox 841 2966 1105 3036; x_wconf 75' lang='lat' dir='ltr'><strong>Antiquus</strong></span> <span class='ocrx_word' id='word_1_237' title='bbox 1131 2964 1334 3035; x_wconf 87' lang='lat' dir='ltr'><strong>refuga,</strong></span> <span class='ocrx_word' id='word_1_238' title='bbox 1365 2965 1456 3020; x_wconf 94' lang='lat' dir='ltr'><strong>ubi</strong></span> <span class='ocrx_word' id='word_1_239' title='bbox 1483 2965 1650 3021; x_wconf 91' lang='lat' dir='ltr'><strong>Deum</strong></span> <span class='ocrx_word' id='word_1_240' title='bbox 1678 2964 1835 3020; x_wconf 85' lang='lat' dir='ltr'><strong>terris</strong></span> 
     </span>
    </p>
   </div>
   <div class='ocr_carea' id='block_1_32' title="bbox 253 3055 1839 3130">
    <p class='ocr_par' dir='ltr' id='par_1_32' title="bbox 253 3055 1839 3130">
     <span class='ocr_line' id='line_1_32' title="bbox 253 3055 1839 3130; baseline -0.003 -17"><span class='ocrx_word' id='word_1_241' title='bbox 253 3059 462 3130; x_wconf 84' lang='lat' dir='ltr'><strong>reperit</strong></span> <span class='ocrx_word' id='word_1_242' title='bbox 496 3059 786 3126; x_wconf 82' lang='lat' dir='ltr'><strong>advenisse,</strong></span> <span class='ocrx_word' id='word_1_243' title='bbox 817 3060 1083 3116; x_wconf 83' lang='lat' dir='ltr'><strong>obstruxit</strong></span> <span class='ocrx_word' id='word_1_244' title='bbox 1122 3074 1279 3114; x_wconf 88' lang='lat' dir='ltr'><strong>aures</strong></span> <span class='ocrx_word' id='word_1_245' title='bbox 1323 3058 1636 3123; x_wconf 91' lang='lat' dir='ltr'><strong>hominum,</strong></span> <span class='ocrx_word' id='word_1_246' title='bbox 1665 3055 1839 3111; x_wconf 80' lang='lat' dir='ltr'><strong>vinxit</strong></span> 
     </span>
    </p>
   </div>
   <div class='ocr_carea' id='block_1_33' title="bbox 247 3148 1838 3222">
    <p class='ocr_par' dir='ltr' id='par_1_33' title="bbox 247 3148 1838 3222">
     <span class='ocr_line' id='line_1_33' title="bbox 247 3148 1838 3222; baseline -0.002 -15"><span class='ocrx_word' id='word_1_247' title='bbox 247 3152 507 3222; x_wconf 80' lang='lat' dir='ltr'><strong>linguam,</strong></span> <span class='ocrx_word' id='word_1_248' title='bbox 537 3161 590 3209; x_wconf 89' lang='lat' dir='ltr'><strong>et</strong></span> <span class='ocrx_word' id='word_1_249' title='bbox 608 3153 871 3210; x_wconf 88' lang='lat' dir='ltr'><strong>obseratis</strong></span> <span class='ocrx_word' id='word_1_250' title='bbox 896 3153 1146 3209; x_wconf 89' lang='lat' dir='ltr'><strong>humanis</strong></span> <span class='ocrx_word' id='word_1_251' title='bbox 1165 3167 1353 3208; x_wconf 90' lang='lat' dir='ltr'><strong>sensus</strong></span> <span class='ocrx_word' id='word_1_252' title='bbox 1380 3151 1604 3216; x_wconf 89' lang='lat' dir='ltr'><strong>foribus,</strong></span> <span class='ocrx_word' id='word_1_253' title='bbox 1629 3148 1838 3220; x_wconf 89' lang='lat' dir='ltr'><strong>spelun-</strong></span> 
     </span>
    </p>
   </div>
   <div class='ocr_carea' id='block_1_34' title="bbox 244 3244 1906 3332">
    <p class='ocr_par' dir='ltr' id='par_1_34' title="bbox 244 3244 1906 3332">
     <span class='ocr_line' id='line_1_34' title="bbox 244 3244 1906 3332; baseline -0.004 -29"><span class='ocrx_word' id='word_1_254' title='bbox 244 3262 327 3303; x_wconf 66' lang='grc' dir='ltr'><strong>αι</strong></span> <span class='ocrx_word' id='word_1_255' title='bbox 360 3263 468 3302; x_wconf 66' lang='lat' dir='ltr'><strong>suae</strong></span> <span class='ocrx_word' id='word_1_256' title='bbox 494 3247 752 3304; x_wconf 88' lang='lat' dir='ltr'><strong>latebram</strong></span> <span class='ocrx_word' id='word_1_257' title='bbox 781 3255 968 3319; x_wconf 89' lang='lat' dir='ltr'><strong>pectus</strong></span> <span class='ocrx_word' id='word_1_258' title='bbox 997 3248 1121 3302; x_wconf 87' lang='lat' dir='ltr'><strong>fecit</strong></span> <span class='ocrx_word' id='word_1_259' title='bbox 1148 3254 1204 3302; x_wconf 89' lang='lat' dir='ltr'><strong>et</strong></span> <span class='ocrx_word' id='word_1_260' title='bbox 1237 3245 1448 3317; x_wconf 89' lang='lat' dir='ltr'><strong>paravit</strong></span> <span class='ocrx_word' id='word_1_261' title='bbox 1490 3244 1786 3299; x_wconf 90' lang='lat' dir='ltr'><strong>humanum</strong></span> <span class='ocrx_word' id='word_1_262' title='bbox 1818 3259 1832 3296; x_wconf 88' lang='lat'><strong>:</strong></span> <span class='ocrx_word' id='word_1_263' title='bbox 1860 3267 1906 3332; x_wconf 67' lang='grc' dir='ltr'>ο</span> 
     </span>
    </p>
   </div>
   <div class='ocr_carea' id='block_1_35' title="bbox 243 3337 1838 3412">
    <p class='ocr_par' dir='ltr' id='par_1_35' title="bbox 243 3337 1838 3412">
     <span class='ocr_line' id='line_1_35' title="bbox 243 3337 1838 3412; baseline -0.002 -17"><span class='ocrx_word' id='word_1_264' title='bbox 243 3341 520 3397; x_wconf 62' lang='lat' dir='ltr'><strong>aestimans</strong></span> <span class='ocrx_word' id='word_1_265' title='bbox 539 3342 685 3412; x_wconf 91' lang='lat' dir='ltr'><strong>quod</strong></span> <span class='ocrx_word' id='word_1_266' title='bbox 713 3342 838 3398; x_wconf 90' lang='lat' dir='ltr'><strong>illuc</strong></span> <span class='ocrx_word' id='word_1_267' title='bbox 878 3341 1090 3397; x_wconf 90' lang='lat' dir='ltr'><strong>auditus</strong></span> <span class='ocrx_word' id='word_1_268' title='bbox 1115 3341 1299 3406; x_wconf 89' lang='lat' dir='ltr'><strong>verbi,</strong></span> <span class='ocrx_word' id='word_1_269' title='bbox 1331 3340 1500 3394; x_wconf 88' lang='lat' dir='ltr'><strong>virtus</strong></span> <span class='ocrx_word' id='word_1_270' title='bbox 1541 3337 1707 3393; x_wconf 85' lang='lat' dir='ltr'><strong>divini</strong></span> <span class='ocrx_word' id='word_1_271' title='bbox 1735 3352 1838 3392; x_wconf 89' lang='lat' dir='ltr'><strong>no-</strong></span> 
     </span>
    </p>
   </div>
   <div class='ocr_carea' id='block_1_36' title="bbox 247 3427 1830 3499">
    <p class='ocr_par' dir='ltr' id='par_1_36' title="bbox 247 3427 1830 3499">
     <span class='ocr_line' id='line_1_36' title="bbox 247 3427 1830 3499; baseline -0.001 -13"><span class='ocrx_word' id='word_1_272' title='bbox 247 3431 407 3486; x_wconf 88' lang='lat' dir='ltr'><strong>minis</strong></span> <span class='ocrx_word' id='word_1_273' title='bbox 438 3448 548 3488; x_wconf 90' lang='lat' dir='ltr'><strong>non</strong></span> <span class='ocrx_word' id='word_1_274' title='bbox 581 3433 825 3488; x_wconf 87' lang='lat' dir='ltr'><strong>veniret:</strong></span> <span class='ocrx_word' id='word_1_275' title='bbox 857 3433 1032 3499; x_wconf 90' lang='lat' dir='ltr'><strong>simul,</strong></span> <span class='ocrx_word' id='word_1_276' title='bbox 1064 3439 1124 3488; x_wconf 87' lang='lat' dir='ltr'><strong>ut</strong></span> <span class='ocrx_word' id='word_1_277' title='bbox 1151 3439 1234 3488; x_wconf 91' lang='lat' dir='ltr'><strong>est</strong></span> <span class='ocrx_word' id='word_1_278' title='bbox 1259 3431 1478 3486; x_wconf 92' lang='lat' dir='ltr'><strong>dolosus</strong></span> <span class='ocrx_word' id='word_1_279' title='bbox 1506 3436 1563 3485; x_wconf 90' lang='lat' dir='ltr'><strong>et</strong></span> <span class='ocrx_word' id='word_1_280' title='bbox 1589 3427 1830 3496; x_wconf 90' lang='lat' dir='ltr'><strong>callidus,</strong></span> 
     </span>
    </p>
   </div>
   <div class='ocr_carea' id='block_1_37' title="bbox 247 3519 1835 3596">
    <p class='ocr_par' dir='ltr' id='par_1_37' title="bbox 247 3519 1835 3596">
     <span class='ocr_line' id='line_1_37' title="bbox 247 3519 1835 3596; baseline -0.003 -18"><span class='ocrx_word' id='word_1_281' title='bbox 247 3531 454 3594; x_wconf 85' lang='lat' dir='ltr'><strong>patrem</strong></span> <span class='ocrx_word' id='word_1_282' title='bbox 483 3539 680 3595; x_wconf 88' lang='lat' dir='ltr'><strong>capere</strong></span> <span class='ocrx_word' id='word_1_283' title='bbox 724 3533 1084 3596; x_wconf 88' lang='lat' dir='ltr'><strong>parentesque</strong></span> <span class='ocrx_word' id='word_1_284' title='bbox 1112 3524 1205 3578; x_wconf 88' lang='lat' dir='ltr'><strong>tali</strong></span> <span class='ocrx_word' id='word_1_285' title='bbox 1231 3539 1290 3579; x_wconf 90' lang='lat' dir='ltr'><strong>se</strong></span> <span class='ocrx_word' id='word_1_286' title='bbox 1326 3521 1550 3578; x_wconf 89' lang='lat' dir='ltr'><strong>credidit</strong></span> <span class='ocrx_word' id='word_1_287' title='bbox 1587 3519 1835 3590; x_wconf 89' lang='lat' dir='ltr'><strong>decipere</strong></span> 
     </span>
    </p>
   </div>
   <div class='ocr_carea' id='block_1_38' title="bbox 247 3611 1837 3689">
    <p class='ocr_par' dir='ltr' id='par_1_38' title="bbox 247 3611 1837 3689">
     <span class='ocr_line' id='line_1_38' title="bbox 247 3611 1837 3689; baseline -0.004 -16"><span class='ocrx_word' id='word_1_288' title='bbox 247 3616 521 3687; x_wconf 81' lang='lat' dir='ltr'><strong>ﬁgmento,</strong></span> <span class='ocrx_word' id='word_1_289' title='bbox 547 3628 606 3674; x_wconf 89' lang='lat' dir='ltr'><strong>ut</strong></span> <span class='ocrx_word' id='word_1_290' title='bbox 624 3619 974 3689; x_wconf 86' lang='lat' dir='ltr'><strong>desperarent</strong></span> <span class='ocrx_word' id='word_1_291' title='bbox 1000 3618 1174 3674; x_wconf 90' lang='lat' dir='ltr'><strong>curari</strong></span> <span class='ocrx_word' id='word_1_292' title='bbox 1189 3631 1350 3688; x_wconf 88' lang='lat' dir='ltr'><strong>posse</strong></span> <span class='ocrx_word' id='word_1_293' title='bbox 1378 3631 1501 3670; x_wconf 91' lang='lat' dir='ltr'><strong>eum</strong></span> <span class='ocrx_word' id='word_1_294' title='bbox 1529 3613 1622 3685; x_wconf 87' lang='lat' dir='ltr'><strong>qui</strong></span> <span class='ocrx_word' id='word_1_295' title='bbox 1649 3611 1837 3668; x_wconf 90' lang='lat' dir='ltr'><strong>audire</strong></span> 
     </span>
    </p>
   </div>
   <div class='ocr_carea' id='block_1_39' title="bbox 315 3731 1842 3805">
    <p class='ocr_par' dir='ltr' id='par_1_39' title="bbox 315 3731 1842 3805">
     <span class='ocr_line' id='line_1_39' title="bbox 315 3731 1842 3805; baseline -0.001 -17"><span class='ocrx_word' id='word_1_296' title='bbox 315 3743 345 3772; x_wconf 70' lang='grc' dir='ltr'><strong>ι</strong></span> <span class='ocrx_word' id='word_1_297' title='bbox 361 3734 560 3792; x_wconf 89' lang='lat' dir='ltr'><strong>Omnes</strong></span> <span class='ocrx_word' id='word_1_298' title='bbox 571 3751 701 3792; x_wconf 89' lang='lat' dir='ltr'><strong>sane</strong></span> <span class='ocrx_word' id='word_1_299' title='bbox 713 3737 1025 3792; x_wconf 89' lang='lat' dir='ltr'><strong>morborum</strong></span> <span class='ocrx_word' id='word_1_300' title='bbox 1039 3748 1228 3790; x_wconf 91' lang='lat' dir='ltr'><strong>causas</strong></span> <span class='ocrx_word' id='word_1_301' title='bbox 1237 3731 1406 3790; x_wconf 64' lang='lat' dir='ltr'><strong>Judaei</strong></span> <span class='ocrx_word' id='word_1_302' title='bbox 1421 3749 1453 3788; x_wconf 93' lang='lat' dir='ltr'><strong>a</strong></span> <span class='ocrx_word' id='word_1_303' title='bbox 1466 3733 1741 3805; x_wconf 76' lang='lat' dir='ltr'><strong>spiritibus</strong></span> <span class='ocrx_word' id='word_1_304' title='bbox 1755 3745 1842 3787; x_wconf 81' lang='lat' dir='ltr'><strong>re-</strong></span> 
     </span>
    </p>
   </div>
   <div class='ocr_carea' id='block_1_40' title="bbox 243 3803 1839 3878">
    <p class='ocr_par' dir='ltr' id='par_1_40' title="bbox 243 3803 1839 3878">
     <span class='ocr_line' id='line_1_40' title="bbox 243 3803 1839 3878; baseline -0.003 -16"><span class='ocrx_word' id='word_1_305' title='bbox 243 3805 518 3878; x_wconf 70' lang='lat' dir='ltr'><strong>petebant.</strong></span> <span class='ocrx_word' id='word_1_306' title='bbox 527 3807 682 3863; x_wconf 85' lang='lat' dir='ltr'><strong>Hunc</strong></span> <span class='ocrx_word' id='word_1_307' title='bbox 693 3815 871 3862; x_wconf 87' lang='lat' dir='ltr'><strong>autem</strong></span> <span class='ocrx_word' id='word_1_308' title='bbox 882 3821 1106 3878; x_wconf 90' lang='lat' dir='ltr'><strong>puerum</strong></span> <span class='ocrx_word' id='word_1_309' title='bbox 1117 3821 1306 3860; x_wconf 83' lang='lat' dir='ltr'><strong>revera</strong></span> <span class='ocrx_word' id='word_1_310' title='bbox 1317 3803 1527 3878; x_wconf 70' lang='lat' dir='ltr'><strong>daemon</strong></span> <span class='ocrx_word' id='word_1_311' title='bbox 1540 3803 1839 3878; x_wconf 79' lang='lat' dir='ltr'><strong>obsidebat.</strong></span> 
     </span>
    </p>
   </div>
   <div class='ocr_carea' id='block_1_41' title="bbox 317 3873 1842 3946">
    <p class='ocr_par' dir='ltr' id='par_1_41' title="bbox 317 3873 1842 3946">
     <span class='ocr_line' id='line_1_41' title="bbox 317 3873 1842 3946; baseline 0.001 -17"><span class='ocrx_word' id='word_1_312' title='bbox 317 3876 346 3915; x_wconf 72' lang='grc' dir='ltr'>δ</span> <span class='ocrx_word' id='word_1_313' title='bbox 376 3875 520 3932; x_wconf 87' lang='lat' dir='ltr'><strong>Editi</strong></span> <span class='ocrx_word' id='word_1_314' title='bbox 553 3886 762 3933; x_wconf 89' lang='lat' dir='ltr'><strong>tantum</strong></span> <span class='ocrx_word' id='word_1_315' title='bbox 795 3873 903 3932; x_wconf 79' lang='lat' dir='ltr'><strong>non</strong></span> <span class='ocrx_word' id='word_1_316' title='bbox 932 3893 1140 3941; x_wconf 89' lang='lat' dir='ltr'><strong>omnes,</strong></span> <span class='ocrx_word' id='word_1_317' title='bbox 1163 3891 1301 3946; x_wconf 88' lang='lat' dir='ltr'><strong>quos</strong></span> <span class='ocrx_word' id='word_1_318' title='bbox 1329 3875 1636 3932; x_wconf 86' lang='lat' dir='ltr'><strong>emendavit</strong></span> <span class='ocrx_word' id='word_1_319' title='bbox 1662 3873 1842 3930; x_wconf 82' lang='lat' dir='ltr'><strong>Meur-</strong></span> 
     </span>
    </p>
   </div>
   <div class='ocr_carea' id='block_1_42' title="bbox 241 3947 1343 4019">
    <p class='ocr_par' dir='ltr' id='par_1_42' title="bbox 241 3947 1343 4019">
     <span class='ocr_line' id='line_1_42' title="bbox 241 3947 1343 4019; baseline 0.003 -18"><span class='ocrx_word' id='word_1_320' title='bbox 241 3947 612 4019; x_wconf 41' lang='lat' dir='ltr'><strong>siustbabent</strong></span> <span class='ocrx_word' id='word_1_321' title='bbox 640 3950 883 4019; x_wconf 85' lang='lat' dir='ltr'><strong>temporis</strong></span> <span class='ocrx_word' id='word_1_322' title='bbox 909 3950 964 4003; x_wconf 91' lang='lat' dir='ltr'><strong>in</strong></span> <span class='ocrx_word' id='word_1_323' title='bbox 994 3957 1343 4004; x_wconf 85' lang='lat' dir='ltr'><strong>monumento.</strong></span> 
     </span>
    </p>
   </div>
   <div class='ocr_carea' id='block_1_43' title="bbox 314 4017 1839 4092">
    <p class='ocr_par' dir='ltr' id='par_1_43' title="bbox 314 4017 1839 4092">
     <span class='ocr_line' id='line_1_43' title="bbox 314 4017 1839 4092; baseline 0.001 -20"><span class='ocrx_word' id='word_1_324' title='bbox 314 4029 341 4056; x_wconf 70' lang='grc' dir='ltr'>α</span> <span class='ocrx_word' id='word_1_325' title='bbox 375 4017 514 4092; x_wconf 83' lang='lat' dir='ltr'><strong>Vide</strong></span> <span class='ocrx_word' id='word_1_326' title='bbox 532 4035 602 4074; x_wconf 91' lang='lat' dir='ltr'><strong>an</strong></span> <span class='ocrx_word' id='word_1_327' title='bbox 624 4017 988 4092; x_wconf 78' lang='lat' dir='ltr'><strong>Chrysologus</strong></span> <span class='ocrx_word' id='word_1_328' title='bbox 1015 4019 1104 4075; x_wconf 90' lang='lat' dir='ltr'><strong>hic</strong></span> <span class='ocrx_word' id='word_1_329' title='bbox 1123 4019 1178 4072; x_wconf 91' lang='lat' dir='ltr'><strong>in</strong></span> <span class='ocrx_word' id='word_1_330' title='bbox 1192 4019 1339 4092; x_wconf 77' lang='lat' dir='ltr'><strong>illam</strong></span> <span class='ocrx_word' id='word_1_331' title='bbox 1368 4018 1568 4092; x_wconf 87' lang='lat' dir='ltr'><strong>incidat</strong></span> <span class='ocrx_word' id='word_1_332' title='bbox 1593 4024 1839 4092; x_wconf 82' lang='lat' dir='ltr'><strong>veterum</strong></span> 
     </span>
    </p>
   </div>
   <div class='ocr_carea' id='block_1_44' title="bbox 241 4089 1838 4160">
    <p class='ocr_par' dir='ltr' id='par_1_44' title="bbox 241 4089 1838 4160">
     <span class='ocr_line' id='line_1_44' title="bbox 241 4089 1838 4160; baseline -0.001 -15"><span class='ocrx_word' id='word_1_333' title='bbox 241 4089 590 4160; x_wconf 86' lang='lat' dir='ltr'><strong>sententiam,</strong></span> <span class='ocrx_word' id='word_1_334' title='bbox 642 4089 913 4146; x_wconf 83' lang='lat' dir='ltr'><strong>daemones</strong></span> <span class='ocrx_word' id='word_1_335' title='bbox 939 4097 995 4145; x_wconf 88' lang='lat' dir='ltr'><strong>et</strong></span> <span class='ocrx_word' id='word_1_336' title='bbox 1041 4105 1183 4146; x_wconf 90' lang='lat' dir='ltr'><strong>nunc</strong></span> <span class='ocrx_word' id='word_1_337' title='bbox 1227 4090 1344 4146; x_wconf 91' lang='lat' dir='ltr'><strong>dira</strong></span> <span class='ocrx_word' id='word_1_338' title='bbox 1389 4089 1521 4160; x_wconf 89' lang='lat' dir='ltr'><strong>pati,</strong></span> <span class='ocrx_word' id='word_1_339' title='bbox 1571 4089 1668 4145; x_wconf 90' lang='lat' dir='ltr'><strong>sed</strong></span> <span class='ocrx_word' id='word_1_340' title='bbox 1714 4096 1838 4160; x_wconf 89' lang='lat' dir='ltr'><strong>post</strong></span> 
     </span>
    </p>
   </div>
   <div class='ocr_carea' id='block_1_45' title="bbox 241 4159 1698 4230">
    <p class='ocr_par' dir='ltr' id='par_1_45' title="bbox 241 4159 1698 4230">
     <span class='ocr_line' id='line_1_45' title="bbox 241 4159 1698 4230; baseline 0 -16"><span class='ocrx_word' id='word_1_341' title='bbox 241 4160 389 4230; x_wconf 85' lang='lat' dir='ltr'><strong>diem</strong></span> <span class='ocrx_word' id='word_1_342' title='bbox 406 4159 592 4230; x_wconf 89' lang='lat' dir='ltr'><strong>judicii</strong></span> <span class='ocrx_word' id='word_1_343' title='bbox 614 4167 822 4216; x_wconf 87' lang='lat' dir='ltr'><strong>tantum</strong></span> <span class='ocrx_word' id='word_1_344' title='bbox 850 4161 1043 4216; x_wconf 86' lang='lat' dir='ltr'><strong>inferni</strong></span> <span class='ocrx_word' id='word_1_345' title='bbox 1062 4161 1185 4230; x_wconf 82' lang='lat' dir='ltr'><strong>igne</strong></span> <span class='ocrx_word' id='word_1_346' title='bbox 1212 4175 1332 4217; x_wconf 80' lang='lat' dir='ltr'><strong>esse</strong></span> <span class='ocrx_word' id='word_1_347' title='bbox 1359 4159 1698 4216; x_wconf 85' lang='lat' dir='ltr'><strong>cremandos.</strong></span> 
     </span>
    </p>
   </div>
   <div class='ocr_carea' id='block_1_46' title="bbox 315 4229 1842 4302">
    <p class='ocr_par' dir='ltr' id='par_1_46' title="bbox 315 4229 1842 4302">
     <span class='ocr_line' id='line_1_46' title="bbox 315 4229 1842 4302; baseline 0.002 -17"><span class='ocrx_word' id='word_1_348' title='bbox 315 4229 345 4268; x_wconf 74' lang='grc' dir='ltr'><strong>ιι</strong></span> <span class='ocrx_word' id='word_1_349' title='bbox 388 4229 558 4286; x_wconf 86' lang='lat' dir='ltr'><strong>Vocat</strong></span> <span class='ocrx_word' id='word_1_350' title='bbox 595 4232 869 4302; x_wconf 78' lang='lat' dir='ltr'><strong>diabolum</strong></span> <span class='ocrx_word' id='word_1_351' title='bbox 895 4229 1154 4301; x_wconf 83' lang='lat' dir='ltr'><strong>refugam.</strong></span> <span class='ocrx_word' id='word_1_352' title='bbox 1180 4231 1386 4302; x_wconf 85' lang='lat' dir='ltr'><strong>Refuga</strong></span> <span class='ocrx_word' id='word_1_353' title='bbox 1421 4232 1566 4287; x_wconf 91' lang='lat' dir='ltr'><strong>enim</strong></span> <span class='ocrx_word' id='word_1_354' title='bbox 1592 4230 1842 4288; x_wconf 88' lang='lat' dir='ltr'><strong>desertor</strong></span> 
     </span>
    </p>
   </div>
   <div class='ocr_carea' id='block_1_47' title="bbox 241 4301 1831 4374">
    <p class='ocr_par' dir='ltr' id='par_1_47' title="bbox 241 4301 1831 4374">
     <span class='ocr_line' id='line_1_47' title="bbox 241 4301 1831 4374; baseline -0.001 -17"><span class='ocrx_word' id='word_1_355' title='bbox 241 4309 348 4368; x_wconf 87' lang='lat' dir='ltr'><strong>est,</strong></span> <span class='ocrx_word' id='word_1_356' title='bbox 375 4310 446 4368; x_wconf 89' lang='lat' dir='ltr'><strong>et,</strong></span> <span class='ocrx_word' id='word_1_357' title='bbox 477 4310 539 4358; x_wconf 91' lang='lat' dir='ltr'><strong>ut</strong></span> <span class='ocrx_word' id='word_1_358' title='bbox 577 4303 654 4357; x_wconf 90' lang='lat' dir='ltr'><strong>ait</strong></span> <span class='ocrx_word' id='word_1_359' title='bbox 699 4301 938 4359; x_wconf 90' lang='lat' dir='ltr'><strong>Glossar.</strong></span> <span class='ocrx_word' id='word_1_360' title='bbox 968 4302 1146 4374; x_wconf 60' lang='lat' dir='ltr'><strong>Latin.</strong></span> <span class='ocrx_word' id='word_1_361' title='bbox 1179 4317 1280 4359; x_wconf 90' lang='lat' dir='ltr'><strong>ms.</strong></span> <span class='ocrx_word' id='word_1_362' title='bbox 1313 4302 1455 4374; x_wconf 87' lang='lat' dir='ltr'><strong>apud</strong></span> <span class='ocrx_word' id='word_1_363' title='bbox 1483 4302 1831 4374; x_wconf 79' lang='lat' dir='ltr'><strong>Ducangium,</strong></span> 
     </span>
    </p>
   </div>
   <div class='ocr_carea' id='block_1_48' title="bbox 242 4371 1836 4446">
    <p class='ocr_par' dir='ltr' id='par_1_48' title="bbox 242 4371 1836 4446">
     <span class='ocr_line' id='line_1_48' title="bbox 242 4371 1836 4446; baseline 0 -19"><span class='ocrx_word' id='word_1_364' title='bbox 242 4381 505 4446; x_wconf 79' lang='lat' dir='ltr'><strong>apostata,</strong></span> <span class='ocrx_word' id='word_1_365' title='bbox 542 4381 603 4446; x_wconf 77' lang='lat' dir='ltr'><strong>et</strong></span> <span class='ocrx_word' id='word_1_366' title='bbox 629 4375 776 4446; x_wconf 71' lang='lat' dir='ltr'><strong>quia</strong></span> <span class='ocrx_word' id='word_1_367' title='bbox 804 4391 920 4430; x_wconf 80' lang='lat' dir='ltr'><strong>vero</strong></span> <span class='ocrx_word' id='word_1_368' title='bbox 957 4372 1057 4428; x_wconf 87' lang='lat' dir='ltr'><strong>Dei</strong></span> <span class='ocrx_word' id='word_1_369' title='bbox 1098 4375 1236 4446; x_wconf 77' lang='lat' dir='ltr'><strong>cuqu</strong></span> <span class='ocrx_word' id='word_1_370' title='bbox 1256 4371 1566 4446; x_wconf 41' lang='lat' dir='ltr'><strong>ais-cedunt.</strong></span> <span class='ocrx_word' id='word_1_371' title='bbox 1602 4371 1836 4446; x_wconf 65' lang='lat' dir='ltr'><strong>Utuntur</strong></span> 
     </span>
    </p>
   </div>
   <div class='ocr_carea' id='block_1_49' title="bbox 243 4442 1835 4512">
    <p class='ocr_par' dir='ltr' id='par_1_49' title="bbox 243 4442 1835 4512">
     <span class='ocr_line' id='line_1_49' title="bbox 243 4442 1835 4512; baseline -0.001 -14"><span class='ocrx_word' id='word_1_372' title='bbox 243 4442 352 4499; x_wconf 85' lang='lat' dir='ltr'><strong>hac</strong></span> <span class='ocrx_word' id='word_1_373' title='bbox 377 4460 510 4500; x_wconf 87' lang='lat' dir='ltr'><strong>voce</strong></span> <span class='ocrx_word' id='word_1_374' title='bbox 539 4442 685 4500; x_wconf 81' lang='lat' dir='ltr'><strong>Zeno</strong></span> <span class='ocrx_word' id='word_1_375' title='bbox 706 4445 931 4512; x_wconf 90' lang='lat' dir='ltr'><strong>Veron.,</strong></span> <span class='ocrx_word' id='word_1_376' title='bbox 962 4460 1124 4500; x_wconf 90' lang='lat' dir='ltr'><strong>serm.</strong></span> <span class='ocrx_word' id='word_1_377' title='bbox 1155 4444 1222 4500; x_wconf 93' lang='lat' dir='ltr'><strong>de</strong></span> <span class='ocrx_word' id='word_1_378' title='bbox 1249 4442 1453 4498; x_wconf 90' lang='lat' dir='ltr'><strong>Somno</strong></span> <span class='ocrx_word' id='word_1_379' title='bbox 1472 4442 1672 4510; x_wconf 81' lang='lat' dir='ltr'><strong>Jacob;</strong></span> <span class='ocrx_word' id='word_1_380' title='bbox 1703 4443 1835 4499; x_wconf 90' lang='lat' dir='ltr'><strong>Ter-</strong></span> 
     </span>
    </p>
   </div>
   <div class='ocr_carea' id='block_1_50' title="bbox 242 4512 1836 4582">
    <p class='ocr_par' dir='ltr' id='par_1_50' title="bbox 242 4512 1836 4582">
     <span class='ocr_line' id='line_1_50' title="bbox 242 4512 1836 4582; baseline 0.001 -15"><span class='ocrx_word' id='word_1_381' title='bbox 242 4515 522 4579; x_wconf 87' lang='lat' dir='ltr'><strong>tullianus,</strong></span> <span class='ocrx_word' id='word_1_382' title='bbox 555 4515 623 4570; x_wconf 92' lang='lat' dir='ltr'><strong>de</strong></span> <span class='ocrx_word' id='word_1_383' title='bbox 645 4514 842 4570; x_wconf 87' lang='lat' dir='ltr'><strong>Habitu</strong></span> <span class='ocrx_word' id='word_1_384' title='bbox 861 4515 1106 4570; x_wconf 90' lang='lat' dir='ltr'><strong>muliebri</strong></span> <span class='ocrx_word' id='word_1_385' title='bbox 1126 4531 1244 4582; x_wconf 93' lang='lat' dir='ltr'><strong>cap.</strong></span> <span class='ocrx_word' id='word_1_386' title='bbox 1270 4512 1334 4582; x_wconf 83' lang='lat'><strong>5;</strong></span> <span class='ocrx_word' id='word_1_387' title='bbox 1366 4513 1705 4580; x_wconf 88' lang='lat' dir='ltr'><strong>Prudentius,</strong></span> <span class='ocrx_word' id='word_1_388' title='bbox 1732 4513 1836 4569; x_wconf 91' lang='lat' dir='ltr'><strong>ode</strong></span> 
     </span>
    </p>
   </div>
   <div class='ocr_carea' id='block_1_51' title="bbox 243 4583 1666 4657">
    <p class='ocr_par' dir='ltr' id='par_1_51' title="bbox 243 4583 1666 4657">
     <span class='ocr_line' id='line_1_51' title="bbox 243 4583 1666 4657; baseline 0 -19"><span class='ocrx_word' id='word_1_389' title='bbox 243 4584 272 4638; x_wconf 99' lang='grc'><strong>1</strong></span> <span class='ocrx_word' id='word_1_390' title='bbox 307 4583 634 4657; x_wconf 70' lang='lat' dir='ltr'><strong>Peristeph.,</strong></span> <span class='ocrx_word' id='word_1_391' title='bbox 658 4595 714 4642; x_wconf 92' lang='lat' dir='ltr'><strong>et</strong></span> <span class='ocrx_word' id='word_1_392' title='bbox 732 4587 943 4657; x_wconf 56' lang='lat' dir='ltr'><strong>Noster,</strong></span> <span class='ocrx_word' id='word_1_393' title='bbox 974 4601 1135 4657; x_wconf 90' lang='lat' dir='ltr'><strong>serm.</strong></span> <span class='ocrx_word' id='word_1_394' title='bbox 1169 4583 1291 4651; x_wconf 67' lang='lat'><strong>135,</strong></span> <span class='ocrx_word' id='word_1_395' title='bbox 1339 4586 1406 4640; x_wconf 91' lang='lat' dir='ltr'><strong>de</strong></span> <span class='ocrx_word' id='word_1_396' title='bbox 1433 4584 1666 4657; x_wconf 68' lang='lat' dir='ltr'><strong>Herode.</strong></span> 
     </span>
    </p>
   </div>
   <div class='ocr_carea' id='block_1_52' title="bbox 321 4654 1918 4728">
    <p class='ocr_par' dir='ltr' id='par_1_52' title="bbox 321 4654 1918 4728">
     <span class='ocr_line' id='line_1_52' title="bbox 321 4654 1918 4728; baseline -0.001 -18"><span class='ocrx_word' id='word_1_397' title='bbox 321 4666 346 4692; x_wconf 71' lang='grc' dir='ltr'><strong>ο</strong></span> <span class='ocrx_word' id='word_1_398' title='bbox 376 4654 692 4713; x_wconf 77' lang='lat' dir='ltr'><strong>Consbnant</strong></span> <span class='ocrx_word' id='word_1_399' title='bbox 726 4654 1004 4728; x_wconf 76' lang='lat' dir='ltr'><strong>Origenes,</strong></span> <span class='ocrx_word' id='word_1_400' title='bbox 1032 4656 1448 4728; x_wconf 89' lang='lat' dir='ltr'><strong>Chrysostomus</strong></span> <span class='ocrx_word' id='word_1_401' title='bbox 1485 4662 1541 4710; x_wconf 88' lang='lat' dir='ltr'><strong>et</strong></span> <span class='ocrx_word' id='word_1_402' title='bbox 1567 4655 1834 4728; x_wconf 74' lang='lat' dir='ltr'><strong>Hierony-</strong></span> <span class='ocrx_word' id='word_1_403' title='bbox 1907 4711 1918 4721; x_wconf 83' lang='lat'><em>_</em></span> 
     </span>
    </p>
   </div>
   <div class='ocr_carea' id='block_1_53' title="bbox 244 4725 1836 4798">
    <p class='ocr_par' dir='ltr' id='par_1_53' title="bbox 244 4725 1836 4798">
     <span class='ocr_line' id='line_1_53' title="bbox 244 4725 1836 4798; baseline -0.001 -16"><span class='ocrx_word' id='word_1_404' title='bbox 244 4743 389 4792; x_wconf 87' lang='lat' dir='ltr'><strong>mus,</strong></span> <span class='ocrx_word' id='word_1_405' title='bbox 419 4729 512 4798; x_wconf 84' lang='lat' dir='ltr'><strong>qui</strong></span> <span class='ocrx_word' id='word_1_406' title='bbox 549 4728 846 4783; x_wconf 88' lang='lat' dir='ltr'><strong>naturalem</strong></span> <span class='ocrx_word' id='word_1_407' title='bbox 875 4727 1048 4782; x_wconf 90' lang='lat' dir='ltr'><strong>morbi</strong></span> <span class='ocrx_word' id='word_1_408' title='bbox 1076 4725 1296 4782; x_wconf 83' lang='lat' dir='ltr'><strong>causam</strong></span> <span class='ocrx_word' id='word_1_409' title='bbox 1320 4727 1379 4798; x_wconf 82' lang='lat' dir='ltr'><strong>in</strong></span> <span class='ocrx_word' id='word_1_410' title='bbox 1406 4741 1575 4798; x_wconf 84' lang='lat' dir='ltr'><strong>puero</strong></span> <span class='ocrx_word' id='word_1_411' title='bbox 1603 4725 1706 4781; x_wconf 92' lang='lat' dir='ltr'><strong>hoc</strong></span> <span class='ocrx_word' id='word_1_412' title='bbox 1725 4725 1836 4780; x_wconf 85' lang='lat' dir='ltr'><strong>non</strong></span> 
     </span>
    </p>
   </div>
   <div class='ocr_carea' id='block_1_54' title="bbox 246 4797 1834 4868">
    <p class='ocr_par' dir='ltr' id='par_1_54' title="bbox 246 4797 1834 4868">
     <span class='ocr_line' id='line_1_54' title="bbox 246 4797 1834 4868; baseline 0.001 -17"><span class='ocrx_word' id='word_1_413' title='bbox 246 4805 566 4867; x_wconf 86' lang='lat' dir='ltr'><strong>agnoscunt,</strong></span> <span class='ocrx_word' id='word_1_414' title='bbox 599 4799 996 4868; x_wconf 88' lang='lat' dir='ltr'><strong>opinanturque</strong></span> <span class='ocrx_word' id='word_1_415' title='bbox 1033 4814 1140 4851; x_wconf 87' lang='lat' dir='ltr'><strong>una</strong></span> <span class='ocrx_word' id='word_1_416' title='bbox 1173 4813 1296 4852; x_wconf 91' lang='lat' dir='ltr'><strong>cum</strong></span> <span class='ocrx_word' id='word_1_417' title='bbox 1316 4797 1515 4851; x_wconf 81' lang='lat' dir='ltr'><strong>Nostro</strong></span> <span class='ocrx_word' id='word_1_418' title='bbox 1543 4797 1834 4863; x_wconf 68' lang='lat' dir='ltr'><strong>dtemones,</strong></span> 
     </span>
    </p>
   </div>
   <div class='ocr_carea' id='block_1_55' title="bbox 245 4867 1840 4935">
    <p class='ocr_par' dir='ltr' id='par_1_55' title="bbox 245 4867 1840 4935">
     <span class='ocr_line' id='line_1_55' title="bbox 245 4867 1840 4935; baseline 0.001 -13"><span class='ocrx_word' id='word_1_419' title='bbox 245 4879 308 4922; x_wconf 89' lang='lat' dir='ltr'><strong>ut</strong></span> <span class='ocrx_word' id='word_1_420' title='bbox 346 4870 593 4926; x_wconf 89' lang='lat' dir='ltr'><strong>homines</strong></span> <span class='ocrx_word' id='word_1_421' title='bbox 629 4867 982 4935; x_wconf 31' lang='lat' dir='ltr'><strong>fallerent,’et</strong></span> <span class='ocrx_word' id='word_1_422' title='bbox 1010 4868 1064 4922; x_wconf 91' lang='lat' dir='ltr'><strong>in</strong></span> <span class='ocrx_word' id='word_1_423' title='bbox 1091 4869 1231 4922; x_wconf 71' lang='lat' dir='ltr'><strong>lunae</strong></span> <span class='ocrx_word' id='word_1_424' title='bbox 1267 4876 1569 4922; x_wconf 87' lang='lat' dir='ltr'><strong>creatorem</strong></span> <span class='ocrx_word' id='word_1_425' title='bbox 1599 4867 1840 4923; x_wconf 89' lang='lat' dir='ltr'><strong>convicia</strong></span> 
     </span>
    </p>
   </div>
   <div class='ocr_carea' id='block_1_56' title="bbox 246 4935 1702 5009">
    <p class='ocr_par' dir='ltr' id='par_1_56' title="bbox 246 4935 1702 5009">
     <span class='ocr_line' id='line_1_56' title="bbox 246 4935 1702 5009; baseline -0.001 -16"><span class='ocrx_word' id='word_1_426' title='bbox 246 4946 584 5008; x_wconf 88' lang='lat' dir='ltr'><strong>evomerent,</strong></span> <span class='ocrx_word' id='word_1_427' title='bbox 609 4954 813 5009; x_wconf 80' lang='lat' dir='ltr'><strong>:cgmm</strong></span> <span class='ocrx_word' id='word_1_428' title='bbox 841 4940 980 4996; x_wconf 90' lang='lat' dir='ltr'><strong>hunc</strong></span> <span class='ocrx_word' id='word_1_429' title='bbox 1008 4938 1364 4994; x_wconf 88' lang='lat' dir='ltr'><strong>excruciasse.</strong></span> <span class='ocrx_word' id='word_1_430' title='bbox 1395 4935 1665 4992; x_wconf 76' lang='lat' dir='ltr'><strong>Iuvencus</strong></span> <span class='ocrx_word' id='word_1_431' title='bbox 1689 4955 1702 4992; x_wconf 87' lang='lat'><strong>:</strong></span> 
     </span>
    </p>
   </div>
   <div class='ocr_carea' id='block_1_57' title="bbox 345 5029 1656 5144">
    <p class='ocr_par' dir='ltr' id='par_1_57' title="bbox 345 5029 1656 5144">
     <span class='ocr_line' id='line_1_57' title="bbox 345 5029 1656 5144; baseline -0.002 -64"><span class='ocrx_word' id='word_1_432' title='bbox 345 5031 468 5143; x_wconf 45' lang='lat' dir='ltr'><strong>gain</strong></span> <span class='ocrx_word' id='word_1_433' title='bbox 483 5045 656 5144; x_wconf 48' lang='lat' dir='ltr'><strong>cui-sus</strong></span> <span class='ocrx_word' id='word_1_434' title='bbox 673 5030 801 5081; x_wconf 80' lang='lat' dir='ltr'><strong>luna:</strong></span> <span class='ocrx_word' id='word_1_435' title='bbox 817 5036 982 5082; x_wconf 87' lang='lat' dir='ltr'><strong>natum</strong></span> <span class='ocrx_word' id='word_1_436' title='bbox 1000 5030 1123 5080; x_wconf 90' lang='lat' dir='ltr'><strong>mihi</strong></span> <span class='ocrx_word' id='word_1_437' title='bbox 1147 5029 1277 5080; x_wconf 87' lang='lat' dir='ltr'><strong>hunc</strong></span> <span class='ocrx_word' id='word_1_438' title='bbox 1292 5029 1525 5079; x_wconf 73' lang='lat' dir='ltr'><strong>daemonis</strong></span> <span class='ocrx_word' id='word_1_439' title='bbox 1546 5035 1656 5079; x_wconf 87' lang='lat' dir='ltr'><strong>arte</strong></span> 
     </span>
     <span class='ocr_line' id='line_1_58' title="bbox 388 5107 582 5144; baseline 0.005 -1"><span class='ocrx_word' id='word_1_440' title='bbox 388 5107 543 5144; x_wconf 87' lang='lat' dir='ltr'><strong>oraue</strong></span> <span class='ocrx_word' id='word_1_441' title='bbox 569 5131 582 5144; x_wconf 96' lang='lat'><strong>.</strong></span> 
     </span>
    </p>
   </div>
   <div class='ocr_carea' id='block_1_58' title="bbox 388 5107 582 5156">
    <p class='ocr_par' dir='ltr' id='par_1_58' title="bbox 388 5107 582 5156">
     <span class='ocr_line' id='line_1_59' title="bbox 388 5107 582 5156; baseline 0.015 -13"><span class='ocrx_word' id='word_1_442' title='bbox 388 5107 582 5156; x_wconf 86' lang='lat' dir='ltr'><strong>orquet.</strong></span> 
     </span>
    </p>
   </div>
   <div class='ocr_carea' id='block_1_59' title="bbox 247 5151 1838 5225">
    <p class='ocr_par' dir='ltr' id='par_1_59' title="bbox 247 5151 1838 5225">
     <span class='ocr_line' id='line_1_60' title="bbox 247 5151 1838 5225; baseline -0.002 -16"><span class='ocrx_word' id='word_1_443' title='bbox 247 5155 389 5211; x_wconf 81' lang='lat' dir='ltr'><strong>Hinc</strong></span> <span class='ocrx_word' id='word_1_444' title='bbox 415 5151 498 5211; x_wconf 79' lang='lat' dir='ltr'><strong>est</strong></span> <span class='ocrx_word' id='word_1_445' title='bbox 526 5156 672 5225; x_wconf 92' lang='lat' dir='ltr'><strong>quod</strong></span> <span class='ocrx_word' id='word_1_446' title='bbox 691 5162 879 5211; x_wconf 89' lang='lat' dir='ltr'><strong>contra</strong></span> <span class='ocrx_word' id='word_1_447' title='bbox 912 5155 1153 5211; x_wconf 90' lang='lat' dir='ltr'><strong>medicos</strong></span> <span class='ocrx_word' id='word_1_448' title='bbox 1192 5153 1417 5223; x_wconf 84' lang='lat' dir='ltr'><strong>insurgit</strong></span> <span class='ocrx_word' id='word_1_449' title='bbox 1436 5153 1712 5222; x_wconf 86' lang='lat' dir='ltr'><strong>Origenes,</strong></span> <span class='ocrx_word' id='word_1_450' title='bbox 1744 5159 1782 5225; x_wconf 92' lang='lat' dir='ltr'><strong>t_.</strong></span> <span class='ocrx_word' id='word_1_451' title='bbox 1815 5151 1838 5206; x_wconf 87' lang='lat' dir='ltr'><strong>l</strong></span> 
     </span>
    </p>
   </div>
   <div class='ocr_carea' id='block_1_60' title="bbox 247 5223 1840 5296">
    <p class='ocr_par' dir='ltr' id='par_1_60' title="bbox 247 5223 1840 5296">
     <span class='ocr_line' id='line_1_61' title="bbox 247 5223 1840 5296; baseline -0.001 -16"><span class='ocrx_word' id='word_1_452' title='bbox 247 5241 374 5296; x_wconf 85' lang='lat' dir='ltr'><strong>pag.</strong></span> <span class='ocrx_word' id='word_1_453' title='bbox 402 5225 500 5281; x_wconf 74' lang='grc'><strong>311</strong></span> <span class='ocrx_word' id='word_1_454' title='bbox 536 5223 758 5282; x_wconf 80' lang='lat' dir='ltr'><strong>edition.</strong></span> <span class='ocrx_word' id='word_1_455' title='bbox 805 5226 1002 5291; x_wconf 86' lang='lat' dir='ltr'><strong>Huetii,</strong></span> <span class='ocrx_word' id='word_1_456' title='bbox 1026 5226 1120 5296; x_wconf 88' lang='lat' dir='ltr'><strong>qui</strong></span> <span class='ocrx_word' id='word_1_457' title='bbox 1152 5226 1400 5281; x_wconf 89' lang='lat' dir='ltr'><strong>morbum</strong></span> <span class='ocrx_word' id='word_1_458' title='bbox 1426 5225 1580 5296; x_wconf 84' lang='lat' dir='ltr'><strong>hunc</strong></span> <span class='ocrx_word' id='word_1_459' title='bbox 1602 5238 1709 5278; x_wconf 91' lang='lat' dir='ltr'><strong>non</strong></span> <span class='ocrx_word' id='word_1_460' title='bbox 1738 5223 1840 5279; x_wconf 74' lang='lat' dir='ltr'><strong>dm-</strong></span> 
     </span>
    </p>
   </div>
   <div class='ocr_carea' id='block_1_61' title="bbox 246 5295 1838 5362">
    <p class='ocr_par' dir='ltr' id='par_1_61' title="bbox 246 5295 1838 5362">
     <span class='ocr_line' id='line_1_62' title="bbox 246 5295 1838 5362; baseline -0.001 -12"><span class='ocrx_word' id='word_1_461' title='bbox 246 5295 429 5352; x_wconf 80' lang='lat' dir='ltr'><strong>iuonis</strong></span> <span class='ocrx_word' id='word_1_462' title='bbox 449 5305 566 5353; x_wconf 86' lang='lat' dir='ltr'><strong>arte</strong></span> <span class='ocrx_word' id='word_1_463' title='bbox 586 5298 874 5362; x_wconf 89' lang='lat' dir='ltr'><strong>invectum,</strong></span> <span class='ocrx_word' id='word_1_464' title='bbox 891 5297 988 5352; x_wconf 90' lang='lat' dir='ltr'><strong>scd</strong></span> <span class='ocrx_word' id='word_1_465' title='bbox 1006 5295 1074 5351; x_wconf 91' lang='lat' dir='ltr'><strong>ab</strong></span> <span class='ocrx_word' id='word_1_466' title='bbox 1095 5297 1394 5351; x_wconf 83' lang='lat' dir='ltr'><strong>humiditate</strong></span> <span class='ocrx_word' id='word_1_467' title='bbox 1414 5295 1551 5349; x_wconf 71' lang='lat' dir='ltr'><strong>(ante</strong></span> <span class='ocrx_word' id='word_1_468' title='bbox 1568 5295 1838 5349; x_wconf 89' lang='lat' dir='ltr'><strong>invectum</strong></span> 
     </span>
    </p>
   </div>
   <div class='ocr_carea' id='block_1_62' title="bbox 248 5364 1838 5439">
    <p class='ocr_par' dir='ltr' id='par_1_62' title="bbox 248 5364 1838 5439">
     <span class='ocr_line' id='line_1_63' title="bbox 248 5364 1838 5439; baseline -0.001 -18"><span class='ocrx_word' id='word_1_469' title='bbox 248 5369 603 5423; x_wconf 88' lang='lat' dir='ltr'><strong>arbitrantur.</strong></span> <span class='ocrx_word' id='word_1_470' title='bbox 635 5367 1127 5439; x_wconf 86' lang='lat' dir='ltr'><strong>Reprehendendus</strong></span> <span class='ocrx_word' id='word_1_471' title='bbox 1158 5376 1212 5422; x_wconf 92' lang='lat' dir='ltr'><strong>et</strong></span> <span class='ocrx_word' id='word_1_472' title='bbox 1239 5368 1371 5439; x_wconf 86' lang='lat' dir='ltr'><strong>ipse,</strong></span> <span class='ocrx_word' id='word_1_473' title='bbox 1403 5365 1495 5439; x_wconf 81' lang='lat' dir='ltr'><strong>qui</strong></span> <span class='ocrx_word' id='word_1_474' title='bbox 1533 5366 1584 5419; x_wconf 92' lang='lat' dir='ltr'><strong>in</strong></span> <span class='ocrx_word' id='word_1_475' title='bbox 1613 5364 1838 5439; x_wconf 84' lang='lat' dir='ltr'><strong>alteram</strong></span> 
     </span>
    </p>
   </div>
   <div class='ocr_carea' id='block_1_63' title="bbox 248 5436 1840 5508">
    <p class='ocr_par' dir='ltr' id='par_1_63' title="bbox 248 5436 1840 5508">
     <span class='ocr_line' id='line_1_64' title="bbox 248 5436 1840 5508; baseline -0.001 -17"><span class='ocrx_word' id='word_1_476' title='bbox 248 5447 464 5508; x_wconf 89' lang='lat' dir='ltr'><strong>partem</strong></span> <span class='ocrx_word' id='word_1_477' title='bbox 482 5439 694 5508; x_wconf 87' lang='lat' dir='ltr'><strong>longius</strong></span> <span class='ocrx_word' id='word_1_478' title='bbox 711 5436 1013 5494; x_wconf 78' lang='lat' dir='ltr'><strong>recedendo</strong></span> <span class='ocrx_word' id='word_1_479' title='bbox 1040 5454 1070 5492; x_wconf 89' lang='lat' dir='ltr'><strong>a</strong></span> <span class='ocrx_word' id='word_1_480' title='bbox 1098 5446 1245 5494; x_wconf 90' lang='lat' dir='ltr'><strong>recta</strong></span> <span class='ocrx_word' id='word_1_481' title='bbox 1261 5436 1359 5492; x_wconf 32' lang='lat' dir='ltr'><strong>’via</strong></span> <span class='ocrx_word' id='word_1_482' title='bbox 1388 5436 1693 5501; x_wconf 86' lang='lat' dir='ltr'><strong>aberravit;</strong></span> <span class='ocrx_word' id='word_1_483' title='bbox 1724 5451 1840 5490; x_wconf 85' lang='lat' dir='ltr'><strong>om-</strong></span> 
     </span>
    </p>
   </div>
   <div class='ocr_carea' id='block_1_64' title="bbox 251 5508 1840 5576">
    <p class='ocr_par' dir='ltr' id='par_1_64' title="bbox 251 5508 1840 5576">
     <span class='ocr_line' id='line_1_65' title="bbox 251 5508 1840 5576; baseline 0.001 -15"><span class='ocrx_word' id='word_1_484' title='bbox 251 5508 345 5562; x_wconf 90' lang='lat' dir='ltr'><strong>nia</strong></span> <span class='ocrx_word' id='word_1_485' title='bbox 373 5511 517 5564; x_wconf 90' lang='lat' dir='ltr'><strong>enim</strong></span> <span class='ocrx_word' id='word_1_486' title='bbox 546 5511 798 5576; x_wconf 77' lang='lat' dir='ltr'><strong>dmmoni,</strong></span> <span class='ocrx_word' id='word_1_487' title='bbox 822 5509 896 5563; x_wconf 90' lang='lat' dir='ltr'><strong>nil</strong></span> <span class='ocrx_word' id='word_1_488' title='bbox 927 5517 1133 5564; x_wconf 85' lang='lat' dir='ltr'><strong>naturae</strong></span> <span class='ocrx_word' id='word_1_489' title='bbox 1169 5508 1431 5576; x_wconf 90' lang='lat' dir='ltr'><strong>permisit,</strong></span> <span class='ocrx_word' id='word_1_490' title='bbox 1461 5523 1581 5562; x_wconf 90' lang='lat' dir='ltr'><strong>cum</strong></span> <span class='ocrx_word' id='word_1_491' title='bbox 1603 5524 1634 5560; x_wconf 83' lang='lat' dir='ltr'><strong>e</strong></span> <span class='ocrx_word' id='word_1_492' title='bbox 1653 5513 1840 5562; x_wconf 86' lang='lat' dir='ltr'><strong>contra</strong></span> 
     </span>
    </p>
   </div>
   <div class='ocr_carea' id='block_1_65' title="bbox 248 5577 1838 5646">
    <p class='ocr_par' dir='ltr' id='par_1_65' title="bbox 248 5577 1838 5646">
     <span class='ocr_line' id='line_1_66' title="bbox 248 5577 1838 5646; baseline 0.002 -16"><span class='ocrx_word' id='word_1_493' title='bbox 248 5577 572 5646; x_wconf 78' lang='lat' dir='ltr'><strong>Euthymius</strong></span> <span class='ocrx_word' id='word_1_494' title='bbox 590 5581 644 5636; x_wconf 93' lang='lat' dir='ltr'><strong>in</strong></span> <span class='ocrx_word' id='word_1_495' title='bbox 673 5579 860 5635; x_wconf 88' lang='lat' dir='ltr'><strong>Matth.</strong></span> <span class='ocrx_word' id='word_1_496' title='bbox 894 5596 964 5643; x_wconf 82' lang='grc' dir='ltr'><strong>ιν,</strong></span> <span class='ocrx_word' id='word_1_497' title='bbox 1005 5578 1094 5646; x_wconf 70' lang='grc'><strong>24,</strong></span> <span class='ocrx_word' id='word_1_498' title='bbox 1126 5577 1193 5634; x_wconf 90' lang='lat' dir='ltr'><strong>ad</strong></span> <span class='ocrx_word' id='word_1_499' title='bbox 1221 5579 1392 5634; x_wconf 89' lang='lat' dir='ltr'><strong>solam</strong></span> <span class='ocrx_word' id='word_1_500' title='bbox 1423 5584 1668 5633; x_wconf 88' lang='lat' dir='ltr'><strong>naturam</strong></span> <span class='ocrx_word' id='word_1_501' title='bbox 1696 5577 1838 5633; x_wconf 79' lang='lat' dir='ltr'><strong>refe-</strong></span> 
     </span>
    </p>
   </div>
   <div class='ocr_carea' id='block_1_66' title="bbox 247 5640 1836 5718">
    <p class='ocr_par' dir='ltr' id='par_1_66' title="bbox 247 5640 1836 5718">
     <span class='ocr_line' id='line_1_67' title="bbox 247 5640 1836 5718; baseline 0.001 -16"><span class='ocrx_word' id='word_1_502' title='bbox 247 5657 357 5703; x_wconf 89' lang='lat' dir='ltr'><strong>rat.</strong></span> <span class='ocrx_word' id='word_1_503' title='bbox 389 5640 558 5718; x_wconf 77' lang='lat' dir='ltr'><strong>Recte</strong></span> <span class='ocrx_word' id='word_1_504' title='bbox 587 5659 770 5707; x_wconf 88' lang='lat' dir='ltr'><strong>autem</strong></span> <span class='ocrx_word' id='word_1_505' title='bbox 813 5640 1090 5706; x_wconf 79' lang='lat' dir='ltr'><strong>existimat</strong></span> <span class='ocrx_word' id='word_1_506' title='bbox 1129 5649 1385 5715; x_wconf 83' lang='lat' dir='ltr'><strong>Huetius,</strong></span> <span class='ocrx_word' id='word_1_507' title='bbox 1429 5649 1483 5703; x_wconf 93' lang='lat' dir='ltr'><strong>in</strong></span> <span class='ocrx_word' id='word_1_508' title='bbox 1530 5646 1836 5718; x_wconf 88' lang='lat' dir='ltr'><strong>Origenian.</strong></span> 
     </span>
    </p>
   </div>
   <div class='ocr_carea' id='block_1_67' title="bbox 247 5717 1838 5792">
    <p class='ocr_par' dir='ltr' id='par_1_67' title="bbox 247 5717 1838 5792">
     <span class='ocr_line' id='line_1_68' title="bbox 247 5717 1838 5792; baseline 0.002 -20"><span class='ocrx_word' id='word_1_509' title='bbox 247 5733 374 5789; x_wconf 86' lang='lat' dir='ltr'><strong>pag.</strong></span> <span class='ocrx_word' id='word_1_510' title='bbox 402 5717 469 5774; x_wconf 69' lang='lat'><strong>54</strong></span> <span class='ocrx_word' id='word_1_511' title='bbox 497 5722 602 5777; x_wconf 92' lang='lat' dir='ltr'><strong>col.</strong></span> <span class='ocrx_word' id='word_1_512' title='bbox 624 5723 678 5789; x_wconf 81' lang='lat'><strong>2,</strong></span> <span class='ocrx_word' id='word_1_513' title='bbox 709 5721 872 5778; x_wconf 83' lang='lat' dir='ltr'><strong>fuisse</strong></span> <span class='ocrx_word' id='word_1_514' title='bbox 896 5721 1241 5792; x_wconf 74' lang='lat' dir='ltr'><strong>epilepticurn,</strong></span> <span class='ocrx_word' id='word_1_515' title='bbox 1269 5720 1612 5791; x_wconf 80' lang='lat' dir='ltr'><strong>paralyticum</strong></span> <span class='ocrx_word' id='word_1_516' title='bbox 1634 5717 1692 5774; x_wconf 89' lang='lat' dir='ltr'><strong>et</strong></span> <span class='ocrx_word' id='word_1_517' title='bbox 1729 5720 1838 5792; x_wconf 68' lang='lat' dir='ltr'><strong>dw-</strong></span> 
     </span>
    </p>
   </div>
   <div class='ocr_carea' id='block_1_68' title="bbox 246 5790 1842 5863">
    <p class='ocr_par' dir='ltr' id='par_1_68' title="bbox 246 5790 1842 5863">
     <span class='ocr_line' id='line_1_69' title="bbox 246 5790 1842 5863; baseline 0.003 -20"><span class='ocrx_word' id='word_1_518' title='bbox 246 5792 563 5863; x_wconf 73' lang='lat' dir='ltr'><strong>moniacurn.</strong></span> <span class='ocrx_word' id='word_1_519' title='bbox 595 5791 655 5848; x_wconf 82' lang='lat' dir='ltr'><strong>id</strong></span> <span class='ocrx_word' id='word_1_520' title='bbox 682 5794 864 5863; x_wconf 86' lang='lat' dir='ltr'><strong>utique</strong></span> <span class='ocrx_word' id='word_1_521' title='bbox 892 5790 1036 5863; x_wconf 71' lang='lat' dir='ltr'><strong>enim</strong></span> <span class='ocrx_word' id='word_1_522' title='bbox 1066 5790 1362 5863; x_wconf 85' lang='lat' dir='ltr'><strong>inauditum</strong></span> <span class='ocrx_word' id='word_1_523' title='bbox 1385 5808 1489 5848; x_wconf 89' lang='lat' dir='ltr'><strong>non</strong></span> <span class='ocrx_word' id='word_1_524' title='bbox 1520 5798 1619 5861; x_wconf 85' lang='lat' dir='ltr'><strong>est,</strong></span> <span class='ocrx_word' id='word_1_525' title='bbox 1651 5798 1710 5845; x_wconf 91' lang='lat' dir='ltr'><strong>ut</strong></span> <span class='ocrx_word' id='word_1_526' title='bbox 1736 5790 1842 5848; x_wconf 87' lang='lat' dir='ltr'><strong>duo</strong></span> 
     </span>
    </p>
   </div>
   <div class='ocr_carea' id='block_1_69' title="bbox 246 5860 1324 5934">
    <p class='ocr_par' dir='ltr' id='par_1_69' title="bbox 246 5860 1324 5934">
     <span class='ocr_line' id='line_1_70' title="bbox 246 5860 1324 5934; baseline -0.006 -13"><span class='ocrx_word' id='word_1_527' title='bbox 246 5863 370 5921; x_wconf 73' lang='lat' dir='ltr'><strong>haec</strong></span> <span class='ocrx_word' id='word_1_528' title='bbox 390 5860 803 5922; x_wconf 74' lang='lat' dir='ltr'><strong>confundantur.</strong></span> <span class='ocrx_word' id='word_1_529' title='bbox 829 5863 962 5919; x_wconf 82' lang='lat' dir='ltr'><strong>Vide</strong></span> <span class='ocrx_word' id='word_1_530' title='bbox 983 5860 1324 5934; x_wconf 87' lang='lat' dir='ltr'><strong>Hesychium.</strong></span> 
     </span>
    </p>
   </div>
   <div class='ocr_carea' id='block_1_70' title="bbox 1921 555 3511 637">
    <p class='ocr_par' dir='ltr' id='par_1_70' title="bbox 1921 555 3511 637">
     <span class='ocr_line' id='line_1_71' title="bbox 1921 555 3511 637; baseline 0.011 -26"><span class='ocrx_word' id='word_1_531' title='bbox 1921 555 2030 623; x_wconf 91' lang='lat' dir='ltr'><strong>ris,</strong></span> <span class='ocrx_word' id='word_1_532' title='bbox 2081 573 2202 612; x_wconf 90' lang='lat' dir='ltr'><strong>esse</strong></span> <span class='ocrx_word' id='word_1_533' title='bbox 2249 559 2531 615; x_wconf 88' lang='lat' dir='ltr'><strong>crederent</strong></span> <span class='ocrx_word' id='word_1_534' title='bbox 2571 559 2860 618; x_wconf 84' lang='lat' dir='ltr'><strong>debilitatis</strong></span> <span class='ocrx_word' id='word_1_535' title='bbox 2897 562 3162 632; x_wconf 63' lang='lat' dir='ltr'><strong>humanm,</strong></span> <span class='ocrx_word' id='word_1_536' title='bbox 3191 565 3511 637; x_wconf 84' lang='lat' dir='ltr'><strong>deputarent</strong></span> 
     </span>
    </p>
   </div>
   <div class='ocr_carea' id='block_1_71' title="bbox 1922 649 3510 725">
    <p class='ocr_par' dir='ltr' id='par_1_71' title="bbox 1922 649 3510 725">
     <span class='ocr_line' id='line_1_72' title="bbox 1922 649 3510 725; baseline 0.011 -22"><span class='ocrx_word' id='word_1_537' title='bbox 1922 649 2154 721; x_wconf 90' lang='lat' dir='ltr'><strong>pignori,</strong></span> <span class='ocrx_word' id='word_1_538' title='bbox 2187 651 2518 708; x_wconf 88' lang='lat' dir='ltr'><strong>ascriberent</strong></span> <span class='ocrx_word' id='word_1_539' title='bbox 2538 661 2763 722; x_wconf 66' lang='lat' dir='ltr'><strong>naturae,</strong></span> <span class='ocrx_word' id='word_1_540' title='bbox 2794 656 2941 725; x_wconf 92' lang='lat' dir='ltr'><strong>quod</strong></span> <span class='ocrx_word' id='word_1_541' title='bbox 2966 656 3220 713; x_wconf 88' lang='lat' dir='ltr'><strong>intulerat</strong></span> <span class='ocrx_word' id='word_1_542' title='bbox 3235 659 3409 718; x_wconf 88' lang='lat' dir='ltr'><strong>hostis</strong></span> <span class='ocrx_word' id='word_1_543' title='bbox 3427 662 3510 721; x_wconf 84' lang='lat' dir='ltr'><strong>in-</strong></span> 
     </span>
    </p>
   </div>
   <div class='ocr_carea' id='block_1_72' title="bbox 1925 747 3512 826">
    <p class='ocr_par' dir='ltr' id='par_1_72' title="bbox 1925 747 3512 826">
     <span class='ocr_line' id='line_1_73' title="bbox 1925 747 3512 826; baseline 0.008 -23"><span class='ocrx_word' id='word_1_544' title='bbox 1925 747 2122 803; x_wconf 89' lang='lat' dir='ltr'><strong>clusus.</strong></span> <span class='ocrx_word' id='word_1_545' title='bbox 2155 747 2430 818; x_wconf 85' lang='lat' dir='ltr'><strong>Denique,</strong></span> <span class='ocrx_word' id='word_1_546' title='bbox 2461 751 2600 807; x_wconf 89' lang='lat' dir='ltr'><strong>sicut</strong></span> <span class='ocrx_word' id='word_1_547' title='bbox 2624 751 2904 810; x_wconf 68' lang='lat' dir='ltr'><strong>Matthaaus</strong></span> <span class='ocrx_word' id='word_1_548' title='bbox 2929 754 2998 812; x_wconf 91' lang='lat' dir='ltr'><strong>de</strong></span> <span class='ocrx_word' id='word_1_549' title='bbox 3025 758 3211 814; x_wconf 89' lang='lat' dir='ltr'><strong>eodem</strong></span> <span class='ocrx_word' id='word_1_550' title='bbox 3239 759 3422 826; x_wconf 79' lang='lat' dir='ltr'><strong>refert,</strong></span> <span class='ocrx_word' id='word_1_551' title='bbox 3453 767 3512 816; x_wconf 85' lang='lat' dir='ltr'><strong>et</strong></span> 
     </span>
    </p>
   </div>
   <div class='ocr_carea' id='block_1_73' title="bbox 1927 837 3506 922">
    <p class='ocr_par' dir='ltr' id='par_1_73' title="bbox 1927 837 3506 922">
     <span class='ocr_line' id='line_1_74' title="bbox 1927 837 3506 922; baseline 0.01 -29"><span class='ocrx_word' id='word_1_552' title='bbox 1927 837 2030 894; x_wconf 87' lang='lat' dir='ltr'><strong>alia</strong></span> <span class='ocrx_word' id='word_1_553' title='bbox 2069 840 2411 897; x_wconf 88' lang='lat' dir='ltr'><strong>simulatione</strong></span> <span class='ocrx_word' id='word_1_554' title='bbox 2443 842 2597 899; x_wconf 92' lang='lat' dir='ltr'><strong>istius</strong></span> <span class='ocrx_word' id='word_1_555' title='bbox 2624 845 2806 902; x_wconf 89' lang='lat' dir='ltr'><strong>miseri</strong></span> <span class='ocrx_word' id='word_1_556' title='bbox 2831 846 3094 905; x_wconf 77' lang='lat' dir='ltr'><strong>fefellerat</strong></span> <span class='ocrx_word' id='word_1_557' title='bbox 3111 859 3318 922; x_wconf 86' lang='lat' dir='ltr'><strong>patrem</strong></span> <span class='ocrx_word' id='word_1_558' title='bbox 3344 871 3359 919; x_wconf 91' lang='lat'><strong>;</strong></span> <span class='ocrx_word' id='word_1_559' title='bbox 3382 869 3506 908; x_wconf 90' lang='lat' dir='ltr'><strong>nam</strong></span> 
     </span>
    </p>
   </div>
   <div class='ocr_carea' id='block_1_74' title="bbox 1927 930 3508 1017">
    <p class='ocr_par' dir='ltr' id='par_1_74' title="bbox 1927 930 3508 1017">
     <span class='ocr_line' id='line_1_75' title="bbox 1927 930 3508 1017; baseline 0.009 -31"><span class='ocrx_word' id='word_1_560' title='bbox 1927 930 2032 986; x_wconf 87' lang='lat' dir='ltr'><strong>sibi</strong></span> <span class='ocrx_word' id='word_1_561' title='bbox 2065 931 2145 990; x_wconf 90' lang='lat' dir='ltr'><strong>sic</strong></span> <span class='ocrx_word' id='word_1_562' title='bbox 2183 933 2486 1004; x_wconf 89' lang='lat' dir='ltr'><strong>supplicat:</strong></span> <span class='ocrx_word' id='word_1_563' title='bbox 2534 935 2785 1006; x_wconf 83' lang='lat' dir='ltr'><strong>Domine,</strong></span> <span class='ocrx_word' id='word_1_564' title='bbox 2835 941 3074 996; x_wconf 82' lang='lat' dir='ltr'><strong>miserere</strong></span> <span class='ocrx_word' id='word_1_565' title='bbox 3117 942 3215 1014; x_wconf 81' lang='lat' dir='ltr'><strong>filii</strong></span> <span class='ocrx_word' id='word_1_566' title='bbox 3241 945 3358 1011; x_wconf 87' lang='lat' dir='ltr'><strong>mei,</strong></span> <span class='ocrx_word' id='word_1_567' title='bbox 3389 946 3508 1017; x_wconf 88' lang='lat' dir='ltr'><strong>quia</strong></span> 
     </span>
    </p>
   </div>
   <div class='ocr_carea' id='block_1_75' title="bbox 1929 1022 3506 1104">
    <p class='ocr_par' dir='ltr' id='par_1_75' title="bbox 1929 1022 3506 1104">
     <span class='ocr_line' id='line_1_76' title="bbox 1929 1022 3506 1104; baseline 0.01 -27"><span class='ocrx_word' id='word_1_568' title='bbox 1929 1022 2185 1080; x_wconf 72' lang='lat' dir='ltr'><strong>fanaticus</strong></span> <span class='ocrx_word' id='word_1_569' title='bbox 2212 1034 2307 1093; x_wconf 84' lang='lat' dir='ltr'><strong>est,</strong></span> <span class='ocrx_word' id='word_1_570' title='bbox 2328 1035 2379 1081; x_wconf 85' lang='lat' dir='ltr'><strong>et</strong></span> <span class='ocrx_word' id='word_1_571' title='bbox 2405 1028 2543 1083; x_wconf 87' lang='lat' dir='ltr'><strong>male</strong></span> <span class='ocrx_word' id='word_1_572' title='bbox 2564 1037 2826 1102; x_wconf 83' lang='lat' dir='ltr'><strong>torquetur</strong></span> <span class='ocrx_word' id='word_1_573' title='bbox 2844 1029 3056 1104; x_wconf 79' lang='lat' dir='ltr'><strong>(Matth.</strong></span> <span class='ocrx_word' id='word_1_574' title='bbox 3090 1033 3240 1104; x_wconf 77' lang='lat' dir='ltr'><strong>xvii).</strong></span> <span class='ocrx_word' id='word_1_575' title='bbox 3271 1035 3378 1090; x_wconf 86' lang='lat' dir='ltr'><strong>Aut</strong></span> <span class='ocrx_word' id='word_1_576' title='bbox 3405 1037 3506 1092; x_wconf 89' lang='lat' dir='ltr'><strong>hu-</strong></span> 
     </span>
    </p>
   </div>
   <div class='ocr_carea' id='block_1_76' title="bbox 1925 1121 3507 1198">
    <p class='ocr_par' dir='ltr' id='par_1_76' title="bbox 1925 1121 3507 1198">
     <span class='ocr_line' id='line_1_77' title="bbox 1925 1121 3507 1198; baseline 0.008 -27"><span class='ocrx_word' id='word_1_577' title='bbox 1925 1131 2099 1172; x_wconf 89' lang='lat' dir='ltr'><strong>manae</strong></span> <span class='ocrx_word' id='word_1_578' title='bbox 2127 1125 2332 1173; x_wconf 85' lang='lat' dir='ltr'><strong>naturae</strong></span> <span class='ocrx_word' id='word_1_579' title='bbox 2360 1127 2454 1174; x_wconf 91' lang='lat' dir='ltr'><strong>aut</strong></span> <span class='ocrx_word' id='word_1_580' title='bbox 2493 1121 2730 1180; x_wconf 80' lang='lat' dir='ltr'><strong>caelestis</strong></span> <span class='ocrx_word' id='word_1_581' title='bbox 2757 1122 3010 1178; x_wconf 91' lang='lat' dir='ltr'><strong>elementi</strong></span> <span class='ocrx_word' id='word_1_582' title='bbox 3048 1124 3276 1190; x_wconf 82' lang='lat' dir='ltr'><strong>daemon,</strong></span> <span class='ocrx_word' id='word_1_583' title='bbox 3312 1137 3336 1163; x_wconf 75' lang='grc' dir='ltr'>ε</span> <span class='ocrx_word' id='word_1_584' title='bbox 3365 1127 3507 1198; x_wconf 90' lang='lat' dir='ltr'><strong>quod</strong></span> 
     </span>
    </p>
   </div>
   <div class='ocr_carea' id='block_1_77' title="bbox 1925 1207 3509 1286">
    <p class='ocr_par' dir='ltr' id='par_1_77' title="bbox 1925 1207 3509 1286">
     <span class='ocr_line' id='line_1_78' title="bbox 1925 1207 3509 1286; baseline 0.007 -24"><span class='ocrx_word' id='word_1_585' title='bbox 1925 1222 2036 1262; x_wconf 72' lang='lat' dir='ltr'><strong>sua:</strong></span> <span class='ocrx_word' id='word_1_586' title='bbox 2078 1207 2210 1263; x_wconf 88' lang='lat' dir='ltr'><strong>artis</strong></span> <span class='ocrx_word' id='word_1_587' title='bbox 2238 1207 2440 1278; x_wconf 87' lang='lat' dir='ltr'><strong>fuerat,</strong></span> <span class='ocrx_word' id='word_1_588' title='bbox 2471 1211 2644 1265; x_wconf 89' lang='lat' dir='ltr'><strong>voluit</strong></span> <span class='ocrx_word' id='word_1_589' title='bbox 2687 1218 2817 1268; x_wconf 89' lang='lat' dir='ltr'><strong>tunc</strong></span> <span class='ocrx_word' id='word_1_590' title='bbox 2843 1213 3032 1280; x_wconf 89' lang='lat' dir='ltr'><strong>videri,</strong></span> <span class='ocrx_word' id='word_1_591' title='bbox 3064 1223 3254 1286; x_wconf 88' lang='lat' dir='ltr'><strong>aptans</strong></span> <span class='ocrx_word' id='word_1_592' title='bbox 3302 1215 3322 1254; x_wconf 68' lang='grc' dir='ltr'><em>τ</em></span> <span class='ocrx_word' id='word_1_593' title='bbox 3369 1218 3509 1274; x_wconf 66' lang='lat' dir='ltr'><strong>lunae</strong></span> 
     </span>
    </p>
   </div>
   <div class='ocr_carea' id='block_1_78' title="bbox 1926 1300 3510 1380">
    <p class='ocr_par' dir='ltr' id='par_1_78' title="bbox 1926 1300 3510 1380">
     <span class='ocr_line' id='line_1_79' title="bbox 1926 1300 3510 1380; baseline 0.006 -23"><span class='ocrx_word' id='word_1_594' title='bbox 1926 1300 2170 1357; x_wconf 89' lang='lat' dir='ltr'><strong>cursibus</strong></span> <span class='ocrx_word' id='word_1_595' title='bbox 2187 1301 2422 1358; x_wconf 89' lang='lat' dir='ltr'><strong>hominis</strong></span> <span class='ocrx_word' id='word_1_596' title='bbox 2440 1305 2749 1375; x_wconf 86' lang='lat' dir='ltr'><strong>passiones;</strong></span> <span class='ocrx_word' id='word_1_597' title='bbox 2770 1307 3001 1362; x_wconf 82' lang='lat' dir='ltr'><strong>vexabat</strong></span> <span class='ocrx_word' id='word_1_598' title='bbox 3022 1325 3216 1380; x_wconf 88' lang='lat' dir='ltr'><strong>corpus</strong></span> <span class='ocrx_word' id='word_1_599' title='bbox 3234 1310 3510 1367; x_wconf 88' lang='lat' dir='ltr'><strong>lunaribus</strong></span> 
     </span>
    </p>
   </div>
   <div class='ocr_carea' id='block_1_79' title="bbox 1927 1392 3508 1470">
    <p class='ocr_par' dir='ltr' id='par_1_79' title="bbox 1927 1392 3508 1470">
     <span class='ocr_line' id='line_1_80' title="bbox 1927 1392 3508 1470; baseline 0.006 -22"><span class='ocrx_word' id='word_1_600' title='bbox 1927 1392 2294 1462; x_wconf 89' lang='lat' dir='ltr'><strong>incrementis,</strong></span> <span class='ocrx_word' id='word_1_601' title='bbox 2320 1403 2381 1451; x_wconf 90' lang='lat' dir='ltr'><strong>ut</strong></span> <span class='ocrx_word' id='word_1_602' title='bbox 2407 1412 2526 1454; x_wconf 90' lang='lat' dir='ltr'><strong>esse</strong></span> <span class='ocrx_word' id='word_1_603' title='bbox 2566 1398 2707 1454; x_wconf 80' lang='lat' dir='ltr'><strong>lunae</strong></span> <span class='ocrx_word' id='word_1_604' title='bbox 2737 1399 3038 1468; x_wconf 87' lang='lat' dir='ltr'><strong>crederent,</strong></span> <span class='ocrx_word' id='word_1_605' title='bbox 3079 1401 3223 1470; x_wconf 90' lang='lat' dir='ltr'><strong>quod</strong></span> <span class='ocrx_word' id='word_1_606' title='bbox 3249 1410 3366 1457; x_wconf 87' lang='lat' dir='ltr'><strong>erat</strong></span> <span class='ocrx_word' id='word_1_607' title='bbox 3391 1403 3508 1458; x_wconf 88' lang='lat' dir='ltr'><strong>dia-</strong></span> 
     </span>
    </p>
   </div>
   <div class='ocr_carea' id='block_1_80' title="bbox 1929 1485 3512 1558">
    <p class='ocr_par' dir='ltr' id='par_1_80' title="bbox 1929 1485 3512 1558">
     <span class='ocr_line' id='line_1_81' title="bbox 1929 1485 3512 1558; baseline 0.006 -17"><span class='ocrx_word' id='word_1_608' title='bbox 1929 1485 2093 1542; x_wconf 90' lang='lat' dir='ltr'><strong>bolici</strong></span> <span class='ocrx_word' id='word_1_609' title='bbox 2119 1487 2360 1543; x_wconf 89' lang='lat' dir='ltr'><strong>criminis</strong></span> <span class='ocrx_word' id='word_1_610' title='bbox 2385 1496 2441 1544; x_wconf 90' lang='lat' dir='ltr'><strong>et</strong></span> <span class='ocrx_word' id='word_1_611' title='bbox 2467 1488 2680 1546; x_wconf 86' lang='lat' dir='ltr'><strong>furoris.</strong></span> <span class='ocrx_word' id='word_1_612' title='bbox 2717 1500 2743 1540; x_wconf 76' lang='lat'><strong>8</strong></span> <span class='ocrx_word' id='word_1_613' title='bbox 2773 1491 2860 1548; x_wconf 90' lang='lat' dir='ltr'><strong>Sic</strong></span> <span class='ocrx_word' id='word_1_614' title='bbox 2903 1492 3150 1549; x_wconf 89' lang='lat' dir='ltr'><strong>homines</strong></span> <span class='ocrx_word' id='word_1_615' title='bbox 3177 1493 3360 1558; x_wconf 88' lang='lat' dir='ltr'><strong>illusit,</strong></span> <span class='ocrx_word' id='word_1_616' title='bbox 3404 1495 3512 1550; x_wconf 89' lang='lat' dir='ltr'><strong>cir-</strong></span> 
     </span>
    </p>
   </div>
   <div class='ocr_carea' id='block_1_81' title="bbox 1929 1579 3512 1654">
    <p class='ocr_par' dir='ltr' id='par_1_81' title="bbox 1929 1579 3512 1654">
     <span class='ocr_line' id='line_1_82' title="bbox 1929 1579 3512 1654; baseline 0.003 -19"><span class='ocrx_word' id='word_1_617' title='bbox 1929 1580 2203 1635; x_wconf 89' lang='lat' dir='ltr'><strong>cumvenit</strong></span> <span class='ocrx_word' id='word_1_618' title='bbox 2230 1579 2461 1649; x_wconf 87' lang='lat' dir='ltr'><strong>ignaros,</strong></span> <span class='ocrx_word' id='word_1_619' title='bbox 2495 1579 2773 1637; x_wconf 88' lang='lat' dir='ltr'><strong>infamavit</strong></span> <span class='ocrx_word' id='word_1_620' title='bbox 2793 1583 2935 1654; x_wconf 89' lang='lat' dir='ltr'><strong>apud</strong></span> <span class='ocrx_word' id='word_1_621' title='bbox 2961 1583 3171 1640; x_wconf 90' lang='lat' dir='ltr'><strong>desides</strong></span> <span class='ocrx_word' id='word_1_622' title='bbox 3189 1592 3512 1650; x_wconf 86' lang='lat' dir='ltr'><strong>creaturam,</strong></span> 
     </span>
    </p>
   </div>
   <div class='ocr_carea' id='block_1_82' title="bbox 1929 1669 3516 1741">
    <p class='ocr_par' dir='ltr' id='par_1_82' title="bbox 1929 1669 3516 1741">
     <span class='ocr_line' id='line_1_83' title="bbox 1929 1669 3516 1741; baseline 0.005 -16"><span class='ocrx_word' id='word_1_623' title='bbox 1929 1685 2049 1741; x_wconf 89' lang='lat' dir='ltr'><strong>quae</strong></span> <span class='ocrx_word' id='word_1_624' title='bbox 2077 1669 2107 1709; x_wconf 77' lang='grc' dir='ltr'><strong>ιι</strong></span> <span class='ocrx_word' id='word_1_625' title='bbox 2134 1672 2322 1727; x_wconf 91' lang='lat' dir='ltr'><strong>lumini</strong></span> <span class='ocrx_word' id='word_1_626' title='bbox 2342 1680 2551 1729; x_wconf 88' lang='lat' dir='ltr'><strong>tantum</strong></span> <span class='ocrx_word' id='word_1_627' title='bbox 2580 1675 2796 1731; x_wconf 91' lang='lat' dir='ltr'><strong>condita</strong></span> <span class='ocrx_word' id='word_1_628' title='bbox 2823 1675 3055 1732; x_wconf 74' lang='lat' dir='ltr'><strong>ilaedere</strong></span> <span class='ocrx_word' id='word_1_629' title='bbox 3073 1676 3247 1733; x_wconf 90' lang='lat' dir='ltr'><strong>nescit</strong></span> <span class='ocrx_word' id='word_1_630' title='bbox 3273 1677 3516 1733; x_wconf 88' lang='lat' dir='ltr'><strong>homines</strong></span> 
     </span>
    </p>
   </div>
   <div class='ocr_carea' id='block_1_83' title="bbox 1929 1764 3515 1838">
    <p class='ocr_par' dir='ltr' id='par_1_83' title="bbox 1929 1764 3515 1838">
     <span class='ocr_line' id='line_1_84' title="bbox 1929 1764 3515 1838; baseline 0.004 -20"><span class='ocrx_word' id='word_1_631' title='bbox 1929 1777 2066 1832; x_wconf 91' lang='lat' dir='ltr'><strong>quos</strong></span> <span class='ocrx_word' id='word_1_632' title='bbox 2086 1764 2338 1820; x_wconf 89' lang='lat' dir='ltr'><strong>continua</strong></span> <span class='ocrx_word' id='word_1_633' title='bbox 2366 1766 2535 1834; x_wconf 84' lang='lat' dir='ltr'><strong>magis</strong></span> <span class='ocrx_word' id='word_1_634' title='bbox 2558 1766 2748 1836; x_wconf 90' lang='lat' dir='ltr'><strong>juvare</strong></span> <span class='ocrx_word' id='word_1_635' title='bbox 2775 1769 2984 1838; x_wconf 86' lang='lat' dir='ltr'><strong>cogitur</strong></span> <span class='ocrx_word' id='word_1_636' title='bbox 3009 1769 3284 1825; x_wconf 84' lang='lat' dir='ltr'><strong>servitute.</strong></span> <span class='ocrx_word' id='word_1_637' title='bbox 3315 1768 3515 1825; x_wconf 82' lang='lat' dir='ltr'><strong>Verum</strong></span> 
     </span>
    </p>
   </div>
   <div class='ocr_carea' id='block_1_84' title="bbox 1857 1858 3517 1946">
    <p class='ocr_par' dir='ltr' id='par_1_84' title="bbox 1857 1858 3517 1946">
     <span class='ocr_line' id='line_1_85' title="bbox 1857 1858 3517 1946; baseline 0.002 -34"><span class='ocrx_word' id='word_1_638' title='bbox 1857 1884 1906 1946; x_wconf 72' lang='grc' dir='ltr'><strong>Β</strong></span> <span class='ocrx_word' id='word_1_639' title='bbox 1928 1863 2280 1926; x_wconf 90' lang='lat' dir='ltr'><strong>posteaquam</strong></span> <span class='ocrx_word' id='word_1_640' title='bbox 2301 1858 2449 1913; x_wconf 89' lang='lat' dir='ltr'><strong>venit</strong></span> <span class='ocrx_word' id='word_1_641' title='bbox 2475 1859 2808 1916; x_wconf 90' lang='lat' dir='ltr'><strong>occultorum</strong></span> <span class='ocrx_word' id='word_1_642' title='bbox 2835 1861 3100 1930; x_wconf 87' lang='lat' dir='ltr'><strong>cognitor,</strong></span> <span class='ocrx_word' id='word_1_643' title='bbox 3132 1862 3404 1932; x_wconf 89' lang='lat' dir='ltr'><strong>inspector</strong></span> <span class='ocrx_word' id='word_1_644' title='bbox 3421 1876 3517 1916; x_wconf 84' lang='lat' dir='ltr'><strong>va-</strong></span> 
     </span>
    </p>
   </div>
   <div class='ocr_carea' id='block_1_85' title="bbox 1929 1947 3517 2024">
    <p class='ocr_par' dir='ltr' id='par_1_85' title="bbox 1929 1947 3517 2024">
     <span class='ocr_line' id='line_1_86' title="bbox 1929 1947 3517 2024; baseline 0.005 -22"><span class='ocrx_word' id='word_1_645' title='bbox 1929 1947 2218 2004; x_wconf 90' lang='lat' dir='ltr'><strong>lidissimus</strong></span> <span class='ocrx_word' id='word_1_646' title='bbox 2254 1957 2586 2005; x_wconf 90' lang='lat' dir='ltr'><strong>secretorum</strong></span> <span class='ocrx_word' id='word_1_647' title='bbox 2607 1989 2620 2015; x_wconf 94' lang='lat'><strong>,</strong></span> <span class='ocrx_word' id='word_1_648' title='bbox 2644 1951 2732 2006; x_wconf 90' lang='lat' dir='ltr'><strong>cui</strong></span> <span class='ocrx_word' id='word_1_649' title='bbox 2751 1952 2973 2007; x_wconf 89' lang='lat' dir='ltr'><strong>latentia</strong></span> <span class='ocrx_word' id='word_1_650' title='bbox 2993 1953 3193 2008; x_wconf 87' lang='lat' dir='ltr'><strong>diaboli</strong></span> <span class='ocrx_word' id='word_1_651' title='bbox 3229 1969 3338 2009; x_wconf 89' lang='lat' dir='ltr'><strong>non</strong></span> <span class='ocrx_word' id='word_1_652' title='bbox 3363 1961 3517 2024; x_wconf 90' lang='lat' dir='ltr'><strong>pote-</strong></span> 
     </span>
    </p>
   </div>
   <div class='ocr_carea' id='block_1_86' title="bbox 1929 2041 3516 2114">
    <p class='ocr_par' dir='ltr' id='par_1_86' title="bbox 1929 2041 3516 2114">
     <span class='ocr_line' id='line_1_87' title="bbox 1929 2041 3516 2114; baseline 0.003 -18"><span class='ocrx_word' id='word_1_653' title='bbox 1929 2049 2056 2096; x_wconf 89' lang='lat' dir='ltr'><strong>runt</strong></span> <span class='ocrx_word' id='word_1_654' title='bbox 2103 2042 2118 2090; x_wconf 81' lang='grc' dir='ltr'><strong>ι</strong></span> <span class='ocrx_word' id='word_1_655' title='bbox 2157 2041 2378 2096; x_wconf 89' lang='lat' dir='ltr'><strong>obviare</strong></span> <span class='ocrx_word' id='word_1_656' title='bbox 2426 2041 2697 2110; x_wconf 86' lang='lat' dir='ltr'><strong>figmenta,</strong></span> <span class='ocrx_word' id='word_1_657' title='bbox 2749 2043 3029 2100; x_wconf 88' lang='lat' dir='ltr'><strong>adducitur</strong></span> <span class='ocrx_word' id='word_1_658' title='bbox 3063 2059 3200 2114; x_wconf 91' lang='lat' dir='ltr'><strong>puer</strong></span> <span class='ocrx_word' id='word_1_659' title='bbox 3247 2044 3516 2100; x_wconf 89' lang='lat' dir='ltr'><strong>sanandus</strong></span> 
     </span>
    </p>
   </div>
   <div class='ocr_carea' id='block_1_87' title="bbox 1929 2133 3514 2204">
    <p class='ocr_par' dir='ltr' id='par_1_87' title="bbox 1929 2133 3514 2204">
     <span class='ocr_line' id='line_1_88' title="bbox 1929 2133 3514 2204; baseline 0.002 -17"><span class='ocrx_word' id='word_1_660' title='bbox 1929 2133 2294 2204; x_wconf 78' lang='lat' dir='ltr'><strong>przeceptione</strong></span> <span class='ocrx_word' id='word_1_661' title='bbox 2334 2133 2546 2200; x_wconf 88' lang='lat' dir='ltr'><strong>divina;</strong></span> <span class='ocrx_word' id='word_1_662' title='bbox 2588 2142 2647 2188; x_wconf 89' lang='lat' dir='ltr'><strong>ut</strong></span> <span class='ocrx_word' id='word_1_663' title='bbox 2675 2135 2930 2204; x_wconf 88' lang='lat' dir='ltr'><strong>quidquid</strong></span> <span class='ocrx_word' id='word_1_664' title='bbox 2969 2134 3210 2191; x_wconf 91' lang='lat' dir='ltr'><strong>diabolus</strong></span> <span class='ocrx_word' id='word_1_665' title='bbox 3248 2135 3514 2198; x_wconf 78' lang='lat' dir='ltr'><strong>vinxerat,</strong></span> 
     </span>
    </p>
   </div>
   <div class='ocr_carea' id='block_1_88' title="bbox 1931 2222 3518 2296">
    <p class='ocr_par' dir='ltr' id='par_1_88' title="bbox 1931 2222 3518 2296">
     <span class='ocr_line' id='line_1_89' title="bbox 1931 2222 3518 2296; baseline 0.001 -16"><span class='ocrx_word' id='word_1_666' title='bbox 1931 2225 2231 2280; x_wconf 88' lang='lat' dir='ltr'><strong>solveretur</strong></span> <span class='ocrx_word' id='word_1_667' title='bbox 2258 2239 2288 2278; x_wconf 89' lang='lat' dir='ltr'><strong>a</strong></span> <span class='ocrx_word' id='word_1_668' title='bbox 2309 2222 2546 2280; x_wconf 88' lang='lat' dir='ltr'><strong>Christo.</strong></span> <span class='ocrx_word' id='word_1_669' title='bbox 2575 2223 2716 2294; x_wconf 86' lang='lat' dir='ltr'><strong>Egit,</strong></span> <span class='ocrx_word' id='word_1_670' title='bbox 2740 2227 2849 2295; x_wconf 89' lang='lat' dir='ltr'><strong>egit</strong></span> <span class='ocrx_word' id='word_1_671' title='bbox 2876 2226 3140 2290; x_wconf 88' lang='lat' dir='ltr'><strong>inimicus,</strong></span> <span class='ocrx_word' id='word_1_672' title='bbox 3165 2234 3226 2282; x_wconf 91' lang='lat' dir='ltr'><strong>ut</strong></span> <span class='ocrx_word' id='word_1_673' title='bbox 3243 2227 3349 2282; x_wconf 91' lang='lat' dir='ltr'><strong>hoc</strong></span> <span class='ocrx_word' id='word_1_674' title='bbox 3373 2224 3518 2296; x_wconf 89' lang='lat' dir='ltr'><strong>quod</strong></span> 
     </span>
    </p>
   </div>
   <div class='ocr_carea' id='block_1_89' title="bbox 1935 2315 3519 2390">
    <p class='ocr_par' dir='ltr' id='par_1_89' title="bbox 1935 2315 3519 2390">
     <span class='ocr_line' id='line_1_90' title="bbox 1935 2315 3519 2390; baseline 0.002 -19"><span class='ocrx_word' id='word_1_675' title='bbox 1935 2315 2250 2383; x_wconf 89' lang='lat' dir='ltr'><strong>videbatur,</strong></span> <span class='ocrx_word' id='word_1_676' title='bbox 2302 2324 2446 2372; x_wconf 89' lang='lat' dir='ltr'><strong>esset</strong></span> <span class='ocrx_word' id='word_1_677' title='bbox 2492 2324 2716 2372; x_wconf 74' lang='lat' dir='ltr'><strong>natum.</strong></span> <span class='ocrx_word' id='word_1_678' title='bbox 2767 2317 2874 2373; x_wconf 88' lang='lat' dir='ltr'><strong>Sed</strong></span> <span class='ocrx_word' id='word_1_679' title='bbox 2913 2333 3083 2388; x_wconf 90' lang='lat' dir='ltr'><strong>quare</strong></span> <span class='ocrx_word' id='word_1_680' title='bbox 3121 2317 3367 2390; x_wconf 85' lang='lat' dir='ltr'><strong>discipuli</strong></span> <span class='ocrx_word' id='word_1_681' title='bbox 3409 2333 3519 2374; x_wconf 92' lang='lat' dir='ltr'><strong>non</strong></span> 
     </span>
    </p>
   </div>
   <div class='ocr_carea' id='block_1_90' title="bbox 1937 2408 3521 2479">
    <p class='ocr_par' dir='ltr' id='par_1_90' title="bbox 1937 2408 3521 2479">
     <span class='ocr_line' id='line_1_91' title="bbox 1937 2408 3521 2479; baseline 0.003 -17"><span class='ocrx_word' id='word_1_682' title='bbox 1937 2415 2229 2479; x_wconf 88' lang='lat' dir='ltr'><strong>potuerunt</strong></span> <span class='ocrx_word' id='word_1_683' title='bbox 2277 2408 2474 2478; x_wconf 89' lang='lat' dir='ltr'><strong>ejicere</strong></span> <span class='ocrx_word' id='word_1_684' title='bbox 2527 2410 2696 2464; x_wconf 90' lang='lat' dir='ltr'><strong>eum?</strong></span> <span class='ocrx_word' id='word_1_685' title='bbox 2752 2409 2889 2476; x_wconf 86' lang='lat' dir='ltr'><strong>Quia</strong></span> <span class='ocrx_word' id='word_1_686' title='bbox 2942 2409 3030 2464; x_wconf 90' lang='lat' dir='ltr'><strong>hic</strong></span> <span class='ocrx_word' id='word_1_687' title='bbox 3090 2409 3254 2465; x_wconf 88' lang='lat' dir='ltr'><strong>homo</strong></span> <span class='ocrx_word' id='word_1_688' title='bbox 3308 2409 3521 2479; x_wconf 84' lang='lat' dir='ltr'><strong>gentilis</strong></span> 
     </span>
    </p>
   </div>
   <div class='ocr_carea' id='block_1_91' title="bbox 1937 2499 3521 2580">
    <p class='ocr_par' dir='ltr' id='par_1_91' title="bbox 1937 2499 3521 2580">
     <span class='ocr_line' id='line_1_92' title="bbox 1937 2499 3521 2580; baseline 0.003 -24"><span class='ocrx_word' id='word_1_689' title='bbox 1937 2499 2122 2571; x_wconf 89' lang='lat' dir='ltr'><strong>populi</strong></span> <span class='ocrx_word' id='word_1_690' title='bbox 2149 2501 2464 2571; x_wconf 87' lang='lat' dir='ltr'><strong>producitur</strong></span> <span class='ocrx_word' id='word_1_691' title='bbox 2491 2501 2545 2556; x_wconf 92' lang='lat' dir='ltr'><strong>in</strong></span> <span class='ocrx_word' id='word_1_692' title='bbox 2592 2501 2816 2570; x_wconf 84' lang='lat' dir='ltr'><strong>figuram</strong></span> <span class='ocrx_word' id='word_1_693' title='bbox 2853 2520 2866 2554; x_wconf 90' lang='lat'><strong>:</strong></span> <span class='ocrx_word' id='word_1_694' title='bbox 2897 2503 3162 2580; x_wconf 86' lang='lat' dir='ltr'><strong>siquidem</strong></span> <span class='ocrx_word' id='word_1_695' title='bbox 3189 2503 3401 2573; x_wconf 88' lang='lat' dir='ltr'><strong>gentilis</strong></span> <span class='ocrx_word' id='word_1_696' title='bbox 3418 2518 3521 2575; x_wconf 91' lang='lat' dir='ltr'><strong>po-</strong></span> 
     </span>
    </p>
   </div>
   <div class='ocr_carea' id='block_1_92' title="bbox 1937 2593 3520 2666">
    <p class='ocr_par' dir='ltr' id='par_1_92' title="bbox 1937 2593 3520 2666">
     <span class='ocr_line' id='line_1_93' title="bbox 1937 2593 3520 2666; baseline 0.002 -18"><span class='ocrx_word' id='word_1_697' title='bbox 1937 2593 2097 2664; x_wconf 91' lang='lat' dir='ltr'><strong>pulus</strong></span> <span class='ocrx_word' id='word_1_698' title='bbox 2119 2593 2272 2663; x_wconf 86' lang='lat' dir='ltr'><strong>juxta</strong></span> <span class='ocrx_word' id='word_1_699' title='bbox 2300 2593 2635 2664; x_wconf 87' lang='lat' dir='ltr'><strong>Apostolum,</strong></span> <span class='ocrx_word' id='word_1_700' title='bbox 2660 2595 2894 2651; x_wconf 86' lang='lat' dir='ltr'><strong>habebat</strong></span> <span class='ocrx_word' id='word_1_701' title='bbox 2916 2597 3161 2666; x_wconf 88' lang='lat' dir='ltr'><strong>spiritum</strong></span> <span class='ocrx_word' id='word_1_702' title='bbox 3181 2596 3322 2652; x_wconf 91' lang='lat' dir='ltr'><strong>aeris</strong></span> <span class='ocrx_word' id='word_1_703' title='bbox 3341 2593 3520 2666; x_wconf 87' lang='lat' dir='ltr'><strong>hujus.</strong></span> 
     </span>
    </p>
   </div>
   <div class='ocr_carea' id='block_1_93' title="bbox 1937 2687 3524 2762">
    <p class='ocr_par' dir='ltr' id='par_1_93' title="bbox 1937 2687 3524 2762">
     <span class='ocr_line' id='line_1_94' title="bbox 1937 2687 3524 2762; baseline -0.001 -19"><span class='ocrx_word' id='word_1_704' title='bbox 1937 2687 2106 2757; x_wconf 82' lang='lat' dir='ltr'><strong>Aeris,</strong></span> <span class='ocrx_word' id='word_1_705' title='bbox 2130 2689 2320 2759; x_wconf 89' lang='lat' dir='ltr'><strong>inquit,</strong></span> <span class='ocrx_word' id='word_1_706' title='bbox 2346 2690 2578 2762; x_wconf 77' lang='lat' dir='ltr'><strong>spiritus,</strong></span> <span class='ocrx_word' id='word_1_707' title='bbox 2603 2690 2687 2761; x_wconf 88' lang='lat' dir='ltr'><strong>qui</strong></span> <span class='ocrx_word' id='word_1_708' title='bbox 2708 2706 2842 2743; x_wconf 85' lang='lat' dir='ltr'><strong>nunc</strong></span> <span class='ocrx_word' id='word_1_709' title='bbox 2862 2699 3104 2761; x_wconf 85' lang='lat' dir='ltr'><strong>operatur</strong></span> <span class='ocrx_word' id='word_1_710' title='bbox 3121 2691 3178 2744; x_wconf 88' lang='lat' dir='ltr'><strong>in</strong></span> <span class='ocrx_word' id='word_1_711' title='bbox 3197 2687 3225 2726; x_wconf 77' lang='grc' dir='ltr'><strong>ιι</strong></span> <span class='ocrx_word' id='word_1_712' title='bbox 3245 2690 3371 2760; x_wconf 80' lang='lat' dir='ltr'><strong>filiis</strong></span> <span class='ocrx_word' id='word_1_713' title='bbox 3390 2687 3524 2758; x_wconf 63' lang='lat' dir='ltr'><strong>dini-</strong></span> 
     </span>
    </p>
   </div>
   <div class='ocr_carea' id='block_1_94' title="bbox 1937 2779 3522 2853">
    <p class='ocr_par' dir='ltr' id='par_1_94' title="bbox 1937 2779 3522 2853">
     <span class='ocr_line' id='line_1_95' title="bbox 1937 2779 3522 2853; baseline 0 -19"><span class='ocrx_word' id='word_1_714' title='bbox 1937 2779 2128 2834; x_wconf 76' lang='lat' dir='ltr'><strong>dentice</strong></span> <span class='ocrx_word' id='word_1_715' title='bbox 2166 2779 2382 2853; x_wconf 86' lang='lat' dir='ltr'><strong>(Ephes.</strong></span> <span class='ocrx_word' id='word_1_716' title='bbox 2418 2780 2497 2852; x_wconf 90' lang='lat' dir='ltr'><strong>n).</strong></span> <span class='ocrx_word' id='word_1_717' title='bbox 2547 2780 2646 2836; x_wconf 84' lang='lat' dir='ltr'><strong>Hic</strong></span> <span class='ocrx_word' id='word_1_718' title='bbox 2683 2794 2812 2849; x_wconf 87' lang='lat' dir='ltr'><strong>ergo</strong></span> <span class='ocrx_word' id='word_1_719' title='bbox 2849 2787 2967 2835; x_wconf 90' lang='lat' dir='ltr'><strong>erat</strong></span> <span class='ocrx_word' id='word_1_720' title='bbox 3001 2779 3194 2836; x_wconf 90' lang='lat' dir='ltr'><strong>surdus</strong></span> <span class='ocrx_word' id='word_1_721' title='bbox 3231 2787 3288 2835; x_wconf 92' lang='lat' dir='ltr'><strong>et</strong></span> <span class='ocrx_word' id='word_1_722' title='bbox 3321 2787 3522 2845; x_wconf 88' lang='lat' dir='ltr'><strong>mutus,</strong></span> 
     </span>
    </p>
   </div>
   <div class='ocr_carea' id='block_1_95' title="bbox 1937 2867 3525 2944">
    <p class='ocr_par' dir='ltr' id='par_1_95' title="bbox 1937 2867 3525 2944">
     <span class='ocr_line' id='line_1_96' title="bbox 1937 2867 3525 2944; baseline 0 -18"><span class='ocrx_word' id='word_1_723' title='bbox 1937 2871 2032 2942; x_wconf 90' lang='lat' dir='ltr'><strong>qui</strong></span> <span class='ocrx_word' id='word_1_724' title='bbox 2059 2887 2162 2928; x_wconf 92' lang='lat' dir='ltr'><strong>nec</strong></span> <span class='ocrx_word' id='word_1_725' title='bbox 2183 2872 2368 2928; x_wconf 88' lang='lat' dir='ltr'><strong>audire</strong></span> <span class='ocrx_word' id='word_1_726' title='bbox 2387 2867 2562 2942; x_wconf 78' lang='lat' dir='ltr'><strong>legem</strong></span> <span class='ocrx_word' id='word_1_727' title='bbox 2583 2879 2817 2943; x_wconf 89' lang='lat' dir='ltr'><strong>poterat,</strong></span> <span class='ocrx_word' id='word_1_728' title='bbox 2841 2886 2943 2927; x_wconf 86' lang='lat' dir='ltr'><strong>nec</strong></span> <span class='ocrx_word' id='word_1_729' title='bbox 2966 2872 3135 2928; x_wconf 92' lang='lat' dir='ltr'><strong>Deum</strong></span> <span class='ocrx_word' id='word_1_730' title='bbox 3160 2877 3376 2944; x_wconf 90' lang='lat' dir='ltr'><strong>poterat</strong></span> <span class='ocrx_word' id='word_1_731' title='bbox 3397 2884 3525 2926; x_wconf 84' lang='lat' dir='ltr'><strong>con-</strong></span> 
     </span>
    </p>
   </div>
   <div class='ocr_carea' id='block_1_96' title="bbox 1938 2961 3526 3035">
    <p class='ocr_par' dir='ltr' id='par_1_96' title="bbox 1938 2961 3526 3035">
     <span class='ocr_line' id='line_1_97' title="bbox 1938 2961 3526 3035; baseline 0 -18"><span class='ocrx_word' id='word_1_732' title='bbox 1938 2961 2096 3030; x_wconf 86' lang='lat' dir='ltr'><strong>ﬁteri,</strong></span> <span class='ocrx_word' id='word_1_733' title='bbox 2128 2964 2223 3019; x_wconf 90' lang='lat' dir='ltr'><strong>sed</strong></span> <span class='ocrx_word' id='word_1_734' title='bbox 2242 2964 2298 3018; x_wconf 91' lang='lat' dir='ltr'><strong>in</strong></span> <span class='ocrx_word' id='word_1_735' title='bbox 2325 2964 2452 3032; x_wconf 88' lang='lat' dir='ltr'><strong>igne</strong></span> <span class='ocrx_word' id='word_1_736' title='bbox 2477 2964 2754 3033; x_wconf 64' lang='lat' dir='ltr'><strong>gehennae,</strong></span> <span class='ocrx_word' id='word_1_737' title='bbox 2787 2972 2844 3019; x_wconf 90' lang='lat' dir='ltr'><strong>et</strong></span> <span class='ocrx_word' id='word_1_738' title='bbox 2879 2980 2978 3035; x_wconf 92' lang='lat' dir='ltr'><strong>per</strong></span> <span class='ocrx_word' id='word_1_739' title='bbox 3004 2979 3171 3033; x_wconf 87' lang='lat' dir='ltr'><strong>aquas</strong></span> <span class='ocrx_word' id='word_1_740' title='bbox 3198 2963 3366 3019; x_wconf 86' lang='lat' dir='ltr'><strong>amari</strong></span> <span class='ocrx_word' id='word_1_741' title='bbox 3385 2977 3526 3020; x_wconf 80' lang='lat' dir='ltr'><strong>sem-</strong></span> 
     </span>
    </p>
   </div>
   <div class='ocr_carea' id='block_1_97' title="bbox 1936 3055 3526 3126">
    <p class='ocr_par' dir='ltr' id='par_1_97' title="bbox 1936 3055 3526 3126">
     <span class='ocr_line' id='line_1_98' title="bbox 1936 3055 3526 3126; baseline 0.003 -16"><span class='ocrx_word' id='word_1_742' title='bbox 1936 3070 2036 3126; x_wconf 90' lang='lat' dir='ltr'><strong>per</strong></span> <span class='ocrx_word' id='word_1_743' title='bbox 2061 3056 2283 3126; x_wconf 87' lang='lat' dir='ltr'><strong>gurgitis</strong></span> <span class='ocrx_word' id='word_1_744' title='bbox 2306 3055 2644 3125; x_wconf 89' lang='lat' dir='ltr'><strong>jactabatur;</strong></span> <span class='ocrx_word' id='word_1_745' title='bbox 2685 3072 2787 3112; x_wconf 92' lang='lat' dir='ltr'><strong>nec</strong></span> <span class='ocrx_word' id='word_1_746' title='bbox 2813 3063 3027 3126; x_wconf 87' lang='lat' dir='ltr'><strong>poterat</strong></span> <span class='ocrx_word' id='word_1_747' title='bbox 3063 3072 3094 3110; x_wconf 90' lang='lat' dir='ltr'><strong>a</strong></span> <span class='ocrx_word' id='word_1_748' title='bbox 3123 3056 3418 3126; x_wconf 91' lang='lat' dir='ltr'><strong>discipulis,</strong></span> <span class='ocrx_word' id='word_1_749' title='bbox 3440 3055 3526 3114; x_wconf 82' lang='lat' dir='ltr'><strong>vel</strong></span> 
     </span>
    </p>
   </div>
   <div class='ocr_carea' id='block_1_98' title="bbox 1937 3144 3526 3216">
    <p class='ocr_par' dir='ltr' id='par_1_98' title="bbox 1937 3144 3526 3216">
     <span class='ocr_line' id='line_1_99' title="bbox 1937 3144 3526 3216; baseline 0.001 -16"><span class='ocrx_word' id='word_1_750' title='bbox 1937 3145 2047 3200; x_wconf 92' lang='lat' dir='ltr'><strong>ullo</strong></span> <span class='ocrx_word' id='word_1_751' title='bbox 2074 3146 2294 3202; x_wconf 91' lang='lat' dir='ltr'><strong>homine</strong></span> <span class='ocrx_word' id='word_1_752' title='bbox 2332 3146 2530 3212; x_wconf 87' lang='lat' dir='ltr'><strong>sanari,</strong></span> <span class='ocrx_word' id='word_1_753' title='bbox 2561 3147 2688 3216; x_wconf 87' lang='lat' dir='ltr'><strong>quia</strong></span> <span class='ocrx_word' id='word_1_754' title='bbox 2719 3144 2964 3202; x_wconf 89' lang='lat' dir='ltr'><strong>Christus</strong></span> <span class='ocrx_word' id='word_1_755' title='bbox 2992 3146 3121 3202; x_wconf 92' lang='lat' dir='ltr'><strong>olim</strong></span> <span class='ocrx_word' id='word_1_756' title='bbox 3141 3145 3352 3202; x_wconf 91' lang='lat' dir='ltr'><strong>auditus</strong></span> <span class='ocrx_word' id='word_1_757' title='bbox 3379 3144 3526 3213; x_wconf 83' lang='lat' dir='ltr'><strong>fidei,</strong></span> 
     </span>
    </p>
   </div>
   <div class='ocr_carea' id='block_1_99' title="bbox 1937 3237 3520 3310">
    <p class='ocr_par' dir='ltr' id='par_1_99' title="bbox 1937 3237 3520 3310">
     <span class='ocr_line' id='line_1_100' title="bbox 1937 3237 3520 3310; baseline -0.002 -16"><span class='ocrx_word' id='word_1_758' title='bbox 1937 3237 2205 3294; x_wconf 83' lang='lat' dir='ltr'><strong>confessio</strong></span> <span class='ocrx_word' id='word_1_759' title='bbox 2220 3237 2426 3303; x_wconf 88' lang='lat' dir='ltr'><strong>salutis,</strong></span> <span class='ocrx_word' id='word_1_760' title='bbox 2443 3238 2680 3308; x_wconf 87' lang='lat' dir='ltr'><strong>gentium</strong></span> <span class='ocrx_word' id='word_1_761' title='bbox 2701 3239 3000 3310; x_wconf 89' lang='lat' dir='ltr'><strong>redemptio</strong></span> <span class='ocrx_word' id='word_1_762' title='bbox 3019 3237 3296 3294; x_wconf 90' lang='lat' dir='ltr'><strong>dicebatur</strong></span> <span class='ocrx_word' id='word_1_763' title='bbox 3315 3245 3371 3294; x_wconf 89' lang='lat' dir='ltr'><strong>et</strong></span> <span class='ocrx_word' id='word_1_764' title='bbox 3387 3238 3520 3294; x_wconf 85' lang='lat' dir='ltr'><strong>vita.</strong></span> 
     </span>
    </p>
   </div>
   <div class='ocr_carea' id='block_1_100' title="bbox 1942 3331 3524 3404">
    <p class='ocr_par' dir='ltr' id='par_1_100' title="bbox 1942 3331 3524 3404">
     <span class='ocr_line' id='line_1_101' title="bbox 1942 3331 3524 3404; baseline 0.001 -18"><span class='ocrx_word' id='word_1_765' title='bbox 1942 3331 2180 3402; x_wconf 89' lang='lat' dir='ltr'><strong>Denique</strong></span> <span class='ocrx_word' id='word_1_766' title='bbox 2206 3332 2298 3388; x_wconf 93' lang='lat' dir='ltr'><strong>ubi</strong></span> <span class='ocrx_word' id='word_1_767' title='bbox 2324 3333 2552 3404; x_wconf 91' lang='lat' dir='ltr'><strong>imperio</strong></span> <span class='ocrx_word' id='word_1_768' title='bbox 2572 3331 2774 3388; x_wconf 90' lang='lat' dir='ltr'><strong>Christi</strong></span> <span class='ocrx_word' id='word_1_769' title='bbox 2801 3332 3010 3402; x_wconf 88' lang='lat' dir='ltr'><strong>fugatus</strong></span> <span class='ocrx_word' id='word_1_770' title='bbox 3030 3339 3114 3388; x_wconf 90' lang='lat' dir='ltr'><strong>est</strong></span> <span class='ocrx_word' id='word_1_771' title='bbox 3131 3333 3394 3399; x_wconf 89' lang='lat' dir='ltr'><strong>diabolus,</strong></span> <span class='ocrx_word' id='word_1_772' title='bbox 3422 3347 3524 3404; x_wconf 54' lang='lat' dir='ltr'><strong>pa.</strong></span> 
     </span>
    </p>
   </div>
   <div class='ocr_carea' id='block_1_101' title="bbox 1939 3426 3526 3496">
    <p class='ocr_par' dir='ltr' id='par_1_101' title="bbox 1939 3426 3526 3496">
     <span class='ocr_line' id='line_1_102' title="bbox 1939 3426 3526 3496; baseline 0.001 -16"><span class='ocrx_word' id='word_1_773' title='bbox 1939 3431 2154 3482; x_wconf 88' lang='lat' dir='ltr'><strong>tescunt</strong></span> <span class='ocrx_word' id='word_1_774' title='bbox 2196 3426 2398 3494; x_wconf 89' lang='lat' dir='ltr'><strong>clausa,</strong></span> <span class='ocrx_word' id='word_1_775' title='bbox 2431 3427 2644 3482; x_wconf 88' lang='lat' dir='ltr'><strong>vincula</strong></span> <span class='ocrx_word' id='word_1_776' title='bbox 2695 3428 2994 3496; x_wconf 89' lang='lat' dir='ltr'><strong>solvuntur,</strong></span> <span class='ocrx_word' id='word_1_777' title='bbox 3039 3443 3220 3484; x_wconf 89' lang='lat' dir='ltr'><strong>sermo</strong></span> <span class='ocrx_word' id='word_1_778' title='bbox 3263 3427 3526 3494; x_wconf 87' lang='lat' dir='ltr'><strong>redditur,</strong></span> 
     </span>
    </p>
   </div>
   <div class='ocr_carea' id='block_1_102' title="bbox 1940 3519 3528 3594">
    <p class='ocr_par' dir='ltr' id='par_1_102' title="bbox 1940 3519 3528 3594">
     <span class='ocr_line' id='line_1_103' title="bbox 1940 3519 3528 3594; baseline 0.003 -20"><span class='ocrx_word' id='word_1_779' title='bbox 1940 3519 2152 3576; x_wconf 89' lang='lat' dir='ltr'><strong>auditus</strong></span> <span class='ocrx_word' id='word_1_780' title='bbox 2179 3521 2338 3590; x_wconf 90' lang='lat' dir='ltr'><strong>redit,</strong></span> <span class='ocrx_word' id='word_1_781' title='bbox 2369 3521 2534 3578; x_wconf 91' lang='lat' dir='ltr'><strong>homo</strong></span> <span class='ocrx_word' id='word_1_782' title='bbox 2561 3531 2865 3594; x_wconf 90' lang='lat' dir='ltr'><strong>reparatur,</strong></span> <span class='ocrx_word' id='word_1_783' title='bbox 2908 3531 2964 3580; x_wconf 90' lang='lat' dir='ltr'><strong>et</strong></span> <span class='ocrx_word' id='word_1_784' title='bbox 2989 3524 3136 3580; x_wconf 87' lang='lat' dir='ltr'><strong>solus</strong></span> <span class='ocrx_word' id='word_1_785' title='bbox 3163 3522 3411 3579; x_wconf 90' lang='lat' dir='ltr'><strong>diabolus</strong></span> <span class='ocrx_word' id='word_1_786' title='bbox 3435 3521 3528 3578; x_wconf 81' lang='lat' dir='ltr'><strong>de-</strong></span> 
     </span>
    </p>
   </div>
   <div class='ocr_carea' id='block_1_103' title="bbox 1939 3608 3528 3686">
    <p class='ocr_par' dir='ltr' id='par_1_103' title="bbox 1939 3608 3528 3686">
     <span class='ocr_line' id='line_1_104' title="bbox 1939 3608 3528 3686; baseline 0.003 -22"><span class='ocrx_word' id='word_1_787' title='bbox 1939 3608 2034 3668; x_wconf 83' lang='lat' dir='ltr'><strong>ﬂet</strong></span> <span class='ocrx_word' id='word_1_788' title='bbox 2057 3611 2309 3668; x_wconf 89' lang='lat' dir='ltr'><strong>diuturna</strong></span> <span class='ocrx_word' id='word_1_789' title='bbox 2337 3629 2397 3670; x_wconf 91' lang='lat' dir='ltr'><strong>se</strong></span> <span class='ocrx_word' id='word_1_790' title='bbox 2423 3615 2764 3686; x_wconf 90' lang='lat' dir='ltr'><strong>possessione</strong></span> <span class='ocrx_word' id='word_1_791' title='bbox 2783 3615 3077 3671; x_wconf 87' lang='lat' dir='ltr'><strong>detrusum.</strong></span> <span class='ocrx_word' id='word_1_792' title='bbox 3111 3613 3250 3668; x_wconf 84' lang='lat' dir='ltr'><strong>Hinc</strong></span> <span class='ocrx_word' id='word_1_793' title='bbox 3275 3619 3357 3669; x_wconf 88' lang='lat' dir='ltr'><strong>est</strong></span> <span class='ocrx_word' id='word_1_794' title='bbox 3381 3609 3528 3684; x_wconf 90' lang='lat' dir='ltr'><strong>quod</strong></span> 
     </span>
    </p>
   </div>
   <div class='ocr_carea' id='block_1_104' title="bbox 2017 3725 3529 3801">
    <p class='ocr_par' dir='ltr' id='par_1_104' title="bbox 2017 3725 3529 3801">
     <span class='ocr_line' id='line_1_105' title="bbox 2017 3725 3529 3801; baseline 0 -18"><span class='ocrx_word' id='word_1_795' title='bbox 2017 3727 2039 3801; x_wconf 53' lang='grc' dir='ltr'>ξ</span> <span class='ocrx_word' id='word_1_796' title='bbox 2063 3726 2333 3785; x_wconf 91' lang='lat' dir='ltr'><strong>Comitiali</strong></span> <span class='ocrx_word' id='word_1_797' title='bbox 2361 3729 2594 3801; x_wconf 90' lang='lat' dir='ltr'><strong>quodam</strong></span> <span class='ocrx_word' id='word_1_798' title='bbox 2621 3729 2795 3785; x_wconf 88' lang='lat' dir='ltr'><strong>morbi</strong></span> <span class='ocrx_word' id='word_1_799' title='bbox 2822 3744 3020 3801; x_wconf 87' lang='lat' dir='ltr'><strong>genere</strong></span> <span class='ocrx_word' id='word_1_800' title='bbox 3040 3729 3288 3801; x_wconf 81' lang='lat' dir='ltr'><strong>laborant</strong></span> <span class='ocrx_word' id='word_1_801' title='bbox 3306 3725 3529 3801; x_wconf 86' lang='lat' dir='ltr'><strong>lunatici</strong></span> 
     </span>
    </p>
   </div>
   <div class='ocr_carea' id='block_1_105' title="bbox 1942 3798 3524 3872">
    <p class='ocr_par' dir='ltr' id='par_1_105' title="bbox 1942 3798 3524 3872">
     <span class='ocr_line' id='line_1_106' title="bbox 1942 3798 3524 3872; baseline -0.002 -17"><span class='ocrx_word' id='word_1_802' title='bbox 1942 3799 2029 3872; x_wconf 60' lang='lat' dir='ltr'><strong>vel</strong></span> <span class='ocrx_word' id='word_1_803' title='bbox 2077 3798 2456 3872; x_wconf 53' lang='lat' dir='ltr'><strong>epilepticifet</strong></span> <span class='ocrx_word' id='word_1_804' title='bbox 2483 3802 2538 3855; x_wconf 89' lang='lat' dir='ltr'><strong>in</strong></span> <span class='ocrx_word' id='word_1_805' title='bbox 2561 3798 2862 3872; x_wconf 75' lang='lat' dir='ltr'><strong>plenilunio</strong></span> <span class='ocrx_word' id='word_1_806' title='bbox 2902 3799 3103 3872; x_wconf 76' lang='lat' dir='ltr'><strong>majori</strong></span> <span class='ocrx_word' id='word_1_807' title='bbox 3141 3798 3524 3872; x_wconf 52' lang='lat' dir='ltr'><strong>ﬂagitantur.</strong></span> 
     </span>
    </p>
   </div>
   <div class='ocr_carea' id='block_1_106' title="bbox 1941 3867 3524 3943">
    <p class='ocr_par' dir='ltr' id='par_1_106' title="bbox 1941 3867 3524 3943">
     <span class='ocr_line' id='line_1_107' title="bbox 1941 3867 3524 3943; baseline 0.003 -18"><span class='ocrx_word' id='word_1_808' title='bbox 1941 3867 2173 3943; x_wconf 79' lang='lat' dir='ltr'><strong>Causam</strong></span> <span class='ocrx_word' id='word_1_809' title='bbox 2201 3867 2375 3943; x_wconf 77' lang='lat' dir='ltr'><strong>aperit</strong></span> <span class='ocrx_word' id='word_1_810' title='bbox 2420 3867 2667 3928; x_wconf 77' lang='lat' dir='ltr'><strong>laudatus</strong></span> <span class='ocrx_word' id='word_1_811' title='bbox 2693 3872 2761 3943; x_wconf 87' lang='lat' dir='ltr'><strong>de</strong></span> <span class='ocrx_word' id='word_1_812' title='bbox 2788 3871 2932 3943; x_wconf 82' lang='lat' dir='ltr'><strong>Ader</strong></span> <span class='ocrx_word' id='word_1_813' title='bbox 2958 3868 3254 3943; x_wconf 84' lang='lat' dir='ltr'><strong>de_Morbis</strong></span> <span class='ocrx_word' id='word_1_814' title='bbox 3287 3867 3524 3943; x_wconf 55' lang='lat' dir='ltr'><strong>Evang”</strong></span> 
     </span>
    </p>
   </div>
   <div class='ocr_carea' id='block_1_107' title="bbox 1939 3937 3529 4016">
    <p class='ocr_par' dir='ltr' id='par_1_107' title="bbox 1939 3937 3529 4016">
     <span class='ocr_line' id='line_1_108' title="bbox 1939 3937 3529 4016; baseline -0.003 -19"><span class='ocrx_word' id='word_1_815' title='bbox 1939 3949 1997 4016; x_wconf 74' lang='lat' dir='ltr'><strong>et</strong></span> <span class='ocrx_word' id='word_1_816' title='bbox 2021 3937 2498 4016; x_wconf 69' lang='lat' dir='ltr'><strong>Euthymius_loco</strong></span> <span class='ocrx_word' id='word_1_817' title='bbox 2523 3942 2770 4013; x_wconf 91' lang='lat' dir='ltr'><strong>superius</strong></span> <span class='ocrx_word' id='word_1_818' title='bbox 2795 3942 2982 3996; x_wconf 88' lang='lat' dir='ltr'><strong>citato.</strong></span> <span class='ocrx_word' id='word_1_819' title='bbox 3013 3939 3266 3995; x_wconf 80' lang='lat' dir='ltr'><strong>Rusticus</strong></span> <span class='ocrx_word' id='word_1_820' title='bbox 3287 3937 3529 4008; x_wconf 86' lang='lat' dir='ltr'><strong>Elpidius</strong></span> 
     </span>
    </p>
   </div>
   <div class='ocr_carea' id='block_1_108' title="bbox 1939 4013 2444 4074">
    <p class='ocr_par' dir='ltr' id='par_1_108' title="bbox 1939 4013 2444 4074">
     <span class='ocr_line' id='line_1_109' title="bbox 1939 4013 2444 4074; baseline 0.002 -8"><span class='ocrx_word' id='word_1_821' title='bbox 1939 4013 2031 4074; x_wconf 88' lang='lat' dir='ltr'><strong>lib.</strong></span> <span class='ocrx_word' id='word_1_822' title='bbox 2065 4031 2099 4068; x_wconf 87' lang='lat' dir='ltr'><strong>v</strong></span> <span class='ocrx_word' id='word_1_823' title='bbox 2125 4013 2267 4070; x_wconf 80' lang='lat' dir='ltr'><strong>vers.</strong></span> <span class='ocrx_word' id='word_1_824' title='bbox 2292 4013 2398 4068; x_wconf 70' lang='lat'><strong>245</strong></span> <span class='ocrx_word' id='word_1_825' title='bbox 2430 4031 2444 4068; x_wconf 92' lang='lat'><strong>:</strong></span> 
     </span>
    </p>
   </div>
   <div class='ocr_carea' id='block_1_109' title="bbox 2061 4099 3278 4168">
    <p class='ocr_par' dir='ltr' id='par_1_109' title="bbox 2061 4099 3278 4168">
     <span class='ocr_line' id='line_1_110' title="bbox 2061 4099 3278 4168; baseline -0.006 -14"><span class='ocrx_word' id='word_1_826' title='bbox 2061 4105 2306 4168; x_wconf 80' lang='lat' dir='ltr'><strong>Repserat</strong></span> <span class='ocrx_word' id='word_1_827' title='bbox 2322 4105 2630 4168; x_wconf 24' lang='lat' dir='ltr'><strong>inﬁmiserum</strong></span> <span class='ocrx_word' id='word_1_828' title='bbox 2646 4105 2811 4156; x_wconf 85' lang='lat' dir='ltr'><strong>rabies</strong></span> <span class='ocrx_word' id='word_1_829' title='bbox 2831 4102 3075 4168; x_wconf 83' lang='lat' dir='ltr'><strong>horrenda</strong></span> <span class='ocrx_word' id='word_1_830' title='bbox 3099 4099 3278 4168; x_wconf 79' lang='lat' dir='ltr'><strong>furoris</strong></span> 
     </span>
    </p>
   </div>
   <div class='ocr_carea' id='block_1_110' title="bbox 2063 4164 3250 4228">
    <p class='ocr_par' dir='ltr' id='par_1_110' title="bbox 2063 4164 3250 4228">
     <span class='ocr_line' id='line_1_111' title="bbox 2063 4164 3250 4228; baseline -0.004 -12"><span class='ocrx_word' id='word_1_831' title='bbox 2063 4164 2307 4217; x_wconf 69' lang='lat' dir='ltr'><strong>Daimonis</strong></span> <span class='ocrx_word' id='word_1_832' title='bbox 2323 4167 2531 4227; x_wconf 82' lang='lat' dir='ltr'><strong>afﬂatus,</strong></span> <span class='ocrx_word' id='word_1_833' title='bbox 2556 4169 2749 4228; x_wconf 86' lang='lat' dir='ltr'><strong>propria</strong></span> <span class='ocrx_word' id='word_1_834' title='bbox 2773 4167 2859 4227; x_wconf 89' lang='lat' dir='ltr'><strong>qui</strong></span> <span class='ocrx_word' id='word_1_835' title='bbox 2883 4171 3021 4227; x_wconf 87' lang='lat' dir='ltr'><strong>peste</strong></span> <span class='ocrx_word' id='word_1_836' title='bbox 3046 4164 3250 4212; x_wconf 86' lang='lat' dir='ltr'><strong>novicus</strong></span> 
     </span>
    </p>
   </div>
   <div class='ocr_carea' id='block_1_111' title="bbox 2065 4228 3127 4291">
    <p class='ocr_par' dir='ltr' id='par_1_111' title="bbox 2065 4228 3127 4291">
     <span class='ocr_line' id='line_1_112' title="bbox 2065 4228 3127 4291; baseline -0.005 -13"><span class='ocrx_word' id='word_1_837' title='bbox 2065 4229 2233 4279; x_wconf 79' lang='lat' dir='ltr'><strong>Allidit</strong></span> <span class='ocrx_word' id='word_1_838' title='bbox 2256 4228 2605 4291; x_wconf 77' lang='lat' dir='ltr'><strong>captansfredo</strong></span> <span class='ocrx_word' id='word_1_839' title='bbox 2629 4228 2906 4278; x_wconf 86' lang='lat' dir='ltr'><strong>discrimine</strong></span> <span class='ocrx_word' id='word_1_840' title='bbox 2931 4232 3127 4291; x_wconf 73' lang='lat' dir='ltr'><strong>mentes</strong></span> 
     </span>
    </p>
   </div>
   <div class='ocr_carea' id='block_1_112' title="bbox 2064 4285 3259 4348">
    <p class='ocr_par' dir='ltr' id='par_1_112' title="bbox 2064 4285 3259 4348">
     <span class='ocr_line' id='line_1_113' title="bbox 2064 4285 3259 4348; baseline -0.005 -6"><span class='ocrx_word' id='word_1_841' title='bbox 2064 4285 2564 4342; x_wconf 65' lang='lat' dir='ltr'><strong>Menstrua&#39;deciduos</strong></span> <span class='ocrx_word' id='word_1_842' title='bbox 2581 4303 2691 4340; x_wconf 91' lang='lat' dir='ltr'><strong>cum</strong></span> <span class='ocrx_word' id='word_1_843' title='bbox 2707 4291 2820 4338; x_wconf 90' lang='lat' dir='ltr'><strong>luna</strong></span> <span class='ocrx_word' id='word_1_844' title='bbox 2834 4285 3082 4348; x_wconf 88' lang='lat' dir='ltr'><strong>recolligit</strong></span> <span class='ocrx_word' id='word_1_845' title='bbox 3099 4287 3259 4348; x_wconf 83' lang='lat' dir='ltr'><strong>ignes.</strong></span> 
     </span>
    </p>
   </div>
   <div class='ocr_carea' id='block_1_113' title="bbox 2011 4367 3528 4445">
    <p class='ocr_par' dir='ltr' id='par_1_113' title="bbox 2011 4367 3528 4445">
     <span class='ocr_line' id='line_1_114' title="bbox 2011 4367 3528 4445; baseline -0.001 -22"><span class='ocrx_word' id='word_1_846' title='bbox 2011 4380 2037 4423; x_wconf 65' lang='grc' dir='ltr'>ε</span> <span class='ocrx_word' id='word_1_847' title='bbox 2069 4374 2502 4445; x_wconf 86' lang='lat' dir='ltr'><strong>Theophylactus</strong></span> <span class='ocrx_word' id='word_1_848' title='bbox 2545 4374 2601 4445; x_wconf 89' lang='lat' dir='ltr'><strong>in</strong></span> <span class='ocrx_word' id='word_1_849' title='bbox 2638 4387 2764 4445; x_wconf 80' lang='lat' dir='ltr'><strong>cap.</strong></span> <span class='ocrx_word' id='word_1_850' title='bbox 2810 4386 2918 4445; x_wconf 65' lang='lat' dir='ltr'><strong>xvii</strong></span> <span class='ocrx_word' id='word_1_851' title='bbox 2956 4368 3146 4445; x_wconf 77' lang='lat' dir='ltr'><strong>Matth.</strong></span> <span class='ocrx_word' id='word_1_852' title='bbox 3184 4367 3355 4445; x_wconf 42' lang='lat' dir='ltr'><strong>{Non</strong></span> <span class='ocrx_word' id='word_1_853' title='bbox 3402 4368 3528 4445; x_wconf 69' lang='lat' dir='ltr'><strong>tuna</strong></span> 
     </span>
    </p>
   </div>
   <div class='ocr_carea' id='block_1_114' title="bbox 1937 4439 3523 4511">
    <p class='ocr_par' dir='ltr' id='par_1_114' title="bbox 1937 4439 3523 4511">
     <span class='ocr_line' id='line_1_115' title="bbox 1937 4439 3523 4511; baseline -0.004 -12"><span class='ocrx_word' id='word_1_854' title='bbox 1937 4462 2096 4499; x_wconf 88' lang='lat' dir='ltr'><strong>causa</strong></span> <span class='ocrx_word' id='word_1_855' title='bbox 2121 4439 2238 4499; x_wconf 66' lang='lat' dir='ltr'><strong>erat</strong></span> <span class='ocrx_word' id='word_1_856' title='bbox 2261 4439 2460 4509; x_wconf 68' lang='lat' dir='ltr'><strong>morbi;</strong></span> <span class='ocrx_word' id='word_1_857' title='bbox 2487 4444 2579 4498; x_wconf 85' lang='lat' dir='ltr'><strong>sed</strong></span> <span class='ocrx_word' id='word_1_858' title='bbox 2613 4439 2817 4498; x_wconf 61' lang='lat' dir='ltr'><strong>daemon</strong></span> <span class='ocrx_word' id='word_1_859' title='bbox 2839 4439 3142 4496; x_wconf 81' lang='lat' dir='ltr'><strong>observabat</strong></span> <span class='ocrx_word' id='word_1_860' title='bbox 3166 4439 3523 4511; x_wconf 68' lang='lat' dir='ltr'><strong>plenilunium,</strong></span> 
     </span>
    </p>
   </div>
   <div class='ocr_carea' id='block_1_115' title="bbox 1938 4509 3529 4586">
    <p class='ocr_par' dir='ltr' id='par_1_115' title="bbox 1938 4509 3529 4586">
     <span class='ocr_line' id='line_1_116' title="bbox 1938 4509 3529 4586; baseline -0.004 -16"><span class='ocrx_word' id='word_1_861' title='bbox 1938 4525 1989 4570; x_wconf 85' lang='lat' dir='ltr'><strong>et</strong></span> <span class='ocrx_word' id='word_1_862' title='bbox 2017 4526 2136 4571; x_wconf 86' lang='lat' dir='ltr'><strong>tunc</strong></span> <span class='ocrx_word' id='word_1_863' title='bbox 2173 4515 2539 4586; x_wconf 72' lang='lat' dir='ltr'><strong>insidiabatur,</strong></span> <span class='ocrx_word' id='word_1_864' title='bbox 2576 4521 2636 4567; x_wconf 89' lang='lat' dir='ltr'><strong>ut</strong></span> <span class='ocrx_word' id='word_1_865' title='bbox 2675 4519 3011 4586; x_wconf 86' lang='lat' dir='ltr'><strong>arguerentur</strong></span> <span class='ocrx_word' id='word_1_866' title='bbox 3046 4509 3206 4583; x_wconf 85' lang='lat' dir='ltr'><strong>opera</strong></span> <span class='ocrx_word' id='word_1_867' title='bbox 3238 4509 3357 4576; x_wconf 85' lang='lat' dir='ltr'><strong>Dei,</strong></span> <span class='ocrx_word' id='word_1_868' title='bbox 3395 4518 3529 4564; x_wconf 85' lang='lat' dir='ltr'><strong>tam-</strong></span> 
     </span>
    </p>
   </div>
   <div class='ocr_carea' id='block_1_116' title="bbox 1939 4585 2750 4658">
    <p class='ocr_par' dir='ltr' id='par_1_116' title="bbox 1939 4585 2750 4658">
     <span class='ocr_line' id='line_1_117' title="bbox 1939 4585 2750 4658; baseline -0.005 -17"><span class='ocrx_word' id='word_1_869' title='bbox 1939 4604 2092 4658; x_wconf 83' lang='lat' dir='ltr'><strong>quam</strong></span> <span class='ocrx_word' id='word_1_870' title='bbox 2119 4587 2266 4640; x_wconf 82' lang='lat' dir='ltr'><strong>nobis</strong></span> <span class='ocrx_word' id='word_1_871' title='bbox 2287 4585 2430 4639; x_wconf 84' lang='lat' dir='ltr'><strong>mala</strong></span> <span class='ocrx_word' id='word_1_872' title='bbox 2452 4585 2750 4658; x_wconf 77' lang='lat' dir='ltr'><strong>inferentia.</strong></span> 
     </span>
    </p>
   </div>
   <div class='ocr_carea' id='block_1_117' title="bbox 1976 4651 3529 4782">
    <p class='ocr_par' dir='ltr' id='par_1_117' title="bbox 1976 4651 3529 4782">
     <span class='ocr_line' id='line_1_118' title="bbox 1976 4651 3529 4782; baseline -0.005 -69"><span class='ocrx_word' id='word_1_873' title='bbox 1976 4655 2038 4782; x_wconf 61' lang='grc' dir='ltr'><strong>ῆι</strong></span> <span class='ocrx_word' id='word_1_874' title='bbox 2057 4658 2120 4782; x_wconf 65' lang='lat' dir='ltr'><strong>lal</strong></span> <span class='ocrx_word' id='word_1_875' title='bbox 2137 4665 2221 4712; x_wconf 92' lang='lat' dir='ltr'><strong>est</strong></span> <span class='ocrx_word' id='word_1_876' title='bbox 2231 4663 2432 4720; x_wconf 88' lang='lat' dir='ltr'><strong>creata,</strong></span> <span class='ocrx_word' id='word_1_877' title='bbox 2455 4651 2522 4710; x_wconf 79' lang='lat' dir='ltr'><strong>ut</strong></span> <span class='ocrx_word' id='word_1_878' title='bbox 2535 4656 2717 4710; x_wconf 89' lang='lat' dir='ltr'><strong>lumen</strong></span> <span class='ocrx_word' id='word_1_879' title='bbox 2743 4661 2907 4710; x_wconf 91' lang='lat' dir='ltr'><strong>noctu</strong></span> <span class='ocrx_word' id='word_1_880' title='bbox 2925 4668 3088 4724; x_wconf 89' lang='lat' dir='ltr'><strong>super</strong></span> <span class='ocrx_word' id='word_1_881' title='bbox 3104 4667 3192 4711; x_wconf 90' lang='lat' dir='ltr'><strong>res</strong></span> <span class='ocrx_word' id='word_1_882' title='bbox 3211 4651 3529 4708; x_wconf 90' lang='lat' dir='ltr'><strong>sublunares</strong></span> 
     </span>
     <span class='ocr_line' id='line_1_119' title="bbox 2011 4737 2256 4782; baseline -0.004 0"><span class='ocrx_word' id='word_1_883' title='bbox 2011 4746 2082 4782; x_wconf 93' lang='lat' dir='ltr'><strong>un</strong></span> <span class='ocrx_word' id='word_1_884' title='bbox 2123 4737 2256 4782; x_wconf 89' lang='lat' dir='ltr'><strong>eret.</strong></span> 
     </span>
    </p>
   </div>
   <div class='ocr_carea' id='block_1_118' title="bbox 1941 4729 2256 4784">
    <p class='ocr_par' dir='ltr' id='par_1_118' title="bbox 1941 4729 2256 4784">
     <span class='ocr_line' id='line_1_120' title="bbox 1941 4729 2256 4784; baseline -0.013 0"><span class='ocrx_word' id='word_1_885' title='bbox 1941 4729 2256 4784; x_wconf 82' lang='lat' dir='ltr'><strong>effunderet.</strong></span> 
     </span>
    </p>
   </div>
   <div class='ocr_carea' id='block_1_119' title="bbox 2019 4792 3530 4866">
    <p class='ocr_par' dir='ltr' id='par_1_119' title="bbox 2019 4792 3530 4866">
     <span class='ocr_line' id='line_1_121' title="bbox 2019 4792 3530 4866; baseline -0.006 -11"><span class='ocrx_word' id='word_1_886' title='bbox 2019 4799 2035 4836; x_wconf 78' lang='grc' dir='ltr'><strong>ί</strong></span> <span class='ocrx_word' id='word_1_887' title='bbox 2071 4799 2241 4866; x_wconf 86' lang='lat' dir='ltr'><strong>Quam</strong></span> <span class='ocrx_word' id='word_1_888' title='bbox 2267 4812 2407 4853; x_wconf 89' lang='lat' dir='ltr'><strong>vana</strong></span> <span class='ocrx_word' id='word_1_889' title='bbox 2430 4796 2500 4852; x_wconf 87' lang='lat' dir='ltr'><strong>sit</strong></span> <span class='ocrx_word' id='word_1_890' title='bbox 2518 4795 3110 4866; x_wconf 73' lang='lat' dir='ltr'><strong>astrorumpbservatio</strong></span> <span class='ocrx_word' id='word_1_891' title='bbox 3131 4792 3530 4866; x_wconf 67' lang='lat' dir='ltr'><strong>innuit.Sortes</strong></span> 
     </span>
    </p>
   </div>
   <div class='ocr_carea' id='block_1_120' title="bbox 1939 4861 3530 4945">
    <p class='ocr_par' dir='ltr' id='par_1_120' title="bbox 1939 4861 3530 4945">
     <span class='ocr_line' id='line_1_122' title="bbox 1939 4861 3530 4945; baseline -0.005 -21"><span class='ocrx_word' id='word_1_892' title='bbox 1939 4861 2391 4945; x_wconf 59' lang='lat' dir='ltr'><strong>rerumomnium</strong></span> <span class='ocrx_word' id='word_1_893' title='bbox 2410 4867 2756 4945; x_wconf 65' lang='lat' dir='ltr'><strong>vetustissimi</strong></span> <span class='ocrx_word' id='word_1_894' title='bbox 2777 4863 3010 4945; x_wconf 64' lang='lat' dir='ltr'><strong>Chaldzni</strong></span> <span class='ocrx_word' id='word_1_895' title='bbox 3037 4871 3092 4920; x_wconf 86' lang='lat' dir='ltr'><strong>et</strong></span> <span class='ocrx_word' id='word_1_896' title='bbox 3120 4863 3360 4945; x_wconf 63' lang='lat' dir='ltr'><strong>Egyptii</strong></span> <span class='ocrx_word' id='word_1_897' title='bbox 3379 4861 3530 4945; x_wconf 61' lang='lat' dir='ltr'><strong>side-</strong></span> 
     </span>
    </p>
   </div>
   <div class='ocr_carea' id='block_1_121' title="bbox 1940 4932 3531 5011">
    <p class='ocr_par' dir='ltr' id='par_1_121' title="bbox 1940 4932 3531 5011">
     <span class='ocr_line' id='line_1_123' title="bbox 1940 4932 3531 5011; baseline -0.004 -17"><span class='ocrx_word' id='word_1_898' title='bbox 1940 4941 2094 4996; x_wconf 85' lang='lat' dir='ltr'><strong>ribus</strong></span> <span class='ocrx_word' id='word_1_899' title='bbox 2109 4939 2471 5011; x_wconf 89' lang='lat' dir='ltr'><strong>deputabant;</strong></span> <span class='ocrx_word' id='word_1_900' title='bbox 2504 4947 2560 4994; x_wconf 90' lang='lat' dir='ltr'><strong>et</strong></span> <span class='ocrx_word' id='word_1_901' title='bbox 2589 4938 2842 5011; x_wconf 68' lang='lat' dir='ltr'><strong>Fortuna:</strong></span> <span class='ocrx_word' id='word_1_902' title='bbox 2860 4935 3076 5011; x_wconf 80' lang='lat' dir='ltr'><strong>quidem</strong></span> <span class='ocrx_word' id='word_1_903' title='bbox 3095 4932 3300 5011; x_wconf 73' lang='lat' dir='ltr'><strong>sortem</strong></span> <span class='ocrx_word' id='word_1_904' title='bbox 3327 4932 3531 5011; x_wconf 55' lang='lat' dir='ltr'><strong>tribue:</strong></span> 
     </span>
    </p>
   </div>
   <div class='ocr_carea' id='block_1_122' title="bbox 1940 5001 3530 5078">
    <p class='ocr_par' dir='ltr' id='par_1_122' title="bbox 1940 5001 3530 5078">
     <span class='ocr_line' id='line_1_124' title="bbox 1940 5001 3530 5078; baseline -0.006 -12"><span class='ocrx_word' id='word_1_905' title='bbox 1940 5011 2074 5066; x_wconf 89' lang='lat' dir='ltr'><strong>bant</strong></span> <span class='ocrx_word' id='word_1_906' title='bbox 2110 5001 2268 5078; x_wconf 77' lang='lat' dir='ltr'><strong>lunae,</strong></span> <span class='ocrx_word' id='word_1_907' title='bbox 2298 5017 2360 5064; x_wconf 91' lang='lat' dir='ltr'><strong>ut</strong></span> <span class='ocrx_word' id='word_1_908' title='bbox 2397 5001 2656 5066; x_wconf 76' lang='lat' dir='ltr'><strong>daemonis</strong></span> <span class='ocrx_word' id='word_1_909' title='bbox 2683 5001 2895 5064; x_wconf 71' lang='lat' dir='ltr'><strong>sorteni</strong></span> <span class='ocrx_word' id='word_1_910' title='bbox 2913 5006 3035 5070; x_wconf 91' lang='lat' dir='ltr'><strong>soli,</strong></span> <span class='ocrx_word' id='word_1_911' title='bbox 3077 5012 3132 5060; x_wconf 92' lang='lat' dir='ltr'><strong>et</strong></span> <span class='ocrx_word' id='word_1_912' title='bbox 3175 5004 3302 5060; x_wconf 88' lang='lat' dir='ltr'><strong>huic</strong></span> <span class='ocrx_word' id='word_1_913' title='bbox 3335 5017 3424 5058; x_wconf 88' lang='lat' dir='ltr'><strong>res</strong></span> <span class='ocrx_word' id='word_1_914' title='bbox 3460 5001 3530 5057; x_wconf 89' lang='lat' dir='ltr'><strong>ad</strong></span> 
     </span>
    </p>
   </div>
   <div class='ocr_carea' id='block_1_123' title="bbox 1943 5080 3529 5148">
    <p class='ocr_par' dir='ltr' id='par_1_123' title="bbox 1943 5080 3529 5148">
     <span class='ocr_line' id='line_1_125' title="bbox 1943 5080 3529 5148; baseline -0.006 -12"><span class='ocrx_word' id='word_1_915' title='bbox 1943 5082 2178 5136; x_wconf 89' lang='lat' dir='ltr'><strong>animum</strong></span> <span class='ocrx_word' id='word_1_916' title='bbox 2207 5082 2559 5148; x_wconf 90' lang='lat' dir='ltr'><strong>pertinentes,</strong></span> <span class='ocrx_word' id='word_1_917' title='bbox 2592 5080 2668 5134; x_wconf 93' lang='lat' dir='ltr'><strong>illi</strong></span> <span class='ocrx_word' id='word_1_918' title='bbox 2695 5095 2783 5134; x_wconf 91' lang='lat' dir='ltr'><strong>res</strong></span> <span class='ocrx_word' id='word_1_919' title='bbox 2803 5091 3092 5148; x_wconf 87' lang='lat' dir='ltr'><strong>corporeas</strong></span> <span class='ocrx_word' id='word_1_920' title='bbox 3119 5087 3529 5148; x_wconf 53' lang='grc' dir='ltr'><strong>αυγερ-θεωρη-</strong></span> 
     </span>
    </p>
   </div>
   <div class='ocr_carea' id='block_1_124' title="bbox 1944 5097 3526 5229">
    <p class='ocr_par' dir='ltr' id='par_1_124' title="bbox 1944 5097 3526 5229">
     <span class='ocr_line' id='line_1_126' title="bbox 1944 5097 3526 5148; baseline -0.006 -12"><span class='ocrx_word' id='word_1_921' title='bbox 1944 5097 2178 5136; x_wconf 78' lang='lat' dir='ltr'><strong>animum</strong></span> <span class='ocrx_word' id='word_1_922' title='bbox 2245 5097 2559 5146; x_wconf 77' lang='lat' dir='ltr'><strong>erunentes,</strong></span> <span class='ocrx_word' id='word_1_923' title='bbox 2592 5097 2668 5134; x_wconf 89' lang='grc' dir='ltr'><strong>ιιιι</strong></span> <span class='ocrx_word' id='word_1_924' title='bbox 2695 5097 2783 5134; x_wconf 91' lang='lat' dir='ltr'><strong>res</strong></span> <span class='ocrx_word' id='word_1_925' title='bbox 2803 5097 3092 5148; x_wconf 75' lang='lat' dir='ltr'><strong>corporeus</strong></span> <span class='ocrx_word' id='word_1_926' title='bbox 3119 5097 3262 5130; x_wconf 73' lang='lat' dir='ltr'><strong>cura:</strong></span> <span class='ocrx_word' id='word_1_927' title='bbox 3287 5097 3406 5129; x_wconf 78' lang='lat' dir='ltr'><strong>esse</strong></span> <span class='ocrx_word' id='word_1_928' title='bbox 3427 5097 3526 5142; x_wconf 86' lang='lat' dir='ltr'><strong>pu-</strong></span> 
     </span>
     <span class='ocr_line' id='line_1_127' title="bbox 1944 5097 3526 5229; baseline -0.008 -22"><span class='ocrx_word' id='word_1_929' title='bbox 1944 5153 2147 5207; x_wconf 90' lang='lat' dir='ltr'><strong>tabant.</strong></span> <span class='ocrx_word' id='word_1_930' title='bbox 2172 5097 2242 5229; x_wconf 50' lang='lat' dir='ltr'><strong>Id)</strong></span> <span class='ocrx_word' id='word_1_931' title='bbox 2245 5152 2389 5229; x_wconf 79' lang='lat' dir='ltr'><strong>quod</strong></span> <span class='ocrx_word' id='word_1_932' title='bbox 2411 5151 2655 5229; x_wconf 61' lang='lat' dir='ltr'><strong>pluribus</strong></span> <span class='ocrx_word' id='word_1_933' title='bbox 2673 5147 2998 5229; x_wconf 66' lang='lat' dir='ltr'><strong>testimoniis</strong></span> <span class='ocrx_word' id='word_1_934' title='bbox 3018 5154 3132 5229; x_wconf 74' lang='lat' dir='ltr'><strong>tum</strong></span> <span class='ocrx_word' id='word_1_935' title='bbox 3151 5160 3219 5200; x_wconf 90' lang='lat' dir='ltr'><strong>ex</strong></span> <span class='ocrx_word' id='word_1_936' title='bbox 3232 5142 3526 5229; x_wconf 42' lang='lat' dir='ltr'><strong>M‘acfo‘bio,</strong></span> 
     </span>
    </p>
   </div>
   <div class='ocr_carea' id='block_1_125' title="bbox 1944 5210 3530 5290">
    <p class='ocr_par' dir='ltr' id='par_1_125' title="bbox 1944 5210 3530 5290">
     <span class='ocr_line' id='line_1_128' title="bbox 1944 5210 3530 5290; baseline -0.006 -12"><span class='ocrx_word' id='word_1_937' title='bbox 1944 5234 2059 5278; x_wconf 91' lang='lat' dir='ltr'><strong>tum</strong></span> <span class='ocrx_word' id='word_1_938' title='bbox 2088 5238 2157 5278; x_wconf 81' lang='lat' dir='ltr'><strong>ex</strong></span> <span class='ocrx_word' id='word_1_939' title='bbox 2187 5210 2522 5290; x_wconf 56' lang='lat' dir='ltr'><strong>An&#39;tholo&#39;giis</strong></span> <span class='ocrx_word' id='word_1_940' title='bbox 2557 5221 2709 5276; x_wconf 83' lang='lat' dir='ltr'><strong>Vevii</strong></span> <span class='ocrx_word' id='word_1_941' title='bbox 2755 5217 2998 5290; x_wconf 83' lang='lat' dir='ltr'><strong>Valensis</strong></span> <span class='ocrx_word' id='word_1_942' title='bbox 3042 5215 3375 5290; x_wconf 78' lang='lat' dir='ltr'><strong>demonstrat</strong></span> <span class='ocrx_word' id='word_1_943' title='bbox 3413 5210 3530 5268; x_wconf 51' lang='lat' dir='ltr'><strong>Sel-</strong></span> 
     </span>
    </p>
   </div>
   <div class='ocr_carea' id='block_1_126' title="bbox 1944 5284 3387 5365">
    <p class='ocr_par' dir='ltr' id='par_1_126' title="bbox 1944 5284 3387 5365">
     <span class='ocr_line' id='line_1_129' title="bbox 1944 5284 3387 5365; baseline -0.008 -17"><span class='ocrx_word' id='word_1_944' title='bbox 1944 5293 2228 5365; x_wconf 72' lang='lat' dir='ltr'><strong>denuslib.</strong></span> <span class='ocrx_word' id='word_1_945' title='bbox 2258 5293 2326 5348; x_wconf 90' lang='lat' dir='ltr'><strong>de</strong></span> <span class='ocrx_word' id='word_1_946' title='bbox 2347 5284 2458 5347; x_wconf 74' lang='lat' dir='ltr'><strong>Diis</strong></span> <span class='ocrx_word' id='word_1_947' title='bbox 2476 5292 2636 5365; x_wconf 65' lang='lat' dir='ltr'><strong>Syris</strong></span> <span class='ocrx_word' id='word_1_948' title='bbox 2653 5298 2921 5365; x_wconf 45' lang='lat' dir='ltr'><strong>syntagm;</strong></span> <span class='ocrx_word' id='word_1_949' title='bbox 2949 5287 2977 5340; x_wconf 95' lang='grc'><strong>1</strong></span> <span class='ocrx_word' id='word_1_950' title='bbox 3009 5301 3128 5365; x_wconf 80' lang='lat' dir='ltr'><strong>cap.</strong></span> <span class='ocrx_word' id='word_1_951' title='bbox 3153 5284 3204 5365; x_wconf 73' lang='lat' dir='ltr'><strong>i_.</strong></span> <span class='ocrx_word' id='word_1_952' title='bbox 3355 5353 3387 5365; x_wconf 25' lang='grc' dir='ltr'><strong>Δ.</strong></span> 
     </span>
    </p>
   </div>
   <div class='ocr_carea' id='block_1_127' title="bbox 2019 5351 3529 5431">
    <p class='ocr_par' dir='ltr' id='par_1_127' title="bbox 2019 5351 3529 5431">
     <span class='ocr_line' id='line_1_130' title="bbox 2019 5351 3529 5431; baseline -0.004 -18"><span class='ocrx_word' id='word_1_953' title='bbox 2019 5363 2033 5413; x_wconf 86' lang='lat' dir='ltr'><strong>i</strong></span> <span class='ocrx_word' id='word_1_954' title='bbox 2075 5363 2131 5417; x_wconf 91' lang='lat' dir='ltr'><strong>ld</strong></span> <span class='ocrx_word' id='word_1_955' title='bbox 2157 5372 2259 5430; x_wconf 89' lang='lat' dir='ltr'><strong>est,</strong></span> <span class='ocrx_word' id='word_1_956' title='bbox 2289 5351 2563 5418; x_wconf 68' lang='lat' dir='ltr'><strong>contraire.</strong></span> <span class='ocrx_word' id='word_1_957' title='bbox 2597 5351 3136 5431; x_wconf 51' lang='lat' dir='ltr'><strong>Explica‘tparthius</strong></span> <span class='ocrx_word' id='word_1_958' title='bbox 3181 5351 3529 5431; x_wconf 75' lang='lat' dir='ltr'><strong>in_notis__ad</strong></span> 
     </span>
    </p>
   </div>
   <div class='ocr_carea' id='block_1_128' title="bbox 1947 5423 3530 5502">
    <p class='ocr_par' dir='ltr' id='par_1_128' title="bbox 1947 5423 3530 5502">
     <span class='ocr_line' id='line_1_131' title="bbox 1947 5423 3530 5502; baseline -0.006 -14"><span class='ocrx_word' id='word_1_959' title='bbox 1947 5432 2133 5488; x_wconf 89' lang='lat' dir='ltr'><strong>Claud.</strong></span> <span class='ocrx_word' id='word_1_960' title='bbox 2165 5423 2410 5488; x_wconf 80' lang='lat' dir='ltr'><strong>Mamert.</strong></span> <span class='ocrx_word' id='word_1_961' title='bbox 2442 5447 2571 5502; x_wconf 47' lang='lat' dir='ltr'><strong>cap:</strong></span> <span class='ocrx_word' id='word_1_962' title='bbox 2603 5423 2814 5501; x_wconf 64' lang='lat' dir='ltr'><strong>i2&#39;pag.</strong></span> <span class='ocrx_word' id='word_1_963' title='bbox 2847 5428 2950 5484; x_wconf 72' lang='grc'><strong>584</strong></span> <span class='ocrx_word' id='word_1_964' title='bbox 2969 5428 3151 5502; x_wconf 88' lang='lat' dir='ltr'><strong>;__et__i_n</strong></span> <span class='ocrx_word' id='word_1_965' title='bbox 3180 5424 3405 5480; x_wconf 79' lang='lat' dir='ltr'><strong>Advers.</strong></span> <span class='ocrx_word' id='word_1_966' title='bbox 3433 5423 3530 5479; x_wconf 88' lang='lat' dir='ltr'><strong>lib.</strong></span> 
     </span>
    </p>
   </div>
   <div class='ocr_carea' id='block_1_129' title="bbox 1949 5499 3532 5574">
    <p class='ocr_par' dir='ltr' id='par_1_129' title="bbox 1949 5499 3532 5574">
     <span class='ocr_line' id='line_1_132' title="bbox 1949 5499 3532 5574; baseline -0.006 -14"><span class='ocrx_word' id='word_1_967' title='bbox 1949 5521 1983 5560; x_wconf 87' lang='lat' dir='ltr'><strong>x</strong></span> <span class='ocrx_word' id='word_1_968' title='bbox 2004 5519 2121 5574; x_wconf 89' lang='lat' dir='ltr'><strong>cap.</strong></span> <span class='ocrx_word' id='word_1_969' title='bbox 2157 5502 2207 5569; x_wconf 83' lang='lat'><strong>5,</strong></span> <span class='ocrx_word' id='word_1_970' title='bbox 2237 5503 2383 5574; x_wconf 92' lang='lat' dir='ltr'><strong>quod</strong></span> <span class='ocrx_word' id='word_1_971' title='bbox 2403 5499 2523 5558; x_wconf 86' lang='lat' dir='ltr'><strong>aliis</strong></span> <span class='ocrx_word' id='word_1_972' title='bbox 2540 5499 2760 5555; x_wconf 81' lang='lat' dir='ltr'><strong>Patrum</strong></span> <span class='ocrx_word' id='word_1_973' title='bbox 2776 5499 3398 5574; x_wconf 31' lang='lat' dir='ltr'><strong>’exemplis_i_ll_ustr;at,_e_t</strong></span> <span class='ocrx_word' id='word_1_974' title='bbox 3424 5509 3532 5574; x_wconf 83' lang='lat' dir='ltr'><strong>am-</strong></span> 
     </span>
    </p>
   </div>
   <div class='ocr_carea' id='block_1_130' title="bbox 1946 5566 3532 5646">
    <p class='ocr_par' dir='ltr' id='par_1_130' title="bbox 1946 5566 3532 5646">
     <span class='ocr_line' id='line_1_133' title="bbox 1946 5566 3532 5646; baseline -0.006 -17"><span class='ocrx_word' id='word_1_975' title='bbox 1946 5566 2122 5646; x_wconf 77' lang='lat' dir='ltr'><strong>pliora</strong></span> <span class='ocrx_word' id='word_1_976' title='bbox 2146 5566 2389 5646; x_wconf 73' lang='lat' dir='ltr'><strong>congerit</strong></span> <span class='ocrx_word' id='word_1_977' title='bbox 2416 5573 2521 5646; x_wconf 78' lang='lat' dir='ltr'><strong>lih._</strong></span> <span class='ocrx_word' id='word_1_978' title='bbox 2539 5587 2673 5646; x_wconf 49' lang='lat' dir='ltr'><strong>an;</strong></span> <span class='ocrx_word' id='word_1_979' title='bbox 2697 5587 2823 5646; x_wconf 68' lang='lat' dir='ltr'><strong>cap.</strong></span> <span class='ocrx_word' id='word_1_980' title='bbox 2841 5571 2873 5624; x_wconf 83' lang='lat'><strong>7</strong></span> <span class='ocrx_word' id='word_1_981' title='bbox 2899 5566 3003 5626; x_wconf 79' lang='lat' dir='ltr'><strong>col.</strong></span> <span class='ocrx_word' id='word_1_982' title='bbox 3033 5567 3192 5624; x_wconf 75' lang='lat'><strong>2152.</strong></span> <span class='ocrx_word' id='word_1_983' title='bbox 3217 5566 3532 5646; x_wconf 68' lang='lat' dir='ltr'><strong>Rudulphus</strong></span> 
     </span>
    </p>
   </div>
   <div class='ocr_carea' id='block_1_131' title="bbox 1948 5635 3532 5712">
    <p class='ocr_par' dir='ltr' id='par_1_131' title="bbox 1948 5635 3532 5712">
     <span class='ocr_line' id='line_1_134' title="bbox 1948 5635 3532 5712; baseline -0.008 -11"><span class='ocrx_word' id='word_1_984' title='bbox 1948 5635 2470 5710; x_wconf 41' lang='lat' dir='ltr'><strong>&#39;Ardentiusfhomil.</strong></span> <span class='ocrx_word' id='word_1_985' title='bbox 2501 5641 2598 5696; x_wconf 80' lang='lat' dir='ltr'><strong>i9:</strong></span> <span class='ocrx_word' id='word_1_986' title='bbox 2633 5635 2853 5712; x_wconf 80' lang='lat' dir='ltr'><strong>Quando</strong></span> <span class='ocrx_word' id='word_1_987' title='bbox 2874 5647 3183 5712; x_wconf 71' lang='lat' dir='ltr'><strong>praceptum</strong></span> <span class='ocrx_word' id='word_1_988' title='bbox 3213 5635 3411 5694; x_wconf 80' lang='lat' dir='ltr'><strong>terreni</strong></span> <span class='ocrx_word' id='word_1_989' title='bbox 3422 5635 3532 5690; x_wconf 85' lang='lat' dir='ltr'><strong>Pa-</strong></span> 
     </span>
    </p>
   </div>
   <div class='ocr_carea' id='block_1_132' title="bbox 1953 5711 2792 5786">
    <p class='ocr_par' dir='ltr' id='par_1_132' title="bbox 1953 5711 2792 5786">
     <span class='ocr_line' id='line_1_135' title="bbox 1953 5711 2792 5786; baseline -0.005 -16"><span class='ocrx_word' id='word_1_990' title='bbox 1953 5719 2044 5771; x_wconf 86' lang='lat' dir='ltr'><strong>tris</strong></span> <span class='ocrx_word' id='word_1_991' title='bbox 2070 5733 2174 5771; x_wconf 91' lang='lat' dir='ltr'><strong>non</strong></span> <span class='ocrx_word' id='word_1_992' title='bbox 2199 5716 2370 5786; x_wconf 83' lang='lat' dir='ltr'><strong>obviat</strong></span> <span class='ocrx_word' id='word_1_993' title='bbox 2394 5720 2648 5786; x_wconf 65' lang='lat' dir='ltr'><strong>prmcepto</strong></span> 
     </span>
    </p>
   </div>
   <div class='ocr_carea' id='block_1_133' title="bbox 2022 5779 3530 5859">
    <p class='ocr_par' dir='ltr' id='par_1_133' title="bbox 2022 5779 3530 5859">
     <span class='ocr_line' id='line_1_136' title="bbox 2022 5779 3530 5859; baseline -0.005 -18"><span class='ocrx_word' id='word_1_994' title='bbox 2022 5787 2049 5824; x_wconf 77' lang='grc' dir='ltr'><strong>¹ί</strong></span> <span class='ocrx_word' id='word_1_995' title='bbox 2089 5787 2170 5842; x_wconf 83' lang='lat' dir='ltr'><strong>Ab</strong></span> <span class='ocrx_word' id='word_1_996' title='bbox 2191 5779 2450 5859; x_wconf 85' lang='lat' dir='ltr'><strong>Apostolo</strong></span> <span class='ocrx_word' id='word_1_997' title='bbox 2473 5779 2697 5853; x_wconf 83' lang='lat' dir='ltr'><strong>intelligi</strong></span> <span class='ocrx_word' id='word_1_998' title='bbox 2722 5781 2814 5838; x_wconf 91' lang='lat' dir='ltr'><strong>hic</strong></span> <span class='ocrx_word' id='word_1_999' title='bbox 2839 5780 3132 5859; x_wconf 68' lang='lat' dir='ltr'><strong>Judmo§__e_t</strong></span> <span class='ocrx_word' id='word_1_1000' title='bbox 3157 5779 3383 5859; x_wconf 56' lang='lat' dir='ltr'><strong>gentiles</strong></span> <span class='ocrx_word' id='word_1_1001' title='bbox 3408 5791 3530 5859; x_wconf 73' lang='lat' dir='ltr'><strong>cum</strong></span> 
     </span>
    </p>
   </div>
   <div class='ocr_carea' id='block_1_134' title="bbox 1947 5848 3527 5927">
    <p class='ocr_par' dir='ltr' id='par_1_134' title="bbox 1947 5848 3527 5927">
     <span class='ocr_line' id='line_1_137' title="bbox 1947 5848 3527 5927; baseline -0.003 -14"><span class='ocrx_word' id='word_1_1002' title='bbox 1947 5856 2140 5927; x_wconf 75' lang='lat' dir='ltr'><strong>Chrys.</strong></span> <span class='ocrx_word' id='word_1_1003' title='bbox 2149 5848 2365 5914; x_wconf 80' lang='lat' dir='ltr'><strong>tradunt</strong></span> <span class='ocrx_word' id='word_1_1004' title='bbox 2377 5848 2718 5913; x_wconf 70' lang='lat' dir='ltr'><strong>enarratores</strong></span> <span class='ocrx_word' id='word_1_1005' title='bbox 2728 5870 2834 5914; x_wconf 88' lang='lat' dir='ltr'><strong>non</strong></span> <span class='ocrx_word' id='word_1_1006' title='bbox 2843 5851 3160 5926; x_wconf 78' lang='lat' dir='ltr'><strong>pauci.Vide</strong></span> <span class='ocrx_word' id='word_1_1007' title='bbox 3171 5848 3410 5914; x_wconf 80' lang='lat' dir='ltr'><strong>Grotium</strong></span> <span class='ocrx_word' id='word_1_1008' title='bbox 3421 5848 3527 5908; x_wconf 78' lang='lat' dir='ltr'><strong>hic.</strong></span> 
     </span>
    </p>
   </div>
  </div>
