3902 6362
181 366 277 426 διο

1586 357 1817 420 εειωο
1847 359 1981 417 LIV.

3115 299 3205 312 ..νην

3339 369 3448 440 850

181 481 409 558 princeps
434 473 862 540 Pubtieanorum,
893 481 943 527 et
977 473 1087 543 ipse
1115 471 1274 527 dives.
1309 480 1334 510 ι
1363 469 1623 544 Princeps
1649 488 1746 545 pu-
1851 473 2120 529 arborem.
2170 469 2460 530 Praecurrit
2507 485 2695 528 servus
2732 470 3018 530 Dominum
3039 515 3054 543 ,
3085 481 3142 533 et
3180 484 3307 535 ante
3332 479 3438 537 Za-

175 573 490 632 blicanorum
518 565 573 621 in
609 563 830 621 civitate
856 563 1101 636 perdita,
1157 561 1355 634 perditi
1407 563 1588 634 Operis
1641 563 1746 620 Za-

113 678 119 692 '
176 663 337 721 cimus
383 659 555 730 egisse
605 657 863 714 scribitur
907 655 1314 728 principatum:
1347 671 1413 712 ex
1440 656 1583 724 loco,
1613 673 1743 730 per-

116 743 120 806 ἑ
173 771 308 820 sona,
363 749 562 820 ofﬁcio,
616 758 800 806 reatus
850 748 1162 820 magnitudo
1199 756 1559 817 monstratur,
1589 758 1650 806 ut
1676 766 1744 808 ex

173 843 519 914 magnitudine
555 840 795 898 criminis
829 840 1153 896 remittentis
1191 839 1371 896 luceat
1408 841 1736 910 magnitudo.

175 937 232 993 Et
254 935 509 1010 querebat
533 933 712 991 Iesum
740 933 928 990 videre.
963 932 1066 1001 Qui
1092 931 1365 988 Christum
1395 932 1576 988 videre
1595 947 1737 1002 quaa-

171 1031 246 1094 rit,
275 1027 470 1085 caelum
499 1026 643 1083 unde
671 1025 916 1082 Christus
943 1033 1055 1090 est,
1087 1041 1196 1080 non
1222 1032 1424 1080 terram
1447 1065 1462 1092 ,
1512 1024 1581 1080 de
1626 1039 1734 1094 qua

169 1125 338 1177 aurum
366 1127 470 1184 est,
505 1119 795 1174 intueatur.
828 1117 988 1172 Dives
1021 1130 1180 1185 ergo,
1209 1115 1303 1186 qui
1331 1129 1542 1170 sursum
1570 1113 1736 1184 respi-

167 1217 243 1278 cit,
275 1229 375 1268 non
404 1219 592 1284 portat
614 1211 860 1278 divitias,
891 1209 986 1266 sed
1013 1209 1318 1280 proculcat;
1349 1222 1449 1262 nec
1487 1207 1733 1262 incurva-

167 1319 242 1365 tur
262 1307 482 1373 divitiis,
512 1305 609 1362 sed
632 1305 872 1370 levatur;
901 1310 1062 1372 atque
1085 1300 1112 1340 δ
1141 1301 1250 1370 agit
1274 1299 1488 1354 divitias
1523 1297 1591 1353 ad
1625 1296 1732 1352 lar-

166 1402 338 1473 gientis
365 1399 688 1470 obsequium
707 1439 721 1464 ,
765 1413 874 1452 non
918 1396 986 1452 ad
1026 1395 1329 1450 divitiarum
1355 1393 1593 1448 avaritizc
1615 1407 1733 1447 ser-

167 1494 398 1556 vitutem;
433 1501 460 1528 ε
493 1490 800 1546 divitiarum
826 1504 1043 1553 servus,
1073 1501 1181 1542 non
1217 1484 1466 1540 dominus
1493 1491 1577 1539 est
1609 1498 1738 1538 ava-

167 1603 244 1641 rus
269 1604 280 1637 :
313 1593 368 1639 at
391 1583 710 1639 misericors
737 1589 820 1636 tot
847 1595 1032 1636 servos
1059 1593 1118 1634 se
1145 1577 1342 1649 probat
1372 1576 1573 1646 habere
1605 1582 1739 1646 quot

168 1693 407 1732 nummos.
449 1672 726 1741 Quaerebat
753 1671 933 1728 Iesum
955 1671 1152 1736 videre,
1189 1677 1239 1724 et
1266 1685 1369 1724 non
1402 1675 1603 1740 poterat
1629 1682 1740 1738 pra

1849 564 2030 620 chaeus
2076 561 2320 618 ascendit
2367 561 2617 618 arborem
2655 577 2817 634 quam
2858 579 3074 621 crucem
3121 564 3442 626 Dominator

1849 655 2198 724 ascenderet;
2228 655 2357 712 hinc
2394 661 2478 711 est
2516 655 2662 726 quod
2688 657 2885 712 dicitur
2912 659 3001 714 ei:
3031 657 3317 734 Festinans
3357 662 3442 718 de-

1845 749 2049 805 scende.
2081 746 2139 804 Si
2162 747 2328 818 sapis,
2361 746 2622 804 festinans
2662 748 2934 806 descende
2965 768 2979 805 :
3011 749 3279 811 descende
3307 761 3435 812 ante

1844 842 2132 899 Dominum
2160 841 2229 897 de
2250 841 2559 897 Adamatica
2589 841 2812 910 arbore,
2849 853 2907 898 ut
2931 851 3055 916 post
3087 860 3301 903 crucem
3323 846 3435 903 Do-

1844 937 2056 994 miniczn
2081 935 2350 1010 passionis
2377 935 2655 993 ascendas.
2701 935 2822 992 Nisi
2859 939 2973 1011 quis
3017 939 3189 995 tulerit
3232 957 3436 996 crucem

1838 1048 2006 1101 suam,
2037 1041 2088 1088 et
2113 1041 2316 1089 secutus
2342 1050 2426 1088 me
2454 1035 2617 1106 fuerit
2647 1032 2858 1106 (Matth.
2889 1033 2970 1104 x);
2995 1049 3104 1090 non
3123 1034 3277 1102 dixit,
3301 1050 3434 1106 prae-

1838 1125 2062 1182 cesserit
2085 1141 2191 1182 me.
2221 1125 2499 1183 Descende
2523 1141 2671 1196 ergo,
2712 1135 2773 1182 ut
2799 1123 3039 1199 deponas
3065 1135 3229 1185 tanta
3263 1127 3412 1185 frau-

1837 1216 1919 1272 dis
1949 1232 2147 1285 onera,
2195 1217 2433 1288 pondera
2481 1217 2828 1290 cupiditatis,
2877 1234 3162 1274 usurarum
3201 1219 3422 1288 molem,

1837 1307 2205 1377 magisterium
2233 1307 2522 1378 publicani,
2546 1307 2846 1364 exactionis
2875 1307 3257 1364 crudelissimae
3282 1309 3428 1381 prin-

1839 1397 2099 1496 cipatum,
2131 1397 2413 1469 expeditus
2437 1398 2605 1453 intres
2631 1399 2963 1469 paupertatis
2991 1399 3249 1467 scholam,
3271 1399 3434 1456 disci-

1841 1489 2084 1562 pulatum
2111 1489 2509 1558 misericordiae,
2541 1489 2756 1560 pietatis
2778 1505 2952 1553 usum,
2979 1490 3255 1560 patientia:
3276 1490 3436 1547 disci-

1841 1582 2063 1653 plinam,
2095 1581 2271 1637 studia
2299 1582 2555 1637 virtutum
2574 1620 2589 1647 ,
2630 1579 2911 1636 scientiam
2938 1579 3264 1645 divinitatis,
3296 1579 3434 1636 tole-

1841 1674 2072 1729 rantiam
2101 1673 2432 1744 passionum,
2459 1672 2855 1745 philosophiam
2874 1672 3082 1738 mortis,
3106 1679 3270 1743 atque
3292 1672 3435 1730 inter

170 1770 312 1836 nrba,
342 1770 471 1842 quia
495 1777 699 1824 statura
731 1766 946 1839 pusillus
981 1775 1112 1820 erat.
1139 1762 1281 1819 Satis
1308 1763 1397 1818 hic
1417 1762 1598 1817 animo
1620 1775 1738 1816 ma-
1768 1784 1818 1847 Β
1841 1763 2022 1822 vitalis
2048 1763 2179 1834 ligni
2206 1763 2373 1819 ardua
2395 1762 2509 1834 jam
2533 1761 2805 1836 perfectus
2831 1762 3109 1820 ascendas.
3141 1763 3430 1832 Descende,

168 1877 280 1934 gnus
307 1867 425 1916 erat
448 1900 466 1925 ,
507 1860 602 1930 qui
644 1858 870 1930 pusillus
909 1856 1194 1912 videbatur
1241 1855 1296 1910 in
1324 1869 1582 1925 corpore;
1614 1867 1739 1907 nam

169 1962 324 2009 mente
350 1952 617 2022 tangebat
645 1951 812 2007 caelos
829 1989 843 2014 ,
875 1949 969 2019 qui
997 1964 1224 2020 corpore
1251 1946 1500 2004 homines
1532 1960 1642 2000 non
1667 1959 1740 1999 aa-

169 2047 360 2116 quabat.
392 2045 573 2101 Nemo
602 2059 733 2116 ergo
762 2043 828 2098 de
856 2043 1120 2099 brevitate
1141 2042 1403 2114 corporis,
1427 2041 1515 2098 cui
1545 2039 1744 2095 addere

170 2138 228 2193 nil
245 2143 438 2208 potest,
471 2143 654 2202 curet;
684 2135 779 2190 sed
820 2142 880 2189 ut
916 2133 1018 2190 ﬁde
1045 2131 1072 2171 ἀ
1101 2133 1368 2200 emineat,
1400 2132 1505 2188 hoc
1542 2147 1740 2202 procu-

170 2241 251 2288 ret.
283 2229 346 2285 Et
384 2247 743 2302 prwcurrens,
784 2229 1016 2284 ascendit
1042 2229 1096 2282 in
1124 2228 1377 2284 arborem.
1410 2225 1613 2293 Quibus
1644 2239 1744 2295 pu-

169 2335 238 2379 tas
263 2325 356 2379 iste
381 2322 649 2393 gradibus
688 2322 962 2377 altissimae
999 2321 1208 2376 arboris
1246 2319 1493 2390 pervenit
1544 2317 1613 2372 ad
1662 2332 1746 2372 ra-

171 2416 303 2471 mos?
351 2415 468 2470 Iste
515 2415 746 2472 calcavit
797 2421 1029 2481 terram,
1077 2411 1482 2484 superascendit
1529 2425 1738 2475 aurum,

173 2508 485 2565 transcendit
525 2508 838 2570 avaritiam,
888 2514 944 2562 et
981 2513 1154 2561 totam
1207 2505 1514 2561 divitiarum
1553 2518 1743 2574 super-

173 2618 360 2672 gressus
385 2610 475 2658 est
501 2601 721 2668 molem,
749 2609 806 2656 ut
831 2601 1116 2670 prosiliens
1137 2600 1192 2655 in
1224 2607 1248 2638 ο
1269 2599 1519 2655 arborem
1548 2597 1737 2660 veniat,

174 2694 532 2751 misericordia:
563 2691 994 2764 apprehenderet
1020 2689 1270 2756 fructum,
1301 2698 1357 2746 et
1383 2689 1450 2746 de
1475 2689 1497 2729 ί
1521 2689 1740 2761 specula

175 2785 505 2840 confessionis
534 2783 880 2853 indulgentia:
909 2790 1158 2839 cerneret
1183 2783 1515 2852 largitorem.
1543 2782 1740 2837 Ascen-

178 2879 241 2932 dit
261 2881 311 2932 in
337 2877 575 2933 arborem
603 2892 945 2948 sycomorum.
980 2873 1254 2947 Mysterio,
1285 2889 1394 2930 non
1421 2889 1612 2940 causa;
1651 2887 1742 2928 as-

179 2967 337 3024 cendit
383 2969 437 3022 in
487 2969 740 3022 arborem
770 2975 794 3014 8
826 2981 1165 3038 sycomorum
1193 3008 1208 3033 ,
1265 2974 1326 3021 ut
1376 2965 1518 3021 unde
1572 2964 1742 3020 Adam

1841 1861 1964 1932 quia
1993 1858 2147 1914 hodie
2171 1859 2227 1914 in
2258 1859 2411 1914 domo
2434 1866 2520 1920 tua
2548 1866 2748 1931 oportet
2773 1874 2859 1913 me
2885 1875 3114 1914 manere.
3143 1855 3311 1929 Cujus
3333 1857 3434 1914 do-

1842 1965 1991 2010 mum
2019 1965 2128 2006 non
2157 1950 2446 2006 intraverit
2483 1947 2762 2024 Christus,
2807 1950 2898 2006 ille
2938 1949 3006 2006 ad
3044 1950 3282 2007 divinam
3323 1964 3435 2004 non

1843 2043 2126 2116 perveniet
2160 2042 2533 2110 mansionem;
2574 2048 2630 2097 et
2657 2041 2812 2112 cujus
2839 2042 2930 2098 hic
2957 2041 3026 2098 ad
3053 2058 3296 2099 mensam
3324 2057 3435 2098 non

1845 2132 2046 2189 sederit
2065 2131 2312 2188 Christus
2329 2149 2343 2199 ;
2382 2132 2472 2187 ille
2486 2131 2763 2188 caelestem
2779 2147 2886 2187 non
2898 2131 3180 2188 accumbet
3192 2131 3260 2187 ad
3281 2147 3435 2188 men-

1845 2243 1980 2283 sam.
2036 2225 2106 2280 Et
2141 2227 2392 2298 festinam
2423 2225 2702 2291 descendit,
2735 2234 2786 2280 et
2811 2227 3031 2298 suscepit
3051 2241 3164 2280 eum
3184 2223 3432 2297 gaudens.

1844 2303 2071 2396 Gaudet,
2096 2319 2222 2391 quia
2243 2319 2478 2390 suscepit
2493 2326 2862 2390 susceptorem
2882 2332 3038 2374 suum
3061 2357 3078 2384 ,
3109 2317 3233 2388 quia
3247 2324 3434 2390 pasto-

1842 2411 1959 2470 rem
1981 2429 2138 2468 suum
2160 2413 2352 2484 pascit,
2371 2411 2498 2482 quia
2519 2427 2646 2467 reus
2661 2409 2899 2482 judicem
2919 2407 3174 2479 suffragio
3194 2408 3440 2464 humani-

1844 2510 1970 2565 tatis
1981 2510 2220 2578 inclinat,
2239 2509 2364 2581 quia
2381 2509 2486 2565 cibi
2501 2515 2728 2580 etpotus
2747 2506 2934 2564 fenore
2961 2505 3261 2563 debitorem
3282 2519 3438 2560 suum

1844 2601 1949 2680 sibi
1998 2601 2126 2657 facit
2171 2609 2227 2656 et
2275 2601 2543 2673 acquirit;
2595 2605 2653 2657 et
2714 2600 2792 2660 sic
2820 2599 2912 2668 ﬁt,
2951 2604 3013 2654 ut
3039 2605 3302 2670 quaestum
3330 2611 3441 2652 non

1843 2694 2035 2768 perdat
2054 2693 2372 2765 publicanus
2392 2694 2512 2760 iste,
2529 2689 2624 2750 sed
2644 2699 2836 2748 mutet.
2865 2690 2936 2746 Et
2957 2708 3071 2745 cum
3099 2688 3344 2756 riderent,
3365 2689 3445 2744 in-

1846 2787 1984 2860 quit,
2016 2805 2194 2843 omnes
2230 2787 2624 2843 murmurabant
2654 2785 2900 2854 dicentes,
2931 2782 3068 2859 quod
3095 2781 3165 2837 ad
3183 2783 3442 2838 hominem

1845 2875 2162 2954 peccatorem
2217 2880 2520 2936 divertisset.
2591 2876 2663 2934 Et
2703 2877 2824 2948 quis
2879 2875 2998 2932 sine
3054 2874 3314 2947 peccato?
3371 2871 3442 2927 Et

1845 2971 1892 3028 si
1921 2987 2100 3038 nemo,
2133 2972 2250 3044 ipse
2276 2971 2377 3028 sibi
2400 2969 2615 3027 veniam
2641 2973 2824 3041 negat,
2854 2968 2948 3040 qui
2975 2967 3164 3033 Deum,
3197 2965 3340 3038 quod
3371 2963 3440 3020 ad

187 3067 374 3115 texerat
393 3059 694 3116 nuditatem
734 3058 1011 3158 corporis,
1063 3057 1319 3114 Zachteus
1365 3058 1491 3113 inde
1536 3056 1742 3112 velaret
1766 3089 1814 3154 ο
1846 3072 2166 3136 peccatores
2192 3062 2507 3134 ingreditur,
2537 3067 2778 3117 accusat.
2807 3059 2971 3128 Deus,
3001 3057 3220 3131 quando
3247 3073 3440 3129 pecca-

187 3151 435 3208 t'editatem
468 3153 722 3208 avaritite.
762 3151 1008 3207 As'cendit
1041 3153 1097 3206 in
1135 3151 1369 3207 arborem
1395 3166 1737 3222 sycomorum,

180 3253 232 3298 ut
266 3245 442 3300 rideret
485 3243 700 3311 Iesum,
743 3246 866 3318 quia
904 3244 1028 3299 inde
1079 3253 1194 3299 erat
1241 3243 1572 3298 transiturus.
1602 3241 1744 3297 Vere

177 3337 293 3392 dixit
325 3339 652 3393 transiturus
670 3378 685 3403 ,
715 3338 840 3408 quia
867 3334 1112 3392 Christus
1145 3351 1244 3407 per
1269 3343 1516 3391 terrenas
1549 3335 1666 3390 vias
1689 3341 1746 3389 et

177 3429 412 3486 humanos
441 3429 664 3487 labores
691 3446 801 3485 non
839 3445 1127 3485 mansurus
1152 3435 1408 3500 venerat,
1449 3428 1544 3484 sed
1581 3441 1744 3483 vene-

180 3527 251 3574 rat
271 3522 612 3577 transiturus.
647 3520 773 3576 Cum
802 3529 973 3576 autem
998 3519 1152 3576 Iesus
1179 3521 1398 3577 venisset
1437 3519 1509 3574 ad
1553 3519 1738 3586 locum,

175 3615 453 3686 suspiciens,
489 3615 616 3671 uidit
641 3633 775 3670 eum.
809 3614 975 3682 Quasi
1001 3615 1048 3670 si
1069 3614 1195 3670 illuc
1218 3629 1324 3670 non
1343 3614 1595 3670 vertisset
1621 3628 1746 3670 ocu-

175 3705 258 3770 los,
288 3723 390 3763 non
415 3707 653 3772 videret,
698 3708 792 3776 qui
832 3706 1129 3762 Natbanael
1169 3722 1292 3762 cum
1343 3691 1538 3762 absens
1579 3711 1741 3772 esset,

113 3789 125 3806 “
175 3799 258 3855 sub
294 3800 489 3857 eadem
535 3802 733 3856 arbore
773 3801 930 3870 longe
967 3799 1103 3854 vidit
1136 3797 1352 3872 (Ioann.
1384 3795 1424 3874 ι)
1455 3815 1469 3852 :
1497 3797 1591 3854 sed
1615 3797 1746 3854 vidit

174 3905 294 3956 eum,
322 3891 462 3949 vidit
491 3892 561 3948 ad
587 3893 821 3957 veniam,
853 3891 1094 3963 respexit
1121 3891 1188 3946 ad
1215 3892 1444 3962 gratiam
1461 3931 1475 3957 ,
1515 3887 1747 3946 intendit

175 3983 232 4040 ad
251 3987 435 4051 vitam,
470 3985 871 4056 contemplatus
898 3993 983 4040 est
1021 3984 1087 4040 ad
1124 3983 1374 4040 salutem.
1412 3983 1557 4039 Deus
1582 3997 1744 4052 quem

171 4079 316 4143 videt,
338 4095 454 4137 non
484 4087 545 4136 ut
572 4080 828 4150 ignorans
853 4093 1149 4148 agnoscere
1177 4078 1343 4149 cupit,
1371 4077 1464 4133 sed
1490 4084 1551 4132 ut
1569 4076 1748 4132 sciens

176 4169 231 4225 sd
251 4172 478 4241 gloriam
507 4171 623 4228 vult
659 4171 864 4227 videre.
905 4169 1051 4226 Vidit
1076 4185 1222 4237 eum,
1269 4178 1322 4224 et
1355 4170 1431 4226 ait
1457 4167 1529 4223 ad
1556 4168 1744 4223 illum:

176 4259 389 4334 lac-hate,
423 4266 685 4339 festinans
713 4263 961 4319 descende
982 4304 996 4330 ,
1037 4263 1157 4336 quia
1184 4261 1337 4317 hodie
1361 4267 1562 4333 oportet
1586 4277 1666 4315 me
1690 4261 1749 4316 in

175 4353 305 4412 dwno
337 4366 432 4414 tua
473 4375 703 4414 manere.
736 4356 794 4412 Si
820 4357 958 4412 bene
979 4355 1316 4418 ascenderat,
1347 4369 1516 4425 quare
1542 4353 1591 4410 ei
1617 4352 1752 4408 dici-

1844 3163 2019 3212 torem
2046 3156 2256 3226 quatrit,
2288 3171 2397 3212 non
2424 3161 2670 3228 peccata,
2700 3152 2799 3210 sed
2818 3153 3095 3209 hominem
3121 3151 3315 3223 quaerit
3340 3169 3350 3204 :
3378 3157 3440 3204 ut

1843 3253 2147 3320 peccatum,
2178 3244 2325 3316 quod
2351 3252 2436 3301 est
2462 3260 2600 3317 opus
2619 3243 2874 3308 hominis,
2903 3242 3184 3315 despiciat,
3217 3248 3277 3297 ut
3303 3257 3441 3312 opus

1846 3356 2022 3409 suum,
2045 3339 2194 3412 quod
2218 3339 2384 3396 homo
2411 3345 2516 3407 est,
2546 3353 2659 3395 non
2686 3338 2920 3394 amittat.
2950 3335 3090 3393 Audi
3117 3335 3439 3410 prophetam

1845 3431 2114 3490 dicentem
2134 3431 2344 3488 :Aeerte
2361 3433 2550 3505 faciem
2571 3439 2712 3487 tuam
2731 3448 2764 3485 a
2784 3430 3006 3505 peccatis
3025 3429 3152 3486 meis
3171 3427 3342 3504 (Psal.
3361 3427 3437 3504 ι),

1846 3527 1954 3584 hoc
1979 3535 2082 3592 est,
2114 3526 2183 3582 ab
2211 3525 2468 3598 operibus
2493 3525 2648 3584 meis.
2672 3525 2752 3582 De
2779 3540 2838 3582 se
2865 3533 3084 3581 autem:
3119 3521 3291 3597 Opera
3323 3541 3440 3579 ma-

1844 3636 2005 3675 nuum
2033 3628 2237 3674 tuarum
2263 3635 2328 3674 ne
2354 3618 2608 3692 despicias
2631 3617 2805 3692 (Psat.
2829 3613 3296 3692 cxxxvn).1udex,
3319 3632 3444 3673 cum

1839 3713 1958 3769 vult
1985 3713 2287 3783 ignoscere,
2311 3711 2589 3768 hominem
2607 3711 2847 3783 respicit,
2867 3726 2977 3784 non
3003 3708 3246 3782 culpam;
3263 3705 3440 3780 pater,

1845 3822 1969 3864 cum
2007 3805 2253 3862 misereri
2293 3805 2410 3861 vult
2446 3805 2579 3874 tilio,
2621 3802 2874 3861 affectum
2901 3801 3134 3876 cogitat,
3167 3818 3275 3858 non
3305 3801 3442 3856 deli-

1845 3906 1993 3956 ctum
2018 3918 2031 3954 :
2064 3898 2144 3955 sic
2170 3898 2227 3955 in
2256 3897 2477 3956 homine
2507 3897 2649 3974 Deus
2675 3897 2760 3955 sui
2786 3913 2997 3954 memor
3023 3904 3108 3953 est
3135 3893 3317 3968 operis
3335 3937 3348 3962 ,
3381 3901 3442 3950 ut

1847 3989 2030 4060 Operis
2057 3988 2411 4046 obliviscatur
2431 3985 2673 4045 humani.
2699 3987 2781 4045 Tu
2802 4003 2931 4058 ergo
2951 3987 3045 4058 qui
3072 3983 3442 4058 reprehendis,

1847 4083 1941 4152 qui
1969 4097 2273 4137 murmuras
2301 4097 2400 4138 cur
2418 4080 2487 4137 ad
2513 4088 2856 4153 peccatorem
2879 4079 3158 4135 diverterit
3176 4075 3440 4142 Christus,

1847 4172 1993 4228 viam
2023 4173 2248 4239 salutis,
2278 4172 2586 4244 exemplum
2625 4171 2824 4237 veniae,
2867 4162 3249 4240 misericordiae
3293 4181 3444 4238 spem

1849 4262 1919 4321 de
1947 4263 2042 4320 tali
2070 4264 2314 4334 ingressu
2335 4279 2489 4336 cape,
2513 4269 2569 4318 et
2587 4277 2720 4318 cave
2740 4277 2808 4316 ne
2835 4259 2942 4316 hoc
2970 4258 3067 4314 tibi
3093 4257 3163 4315 sit
3187 4257 3443 4332 blasphe-

1849 4357 2036 4414 mandi
2073 4357 2333 4423 materia,
2365 4355 2510 4428 quod
2557 4355 2656 4411 tibi
2698 4354 2914 4412 occasio
2959 4361 3044 4410 est
3087 4351 3294 4408 salutis.
3323 4351 3443 4418 Quo

172 4457 246 4503 tur
277 4451 596 4508 descende?
636 4450 897 4523 Superius
923 4449 1097 4506 dixit:
1130 4447 1472 4506 Prtecurrens
1501 4449 1747 4505 ascendit
1771 4437 1825 4499 D
1847 4450 2089 4508 medicus
2117 4448 2220 4504 nisi
2247 4448 2315 4506 ad
2343 4449 2582 4519 aegrum?
2611 4444 2735 4502 Non
2763 4455 2842 4502 est
2867 4461 2995 4520 opus
3014 4485 3030 4512 ,
3063 4445 3270 4516 inquit,
3301 4443 3440 4500 sanis

231 4615 254 4644 ι
289 4607 366 4680 Ad
393 4623 564 4680 quem
593 4616 866 4678 tamquam
896 4607 964 4663 ad
991 4605 1331 4680 prrcfectum,
1357 4607 1442 4680 vel
1472 4606 1750 4680 societatis

175 4691 274 4746 qm!
297 4679 371 4734 ibi
399 4676 614 4736 coierat
643 4676 806 4749 caput
839 4687 894 4733 et
929 4676 1210 4749 prinsidem
1247 4676 1531 4734 inferiores
1562 4676 1746 4733 Publi-

173 4749 276 4819 cani
299 4751 593 4819 vectigalia
621 4749 953 4805 deferebant.

232 4817 260 4945 ἒ
291 4817 501 4945 Ιέἃξυὼ
537 4820 722 4876 laudat
749 4819 997 4876 Barthius
1017 4819 1242 4876 Advers.
1273 4819 1364 4875 lib.
1395 4836 1484 4874 xvi
1521 4833 1638 4890 cap.
1676 4817 1746 4872 20

174 4903 276 4999 pag.
290 4903 624 5018 agminum
648 4979 662 5015 :

274 5056 324 5120 Si
350 5059 554 5116 metuis,
580 5057 622 5107 si
649 5069 792 5120 prava
815 5057 970 5120 cupis,
998 5057 1040 5106 si
1061 5055 1258 5108 duceris
1278 5069 1370 5120 ira,

130 5167 140 5220 1
277 5117 483 5172 Servitii
508 5117 701 5183 patiere
715 5117 906 5180 jugum'.

179 5312 188 5322 _
227 5239 252 5279 ιι
285 5241 379 5327 Sic
398 5259 525 5328 cum
545 5260 675 5301 mss.
700 5251 754 5300 et
773 5243 1099 5300 editionibus
1120 5241 1328 5298 Bonon.
1352 5249 1408 5296 et
1426 5239 1574 5296 Mita.
1594 5240 1744 5310 Alite,

135 5324 620 5458 putat
647 5383 1227 5458 sycomorumZachmi
1264 5384 1462 5458 dictam
1501 5383 1750 5458 arborem

170 5456 344 5526 venite,
371 5471 442 5511 eo
462 5453 609 5526 quod
639 5453 704 5510 ei
726 5455 884 5526 hujus
905 5456 1044 5512 foliis
1073 5455 1243 5510 Adam
1273 5464 1328 5511 et
1349 5453 1458 5509 Eva
1488 5463 1611 5524 post
1630 5455 1748 5525 lap-

169 5537 274 5596 sum
301 5524 548 5583 fecerunt
577 5527 680 5582 sibi
701 5524 1077 5590 succinctoria,
1109 5541 1228 5582 cum
1257 5541 1352 5596 eos
1373 5541 1625 5595 peccasse
1652 5524 1753 5596 pu-

168 5592 326 5651 dcret.
363 5597 433 5651 Et
450 5597 634 5653 laudat
654 5597 1006 5667 Augustinum
1028 5598 1094 5653 de
1115 5597 1264 5652 verb.
1298 5592 1484 5666 Apost.
1509 5592 1670 5650 scrin:
1695 5595 1747 5662 8,

167 5671 288 5721 tom.
319 5667 392 5722 Χ.
419 5667 570 5724 Unde
589 5671 755 5725 arbor
773 5670 943 5725 venite
964 5685 1026 5723 ea
1047 5668 1244 5724 dicitur
1263 5669 1361 5723 sub
1381 5682 1488 5737 qua
1507 5668 1604 5722 fuit
1625 5684 1752 5737 pro—

170 5739 491 5810 genitoribus
518 5741 677 5796 venia
707 5741 775 5797 ab
801 5742 918 5810 ipso
939 5739 1052 5797 Deo
1074 5741 1436 5810 pronuntiata.
1460 5736 1750 5793 Crederem

169 5819 340 5894 autem
380 5809 771 5939 Chrysalogum
809 5809 898 5868 hic
927 5811 995 5867 de
1033 5809 1227 5868 arbore
1255 5809 1425 5864 Adam
1462 5825 1563 5864 nec
1599 5826 1747 5865 som-

169 5893 338 5937 niasse
357 5884 592 5939 quidem.
667 5891 791 5939 ocat
810 5885 1061 5939 arborem
1092 5882 1263 5938 venia:
1291 5881 1438 5936 illam
1457 5895 1621 5939 quan.
1648 5881 1747 5936 Za-

169 5881 338 5937 Iiasse
357 5881 592 5952 quidem.
616 5881 791 5941 Vocat
810 5885 1061 5940 arborem
1092 5882 1263 5938 venia:
1291 5881 1438 5936 illam
1457 5895 1621 5951 quan.
1648 5881 1749 5936 Za-

1856 4607 2039 4692 cbacu‘s
2059 4605 2452 4670 conscendens,
2474 4603 2688 4660 veniam
2708 4618 2739 4660 a
2757 4601 2972 4660 Christo
2991 4602 3221 4662 Domino
3251 4601 3448 4656 meruit

1855 4685 2193 4804 'mieiiémi
2217 4745 2348 4820 Mita
2382 4745 2659 4820 ariolatur,
2693 4754 2748 4820 et
2785 4741 2916 4800 ﬁcus
2942 4745 3056 4800 hu
3081 4748 3238 4820 putat
3261 4743 3444 4820 vocari

1853 4819 2064 4892 specula
2086 4817 2446 4892 confessionis,
2477 4817 2600 4892 quia
2631 4816 2730 4892 sub
2751 4830 2814 4870 ea
2836 4814 3250 4892 protoparente's
3275 4814 3446 4869 nostri

1855 4884 2086 4960 tegendo
2115 4884 2362 4960 pudenda
2393 4884 2512 4960 sua,
2533 4887 2672 4960 fassi
2684 4892 2824 4960 sunt
2839 4884 3083 4960 peccata.
3119 4885 3198 4940 Ex
3225 4884 3445 4960 bacar-

1853 4949 1989 5018 bore
2017 4949 2182 5016 veluti
2229 4974 2261 5014 e
2307 4949 2524 5028 specula
2571 4949 2912 5012 eminentiori
2942 4957 3195 5028 Zaichteus
3223 4949 3448 5009 intuitus

1852 5040 1936 5088 est
1961 5031 2142 5087 Iesum
2163 5026 2708 5100 praetergredientem,
2733 5042 2964 5098 eumque
3002 5026 3290 5084 Dominum
3327 5039 3447 5080 esse

1853 5102 2106 5172 cognovit
2131 5097 2503 5172 misericordia;
2523 5097 2842 5172 largitorem.

1929 5165 1956 5221 ἱ
1997 5172 2186 5228 Varias
2234 5171 2378 5226 circa
2427 5165 2676 5226 arborem
2725 5167 2916 5223 Adami
2950 5166 3243 5224 sententias
3279 5165 3447 5222 habes

1854 5243 2001 5314 apud
2039 5239 2778 5314 enarratores._Sycomorus
2801 5239 2990 5314 etiam
3032 5244 3260 5314 vocatur
3298 5235 3448 5314 licus

1856 5304 2198 5385 @gyptiaca,
2221 5327 2390 5385 quam
2400 5304 2658 5385 describit
2678 5308 2880 5385 Plinius
2900 5309 2993 5364 lib.
3009 5323 3064 5363 xi
3084 5322 3204 5378 cap.
3224 5306 3274 5385 ἶ.
3298 5304 3447 5385 Unde

1854 5375 2221 5467 Chi-vsologu's
2240 5375 2296 5465 et
2324 5380 2842 5467 aliiohanc‘eamdem
2861 5386 3055 5467 putant
3082 5375 3205 5434 cuin
3219 5375 3348 5467 fico,
3379 5377 3446 5433 de

1855 5448 2009 5524 cujus
2029 5448 2173 5524 foliis
2190 5453 2367 5524 prima
2392 5452 2495 5507 sibi
2517 5448 2882 5524 integumenta
2908 5457 3091 5524 patres
3119 5448 3449 5524 nostri‘con-

1855 5518 2100 5581 texuere.
2131 5518 2370 5593 Magistri
2391 5529 2570 5593 autem
2591 5518 2959 5593 Hebrzcorum,
2982 5525 3039 5575 et
3064 5518 3268 5593 Arabes
3291 5518 3448 5593 inter-

1853 5603 2140 5668 pretantur
2157 5588 2377 5668 morum.
2405 5592 2614 5668 Nomen
2636 5597 2816 5645 autem
2841 5588 3087 5668 Graecum
3107 5589 3344 5668 indicare
3365 5591 3447 5645 vi-

1852 5660 2014 5726 detur
2039 5667 2181 5724 hanc
2207 5666 2457 5721 arborem
2486 5664 2562 5718 ita
2589 5679 2733 5717 moro
2757 5675 2878 5718 esse
2899 5662 3160 5730 similem,
3191 5671 3252 5718 ut
3289 5660 3449 5718 ticum

1853 5740 2194 5810 aliquatenus
2230 5737 2448 5810 referat.
2497 5733 2644 5810 Leo,
2669 5733 2724 5789 in
2759 5732 3017 5806 descript.
3067 5732 3288 5810 Africae,
3327 5749 3448 5792 eam

1851 5807 2075 5883 pro—prio
2106 5809 2367 5883 vocabulo
2400 5815 2562 5865 vocat
2589 5807 2849 5881 giumum,
2894 5814 2951 5865 et
2977 5822 3201 5866 summae
3228 5807 3304 5864 ait
3329 5819 3448 5862 esse

1849 5881 2194 5954 proceritatis
2207 5923 2213 5930 .
