3902 6362
419 405 526 466 351

1657 382 1718 440 S.
1757 378 1968 437 PETRI
2018 375 2444 437 CHRYSOLOGI

3609 377 3715 436 552

422 519 670 583 medicus,
693 514 785 571 sed
801 513 938 568 male
961 505 1256 565 habentibus
1278 503 1496 579 (Matth.
1517 501 1616 574 rx).
1641 499 1762 569 Quo
1783 500 2012 557 anhelus
2037 511 2093 572 Α
2115 499 2236 570 plus
2256 495 2436 554 dando
2461 493 2648 566 diripit
2666 506 2828 564 quam
2846 491 3104 560 iurando;
3135 505 3240 549 nec
3266 493 3568 566 compescit
3588 494 3718 552 inde

424 618 628 686 pastor,
675 607 780 664 nisi
823 605 892 661 ad
936 616 1092 660 ovem
1136 598 1436 670 perditam?
1483 594 1710 664 Quando
1751 604 1778 634 ι
1806 611 1866 650 se
1911 610 2008 652 rex

426 685 668 762 hostibus
697 697 985 760 immiscet,
1017 691 1121 748 nisi
1148 705 1270 746 cum
1296 690 1413 746 vult
1438 687 1672 743 liberare
1698 685 2009 757 captivum?

425 800 494 856 Et
519 798 610 869 qui
637 795 929 867 pretiosam
971 788 1148 862 perdit
1189 786 1555 856 margaritam,
1601 784 1720 840 loca
1766 782 2009 854 squalida

427 908 536 948 non
563 888 880 956 dedignatur
924 883 1160 946 intrare,
1203 887 1261 936 et
1305 894 1427 935 eam
1454 879 1597 934 inter
1622 884 1864 932 stercora
1891 875 2009 946 ipsa

425 983 736 1059 perquirere
759 993 867 1034 non
888 977 1161 1032 abhorret.
1184 974 1244 1030 In
1263 972 1407 1045 quod
1428 987 1666 1044 praeceps
1686 977 1810 1042 post
1835 967 2003 1024 ﬁlium

425 1093 532 1131 non
561 1089 619 1130 se
651 1074 744 1128 dat
769 1070 980 1127 mater?
1008 1067 1077 1122 Et
1113 1065 1355 1135 arguitur
1385 1065 1559 1130 Deus,
1590 1064 1676 1136 qui
1705 1062 1893 1117 creavit
1920 1060 2014 1115 ho-

421 1171 609 1224 minem
637 1167 706 1222 ad
744 1165 1027 1236 imaginem
1053 1168 1105 1216 et
1141 1158 1534 1215 similitudinem
1562 1173 1710 1212 suam
1746 1151 2010 1228 (Gen.1),

420 1276 588 1329 quare
633 1257 909 1314 hominem
955 1255 1097 1309 inter
1138 1258 1361 1323 peccata
1409 1247 1672 1304 charitate
1718 1245 2014 1302 conditoris

421 1351 678 1422 inquirit?
723 1349 1054 1413 Murmuras,
1104 1344 1288 1409 homo,
1336 1355 1504 1412 quare
1549 1338 1825 1394 hominem
1869 1335 2014 1390 Deus

423 1443 564 1498 inter
592 1447 816 1512 peccata
845 1443 1053 1508 quaerat
1090 1453 1102 1488 :
1135 1433 1264 1504 quid
1291 1431 1458 1488 facies
1485 1445 1609 1486 cum
1649 1426 1848 1483 videris
1887 1439 2012 1480 eum

422 1543 646 1608 propter
671 1533 946 1590 hominem
986 1531 1129 1601 ipsas
1169 1526 1422 1583 tenebras
1461 1524 1652 1579 tartari
1691 1520 2013 1593 penetrare?

426 1629 564 1684 Audi
602 1635 786 1682 tamen
830 1624 960 1694 quid
1007 1623 1279 1692 ingressus
1325 1618 1394 1674 ad
1438 1625 1780 1690 peccatorem
1826 1612 2016 1669 fecerit

423 1718 686 1774 Christus.
722 1717 913 1782 Stans,
945 1713 1150 1784 inquit,
1193 1711 1446 1766 Zachwus
1487 1709 1638 1763 dixit.
1669 1706 1834 1762 Vides
1871 1719 2013 1775 quo-

425 1812 587 1868 modo
616 1817 829 1866 erectus
857 1815 958 1874 est,
990 1807 1084 1877 qui
1107 1805 1342 1875 jacebat.
1383 1801 1633 1859 Jacemus
1661 1801 1716 1856 in
1752 1799 1915 1865 vitiis,
1958 1803 2016 1854 et

420 1901 663 1973 iacemus
683 1899 957 1972 oppressi;
989 1904 1211 1962 stamus,
1234 1911 1356 1952 cum
1377 1894 1534 1950 bonis
1555 1893 1828 1964 operibus,
1852 1890 2014 1959 erigi-

423 2010 545 2049 mur
589 1993 658 2047 ad
701 1989 1024 2064 profectum.
1075 1987 1257 2054 Stans,
1308 1985 1501 2055 inquit,
1543 1983 1816 2048 Zachcus,
1860 1981 2011 2048 dixit,

423 2087 710 2144 Dimidium
739 2084 987 2140 bonorum
1026 2098 1255 2137 meorum
1283 2079 1348 2136 do
1376 2078 1704 2152 pauperibus.
1748 2077 1855 2132 Iste
1892 2083 2018 2146 post

423 2189 655 2238 mortem
681 2195 742 2235 se
769 2177 941 2234 credit
968 2191 1086 2232 esse
1109 2176 1394 2241 victurum,
1419 2172 1512 2242 qui
1538 2170 1816 2226 dimidium
1844 2169 2018 2223 bono-

424 2290 544 2330 rum
566 2273 680 2342 jam
709 2271 942 2327 futuram
971 2269 1288 2324 transmittit
1325 2266 1394 2322 ad
1429 2266 1618 2321 vitam.
1650 2262 1733 2318 Sit
1759 2263 1888 2318 licet
1922 2261 2016 2317 ille

422 2363 714 2436 perfectus,
747 2363 840 2433 qui
869 2369 1041 2417 totum
1068 2360 1213 2432 quod
1251 2359 1417 2414 habet
1455 2358 1601 2423 illuc,
1645 2355 1738 2411 ubi
1781 2355 2019 2410 victurus

425 2463 526 2522 est,
557 2469 773 2526 semper
799 2453 927 2509 hinc
954 2452 1261 2523 praemittit;
1301 2456 1386 2505 est
1419 2449 1521 2504 iste
1550 2454 1733 2503 tamen
1759 2445 2019 2502 virtutum

424 2545 623 2610 socius,
673 2557 899 2600 consors
944 2541 1266 2614 prudentiae,
1309 2538 1434 2594 fidei
1477 2537 1778 2609 particeps,
1821 2535 1915 2606 qui
1951 2532 2021 2590 ad

425 2639 596 2694 Deum
623 2638 711 2692 vel
738 2635 1018 2692 dimidium
1045 2633 1230 2700 mittit,
1260 2631 1388 2702 quia
1415 2632 1578 2687 homo
1606 2629 1753 2700 quod
1779 2627 1868 2682 hic
1893 2625 2022 2682 reli-

424 2729 632 2799 querit,
663 2729 771 2784 hoc
810 2727 1028 2783 amittit.
1068 2725 1138 2780 Et
1164 2740 1377 2791 revera,
1409 2722 1622 2789 fratres,
1665 2723 1806 2778 sicut
1832 2735 1891 2776 se
1919 2720 2022 2775 iste

427 2822 502 2877 ibi
528 2821 704 2876 credit
729 2821 934 2888 vivere,
967 2818 1060 2890 qui
1081 2819 1210 2874 illuc
1237 2817 1555 2874 transmittit
1582 2831 1706 2882 sua;
1739 2815 1813 2870 ita
1845 2813 1935 2868 ille
1961 2827 2023 2867 se

427 2913 524 2968 tibi
551 2928 660 2968 non
689 2912 863 2968 credit
890 2926 1010 2966 esse
1039 2911 1332 2977 victurum,
1361 2910 1455 2980 qui
1484 2909 1588 2964 sibi
1615 2907 1726 2963 illic
1751 2906 1898 2977 quod
1923 2907 2023 2961 ha-

427 3003 554 3060 bere
581 3003 777 3059 debeat
805 3003 879 3058 nil
898 3002 1120 3074 pararit.
1145 3001 1280 3056 Nam
1299 3000 1346 3055 si
1369 3006 1742 3072 paupertatem
1772 2999 1861 3053 vix
1881 2996 2024 3053 ferre

2113 592 2391 648 dolentum
2419 589 2648 658 gemitus
2661 629 2677 655 ,
2708 585 2804 642 sed
2830 585 3099 657 producit.
3141 583 3330 642 Audeo
3368 585 3557 642 dicere
3572 625 3590 652 ,
3620 588 3716 657 qui

2115 687 2184 743 de
2209 684 2398 741 fraude
2418 683 2531 740 Deo
2553 680 2732 747 offert,
2756 679 2992 736 cumulat
3018 679 3264 748 crimina,
3287 695 3402 736 non
3421 680 3713 749 emundat;

2113 781 2242 853 quia
2269 779 2412 835 Deus
2436 777 2492 832 in
2521 776 2618 831 tali
2642 788 2870 831 munere
2895 774 3118 829 exuvias
3144 787 3364 830 suorum
3382 789 3712 846 pauperum,

2115 891 2227 932 non
2252 884 2275 914 α
2304 869 2706 928 misericordias
2732 868 2990 924 intuetur.
3021 864 3152 922 Sine
3177 881 3339 922 causa
3366 865 3484 924 Deo
3511 865 3714 938 plorat,

2116 971 2308 1023 contra
2352 977 2514 1033 quem
2554 960 2699 1031 juste
2746 973 2909 1015 causa
2950 957 3205 1030 pauperis
3248 957 3548 1030 ploraverit
3577 956 3714 1014 Deo.

2115 1056 2214 1112 Dei
2241 1071 2346 1112 vox
2374 1062 2488 1110 est:
2511 1052 2574 1110 Si
2602 1053 2789 1124 pignus
2820 1050 2994 1106 tuleris
3023 1050 3177 1122 fratri
3206 1057 3292 1106 tuo
3315 1051 3568 1116 tunicam,
3595 1059 3719 1104 ante

2113 1149 2238 1204 solis
2284 1163 2524 1202 occasum
2570 1142 2752 1200 reddes
2795 1142 2876 1198 illi
2917 1140 3128 1215 (Exod.
3170 1139 3282 1212 ιι).
3333 1140 3491 1198 Sicut
3535 1139 3717 1196 furem

2114 1241 2334 1297 lucerna
2362 1237 2573 1310 prodit,
2604 1237 2680 1292 ita
2707 1235 2791 1291 sol
2831 1249 2928 1290 eos
2963 1233 3059 1304 qui
3095 1231 3430 1301 fraudantur,
3463 1240 3712 1289 accusat.

2116 1334 2174 1391 Si
2201 1335 2447 1390 volumus
2473 1332 2586 1386 Deo
2615 1330 2810 1386 otl'erre
2848 1335 3064 1393 nostra,
3107 1327 3152 1382 si
3191 1320 3334 1397 apud
3373 1326 3550 1382 Deum
3592 1339 3718 1394 qua:

2114 1433 2301 1484 nostra
2328 1431 2452 1481 sunt
2479 1421 2754 1495 possidere
2782 1419 3047 1485 volumus,
3075 1433 3381 1474 mereamur
3408 1426 3464 1475 et
3484 1433 3591 1473 nos
3619 1433 3715 1474 au-

2113 1519 2229 1575 dire
2257 1518 2404 1582 talia,
2435 1515 2616 1586 qualia
2633 1513 2891 1569 Zachzeus
2919 1510 3126 1567 audivit
3149 1529 3161 1564 :
3181 1508 3358 1566 Hodie
3384 1510 3567 1567 domui
3595 1510 3716 1564 huic

2113 1610 2254 1665 salus
2276 1608 2500 1673 advenit,
2526 1607 2649 1679 quia
2668 1613 2718 1659 et
2737 1605 2820 1658 hic
2841 1603 2984 1675 ﬁlius
3003 1610 3079 1658 est
3103 1603 3345 1658 Abrahae.
3375 1602 3718 1658 Inbumanus

2115 1703 2266 1758 dives
2293 1717 2415 1757 cum
2442 1705 2587 1755 esset
2613 1697 2753 1752 filius
2798 1694 3058 1763 Abrahae,
3105 1694 3278 1752 factus
3323 1703 3410 1752 est
3447 1696 3717 1766 gehennre

2117 1795 2284 1862 filius;
2315 1794 2417 1849 iste
2444 1807 2567 1849 cum
2595 1798 2742 1848 esset
2762 1791 2969 1862 rapinae
2992 1789 3149 1857 ﬁlius,
3173 1789 3352 1846 dando
3379 1805 3503 1857 sua,
3536 1791 3718 1847 aliena

2115 1887 2410 1954 reddendo,
2459 1884 2486 1924 ἀ
2531 1885 2761 1942 Abrahae
2806 1884 3097 1956 adoptatur
3141 1885 3198 1940 in
3243 1883 3430 1940 filium.
3462 1885 3546 1942 Ne
3592 1886 3721 1957 quis

2114 1992 2295 2040 tamen
2323 1989 2477 2054 putet
2503 1980 2791 2036 Zachzeum
2819 1977 3096 2035 offerendo
3136 1979 3415 2034 dimidium
3441 1979 3723 2036 bonorum

2113 2073 2461 2148 perfectionis
2487 2072 2725 2128 tenuisse
2764 2070 3054 2140 fastigium,
3099 2070 3192 2141 qui
3231 2077 3356 2140 post
3393 2072 3584 2126 omnia
3623 2087 3726 2128 sua

2115 2175 2170 2223 et
2197 2167 2430 2238 seipsum
2457 2165 2536 2220 sic
2555 2164 2704 2220 dedit
2729 2162 2982 2230 Domino,
3005 2169 3066 2218 ut
3089 2171 3112 2200 ε
3134 2161 3479 2234 episcopatus
3505 2163 3728 2221 honore

2115 2260 2297 2327 fultus,
2329 2275 2361 2314 a
2389 2273 2576 2315 mensa
2596 2257 2873 2329 publicani
2899 2263 3138 2328 quaestus
3165 2255 3236 2311 ad
3265 2271 3512 2312 mensam
3539 2256 3728 2314 domi-

2119 2355 2228 2411 nici
2255 2353 2498 2425 corporis
2523 2353 2866 2426 perveniret;
2898 2360 2955 2409 et
2971 2351 3346 2408 fraudulentas
3363 2353 3548 2408 saeculi
3577 2351 3728 2408 divi-

2118 2448 2224 2503 tias
2251 2445 2652 2517 derelinquens,
2683 2447 2740 2502 in
2768 2453 3089 2517 paupertate
3115 2441 3319 2501 Christi
3347 2460 3505 2502 veras
3536 2443 3734 2501 seculi

2120 2540 2338 2597 divitias
2365 2539 2652 2597 inveniret.

2729 2629 2962 2688 SERMO
2999 2629 3110 2687 LV.

2122 2723 2204 2782 De
2228 2735 2446 2798 paterna
2473 2724 2586 2798 rDei
2611 2726 2668 2780 in
2695 2741 2790 2780 nos
2819 2724 3117 2798 dilectione,
3154 2719 3240 2777 de‘
3256 2730 3463 2795 patrum
3497 2722 3555 2776 in
3584 2721 3742 2793 ﬁlios

2431 2797 2712 2862 charitate,
2743 2804 2794 2850 et
2822 2795 2885 2850 de
2909 2794 3215 2850 Judworum
3241 2794 3413 2865 plena.

2195 2911 2556 2982 Posteaquam
2600 2916 2872 2982 przecepta
2917 2909 3051 2979 legis
3095 2907 3290 2965 diffusa
3333 2907 3737 2974 voluminibus,

2125 3011 2382 3073 congesta
2410 3002 2581 3069 libris,
2615 3016 2856 3058 amorem
2884 3001 3042 3056 nobis
3071 3016 3182 3062 non
3213 2997 3548 3056 suffecerunt
3573 3015 3741 3056 com-

423 3111 712 3168 possumus
751 3094 1127 3166 temporalem,
1175 3093 1230 3148 in
1274 3101 1537 3148 aeternum
1581 3090 1861 3146 mendicus
1906 3087 2024 3144 ﬁeri
2061 3164 2090 3168 _
2124 3095 2382 3152 mendam
2413 3094 2681 3161 divinum,
2713 3093 2861 3149 duris
2888 3091 3167 3148 hominum
3203 3091 3537 3164 praem-diis,
3567 3107 3738 3148 com-

423 3164 544 3258 quis
571 3186 820 3242 durabit?
849 3164 982 3254 Quis
1021 3185 1260 3240 militans
1301 3200 1412 3240 non
1452 3183 1522 3239 ad
1561 3183 1792 3254 patriam
1831 3181 2018 3248 mittil.
2047 3164 2092 3228 ο
2122 3189 2525 3259 parationibus,
2571 3187 2865 3258 exemplis,
2911 3187 3168 3242 inseritur
3195 3187 3293 3243 Dei
3332 3194 3390 3244 et
3415 3187 3742 3243 insinuatur

422 3277 686 3350 quidquid
724 3277 922 3335 bellico
961 3277 1162 3334 sudore
1201 3275 1502 3347 conquirit,
1544 3283 1606 3330 ut
1645 3272 2021 3330 adolescentiae
2124 3279 2365 3336 affectus.
2401 3278 2527 3345 Quis
2546 3322 2561 3348 ,
2607 3281 2809 3350 inquit,
2847 3297 2912 3336 ea;
2937 3279 3077 3336 vobis
3117 3290 3319 3353 patrem
3358 3281 3488 3352 petit
3512 3297 3734 3352 panem,

423 3373 637 3429 labores
657 3379 910 3428 senectus
931 3371 1190 3427 deliciosa
1210 3369 1560 3442 compenset?
1588 3367 1656 3422 Et
1683 3365 2023 3422 Christianus
2123 3372 2372 3444 numquid
2399 3371 2626 3444 lapidem
2663 3371 2808 3426 dabit
2835 3372 2948 3427 illi?
2976 3381 3067 3427 aut
3093 3374 3317 3444 piscem,
3350 3372 3608 3445 numquid
3637 3391 3740 3444 pro

421 3465 510 3522 cui
537 3465 773 3520 militare
799 3472 883 3521 est
910 3463 995 3530 id,
1028 3462 1176 3534 quod
1222 3462 1356 3518 vivit
1393 3461 1449 3516 in
1489 3459 1718 3525 sacculo,
1748 3456 2022 3528 quomodo
2123 3465 2263 3534 pisce
2282 3471 2570 3534 serpentem
2591 3462 2733 3518 dabit
2751 3464 2870 3518 illi?
2889 3472 2979 3518 aut
2997 3464 3043 3519 si
3063 3465 3266 3536 petierit
3285 3480 3452 3530 ovum,
3474 3464 3746 3536 numquid

425 3573 536 3614 non
564 3557 771 3626 cogitat
797 3563 858 3611 ut
882 3555 1125 3626 pericula
1146 3561 1367 3609 terrena
1396 3553 1523 3606 otiis
1550 3551 1860 3606 coelestibus
1887 3563 2021 3604 con-
2123 3556 2351 3627 porriget
2377 3555 2456 3609 illi
2488 3553 2509 3593 τ
2543 3557 2902 3627 scorpionem?
2929 3555 2992 3612 Si
3018 3573 3140 3627 ergo
3159 3572 3267 3621 vos,
3291 3573 3407 3610 cum
3431 3557 3550 3611 sitis
3578 3556 3740 3621 mali,

422 3649 660 3706 soletur?
707 3648 950 3716 Qualiter
997 3649 1113 3704 htec
1157 3646 1324 3702 faciat
1367 3645 1724 3711 Christianus,
1769 3644 2026 3700 Zachaeus
2132 3648 2296 3702 nostis
2319 3647 2452 3701 bona
2474 3645 2598 3700 data
2621 3647 2745 3702 dare
2764 3645 2890 3718 ﬁliis
2913 3649 3090 3703 vestris
3108 3689 3125 3715 ,
3155 3656 3350 3720 quanto
3369 3651 3540 3722 magis
3564 3648 3746 3704 Pater

424 3743 542 3816 ipse
569 3749 626 3798 et
649 3741 820 3798 verbo
848 3741 1011 3797 docet
1038 3747 1094 3796 et
1128 3747 1399 3796 monstrat
1437 3740 1708 3811 exemplo.
1737 3738 2027 3794 Dimidium
2131 3747 2297 3794 vester
2343 3739 2561 3793 caelestis
2615 3740 2857 3809 spiritum
2905 3739 3094 3795 bonum
3147 3739 3292 3794 dabit
3345 3739 3642 3812 petentibus
3685 3759 3746 3797 se

425 3836 680 3892 bonorum
699 3850 930 3890 meorum
950 3833 1016 3889 do
1037 3833 1367 3906 pauperibus,
1385 3842 1436 3888 et
1455 3834 1500 3889 si
1521 3835 1602 3889 cui
1622 3833 1820 3907 aliquid
1841 3834 2027 3906 fraude
2133 3830 2284 3902 (Luc.
2317 3829 2434 3899 Il)?
2465 3827 2592 3895 Quis
2621 3847 2686 3886 ea:
2713 3832 2852 3886 vobis
2874 3839 3074 3902 patrem
3099 3832 3227 3903 petit
3245 3848 3452 3903 panem,
3475 3833 3752 3906 numquid

423 3925 645 3994 abstuli,
688 3924 848 3982 reddo
888 3923 1256 3998 quadruplum.
1295 3923 1325 3964 ι’
1368 3922 1472 3994 Qui
1520 3924 1695 3980 aliena
1742 3932 2021 3996 prorogat,
2131 3923 2357 3998 lapidem
2385 3922 2532 3979 dabit
2554 3924 2672 3980 illi?
2697 3923 2948 3982 Charitas
2973 3925 3159 3982 dolum
3198 3943 3308 3983 non
3347 3927 3542 3995 habet;
3583 3927 3750 3986 frau-

493 4141 520 4170 ιι
547 4132 626 4188 Ita
655 4147 724 4188 ex
749 4146 851 4187 ms.
883 4128 1092 4186 Ctesen.
1125 4128 1459 4186 restituimus
1486 4143 1610 4184 cum
1638 4127 1785 4184 Mita.
1818 4127 2017 4183 Omnes

423 4211 558 4328 qtugt
581 4203 814 4259 vidimus
841 4201 1128 4269 editiones,
1177 4217 1234 4256 se
1277 4217 1345 4256 ea:
1391 4199 1642 4266 hostibus,
1693 4200 1782 4254 vel
1827 4216 1883 4253 se
1921 4201 2018 4255 ho-

423 4292 488 4328 st
525 4291 606 4328 us.

423 4285 488 4328 st‘
592 4315 606 4328 .

441 4285 823 4429 “galilebopis'
856 4345 1049 4429 alienis
1075 4344 1279 4400 faciens
1317 4343 1441 4413 quis
1469 4342 1867 4429 eleemosynam
1893 4342 2016 4429 plus

425 4415 610 4487 diripit
639 4415 693 4487 i_n
723 4414 972 4487 faciend_o
1001 4416 1403 4487 eleemosynam
1441 4429 1606 4487 quam
1623 4414 1934 4487 _rliripuerit
1961 4414 2018 4466 in

425 4482 614 4542 alienis
643 4485 899 4542 furandis.
926 4485 1084 4540 Ratio
1113 4493 1196 4541 est
1221 4482 1348 4554 quia
1369 4482 1594 4540 furando
1615 4482 1858 4540 fraudem
1878 4484 2021 4539 intu—

2126 4127 2380 4205 Qazsareas
2407 4126 2728 4205 Palaestinis
2754 4131 2951 4200 primus
2999 4130 3271 4205 ordinatus
3325 4141 3420 4205 est,
3454 4133 3754 4205 episcopus

2132 4198 2405 4274 auc/usus,
2429 4199 2553 4274 olim
2574 4198 2926 4274 Rublicanus;
2948 4211 3065 4274 post
3082 4198 3517 4274 eumgCornelius';
3550 4198 3752 4259 tertius

2138 4268 2469 4340 Theophilus.
2512 4271 2820 4340 Audiendus
2840 4268 3016 4328 autem
3040 4271 3280 4329 Latinius
3299 4274 3367 4328 ad
3387 4268 3533 4330 hunc
3551 4274 3754 4330 locum

2135 4337 2454 4423 Chrysologi
2479 4359 2492 4394 :
2513 4339 2773 4423 Quadium
2795 4341 3269 4423 Hierosolymorum
3289 4345 3611 4423 episcopu_m,
3640 4361 3756 4423 _no-_

2131 4411 2271 4464 mine
2310 4413 2516 4486 quidem
2560 4411 2839 4486 lachwum
2881 4411 3055 4486 fuisse
3087 4411 3328 4486 constat,'
3351 4424 3403 4470 et
3443 4411 3476 4468 4
3508 4415 3759 4486 Trajani

449 4481 614 4570 [lienis
643 4485 899 4570 furandis.
926 4485 1084 4570 Ratio
1113 4493 1206 4570 est_
1221 4481 1348 4570 quia
1369 4481 1594 4570 iurando
1606 4481 1858 4570 fraudem
1878 4484 2021 4570 intu—
2054 4555 2101 4570 ﬁ
2129 4498 2290 4549 arma,
2320 4481 2440 4564 post
2483 4481 2624 4570 {usti
2650 4481 3089 4570 ‘mortem'geam.
3109 4485 3409 4570 Ecclesium
3447 4481 3756 4570 regem-151m

427 4558 490 4612 lit
515 4556 753 4622 homini;
783 4556 852 4612 de
878 4572 940 4612 re
968 4567 1152 4612 autem
1179 4553 1323 4612 furto
1350 4555 1561 4610 sublata
1603 4554 1850 4612 faciendo
1877 4555 2025 4610 elee-
2054 4555 2104 4614 D
2130 4553 2434 4622 suscepisse,
2482 4554 2540 4607 id
2585 4562 2663 4610 est
2709 4571 2849 4610 anno
2897 4553 3089 4610 Christi
3138 4555 3260 4609 us.
3304 4554 3492 4612 Fuisse
3505 4553 3755 4612 laudem

427 4641 731 4752 niosifnam,
763 4627 885 4711 sibi,
943 4627 1313 4710 et.proximo,
1363 4634 1419 4680 et
1457 4626 1575 4709 Deo
1622 4628 1739 4709 ipso
1783 4625 2028 4708 fraudem
2134 4623 2369 4678 eumdem
2384 4625 2469 4706 qui
2491 4623 2810 4679 Publicanus
2825 4628 2879 4680 in
2894 4624 3178 4698 Evangelia
3199 4627 3482 4699 descriptus
3504 4635 3607 4692 est,
3629 4629 3754 4694 vix,

429 4707 544 4752 Intu
569 4706 628 4752 tt.
661 4697 911 4752 Homini.
942 4715 1030 4752 cui
1058 4712 1175 4752 rem
1203 4713 1313 4752 non
1341 4704 1605 4752 restituit:
1637 4697 1760 4752 Sibi.
1791 4711 1919 4752 auia
1949 4712 2028 4751 sic
2136 4703 2225 4747 aut
2257 4711 2322 4748 ne
2358 4709 2445 4749 vix
2476 4695 2680 4752 quidem
2726 4697 3012 4752 verosimile
3047 4699 3246 4752 videtur
3277 4715 3293 4751 :
3323 4715 3438 4752 eum
3477 4707 3601 4752 post
3635 4709 3754 4752 tam

429 4695 628 4754 intulit.
661 4697 911 4764 Homini,
942 4699 1030 4754 cui
1046 4695 1175 4753 'rem
1203 4713 1313 4752 non
1336 4697 1605 4767 restituit;
1637 4695 1760 4761 sibi,
1785 4696 1919 4767 quia
1949 4697 2028 4751 sic
2136 4703 2225 4767 aut
2257 4711 2322 4748 ne
2358 4695 2445 4749 vix
2476 4695 2680 4767 quidem
2726 4697 3012 4752 verosimile
3045 4695 3246 4752 videtur
3277 4715 3293 4751 :
3323 4695 3438 4752 eum
3475 4707 3601 4767 post
3635 4709 3758 4752 tam

428 4767 695 4840 faciendo,
731 4769 834 4824 sibi
880 4767 1018 4824 falso
1063 4767 1354 4840 persuadet
1407 4766 1733 4840 satisfecisse
1773 4763 2024 4835 justitiaa;
2065 4782 2072 4788 '
2135 4763 2346 4835 longum
2377 4763 2619 4840 temporis
2657 4767 2985 4823 intervallum
3023 4768 3284 4840 hominem
3303 4769 3418 4840 jam
3450 4763 3754 4823 Publicani

431 4839 542 4895 Deo
560 4881 574 4904 ,
607 4839 734 4910 quia
751 4882 766 4906 ,
797 4838 1156 4911 quantum'e;
1184 4854 1244 4894 se
1272 4844 1355 4894 est
1367 4879 1402 4911 ,ξ
1425 4839 1646 4911 propria
1673 4839 1753 4911 sic
1781 4852 2023 4911 comme-
2133 4851 2344 4911 munere
2376 4838 2670 4911 fungemem
2697 4854 2811 4892 cum
2837 4848 3042 4911 vocatus
3069 4857 3101 4892 α
3129 4838 3332 4911 Christo
3356 4847 3449 4904 est,
3475 4847 3528 4892 et
3547 4855 3758 4911 super-

429 4907 662 4966 moravit
706 4907 966 4976 critnina,
1017 4917 1073 4965 et
1118 4909 1320 4965 furtum
1375 4907 1487 4965 Deo
1529 4907 1707 4979 ’judici
1763 4907 2020 4964 ostendit.
2133 4907 2310 4976 fuisse,
2335 4907 2384 4960 et
2409 4907 2568 4978 usque
2586 4907 2656 4962 ad
2675 4909 2953 4979 regendam
2972 4907 3260 4965 Ecclesium
3274 4909 3516 4979 idoneum
3547 4907 3760 4966 existi-

433 4981 596 5037 ΜιτΑ.
1533 4978 1548 5051 ξ
1641 5050 1666 5051 7
1717 5050 1720 5051 ν
1863 5049 1870 5051 ξ
1977 5050 1981 5051 ν
2132 4985 2327 5051 malum
2347 4994 2475 5051 esse,
2506 4995 2608 5034 non
2628 4978 2782 5050 facile
2801 4979 3152 5051 credipotest.
3183 4979 3369 5051 Annus
3393 4978 3603 5051 Christi
3641 4982 3758 5036 us

507 5063 529 5092 ο
561 5052 958 5124 Misericordias
983 5068 1084 5124 pro
1112 5051 1487 5124 eleemosynis.
1517 5050 1598 5106 Ita
1628 5049 1940 5124 Fulgentius
1970 5050 2034 5114 in.
2130 5047 2538 5124 gpnjungendus
2565 5047 2648 5124 est
2673 5065 2796 5124 cum
2817 5047 3053 5124 _Trajani
3081 5052 3308 5124 imperio
3348 5049 3433 5116 16,
3456 5049 3556 5124 ρζ
3571 5051 3758 5108 Nicco

431 5124 525 5181 lib.
557 5123 625 5180 de
653 5123 846 5180 Trinit.
871 5114 1051 5194 libftv
1079 5139 1200 5194 cap.
1217 5121 1303 5194 724
1327 5114 1791 5194 z'bfisericondi-un
1818 5120 2028 5194 dispen-
2131 5114 2295 5174 Hasta
2317 5114 2372 5194 et
2392 5118 2684 5194 P.Manilio
2695 5121 2925 5194 Vopisci)
2937 5114 3174 5194 6055.06
3185 5114 3499 5194 episcopatu
3518 5122 3758 5179 Zachmi

430 5211 549 5268 s_a_re
597 5194 925 5268 pauperibus.
969 5189 1202 5268 Laudat
1215 5193 1361 5268 hunc
1405 5193 1585 5268 locum
1631 5189 1936 5261 Ducangius
1971 5191 2029 5246 in
2131 5189 2468 5268 concordant
2494 5191 2600 5246 alia
2625 5189 2835 5268 scripta
2855 5190 3122 5268 Clementi
3149 5189 3438 5268 attributa;
3481 5208 3592 5249 nec
3615 5211 3757 5268 pou

2134 5257 2403 5340 Rufinus,
2423 5261 2478 5316 in
2506 5261 2657 5340 pratf.
2688 5257 2757 5317 ad
2799 5261 3111 5340 Recognitr;
3135 5257 3758 5340 et_H:eresiggmphus.

2134 5327 2578 5399 Sirmondianus,
2644 5335 2833 5390 haeres.
2894 5327 2991 5400 Μ’,
3048 5327 3133 5388 12.
3195 5327 3765 5391 Pseudo—Clenientis

2134 5402 2781 5486 scriptaaut‘nonlegit,
2806 5413 2902 5486 ant
2920 5406 3061 5486 lecta
3089 5405 3293 5476 sprevit
3317 5403 3590 5486 Eusebius
3619 5403 3768 5486 Caes

2135 5474 2411 5541 sariensis,
2438 5476 2571 5532 alias
2600 5481 2810 5531 tantum
2837 5474 3093 5532 Ecclesia:
3119 5474 3230 5532 sua:
3268 5484 3666 5531 ornamentum
3699 5478 3768 5533 in

2136 5545 2523 5618 operibussuis
2554 5563 2662 5618 non
2697 5547 3014 5618 omissurus.
3047 5546 3178 5614 Quae
3206 5547 3261 5618 in
3289 5546 3520 5618 epistola
3545 5547 3582 5618 5
3609 5562 3766 5618 sup-

2135 5615 2363 5688 posititii
2383 5617 2629 5674 Anacleti
2662 5617 2717 5673 in
2743 5615 3034 5673 Concilior.
3057 5625 3190 5673 tom.
3220 5614 3382 5688 lpag.
3419 5614 3519 5669 451
3547 5614 3772 5688 legitis-

2135 5692 2244 5772 ιιιιςξ
2285 5687 2354 5742 de
2400 5688 3078 5772 episcopatu‘Antioclteno
3107 5687 3348 5755 Zachzei,
3390 5701 3548 5756 nugas
3587 5687 3768 5758 sunt,

2136 5758 2332 5827 quibus
2359 5760 2535 5815 omnis
2563 5761 2742 5826 obstat
2771 5760 3085 5830 antiquitas.

2138 5827 2631 5954 siniilicorpionum
2659 5845 2829 5902 genus
2867 5837 2950 5889 35‘
2976 5831 3248 5904 quoddam
3277 5829 3475 5898 album.
3519 5845 3772 5906 ovoque

2138 5916 2332 5958 sumte.

432 5263 673 5336 Glossar.
701 5263 841 5322 tom.
871 5265 916 5320 ll
945 5279 1069 5336 pag.
1103 5263 1207 5318 658
1229 5264 1564 5336 ξιιιιίίιηεᾰὶιἶ

503 5334 528 5373 ἀ
561 5337 786 5393 Veteres
812 5333 1008 5406 magno
1027 5333 1305 5391 consensu
1335 5333 1524 5406 volunt
1552 5333 1836 5406 Zachasum
1865 5333 2032 5406 fuisse

471 5408 708 5464 entilem.
743 5409 878 5463 Aliis
909 5403 1279 5462 'verosimilius
1307 5412 1390 5460 est
1427 5403 1592 5460 fuisse
1631 5403 1891 5469 Judaeum,
1936 5403 2032 5460 sed

482 5478 808 5545 ublicanum,
857 5485 930 5542 et,
980 5478 1058 5532 uti
1103 5477 1467 5545 publicanum,
1516 5475 1716 5531 vixisse
1761 5475 1940 5531 usuris
1978 5482 2035 5530 et

475 5549 731 5605 urestibus
757 5549 1052 5605 addictum.
1086 5545 1202 5604 Non
1243 5547 1388 5604 enim
1416 5545 1585 5602 Judaei
1612 5545 1887 5601 Christum
1915 5554 2032 5600 tra-

477 5627 737 5686 uxerant,
767 5635 836 5676 eo
863 5620 1011 5689 quod
1051 5619 1193 5690 apud
1221 5618 1656 5690 incircumcisum
1696 5617 2027 5690 epularetur,

439 5689 546 5744 hoc
571 5689 817 5758 profecto
845 5688 956 5746 non
984 5688 1414 5760 praetermissum,
1446 5689 1542 5746 sed
1569 5688 1714 5760 quod
1742 5688 1885 5760 apud
1905 5704 2033 5758 pec—

441 5766 702 5832 catorem.
720 5761 832 5832 Nec
849 5759 1047 5832 ludatis
1060 5761 1483 5818 interdicebatur
1500 5759 1713 5832 publica
1729 5759 2034 5815 conducere

444 5831 745 5900 vectigalia.
779 5830 916 5900 Vide
943 5831 1189 5888 Grotium
1217 5834 1323 5888 hic.

517 5911 542 5941 ο
572 5899 775 5958 Auctor
801 5899 987 5959 Const.
1013 5902 1180 5959 Clem.
1217 5904 1309 5959 lib.
1335 5921 1405 5962 vu
1427 5919 1545 5978 cap.
1574 5903 1641 5958 46
1672 5917 1794 5976 pag.
1821 5902 1908 5972 38,
1942 5919 1991 5958 a.
2016 5920 2028 5956 ι
