3902 6362
166 319 252 390 353

1551 305 1780 368 SERMO
1819 302 1952 368 LVI.

3302 303 3415 369 350

169 449 268 504 dem
291 440 480 512 pietas,
510 421 724 488 aﬁ‘ectio
751 444 862 486 non
890 426 1082 501 recipit
1122 427 1429 486 falsitatem.
1474 425 1532 483 Si
1561 437 1715 499 pater
1740 430 1792 490 Α
1817 423 2098 481 vicinitate
2126 429 2182 477 et
2209 418 2560 478 similitudine
2587 422 2847 479 mentitur
2875 435 3093 493 panem,
3124 421 3221 480 sed
3247 438 3412 494 geneo

169 547 248 604 εει,
275 546 373 588 non
399 533 571 600 potest
596 539 707 580 non
735 537 944 589 amare;
971 522 1020 578 si
1038 529 1202 590 amat,
1227 521 1330 577 nisi
1348 519 1495 591 quod
1511 520 1714 578 bonum
1817 524 1906 573 rat
1949 515 2256 586 angustias?
2305 514 2415 572 Sed
2459 513 2708 572 Christus
2753 523 2978 572 venerat
3024 514 3177 584 ﬁliis,
3229 516 3283 572 id
3329 526 3413 574 est

168 638 233 686 est
253 625 369 681 dare
387 618 572 676 nescit.
594 617 765 688 Negat
789 621 1022 688 patrem,
1043 615 1138 685 qui
1158 613 1227 670 de
1245 614 1416 684 patris
1434 623 1716 687 suspectus

170 736 232 783 est
247 717 506 788 largitate;
534 713 750 782 ignorat
775 725 836 766 se
864 709 1052 776 ﬁlium,
1083 723 1247 779 quem
1274 709 1402 764 data
1431 719 1459 748 ι
1489 717 1716 780 paterna

169 813 433 875 sollicitant.
482 805 680 862 Totum
724 802 870 875 quod
910 809 996 858 est
1032 801 1255 872 pietatis
1303 801 1576 871 excludit,
1621 803 1717 873 qui

167 909 362 972 salutare
387 915 494 956 non
523 897 699 956 credit
724 894 987 967 quidquid
1011 895 1222 951 dederit
1246 903 1429 966 pater;
1454 904 1549 951 aut
1574 910 1714 965 quo-

167 998 295 1058 modo
317 1001 467 1066 pater
508 990 713 1062 poterit
756 986 881 1044 ﬁliis
927 987 1058 1044 dare
1094 989 1238 1043 mala
1286 1003 1388 1060 pro
1415 988 1590 1056 bonis,
1622 987 1717 1058 qui

166 1091 278 1151 mala
301 1099 505 1156 semper
529 1098 632 1156 pro
661 1080 784 1137 ﬁliis
809 1088 1031 1153 paratus
1059 1088 1143 1136 est
1170 1081 1464 1147 sustinuere,
1496 1081 1590 1150 qui
1617 1095 1717 1151 pro

167 1183 261 1238 ﬁliis
301 1183 525 1234 mortem
577 1190 686 1230 non
725 1172 953 1244 refugit,
999 1173 1240 1244 pericula
1281 1189 1390 1228 non
1443 1173 1718 1229 declinat?

168 1273 426 1342 ldeoquete
452 1268 597 1324 Deus
623 1274 835 1338 patrem
869 1263 1016 1332 fecit,
1049 1264 1172 1320 ideo
1202 1280 1233 1319 a
1259 1273 1310 1320 te
1337 1264 1510 1320 voluit
1537 1265 1715 1321 homi-

165 1381 261 1422 nem
289 1360 587 1434 procreari,
618 1360 712 1429 qui
738 1358 924 1428 utique
951 1357 1100 1428 quod
1127 1365 1182 1413 te
1210 1357 1278 1413 de
1315 1365 1462 1414 terra
1490 1357 1711 1425 fecerat,

165 1464 336 1530 poterat
356 1454 550 1510 fecisse
575 1451 1004 1524 quamplurimos
1028 1468 1041 1504 :
1066 1450 1163 1507 sed
1191 1451 1301 1520 egit
1327 1459 1388 1506 ut
1406 1450 1716 1520 generando

165 1553 294 1610 scires
316 1553 512 1618 quanta
542 1552 688 1602 esset
706 1543 1018 1614 generantis
1043 1540 1278 1609 all‘eetio,
1311 1550 1368 1598 et
1395 1542 1452 1599 in
1481 1549 1536 1598 te
1557 1558 1712 1599 amo-

165 1659 250 1702 rem
287 1640 358 1696 tui
401 1645 616 1694 tantum
660 1637 925 1708 probares
977 1635 1234 1703 auctoris,
1291 1642 1554 1704 quantum
1600 1635 1716 1705 ipse

165 1743 314 1792 auctor
334 1731 574 1804 pignoris
593 1736 690 1786 tuo
709 1729 926 1800 pignori
954 1728 1170 1784 conaris
1199 1727 1529 1798 impendere.
1552 1725 1713 1783 Certe
1744 1751 1789 1812 Β

166 1845 246 1883 non
268 1824 427 1880 solum
453 1823 512 1877 in
541 1828 605 1878 te
625 1820 756 1891 quid
783 1827 930 1877 esset
965 1819 1276 1890 generantis
1305 1817 1552 1884 aﬁ‘ectio,
1590 1834 1713 1874 sen-
1816 1815 1938 1870 illos
1966 1832 2076 1872 non
2105 1815 2375 1884 reﬁceret,
2420 1817 2516 1872 sed
2557 1825 2808 1884 necaret;
2850 1832 2952 1873 nec
2979 1817 3035 1871 in
3063 1816 3416 1872 fundamento

165 1919 239 1972 tire
261 1925 306 1972 te
330 1914 465 1969 Deus
491 1912 702 1978 voluit,
735 1911 834 1968 sed
860 1913 916 1966 in
943 1909 1104 1978 feris,
1136 1919 1192 1966 et
1219 1912 1276 1966 in
1301 1911 1598 1983 pecudibus
1614 1952 1627 1976 ,
1661 1919 1716 1966 et

165 2009 324 2073 avibus,
344 2006 446 2061 boc
466 2005 617 2060 Deus
643 2003 821 2060 voluit
846 2009 902 2058 te
928 2001 1115 2058 videre
1139 2020 1151 2055 :
1176 2017 1298 2072 quae
1325 2018 1449 2058 cum
1474 2002 1542 2058 de
1569 2010 1714 2056 terra

165 2097 426 2172 produxerit
479 2097 601 2153 sola
650 2096 927 2166 jussione,
984 2103 1176 2166 postea
1222 2095 1466 2151 laborem
1513 2095 1715 2151 sentire

165 2192 372 2264 compulit
395 2189 726 2261 generandi,
757 2196 971 2245 mutare
1009 2190 1212 2260 patrias
1229 2230 1244 2252 ,
1289 2189 1410 2245 loca
1451 2189 1715 2245 cubilibus

164 2292 257 2356 apta
279 2284 594 2353 conquirere
611 2325 627 2350 ,
659 2281 802 2338 fetus
843 2282 1093 2339 locorum
1130 2280 1537 2338 difﬁcultatibus
1565 2299 1716 2338 com-

165 2379 344 2446 munire,
364 2376 656 2446 gemitibus
677 2375 860 2442 edere,
883 2375 1135 2431 maximis
1156 2374 1434 2430 laboribus
1453 2375 1712 2443 enutrirc,

163 2489 207 2527 ac
227 2488 275 2528 se
297 2471 462 2537 morti,
495 2470 548 2526 si
578 2478 736 2526 natos
764 2485 892 2526 suos
919 2469 1043 2542 capi
1074 2468 1327 2538 viderint,
1353 2484 1462 2524 non
1491 2483 1710 2538 negare.

167 2567 280 2623 Unde
316 2567 358 2622 si
400 2582 512 2622 non
557 2566 813 2633 hominis,
862 2565 950 2621 vel
995 2563 1234 2621 ferarum
1279 2564 1710 2636 comparatione,

165 2660 376 2731 pecudum
401 2659 776 2728 similitudine,
810 2659 1073 2730 exemplis
1104 2659 1304 2725 avium,
1336 2657 1485 2714 disce
1511 2665 1715 2728 quanta

164 2756 216 2809 sit
250 2755 294 2810 in
333 2761 558 2826 paterna
603 2753 876 2810 cbaritate
917 2753 1220 2809 sinceritas.
1263 2751 1322 2808 Si
1367 2766 1497 2822 ergo
1543 2751 1715 2806 Deum

165 2849 317 2916 credis,
359 2857 409 2905 et
450 2847 740 2905 confessus
789 2863 847 2904 es
892 2856 1122 2919 patrem,
1173 2846 1436 2918 quidquid
1470 2845 1710 2916 jusserit,

166 2942 375 3012 quidquid
395 2943 449 2998 in
474 2948 536 2998 te
567 2941 812 3012 elegerit,
845 2941 1008 2998 crede
1037 2941 1135 2996 tibi
1162 2941 1296 2996 satis
1324 2954 1446 2995 esse
1475 2935 1715 2994 salutife-

171 3047 283 3099 rum,
300 3032 432 3088 crede
447 3032 588 3088 satis
607 3047 728 3088 esse
749 3031 934 3088 vitale.
957 3030 1146 3087 Matris
1165 3030 1292 3086 data
1312 3030 1586 3086 discutere
1606 3044 1716 3084 non

174 3123 293 3188 licet,
309 3125 448 3194 patris
470 3124 687 3180 monita
715 3128 1015 3180 retractare
1033 3137 1145 3179 non
1173 3121 1456 3188 convenit;
1487 3121 1568 3176 sic
1588 3121 1718 3176 licet

169 3217 344 3286 paterni
365 3217 598 3273 mandati
625 3217 835 3288 species
863 3217 1090 3283 tristior,
1113 3231 1203 3271 res
1223 3222 1407 3271 tamen
1433 3215 1550 3286 ipsa
1570 3215 1717 3269 salu-

168 3307 290 3363 tifera
314 3317 361 3364 et
389 3310 587 3365 vitalis.
610 3308 702 3366 Sic
729 3306 1004 3366 Abraham
1031 3308 1124 3364 ubi
1151 3307 1323 3364 Deum
1349 3315 1564 3378 patrem
1595 3321 1716 3362 cre-

169 3399 290 3466 didit,
325 3402 700 3458 mandatorum
737 3400 940 3457 formas
979 3416 1091 3457 non
1131 3399 1361 3456 attendit
1400 3414 1622 3471 asperas
1661 3407 1718 3455 et

171 3491 373 3559 acerbas;
402 3493 876 3550 circumcisionem
913 3493 1108 3563 recipit
1146 3491 1506 3548 verecundam
1545 3487 1710 3564 (Gen.

170 3584 300 3656 xm);
326 3594 378 3641 et
401 3601 526 3657 qua:
557 3587 795 3644 caelestis
822 3585 986 3642 Pater
1007 3584 1182 3656 jubet,
1208 3600 1319 3641 non
1346 3585 1593 3652 discutit,
1625 3584 1721 3641 sed

167 3675 326 3743 indicat
359 3679 599 3748 gloriosa
637 3698 650 3733 :
698 3679 1051 3751 parricidium
1097 3678 1406 3736 considerat
1451 3677 1723 3750 per-scele—

168 3775 296 3834 Sllln;
315 3769 402 3826 sed
419 3772 554 3842 quia
572 3771 716 3828 Deus
735 3773 985 3844 imperat,
1008 3781 1184 3829 totum
1203 3773 1392 3846 pietati
1411 3772 1718 3828 committit.

167 3855 268 3914 Hinc
289 3859 425 3918 Isaac
449 3863 630 3934 patris
655 3879 821 3934 super
851 3880 912 3921 se
945 3864 1184 3935 gladium
1213 3882 1338 3922 cum
1363 3867 1592 3932 videret,
1622 3865 1725 3922 ho-

75 4011 82 4022 .
167 3951 288 4006 stiam
304 3969 358 4009 se
378 3970 498 4011 esse
515 3998 532 4024 ,
567 3971 692 4012 cum
717 3957 944 4014 horrere
959 3997 974 4023 ,
1006 3973 1130 4014 cum
1153 3958 1337 4015 dolere
1359 3967 1607 4030 poterat,
1639 3967 1725 4015 est

166 4043 336 4108 gavisus
362 4044 528 4118 (Gen.
564 4046 733 4118 χιιι).
765 4046 905 4104 Hinc
943 4046 1140 4120 Jephte
1167 4048 1275 4104 ﬁlia
1304 4050 1474 4120 patris
1501 4066 1718 4117 munus,

168 4136 296 4200 patris
329 4147 481 4206 vota,
531 4154 631 4196 sua
669 4147 846 4196 morte
897 4146 1014 4196 tota
1059 4141 1419 4210 gratulatione
1463 4141 1726 4213 persolvit

166 4220 279 4291 (Iud.
289 4226 378 4300 ιι).
390 4227 577 4296 Quare
591 4243 722 4299 ergo
727 4229 841 4300 jam
855 4223 1032 4286 sciens
1045 4231 1215 4286 Deum
1225 4231 1293 4287 de
1304 4232 1475 4302 patris
1484 4231 1724 4303 disputat

165 4315 286 4387 datis,
298 4336 414 4378 cum
426 4323 692 4394 parvulus
705 4331 762 4380 et
775 4323 1041 4380 innocuus
1053 4324 1246 4395 quaerit
1259 4340 1290 4380 a
1306 4330 1481 4396 patre,
1498 4341 1605 4381 non
1620 4325 1723 4382 sibi

167 4411 269 4468 bona
293 4422 344 4470 et
367 4416 656 4487 profutura
682 4417 952 4489 percipit?
981 4415 1088 4474 Sed
1110 4433 1208 4473 cur
1226 4419 1325 4473 has
1345 4418 1724 4475 similitudines

167 4501 375 4563 Dominus
402 4506 615 4576 fecerit,
647 4509 1042 4580 perquiramus.
1074 4507 1222 4578 Quis,
1261 4510 1454 4579 inquit,
1484 4527 1550 4566 ea:
1581 4511 1722 4566 vobis

164 4604 319 4663 patrem
335 4602 462 4671 petit
480 4616 693 4672 panem,
717 4601 967 4674 numquid
987 4601 1210 4673 lapidem
1233 4601 1378 4656 dabit
1394 4603 1513 4658 illi?
1541 4602 1724 4658 Potuit

165 4682 329 4759 dicere,
358 4691 626 4762 numquid
654 4692 860 4747 zizania
878 4734 893 4762 ,
925 4693 1187 4763 numquid
1226 4694 1446 4763 lolium,
1479 4695 1625 4764 quod
1652 4711 1721 4751 ex

213 4847 443 4973 ﬁgi-tm
460 4853 609 4908 hunc
629 4849 787 4907 aﬁ‘ert
807 4850 1084 4909 Tilmanus
1105 4853 1162 4909 in
1190 4850 1479 4922 Allegoriis
1499 4853 1567 4909 ad
1593 4869 1713 4926 cap.

163 4939 200 4976 XI
223 4937 379 4978 Luae.

212 4991 233 5069 '3
258 4989 524 5069 Hoc_eum
562 4996 783 5069 nomine
811 4993 1257 5069 vocatj’aulinus
1284 4995 1525 5052 Nolanus
1558 4998 1718 5069 epist.

166 5062 766 5142 Illo-adPammachiuln
793 5065 1074 5142 μιῇ-72)
1117 5067 1241 5142 Ipse
1285 5085 1433 5142 verus
1478 5080 1528 5123 et
1573 5062 1720 5142 liqua:

160 5132 556 5209 gisdsChristus,
579 5137 672 5192 ubi
695 5132 1014 5209 Bostveidus
1035 5137 1090 5192 in
1116 5132 1261 5194 notis
1280 5140 1432 5194 varia
1452 5132 1716 5209 congerit.

162 5204 518 5282 familiarius,
543 5204 644 5282 lib.
677 5208 746 5282 de
777 5208 1072 5282 Baptismo,
1105 5225 1297 5282 recens
1335 5204 1638 5282 baptizatos
1667 5218 1722 5267 et

161 5271 462 5351 Qhristianos
502 5271 540 5334 a
576 5277 792 5351 Christo
829 5271 985 5335 Pisce
1025 5271 1299 5351 pisciculos
1342 5271 1520 5337 vo'cat.
1569 5281 1722 5338 Unde

161 5341 372 5422 Clemens
399 5349 816 5422 Alexandrinus,
859 5351 952 5406 lib.
993 5341 1051 5407 Iit
1079 5351 1305 5422 Padog.,
1344 5368 1440 5409 eos
1465 5355 1723 5410 monebat

162 5425 205 5469 ut
226 5419 614 5496 mmemoriam
641 5419 874 5496 Christi,
904 5422 993 5496 ve_l
1032 5419 1403 5494 baptismatis,
1448 5425 1641 5496 piscem
1668 5426 1722 5480 in

162 5489 339 5565 {anulis
367 5493 490 5565 suis
528 5489 1184 5565 insculperent._0ptaius
1226 5496 1318 5551 lib.
1366 5489 1423 5552 ιιι
1448 5489 1724 5554 adversus

164 5553 499 5650 Bagrmepianv
539 5563 609 5650 ad
646 5553 886 5650 mentem
912 5553 1228 5650 Chrysologi
1250 5586 1285 5650 Δς
1330 5566 1541 5650 ἕης-εει
1566 5569 1724 5650 piscis

161 5632 300 5710 quiin
327 5633 634 5710 baptismate
677 5653 770 5708 per
813 5632 1215 5710 inuocationem_
1240 5639 1524 5710 foratalibus
1566 5632 1726 5696 'undis

162 5703 446 5759 inseritur...
481 5703 545 5760 In
571 5703 906 5780 uno'uomine
929 5725 1022 5780 per
1039 5703 1274 5780 singula}
1298 5709 1495 5766 litteras
1527 5712 1728 5768 turbam

163 5781 431 5851 scutatorum
459 5779 724 5851 nominum
749 5777 1194 5851 cognominem.
1227 5778 1400 5836 Piscis
1435 5785 1575 5839 enim
1616 5783 1727 5844 La—

164 5844 327 5902 tineest
341 5844 497 5906 Iesus
517 5846 768 5922 Christus,
787 5848 886 5911 Dei
901 5844 1091 5920 Filius,
1124 5848 1388 5909 Salvator.
1415 5853 1728 5928 Mysterium

1745 3069 1791 3135 C

1826 5073 2074 5154 ξριᾳτρς,
2108 5077 2430 5154 gae-134136;,
2447 5079 2669 5154 ΑΣῲτηρ,

1831 5139 2085 5216 Christus,
2109 5142 2207 5197 Dei
2281 5139 2422 5212 ilius,
2439 5139 2701 5213 Salvatbr,
2717 5139 2763 5216 si
2783 5147 2985 5216 primas
2998 5145 3427 5215 litterasjuugas,
3472 5159 3479 5168 '

1831 5214 1934 5268 erit
1981 5213 2174 5296 ἰχθύς,
2221 5215 2275 5270 id
2321 5224 2436 5296 est,
2482 5213 2908 5296 angvem?
2951 5213 3282 5296 Cmosh’qt

1831 5285 2096 5360 aerostica
2125 5287 2271 5360 haec,
2304 5301 2336 5341 a
2364 5285 2565 5360 Sibylla
2601 5287 2852 5343 Erith‘rca
2881 5288 3048 5360 habes
3077 5287 3222 5359 apud
3258 5285 3431 5343 Euse—
3469 5285 3478 5360 ξ

1830 5355 1987 5430 bium
2015 5357 2071 5412 in
2099 5359 2348 5430 oratione
2375 5355 2718 5416 Constantini
2739 5375 2856 5430 cap.
2881 5359 2966 5413 15.

1817 605 2036 678 Iudaeis,
2059 623 2197 679 quos
2217 607 2468 677 genuisse
2487 607 2583 663 tali
2603 607 2843 664 clamore
2863 609 3223 678 querebatur:
3245 607 3413 665 Filios

1818 706 1972 778 genui
2009 714 2062 760 et
2101 704 2357 771 exaltari;
2388 706 2490 776 ipsi
2518 714 2689 759 autem
2717 714 3019 777 spreverunt
3037 722 3119 760 me
3149 703 3296 778 (Isa.
3325 707 3411 775 1);

1818 805 2044 855 venerat
2072 813 2203 869 ergo
2230 798 2372 865 tiliis,
2403 807 2629 856 venerat
2654 799 2810 871 panis
2836 799 2904 856 de
2932 799 3092 868 coelo,
3122 802 3216 870 qui
3243 801 3412 857 dixit:

1819 890 1935 965 Ego
1963 910 2078 948 sum
2105 895 2258 965 panis
2298 893 2385 966 qui
2414 893 2478 948 de
2517 893 2640 948 caelo
2673 893 2913 947 descendi
2941 891 3133 965 (Joan.
3165 893 3274 964 vr).
3309 893 3416 950 Sed

1815 981 2014 1040 Judmis
2033 991 2119 1040 est
2137 1000 2434 1041 conversus
2453 984 2508 1039 in
2529 983 2761 1054 lapidem
2782 981 3094 1039 offensionis
3116 982 3294 1056 (Rom.
3313 983 3414 1054 ιχ),

1817 1084 1874 1132 et
1901 1085 2113 1148 petram
2141 1076 2382 1133 scandali
2415 1076 2552 1150 (Isa.
2574 1077 2712 1149 vm),
2743 1076 2958 1132 dicente
2986 1075 3215 1132 Domino
3242 1094 3255 1128 :
3279 1073 3417 1130 Ecce

1817 1186 1953 1242 pono
1982 1171 2038 1224 in
2073 1168 2205 1226 Sion
2248 1169 2474 1241 lapidem
2503 1169 2836 1239 o/fensionis,
2871 1176 2921 1222 et
2949 1176 3150 1239 petram
3177 1166 3415 1221 scandali

1819 1259 1956 1332 (Isa.
1994 1277 2160 1318 xxvm
2177 1263 2218 1334 ).
2249 1261 2430 1329 Quare
2457 1263 2710 1332 petram?
2739 1260 2876 1328 Quia
2903 1259 3156 1318 mordere
3182 1268 3413 1333 petram,

1817 1371 1926 1412 non
1954 1371 2152 1426 panem
2181 1371 2212 1410 a
2241 1364 2398 1426 patre
2427 1370 2670 1425 quaerere
2698 1353 3020 1423 gestiebant.

1892 1445 2352 1501 Circumdederunt
2378 1463 2486 1514 me,
2519 1446 2722 1516 inquit,
2756 1463 2908 1500 canes
2938 1445 3086 1500 multi
3118 1443 3243 1517 (Ps.
3268 1446 3413 1518 χχι).

1816 1537 2061 1609 Denique
2075 1547 2428 1610 posteaquam
2445 1539 2522 1593 illi
2538 1553 2605 1594 ex
2620 1537 2930 1593 hominibus
2945 1536 3000 1592 in
3014 1551 3178 1592 canes
3187 1536 3417 1607 proban-

1816 1640 1906 1688 tur
1921 1648 2040 1689 esse
2056 1634 2324 1700 conversi,
2351 1633 2588 1689 caelestis
2607 1633 2713 1688 illis
2729 1633 2780 1686 in
2796 1640 3006 1702 petram
3021 1645 3315 1688 conversus
3333 1640 3419 1687 est

1816 1725 1990 1796 panis,
2030 1741 2140 1781 non
2167 1725 2346 1780 dantis
2374 1726 2526 1792 vitio,
2559 1725 2656 1781 sed
2684 1725 3002 1796 accipientis
3029 1725 3292 1794 nequitia,
3323 1725 3417 1794 qui

1815 1907 2024 1978 positus
2050 1916 2396 1978 promoverat
2417 1908 2487 1964 ad
2511 1908 2744 1976 culmen,
2773 1909 2869 1964 sed
2895 1924 2990 1964 eos
3017 1909 3110 1979 qui
3139 1909 3223 1964 sui
3246 1908 3416 1979 patris

1813 1999 2111 2054 tendebant
2139 1999 2206 2055 ad
2235 2016 2444 2064 necem,
2479 2001 2536 2055 in
2562 1999 2883 2071 profundam
2908 2000 3066 2056 daret
3092 2009 3148 2055 et
3172 2000 3419 2056 volveret

1817 2089 1872 2144 in
1893 2091 2124 2145 ruinam.
2150 2090 2363 2161 Adjeeit
2383 2092 2546 2146 aliam
2567 2091 3006 2148 similitudinem:
3031 2089 3302 2165 Numquid
3319 2109 3416 2164 pro

1816 2183 1956 2251 pisce
1995 2191 2282 2254 serpentem
2323 2181 2468 2236 dabit
2506 2183 2620 2237 illi?
2658 2181 2791 2237 Erat
2818 2181 2845 2222 ι)
2875 2191 2931 2238 et
2969 2181 3130 2252 piscis
3169 2181 3418 2239 Christus

1815 2269 2068 2328 Jordanis
2096 2274 2305 2329 levatus
2334 2290 2401 2329 ex
2431 2274 2617 2341 alveo,
2649 2276 2739 2345 qui
2779 2273 3108 2330 carbonibus
3136 2275 3418 2346 impositus

1815 2367 2149 2438 passionum,
2167 2375 2292 2438 post
2312 2368 2765 2423 resurrectionem
2787 2368 2918 2434 suis,
2944 2367 2997 2422 id
3017 2375 3101 2423 est
3120 2367 3415 2440 discipulis,

1817 2474 1998 2516 escam
2025 2460 2256 2530 prmbuit
2276 2468 2406 2517 tunc
2424 2461 2671 2528 vitalem;
2701 2460 2796 2517 sed
2817 2459 3015 2516 Judmis
3036 2460 3090 2516 in
3109 2468 3420 2532 serpentem

1816 2552 1982 2624 piscis
2004 2553 2106 2608 iste
2128 2560 2513 2620 commutatur,
2532 2553 2745 2609 dicente
2766 2553 3025 2609 Domino:
3045 2552 3192 2609 Sicut
3211 2551 3420 2619 Moyses

1820 2644 2069 2698 exaltavit
2098 2655 2386 2715 serpentem
2415 2645 2469 2698 in
2503 2661 2690 2711 eremo,
2725 2646 2802 2699 ita
2835 2645 3060 2699 exaltari
3092 2653 3294 2716 oportet
3323 2641 3422 2697 Fi-

1823 2738 1948 2792 lium
1977 2737 2225 2793 Hominis
2250 2737 2429 2810 (Joan.
2455 2738 2564 2810 ιιι).
2595 2737 2765 2794 Judaei
2795 2739 3134 2811 inserpente
3161 2737 3422 2794 videbant

1822 2827 2096 2885 Christum
2113 2873 2128 2899 ,
2161 2831 2287 2901 quia
2317 2831 2512 2902 impius
2552 2831 2740 2887 oculus
2768 2831 2938 2887 Deum
2967 2830 3154 2886 videre
3180 2846 3291 2886 nou
3318 2846 3422 2902 po-

1822 2931 1960 2992 test,
2005 2940 2115 2981 non
2156 2930 2338 2996 potest
2383 2925 2566 2981 videre
2607 2925 2885 2996 pietatem.
2927 2924 3072 2979 Dixit
3111 2933 3169 2980 et
3208 2923 3421 2980 tertiam

1823 3016 2234 3072 similitudinem
2258 3035 2271 3070 :
2304 3015 2575 3088 Numquid
2601 3019 2646 3072 si
2667 3019 2872 3089 petierit
2900 3034 3067 3087 ovum,
3091 3018 3321 3088 porriget
3343 3016 3422 3070 illi

1819 3111 2182 3181 scorpionem?
2208 3107 2539 3164 Consuetum
2567 3117 2652 3164 est
2678 3117 2732 3164 et
2773 3109 3018 3166 solemne
3059 3123 3274 3180 semper
3300 3123 3424 3178 par-

1819 3203 1976 3258 vulos
2003 3217 2167 3257 ovum
2195 3210 2398 3272 petere,
2431 3209 2486 3256 et
2514 3210 2768 3272 parentes
2797 3217 2959 3258 ovum
2988 3200 3198 3271 pusillis
3226 3206 3421 3270 peten»

1819 3295 1963 3349 tibus
1993 3310 2100 3348 non
2131 3307 2330 3362 negare
2356 3311 2368 3346 :
2393 3293 2488 3348 sed
2517 3293 2645 3363 quia
2665 3291 2914 3349 Christus
2941 3301 3164 3349 venerat
3191 3307 3424 3363 congre-

1819 3403 1949 3459 gare
1976 3388 2115 3444 sicut
2142 3387 2339 3457 gallina
2379 3387 2558 3457 pullos
2599 3402 2726 3442 suos
2757 3385 2987 3458 (Matth.
3021 3385 3221 3456 xxm),
3261 3401 3426 3442 ovum

1815 3482 2045 3554 protulit
2087 3481 2271 3547 verbi,
2313 3496 2413 3551 per
2453 3479 2600 3549 quod
2641 3479 2898 3536 Ecclesiae
2944 3481 3187 3550 germina
3232 3487 3423 3535 sancta

1824 3574 2178 3629 nutrirentur.
2203 3571 2311 3627 Sed
2336 3572 2463 3641 quia
2490 3570 2704 3627 Judmus
2733 3587 2833 3642 per
2860 3572 3117 3628 invidiam
3147 3569 3425 3628 eﬁ'undere

1824 3665 1998 3735 magis
2025 3679 2188 3734 quam
2216 3679 2430 3720 sumere
2459 3679 2621 3720 ovum
2645 3663 2700 3718 id
2725 3663 2965 3731 volebat,
2989 3663 3195 3734 reperit
3221 3661 3422 3718 ibidem

1825 3756 2201 3827 scorpionem,
2246 3763 2306 3811 ut
2339 3754 2497 3826 juxta
2540 3753 2894 3826 Apostolum,
2938 3754 3250 3810 Mandatum
3289 3753 3427 3828 quod

1827 3857 1941 3902 erat
1962 3848 2069 3902 illis
2090 3849 2145 3902 in
2172 3849 2346 3916 vitam,
2371 3848 2468 3904 Itoc
2486 3847 2592 3903 illis
2621 3857 2753 3903 esset
2773 3847 2842 3902 ad
2861 3858 3076 3903 mortem
3103 3847 3279 3920 (Rom.
3305 3846 3423 3917 vn).

1827 3939 1886 3994 In
1915 3939 2444 3996 commendationem
2482 3939 2704 4011 pietatis
2747 3941 2851 3995 tria
2880 3940 3138 3995 Dominus
3177 3937 3423 4010 protulit,

1828 4040 1884 4088 et
1903 4031 2298 4088 demonstravit
2325 4033 2593 4103 exempla,
2628 4039 2688 4087 ut
2716 4032 2888 4087 tribus
2916 4031 3257 4098 testimoniis,
3288 4030 3427 4086 sicut

1827 4123 1998 4179 tribus
2026 4125 2282 4191 testibus,
2306 4132 2362 4180 et
2388 4125 2509 4196 pios
2528 4124 2598 4179 ad
2626 4124 2787 4180 ﬁdem
2814 4125 2897 4180 sui
2918 4124 3118 4179 amoris
3136 4123 3423 4189 animaret,

1827 4221 1882 4270 et
1903 4213 2209 4271 confutaret
2237 4217 2450 4286 impios,
2477 4233 2587 4271 non
2613 4217 2802 4288 patris,
2836 4215 2932 4273 sed
2957 4231 3056 4272 suo
3084 4215 3218 4272 vitio
3245 4214 3424 4272 citari-

1828 4310 1956 4365 tatis
1984 4310 2213 4380 gratiam
2243 4325 2351 4366 non
2379 4311 2608 4382 cepisse.

2398 4482 2422 4511 ο
2453 4468 2700 4527 SERMO
2725 4469 2858 4528 LVI.

2259 4583 2338 4640 De
2359 4585 2591 4658 symbolo
2619 4584 2991 4658 apostolorum.

1902 4695 2235 4754 Sollicitaret
2279 4714 2368 4755 me
2427 4699 2610 4756 acerbi
2655 4708 2843 4772 partus
2881 4699 3061 4756 subita
3107 4705 3164 4754 et
3204 4696 3431 4758 confusa

1827 4855 2139 4933 hujusmpdi
2168 4858 2470 4933 litterarum
2504 4860 2680 4933 aperit
2708 4861 3040 4930 Augustinus
3073 4861 3165 4918 lib.
3205 4875 3332 4933 xvm
3361 4863 3430 4920 de

1827 4925 1990 4982 Civit.
2033 4929 2131 5006 Dei
2171 4946 2291 4999 cap.
2323 4930 2392 4984 25
2420 4925 2557 5006 pag:
2590 4931 2696 4986 583
2723 4925 2866 5006 edit.
2909 4933 3173 5006 Antuerp.
3224 4932 3429 4989 Horum
3462 4926 3468 4994 ἓ

1828 5007 2011 5074 autem
2029 4999 2340 5056 Graecorum
2361 4999 2598 5073 quinque
2625 5003 2916 5060 verborum
2936 5019 3057 5074 quae
3083 4999 3210 5060 sunt
3238 5011 3431 5068 Ἰησοῦς

2717 5075 2864 5144 quod
2909 5073 2993 5130 est
3039 5073 3231 5130 Latine
3276 5074 3429 5130 Iesus

1909 5439 1931 5466 ε
1948 5426 2175 5485 Constat
2188 5445 2257 5485 ex
2272 5429 2505 5487 lectione
2525 5426 2832 5487 sermonem
2843 5431 2988 5484 hunc
3006 5430 3250 5486 habitum
3265 5428 3432 5485 fuisse

1833 5499 2069 5572 inStante
2090 5499 2387 5566 Pascbate,
2417 5519 2540 5558 cum
2569 5503 2802 5572 nondum
2825 5509 3035 5572 tempus
3062 5501 3318 5572 baptismi
3338 5516 3432 5556 so-

1834 5570 2084 5628 lemniter
2105 5573 2339 5630 habendi
2367 5573 2678 5629 advenerat.
2707 5569 3059 5644 occasionem
3080 5569 3311 5644 praebuit
3337 5572 3432 5644 ali-

1829 5657 2063 5715 quorum
2089 5645 2298 5714 pietas,
2339 5645 2432 5714 qui
2456 5644 2726 5715 baptismo
2765 5642 3056 5715 inhiantes,
3082 5642 3320 5714 'tempus
3346 5642 3429 5715 ad

1831 5713 1937 5771 hoc
1965 5711 2205 5788 debitum
2226 5711 2552 5788 praevertere
2570 5715 2886 5788 voluerunt.
2927 5711 3237 5788 Celeritatis
3256 5713 3428 5788 ratio-

1832 5801 1956 5840 nem
1987 5795 2128 5843 tacet
2155 5783 2542 5855 Clirysologus.
2569 5784 2962 5853 Tillemontius,
2989 5795 3102 5842 tom
3121 5785 3188 5850 ν,
3211 5801 3270 5855 p.
3299 5783 3424 5848 188,

1833 5859 2003 5918 credit
2024 5861 2163 5917 inter
2183 5856 2456 5918 auditores
2482 5856 2640 5936 hujus
2662 5858 2930 5920 sermonis
2951 5857 3242 5919 nonnullos
3260 5856 3426 5918 fuisse

3274 5217 3431 5302 uibus

3472 5325 3485 5422 ἴ
