3882 6356
127 347 224 408 ’85⁸1
1518 340 1695 400 SERM

1802 337 1925 400 Νη.
3233 354 3242 380 -·
3277 336 3386 399 558

673 449 906 515 SERIIO
942 455 1097 513 LVII.
1706 473 1764 532 Α
1784 467 1950 523 stum,
1983 455 2078 512 sed
2110 453 2246 527 ipsis
2281 461 2452 512 totam
2491 449 2801 510 satietatetn
2829 451 3080 510 sensibus
3111 460 3171 512 et
3203 462 3388 514 mente

489 549 555 606 In
590 551 878 623 symbolum
909 551 1283 624 apostolorum.
1787 551 2094 626 capiamus;
2128 557 2186 607 et
2210 551 2350 608 sicut
2389 549 2557 605 Isaias
2582 557 2714 620 post
2734 547 3174 606 emundationem
3213 549 3384 608 labio-

189 645 366 701 Beatus
387 639 570 709 Isaias,
604 651 634 680 ι
659 641 992 712 evangelista
1019 657 1128 698 non
1159 643 1337 698 minus
1367 657 1531 713 quam
1551 641 1686 700 Pro-
1785 663 1910 706 rum
1938 645 2265 702 ineffabilem
2294 652 2508 716 partum
2534 641 2769 711 Virginis
2796 649 2879 699 est
2903 641 3135 710 locutus,
3158 642 3344 702 dicens
3383 665 3397 701 :

133 740 286 811 pheta,
313 733 586 790 immunda
615 733 756 789 labia
783 747 844 789 se
871 734 1074 790 habere
1112 741 1170 790 et
1209 734 1266 788 in
1293 733 1474 790 medio
1501 735 1684 805 populi
1790 737 1928 794 Ecce
1962 737 2124 810 Virgo
2149 738 2207 791 in
2226 745 2370 792 utero
2391 735 2628 807 accipiet,
2651 742 2703 788 et
2721 733 2888 805 pariet
2905 732 3074 811 ﬁlium
3091 731 3247 805 (Itai.
3265 731 3384 804 vn),

135 809 352 885 habentis
363 824 502 880 labia
524 824 800 881 immunda
816 839 877 882 se
895 826 1142 882 habitare
1158 823 1426 896 deplorat,
1453 826 1638 882 dicens
1664 845 1678 881 :
1789 832 1870 886 sic
1898 843 1998 885 nos
2021 809 2289 900 passionis
2316 834 2714 884 sacramentum
2760 831 2818 881 et
2842 809 3261 882 resurrectionis
3307 839 3389 880 re-

135 919 170 973 ϐ
189 921 462 990 πάππῳ,
483 919 730 988 quoniam
767 927 1098 990 compunctus
1125 935 1258 986 sum,
1301 920 1422 993 quia
1443 935 1559 974 cum
1585 922 1683 975 sim
1788 925 2024 980 feramus
2063 923 2291 993 gloriam
2317 939 2330 975 :
2355 932 2377 960 ο
2409 919 2576 976 Credo
2615 921 2672 974 in
2699 918 2867 974 Deum
2898 917 3113 980 Patrem
3144 920 3386 990 omnipo-

134 1017 274 1078 homo,
301 1019 352 1066 et
367 1008 646 1066 immunda
657 1010 799 1066 labia
823 1010 1058 1079 habeam,
1080 1013 1137 1066 in
1164 1012 1332 1067 medio
1359 1027 1558 1085 quoque
1584 1029 1681 1084 po-
1793 1024 1996 1070 tentem.
2024 1013 2082 1070 In
2112 1015 2282 1070 Deum
2307 1028 2408 1070 vos
2435 1011 2597 1068 hodie
2623 1011 2819 1067 merito
2846 1007 3180 1066 conﬁtemini
3205 1011 3387 1067 credi-

132 1109 218 1178 puli
243 1104 460 1159 tam
485 1103 629 1159 labia
657 1103 928 1158 immunda
966 1120 1059 1176 ego
1092 1103 1335 1168 habitem,
1371 1119 1540 1176 regem
1568 1101 1681 1159 Do-
1787 1108 1951 1174 disse,
1993 1106 2210 1178 quando
2248 1105 2383 1162 deos
2420 1105 2660 1174 deasque
2689 1117 2824 1160 sexu
2863 1102 3126 1174 dispares,
3157 1117 3386 1158 numero

133 1203 296 1254 mtuum
331 1195 565 1253 Sabaoth
593 1195 697 1250 vidi
717 1197 880 1251 oculis
918 1197 1050 1250 meis
1069 1194 1225 1269 (Isai.
1247 1195 1345 1266 vt).
1377 1191 1553 1266 Super
1578 1195 1682 1249 bu-
1791 1199 2064 1265 confusos,
2091 1199 2248 1253 turba
2271 1197 2581 1268 populares,
2605 1195 2742 1252 viles
2759 1209 2978 1265 genere,
3005 1194 3150 1251 fama
3175 1201 3385 1264 turpes,

134 1307 264 1346 mane
288 1288 599 1361 percellitur
625 1288 712 1343 hic
738 1287 946 1355 dolore,
971 1289 1098 1359 quia
1119 1287 1264 1358 quod
1285 1287 1353 1342 de
1380 1287 1494 1342 Deo
1523 1289 1687 1343 sentit
1755 1304 1757 1306 ·
1793 1291 2072 1362 impietate
2093 1291 2376 1356 maximos,
2401 1290 2608 1359 primos
2633 1288 2857 1353 scelere,
2887 1287 3114 1344 crimine
3152 1287 3390 1357 singula-

135 1392 177 1436 et
199 1379 342 1445 videt,
371 1379 523 1449 loqui
553 1393 660 1434 non
689 1379 856 1446 valet,
882 1379 1202 1434 annuntiare
1223 1395 1331 1434 non
1354 1387 1552 1450 potest,
1577 1395 1687 1434 non
1792 1396 1898 1445 res,
1932 1381 2063 1452 ipsis
2086 1381 2251 1436 etiam
2279 1379 2652 1450 sepulcrorum
2676 1392 2901 1434 suorum
2921 1375 2948 1415 ἀ
2967 1377 3206 1434 vultibus
3225 1393 3388 1432 accu-

136 1479 282 1545 potest
317 1469 588 1527 conﬁteri.
633 1468 906 1538 Quantum
933 1486 1064 1526 caro
1091 1478 1316 1540 angusta
1361 1478 1464 1538 est,
1508 1472 1688 1527 animo
1793 1482 1966 1539 satos,
1999 1473 2254 1530 laetamini
2285 1487 2382 1528 vos
2420 1471 2648 1542 fugisse;
2677 1472 2806 1542 quia
2833 1470 3084 1536 miserita,
3108 1470 3311 1528 doloris
3337 1478 3394 1526 et

135 1579 214 1620 suo
245 1570 383 1618 arcta
425 1569 558 1618 sunt
601 1561 746 1618 labia
783 1569 1013 1632 tantum,
1047 1563 1226 1633 lingua
1258 1571 1470 1617 tantum
1510 1563 1691 1618 brevis
1791 1565 2125 1622 infelicitatis
2170 1571 2254 1621 est
2294 1572 2476 1620 tantos
2523 1572 2580 1619 et
2623 1563 2760 1620 tales
2807 1563 3064 1618 habuisse
3106 1563 3350 1618 servulos
3371 1603 3387 1629 ,

135 1662 202 1712 est
221 1667 320 1712 sum
356 1655 555 1710 mentis
580 1655 866 1726 interpres.
906 1655 966 1710 In
993 1669 1156 1710 carne
1184 1654 1322 1725 ignis
1350 1655 1569 1710 anhelat
1607 1655 1692 1708 in-
1792 1667 2025 1728 quantos
2056 1673 2155 1714 vos
2183 1666 2238 1713 et
2264 1655 2456 1727 quales
2489 1654 2741 1712 dominos
2779 1656 3044 1711 hactenus
3067 1655 3386 1726 pertulistis.

136 1750 298 1813 clusus,
324 1757 556 1819 vaporat
582 1763 780 1816 venas,
811 1747 1112 1805 inflammat
1147 1751 1377 1818 viscera,
1429 1759 1691 1807 exaestuat
1720 1814 1762 1819 _
1792 1748 1900 1805 Sed
1928 1750 1994 1805 ad
2017 1765 2182 1805 unum
2203 1750 2403 1816 vivum,
2439 1763 2646 1818 verum,
2677 1749 2872 1815 solum,
2916 1747 3010 1804 sed
3049 1762 3161 1803 non
3203 1747 3392 1804 solita-

139 1843 180 1896 in
201 1814 442 1906 medullis,
495 1847 723 1910 totaque
750 1814 984 1897 hominis
1012 1841 1224 1898 interna
1263 1814 1482 1913 semper
1507 1843 1692 1898 incen-
1719 1814 1770 1874 Β
1795 1845 1933 1899 rium
1963 1844 2132 1899 Deum
2175 1857 2272 1900 vos
2299 1814 2608 1913 pervenisse
2633 1814 2894 1912 gaudete,
2930 1841 3161 1898 dicendo
3186 1859 3201 1896 :
3225 1839 3392 1896 Credo

141 1933 215 1998 dit,
233 1932 346 2002 quia
369 1931 522 2000 quod
548 1933 745 1988 mentis
784 1933 1187 2003 contemplatur
1223 1931 1440 1998 affectu,
1471 1948 1568 1990 ore
1593 1935 1692 1990 de-
1795 1939 1852 1992 in
1884 1937 2051 1992 Deum
2073 1936 2306 1992 Patrem.
2339 1934 2457 1991 iam
2484 1934 2810 1992 confiteatur
2849 1935 3063 2003 Filium,
3094 1934 3189 2004 qui
3214 1933 3392 1990 nomi-

135 2033 362 2092 promere,
395 2019 682 2078 eil‘nndere
707 2021 884 2090 labiis,
933 2023 1114 2092 lingua
1143 2023 1494 2093 distinguere,
1537 2033 1594 2080 et
1636 2024 1694 2080 in
1799 2036 1890 2085 nat
1919 2028 2134 2084 Patrem
2161 2047 2174 2082 :
2203 2030 2330 2098 quia
2352 2029 2444 2099 qui
2471 2030 2656 2085 vocari
2685 2028 2866 2094 Pater,
2889 2026 3052 2084 Pater
3071 2027 3176 2083 dici
3199 2027 3389 2095 voluit,

139 2123 274 2170 totum
311 2129 416 2169 non
461 2111 668 2170 sufﬁcit
709 2129 1010 2187 evaporare
1061 2131 1389 2172 sermonem.
1434 2116 1572 2174 Hinc
1611 2125 1697 2174 est
1799 2121 2002 2176 habere
2017 2135 2076 2176 se
2090 2119 2862 2186 Filiumclementerostendit,
2879 2134 3041 2188 quem
3061 2134 3170 2174 non
3185 2120 3394 2189 accepit

137 2206 248 2278 quod
269 2205 444 2273 Baias,
478 2207 576 2263 ubi
599 2208 734 2263 vidit
759 2223 942 2279 regem
965 2208 1108 2277 cmli,
1140 2209 1246 2265 hoc
1273 2217 1357 2265 est
1393 2206 1687 2278 Christum,
1801 2228 1868 2268 ex
1879 2220 2143 2282 tempore,
2159 2227 2265 2266 non
2278 2212 2528 2281 genuitin
2543 2220 2804 2282 tempore,
2821 2209 3175 2281 noususcepit
3186 2209 3252 2264 ad
3267 2217 3394 2264 tem-

139 2300 523 2370 ipsumqueesse
551 2298 835 2355 Dominum
865 2299 1123 2368 Sabaoth,
1149 2301 1295 2357 clara
1327 2301 1534 2357 visione
1560 2311 1693 2357 con-
1799 2321 1921 2377 pus.
1936 2305 2196 2360 Divinitas
2211 2321 2312 2360 nec
2327 2304 2538 2360 initium
2560 2305 2723 2376 capit,
2753 2319 2855 2360 nec
2871 2303 3068 2374 recipit
3083 2303 3266 2369 linem,
3291 2317 3393 2358 nec

138 2391 296 2464 spexit,
335 2405 427 2446 sua
475 2392 674 2461 suique
711 2393 901 2464 populi
941 2392 1084 2448 labia
1125 2393 1402 2447 immunda
1441 2392 1688 2461 deﬂevit;
1801 2396 2036 2451 admittit
2061 2405 2366 2466 posterum,
2399 2411 2520 2467 qua:
2545 2411 2654 2452 non
2681 2395 2924 2464 agnoscit
2943 2409 3214 2452 occasum.
3253 2393 3396 2450 Deus

137 2485 234 2552 quia
256 2483 384 2538 sicut
409 2483 653 2539 illustrat
680 2484 866 2549 corda,
891 2492 1087 2555 purgat
1115 2499 1234 2552 ora,
1266 2485 1406 2540 labia
1434 2486 1695 2542 emundat
1801 2487 1994 2543 Filium
2041 2503 2152 2544 non
2189 2489 2467 2544 doloribus
2506 2489 2766 2558 parturit,
2819 2486 2913 2542 sed
2941 2485 3229 2542 virtutibus
3274 2499 3394 2539 esse

136 2572 298 2630 Christi
337 2573 589 2631 confessa
631 2575 904 2643 divinitas,
935 2577 1010 2631 ita
1045 2575 1242 2632 Christi
1279 2577 1472 2648 polluit
1500 2587 1695 2647 negata
1801 2579 2146 2647 manifestat;
2179 2595 2281 2636 nec
2322 2589 2519 2652 praeter
2546 2595 2605 2636 se
2633 2578 2761 2636 facit
2786 2579 2932 2650 quod
2971 2593 3041 2634 ex
3067 2593 3127 2636 se
3153 2585 3266 2644 est,
3297 2561 3414 2632 sed-

137 2664 366 2734 majettas.
395 2664 513 2722 Sed
541 2665 672 2736 quid
699 2668 803 2723 iste
829 2667 1122 2739 profecerit
1157 2671 1436 2740 prophetae
1461 2672 1693 2739 gemitus
1801 2683 2056 2742 generat;
2087 2673 2324 2743 dumque
2351 2674 2406 2729 in
2428 2689 2486 2729 se
2508 2681 2610 2740 est,
2643 2673 2818 2745 aperit
2842 2681 2896 2728 et
2913 2672 3138 2728 revelat.
3170 2671 3248 2727 De
3285 2669 3394 2725 Pa-

139 2759 394 2814 audiamus.
423 2759 500 2814 Et
521 2762 708 2816 minus
737 2771 833 2828 est,
865 2763 1060 2832 inquit,
1094 2763 1165 2817 ad
1199 2779 1283 2818 me
1306 2779 1440 2818 unus
1467 2764 1530 2818 de
1549 2781 1694 2819 sera-
1801 2772 1885 2821 tre
1912 2765 2178 2835 processit
2205 2764 2372 2820 Filius
2389 2805 2403 2832 ,
2455 2781 2565 2821 non
2597 2764 2848 2830 recessit;
2874 2777 3003 2820 nec
3048 2776 3396 2819 successurus

139 2851 268 2922 phim,
295 2855 372 2926 qui
395 2855 448 2908 in
471 2869 636 2908 manu
656 2853 876 2909 habebat
897 2855 1189 2924 carbonem,
1214 2875 1362 2930 quem
1383 2859 1579 2930 forcipe
1608 2865 1690 2910 tu-
1803 2857 1944 2928 patri
1970 2857 2206 2926 prodivit
2233 2872 2303 2913 ex
2326 2855 2508 2925 Patre,
2539 2856 2634 2912 sed
2664 2855 2899 2928 prodivit
2934 2869 3220 2911 mansurus
3247 2869 3394 2909 sem-

139 2943 248 2997 lerat
270 2944 516 3014 deattari,
543 2954 595 3001 et
616 2948 780 3020 tetigit
798 2964 857 3003 os
875 2963 1063 3016 meum,
1089 2949 1263 3004 dicens
1291 2966 1308 3004 :
1337 2949 1473 3005 Ecce
1500 2950 1596 3004 hoc
1619 2958 1692 3004 te-
1802 2965 1900 3020 per
1927 2951 1982 3004 iu
2019 2949 2200 3012 Patre.
2233 2948 2374 3006 Audi
2405 2949 2669 3006 Joannem
2700 2949 2970 3006 dicentem
3009 2966 3025 3003 :
3058 2947 3174 3004 Hoc
3201 2957 3314 3003 erat
3338 2949 3396 3002 in

145 3037 374 3108 tigillabla
393 3047 498 3106 tua,
532 3047 584 3094 et
603 3039 814 3095 abstulit
831 3041 1152 3116 iniquitates,
1177 3051 1226 3098 et
1247 3052 1457 3115 peccata
1479 3045 1693 3098 circum-
1729 3105 1766 3116 _
1798 3043 2055 3114 principio
2115 3041 2300 3114 (Joan.
2349 3041 2430 3116 ι).
2463 3041 2533 3097 Et
2567 3041 2693 3096 alibi
2739 3059 2754 3095 ε
2795 3038 2950 3104 Quod
2993 3041 3092 3112 fuit
3138 3038 3204 3093 ab
3241 3039 3394 3093 initio

141 3105 360 3200 purgavit.
379 3105 490 3186 Non
516 3140 601 3188 est
619 3132 778 3202 hujus
803 3105 1066 3204 temporis
1088 3105 1270 3190 dicere
1293 3151 1391 3191 cur
1412 3151 1550 3191 unus
1576 3137 1694 3190 mit—
1721 3105 1768 3171 (ἶ
1798 3105 1844 3203 fl
1863 3105 2024 3187 Joan.
2051 3105 2302 3205 1).‘Quod
2330 3105 2450 3188 erat
2471 3132 2656 3202 utique
2685 3147 2793 3187 non
2816 3105 3074 3196 accessit;
3097 3128 3243 3200 quod
3270 3127 3390 3194 fuit,

141 3217 266 3284 titur,
295 3229 343 3276 et
363 3223 482 3292 quis
511 3223 582 3278 sit
609 3223 712 3279 iste
737 3225 830 3293 qui
861 3225 1108 3288 mittitur,
1141 3231 1196 3280 et
1223 3231 1459 3295 quantus
1489 3233 1573 3280 est
1600 3225 1694 3296 qui
1801 3231 2027 3294 apparet
2072 3225 2260 3294 utique
2289 3241 2398 3280 non
2434 3224 2683 3295 cmpisse.
2715 3221 2830 3296 Ego
2857 3239 3010 3288 sum,
3041 3221 3248 3292 inquit,
3279 3223 3394 3292 pri-

141 3311 384 3370 carbonem
407 3315 635 3386 superni
663 3314 804 3385 ignis
847 3316 928 3372 sic
962 3331 1128 3371 manu
1154 3324 1331 3386 gestat
1371 3317 1690 3388 intrepidus,
1801 3332 1935 3383 mus,
1967 3323 2020 3370 et
2044 3333 2138 3387 ego
2174 3317 2482 3371 novissimus
2512 3314 2656 3388 (lea.
2682 3314 2850 3387 κων).
2883 3313 2986 3382 Qui
3022 3313 3230 3385 primus
3268 3320 3392 3380 est,

143 3401 275 3460 inuno
298 3405 371 3461 sic
395 3422 500 3463 suo
523 3405 554 3445 ι’
581 3413 848 3478 temperat
869 3415 1091 3474 attactu,
1118 3415 1178 3462 ut
1198 3409 1476 3479 prophetae
1504 3415 1700 3478 purget
1803 3423 1912 3462 non
1959 3415 2043 3464 est
2069 3407 2170 3462 iste
2197 3414 2337 3478 post.
2361 3407 2618 3474 alterum;
2649 3407 2744 3477 qui
2790 3406 3142 3470 novissimus,
3173 3413 3298 3476 post
3334 3419 3396 3460 se

143 3491 271 3561 labia,
307 3509 410 3552 non
456 3504 713 3567 perurat;
745 3497 842 3553 sed
880 3513 1024 3554 nunc
1050 3513 1153 3554 nos
1181 3499 1342 3554 etiam
1373 3506 1490 3554 toto
1519 3498 1698 3554 cordis
1801 3499 2028 3554 alterum
2059 3515 2168 3554 non
2206 3499 2489 3569 relinquit;
2520 3500 2618 3556 sed
2643 3501 2750 3556 ista
2788 3513 2912 3555 cum
2959 3497 3125 3564 dicit,
3156 3512 3268 3554 non
3298 3511 3394 3552 ex-

141 3595 526 3658 cantpungamur
550 3587 764 3656 affectu,
798 3604 1007 3660 nosque
1034 3591 1088 3646 in
1117 3591 1220 3648 hac
1264 3591 1481 3646 miseria
1519 3591 1700 3646 carnis
1799 3591 1964 3647 cludit
1995 3591 2230 3658 Patrem,
2253 3591 2351 3648 sed
2377 3592 2432 3646 in
2461 3607 2521 3648 se
2540 3599 2598 3648 et
2623 3589 2788 3648 Patre
2815 3588 3388 3648 universa'concludit.

141 3675 330 3733 m'seros
369 3693 497 3735 esse
539 3680 822 3747 fateamur,
872 3682 1148 3738 immunda
1176 3697 1394 3753 quoque
1430 3683 1570 3740 labia
1600 3698 1699 3739 nos
1801 3681 1910 3738 Sed
1941 3693 1966 3722 ο
1997 3683 2064 3739 ad
2093 3697 2178 3750 ea,
2203 3699 2326 3754 qum
2352 3691 2651 3754 sequuntur
2677 3681 3032 3740 accedamus:
3062 3681 3210 3737 litin
3237 3681 3392 3736 Chri-

142 3765 305 3826 habere
325 3771 428 3842 piis
463 3773 756 3842 gemitibus
783 3773 1096 3842 deﬂeamus,
1129 3783 1191 3832 ut
1215 3791 1354 3832 unus
1381 3776 1484 3832 iste
1509 3777 1579 3832 de
1605 3791 1696 3832 se-
1802 3783 1938 3831 stum
1974 3775 2156 3832 Iesum
2201 3776 2402 3840 Filium
2439 3779 2551 3850 ejus
2586 3771 2797 3832 unicum
2825 3775 3110 3832 Dominum
3134 3784 3385 3831 nostrum.

143 3861 314 3932 rapbim
337 3865 474 3936 legis
515 3867 703 3936 gratiae
739 3865 971 3940 forcipe,
1020 3877 1304 3941 acceptum
1348 3869 1418 3925 de
1459 3884 1695 3941 superno
1802 3868 1954 3926 Sicut
1997 3883 2152 3941 reges
2208 3869 2601 3942 triumphorum
2647 3882 2870 3927 suorum
2913 3867 2937 3912 ί
2979 3868 3150 3924 titulis
3182 3882 3393 3922 nuncu-

143 3952 264 4009 altari
285 3957 431 4013 nobis
460 3957 694 4028 ignitum
720 3956 844 4016 fidei
871 3959 1080 4016 deferat
1124 3968 1540 4025 sacramentum,
1567 3961 1694 4016 tali-
1801 3970 2018 4033 pantur,
2061 3971 2119 4018 et
2145 3963 2508 4033 subjectarum
2535 3963 2776 4034 gentium
2812 3960 3120 4017 nominibus
3165 3959 3393 4028 conqui-

141 4060 222 4114 que
244 4049 606 4106 moderamine
635 4060 946 4107 nostrorum
973 4059 1162 4122 tangat
1199 4069 1295 4110 ora
1323 4053 1609 4118 labiorum,
1635 4059 1696 4108 ut
1799 4062 1930 4110 runt
1950 4056 2385 4112 numerosissima
2411 4063 2798 4126 cognomenta;
2840 4053 2914 4114 ita
2939 4051 3186 4108 Christus
3218 4049 3394 4108 bono-

141 4135 692 4215 iniqﬁtnteaauferat,
715 4151 942 4214 peccata
978 4143 1257 4215 depurget,
1302 4151 1361 4200 et
1386 4160 1482 4199 ora
1509 4151 1696 4200 nostra
1799 4163 1922 4204 rum
1966 4165 2187 4206 suorum
2227 4149 2398 4205 titulis
2443 4155 2788 4219 nuncupatur
2816 4165 2829 4201 :
2861 4161 2893 4200 a
2920 4145 3210 4202 chrismate
3247 4143 3391 4198 enim

141 4228 202 4285 sic
229 4232 284 4288 in
320 4232 598 4292 flammam
638 4237 814 4308 plena:
839 4236 1192 4294 confessionis
1220 4237 1510 4303 accendat,
1541 4242 1600 4292 ut
1628 4237 1699 4292 sit
1799 4248 2028 4296 vocatus
2053 4249 2137 4296 est
2163 4238 2411 4296 Christus
2433 4281 2449 4307 ,
2473 4240 2568 4310 qui
2595 4237 2892 4295 divinitatis
2925 4243 3257 4306 unguentum
3285 4234 3396 4289 ari-

142 4319 221 4377 illi
251 4325 450 4383 salutis.
469 4327 706 4397 adustis,
737 4345 848 4386 non
884 4329 1107 4386 doloris.
1139 4328 1393 4387 Petamus
1419 4331 1604 4395 etiam,
1637 4335 1700 4385 ut
1799 4331 1883 4386 dis
1906 4331 2018 4400 jam
2045 4331 2356 4386 mortalium
2384 4330 2644 4386 membris
2668 4330 2791 4400 pius
2829 4327 3129 4384 medicatur
3157 4323 3390 4392 infudit;

142 4414 354 4474 adcorda
379 4435 557 4490 usque
584 4429 768 4478 nostra
792 4423 1073 4493 perveniat
1101 4423 1252 4480 calor
1291 4424 1394 4480 iste
1422 4423 1694 4487 carbonis,
1724 4406 1780 4468 D
1803 4429 1860 4477 et
1886 4429 1946 4477 ut
1990 4436 2022 4476 a
2069 4420 2360 4476 chrismate
2404 4417 2670 4488 Christus,
2699 4419 2778 4476 sic
2803 4417 2962 4474 Jesus
2980 4424 3205 4474 vocatus
3249 4425 3334 4472 est
3361 4431 3396 4471 a

142 4511 188 4562 ut
207 4507 264 4565 de
284 4518 446 4568 tanta
460 4512 732 4570 suavitate
757 4514 1029 4588 mysterii,
1069 4529 1179 4571 non
1215 4516 1390 4572 solum
1414 4515 1570 4572 labiis
1597 4528 1698 4586 gu—
1801 4514 2009 4582 salute,
2039 4513 2137 4584 qui
2181 4513 2252 4570 ob
2279 4514 2386 4570 hoc
2417 4527 2519 4570 nos
2544 4513 2730 4570 divino
2755 4510 2951 4569 infudit
2988 4517 3263 4582 unguento
3285 4549 3299 4575 ,
3335 4516 3395 4563 ut

1802 4727 1870 4768 ac
1894 4710 2108 4783 Symb._
2124 4711 2194 4768 ad
2219 4709 2476 4783 catech.,_
2493 4720 2549 4768 et
2583 4712 2640 4783 in
2672 4709 2984 4783 Enchirid.;
3022 4708 3259 4783 Leonem
3285 4707 3390 4764 PP.

1802 4779 1965 4838 serui.
1989 4781 2058 4839 de
2078 4781 2228 4838 Pass.
2258 4782 2414 4853 Dom.
2447 4781 2587 4849 Quin
2604 4782 2717 4853 jam
2738 4781 2950 4853 pridem
2970 4788 3098 4853 ante
3117 4779 3388 4853 Rufinum,

1803 4869 1948 4924 anno
1975 4854 2185 4910 scilicet
2217 4851 2341 4924 I98,
2384 4854 2554 4924 ipsius
2591 4850 3147 4924 antiquitati‘svadem
3175 4850 3395 4907 exhibet

196 4717 218 4745 ι
240 4707 304 4764 Ει
324 4711 609 4783 potissima
633 4712 782 4783 ratio
807 4719 891 4768 est
916 4713 1042 4782 quia
1077 4728 1189 4770 sum
1219 4712 1517 4783 prophetiae
1545 4711 1696 4782 obje-

141 4786 255 4833 ctum
276 4790 354 4854 est
378 4781 690 4854 Babylonia:
713 4781 1016 4854 captivitas,
1041 4785 1109 4840 ab
1132 4781 1438 4854 hujusmodi
1463 4781 1694 4854 captivi-

140 4855 229 4925 tate
249 4852 468 4918 reditus,
495 4851 551 4909 et
571 4851 736 4910 futuri
764 4851 971 4910 Messias
999 4851 1240 4925 regnum.
1259 4853 1427 4925 _Unde
1466 4851 1573 4910 hoc
1601 4869 1696 4908 eo-

139 4918 236 4973 dem
258 4926 582 4995 evangelista:
614 4925 832 4995 nomine
851 4941 986 4995 eum
1011 4918 1207 4982 vocant
1240 4923 1568 4994 Augustinus
1596 4925 1688 4979 lib.
1803 4923 2191 4995 Tertullianum
2211 4918 2490 4979 Calvorius
2518 4932 2650 4979 tom.
2681 4918 2855 4995 [_pag.
2889 4920 2994 4995 505'
3023 4922 3050 4994 §
3082 4923 3135 4978 ὃς

138 4993 326 5073 ivturde
347 4992 512 5073 (_Iivit.
554 5011 676 5073 ca_p.
713 4993 814 5073 29;
844 4994 1202 5073 Hieronymus
1241 4992 1393 5073 epist
1411 4995 1498 5073 i_7,
1543 5002 1600 5051 et
1638 4995 1695 5050 in
1874 4994 1903 5034 ά
1931 4995 1991 5050 In
2019 4995 2392 5067 sepulcrorum
2419 4995 2698 5073 gentilium
2721 4992 2880 5073 facie,
2911 4993 2996 5048 vel
3017 4992 3073 5048 in
3094 4992 3270 5073 anitica
3300 5005 3395 5073 θοῇ

140 5061 312 5142 Pfgefat.
361 5065 542 5134 Isaias;
592 5061 965 5124 Theoderetus
1003 5061 1133 5123 item
1169 5068 1226 5122 in
1253 5061 1602 5138 praefatiOne;
1640 5073 1696 5122 et
1797 5061 2124 5142 ramparts,
2158 5081 2267 5142 non
2295 5061 2444 5142 raro'
2463 5066 2688 5142 deorum
2729 5065 3062 5142 dearumque
3087 5061 3320 5142 crimina
3338 5069 3394 5116 et

342 5207 347 5208 ί
398 5207 404 5208 ί
528 5129 539 5134 ’
692 5207 697 5208 ί
1254 5129 1272 5138 ’
1587 5129 1597 5134 ⁷
1801 5129 2338 5194 ΐαὺυιῐὶιιωὴδεθιθη
2365 5136 2632 5208 insculpta
2644 5129 3080 5208 conspiciuntur.
3105 5129 3397 5208 Testantur

195 5201 218 5284 ιξ
241 5202 482 5284 latinius
509 5207 763 5284 emendat
799 5227 812 5260 :
848 5217 1058 5284 tempta.
1087 5217 1302 5284 attactu.
1452 5277 1466 5284 _
1801 5223 1925 5284 quas
1938 5214 2241 5284 _supers_unt
2269 5201 2621 5279 sarcophaga.
2644 5205 2744 5262 Vel
2772 5201 2954 5284 potius
2981 5218 3014 5258 a
3037 5201 3395 5284 sepulcrorum

167 5283 216 5355 ηε
241 5273 448 5355 lle-hoe
473 5279 740 5355 symbolo,
772 5280 913 5355 quod
941 5273 1304 5355 apostolicum
1327 5277 1470 5355 apud
1491 5294 1591 5334 nos
1611 5294 1702 5334 au-
1800 5273 2042 5355 uultibus,
2093 5281 2162 5355 ab
2207 5273 2446 5355 aspectu"
2467 5273 2700 5355 suorum
2730 5273 3119 5355 sepulcrorum
3135 5314 3182 5355 ,κ
3199 5273 3397 5355 quibus

137 5339 212 5422 άᾷι.
241 5339 596 5422 plures-plura
615 5339 908 5422 commenti
930 5339 1072 5422 sunt.
1100 5339 1529 5422 Videivos'sium,
1553 5365 1698 5422 praef
1801 5348 1968 5422 fuisse
2013 5339 2287 5422 hpmines'
2307 5350 2591 5422 evincitur.
2635 5339 2983 5422 Euhemerus,
3016 5343 3190 5414 inquit
3215 5339 3394 5422 blinu-

297 5417 368 5492 _it_t-
392 5415 774 5492 dissertatione
809 5420 878 5476 de
919 5421 1092 5476 tribus
1109 5418 1396 5492 Symbolis.
1429 5415 1699 5492 Quidquid
1802 5421 1918 5476 cius
1948 5421 2000 5476 in
2029 5417 2254 5492 Octavio
2287 5435 2412 5490 pag.
2448 5419 2565 5492 lilii,
2595 5418 3079 5492 eorumgivontm,
3111 5415 3308 5492 patrias
3347 5422 3400 5492 et

137 5484 584 5562 ﬁdelium-en},
615 5491 1044 5562 antiquissimum
1064 5484 1183 5547 esse
1204 5499 1370 5560 patet,
1389 5484 1698 5560 et]atu'du-
1800 5493 2039 5562 sepulcra
2082 5484 2393 5562 dinumerat.
2447 5490 2580 5562 Vide
2607 5503 2768 5562 quam
2810 5487 3044 5562 Minpcio
3091 5484 3287 5562 similia
3329 5485 3399 5541 de

134 5551 324 5632 flatile!)
345 5569 508 5616 atate
525 5551 726 5628 Ruﬁni,
747 5551 1020 5632 iamquam
1048 5564 1117 5618 ab
1137 5551 1398 5632 apostolis
1422 5551 1693 5632 traditum,
1801 5551 2106 5618 Euhemero
2122 5562 2316 5618 doceat
2330 5551 2661 5632 Augustinus
2673 5558 2766 5614 lib.
2786 5575 2805 5614 1
2825 5559 2893 5615 de
2905 5554 3170 5614 Consens.
3189 5555 3397 5626 Evang.

136 5621 440 5704 habebatur;
486 5641 543 5688 et
581 5647 650 5688 eo
695 5621 913 5704 quoque
956 5649 1094 5700 aevo,
1143 5621 1352 5690 scilicet
1380 5648 1523 5704 anno
1561 5621 1693 5697 590,
1802 5649 1923 5703 cap.
1940 5632 2026 5704 βὶό
2053 5632 2147 5688 fol.
2176 5632 2300 5704 37L

136 5697 882 5776 gamdemﬁuamnunchabet
901 5697 1128 5776 adeptus
1148 5713 1265 5760 erat
1287 5703 1695 5776 perfectionem.
1869 5697 1904 5776 ’ξ
1934 5703 2016 5776 Ex
2036 5720 2135 5759 ms.
2165 5701 2420 5776 Caesenag.
2453 5701 2624 5776 Editi,
2650 5699 2722 5776 a4
2745 5717 2808 5756 ea
2831 5717 2948 5776 qua
2981 5708 3107 5776 ante
3129 5709 3269 5776 sunt.

134 5760 310 5847 Cpnfcr
329 5760 516 5847 _Ruﬁn.
548 5774 603 5847 in
636 5790 824 5847 egpos.
853 5760 1094 5847 Symboli
1119 5777 1262 5830 inter
1287 5760 1462 5847 bpera
1483 5771 1704 5847 Cypria-
1830 5845 1836 5847 ν
1881 5773 1901 5812 ί
1933 5773 2236 5847 Occurrunt
2255 5760 2454 5847 passim
2482 5760 3066 5847 in_numismaiil_)us_et
3093 5769 3398 5841 lapidibus:

121 5835 204 5916 ,ni;
231 5837 570 5900 Ambrosium
589 5845 644 5902 in
663 5835 848 5928 855mb.
873 5835 1097 5923 hpost.;
1122 5835 1476 5918 Augustinum
1489 5835 1703 5902 deFide
1804 5845 2104 5922 Africanus,
2133 5835 2496 5918 Gennanicus.
2528 5841 2844 5918 Parthicus,
2873 5842 3117 5921 Dacicus,
3149 5835 3254 5904 διο.

711 6009 716 6012 ·
759 6009 804 6020 -ξρ
835 6012 904 6030 ρι’
