3882 6356
503 323 609 391 339

1789 325 1844 386 Β.
1883 328 2084 386 PETRI
2111 321 2546 386 ‘CHRYSOLOCI

3664 326 3771 386 500

503 449 660 519 aegris
685 455 891 504 certam
936 446 1160 502 salutem
1183 483 1198 508 ,
1240 441 1460 512 perditis
1488 448 1804 512 perpetuam
1833 443 2079 501 redderet
2106 446 2159 506 Α
2185 451 2346 498 teram
2385 443 2581 496 Patris.
2625 441 2753 505 Sed?
2780 442 2888 496 suis
2929 440 3088 497 Pater
3129 440 3203 497 nil
3232 440 3396 498 habet
3433 456 3466 496 a
3512 441 3769 499 sinistris.

504 543 810 599 sanitatem.
844 540 914 595 Et
937 543 992 596 in
1009 539 1266 594 Christum
1285 537 1463 590 Iesum
1489 535 1686 590 Filium
1715 537 1826 608 ejus
1854 539 2079 592 unicum.

505 637 643 704 Quia
683 635 784 692 etsi
805 640 929 689 sunt
954 631 1108 687 multi
1143 628 1235 684 ﬁlii
1282 645 1380 699 per
1407 629 1669 698 gratiam,
1709 629 1810 684 iste
1849 645 1986 684 unus
2032 637 2088 684 et

505 727 788 797 singularis
814 731 896 781 est
940 737 1037 794 per
1064 729 1330 776 naturam.
1377 718 1656 775 Dominum
1685 730 1934 774 nostrum.
1983 717 2083 786 Qui

505 834 604 876 nos
631 818 698 872 de
727 822 1018 881 tantorum,
1049 822 1160 867 tam
1185 812 1481 867 crudelium
1497 852 1513 878 ,
1544 819 1656 866 tam
1683 812 1919 883 turpium
1945 811 2082 867 libe-

503 916 652 964 ratos
678 905 898 962 servitio
944 904 1286 960 dominorum
1308 945 1323 970 ,
1365 910 1425 958 ut
1452 917 1560 958 non
1606 903 1672 957 ad
1720 901 2085 958 conditionem

503 999 787 1070 pristinam
812 995 1084 1062 vindicet,
1117 995 1214 1051 sed
1241 1003 1301 1050 ut
1327 994 1395 1050 ad
1436 1003 1748 1066 perpetuam
1777 996 2085 1052 libertatem

502 1090 862 1156 manumittat,
888 1087 1126 1158 inquirit.
1153 1084 1255 1151 Qui
1278 1095 1430 1142 natus
1457 1096 1534 1142 est
1561 1087 1625 1142 de
1652 1087 1856 1158 Spiritu
1877 1097 2079 1143 sancto.

501 1181 579 1236 Ita
607 1190 662 1236 et
689 1182 870 1236 taliter
894 1179 994 1235 tibi
1021 1179 1259 1235 nascitur
1283 1177 1529 1236 Christus
1551 1222 1566 1248 ,
1597 1180 1769 1237 donec
1797 1181 1894 1237 tibi
1920 1180 2084 1237 homo

502 1273 759 1330 nascendi
785 1271 1028 1328 ordinem
1054 1279 1227 1327 mutet
1248 1310 1264 1335 ,
1314 1279 1373 1327 ut
1399 1271 1470 1328 sit
1494 1273 1590 1328 tibi
1618 1289 1789 1329 novus
1833 1280 1984 1329 ortus
2029 1272 2086 1328 in

500 1363 630 1430 vita,
655 1363 741 1420 cui
769 1370 1010 1417 vetustus
1032 1377 1247 1433 semper
1273 1362 1329 1418 in
1354 1373 1530 1419 morte
1557 1365 1811 1420 manebat
1837 1380 2081 1422 occasus.

503 1451 605 1518 Qui
633 1461 787 1507 natus
807 1462 882 1507 est
911 1453 974 1506 de
1006 1451 1208 1525 Spiritu
1235 1463 1415 1509 sancto
1443 1470 1508 1509 ea.
1529 1454 1706 1510 Maria
1732 1457 1949 1528 uirgine.
1981 1456 2086 1513 Ubi

500 1545 722 1617 spiritus
748 1553 988 1616 generat,
1015 1547 1166 1616 virgo
1193 1549 1442 1618 parturit,
1475 1556 1647 1603 totum
1675 1549 1912 1604 divinum
1939 1551 2083 1621 geri-

501 1645 608 1704 tur,
652 1636 728 1691 nil
754 1636 1075 1704 humanum;
1125 1652 1227 1692 nec
1255 1637 1395 1693 ullus
1437 1637 1738 1694 inﬁrmitati
1781 1639 1934 1696 locus
1978 1648 2080 1707 est,

502 1730 592 1786 ubi
611 1730 780 1785 virtus
817 1737 902 1785 est
937 1729 1142 1785 sociata
1169 1729 1372 1784 virtuti.
1403 1739 1430 1768 ιι
1459 1728 1757 1801 SOporatus
1779 1739 1863 1786 est
1888 1731 2082 1797 Adam,
2109 1756 2156 1819 α

501 1829 562 1875 ut
580 1820 648 1876 de
677 1820 792 1875 viro
813 1821 964 1888 virgo
992 1827 1295 1874 sumeretur
1323 1819 1344 1893 (
1360 1819 1487 1876 Gen.
1518 1837 1556 1876 ιι
1577 1821 1628 1894 );
1663 1838 1804 1878 nunc
1822 1821 1852 1862 δ
1878 1824 2085 1895 stupuit

501 1912 690 1984 Virgo,
723 1921 782 1968 ut
809 1913 890 1968 vir
915 1920 1258 1982 repararetur
1285 1928 1354 1968 ex
1381 1912 1599 1983 Virgine
1629 1914 1648 1987 (
1671 1914 1798 1969 Luc.
1830 1932 1850 1971 ι
1870 1915 1914 1989 ).
1945 1914 2084 1983 Quid

498 2006 600 2061 sibi
626 2006 692 2061 de
713 2013 896 2072 tanto,
923 2006 991 2061 de
1021 2006 1113 2060 tali
1141 2015 1298 2076 partu
1328 2014 1519 2062 natura
1560 2009 1760 2078 poterit
1789 2008 2078 2075 vindicare,

497 2099 590 2154 ubi
615 2099 742 2154 dum
768 2099 915 2154 videt
953 2100 1140 2155 novari
1171 2099 1414 2156 ordinem
1441 2117 1631 2166 suum,
1661 2110 1777 2157 tota
1803 2118 1900 2158 sua
1947 2099 2081 2160 con-

498 2191 654 2260 spicit
677 2190 800 2260 jura
827 2191 1056 2258 mutari,
1088 2191 1300 2246 venisse
1346 2192 1401 2246 in
1448 2208 1602 2247 suam
1643 2194 1888 2251 sobolem
1926 2209 2085 2250 suum

499 2283 662 2338 sentit
715 2291 771 2338 et
810 2283 1035 2338 miratur
1079 2284 1398 2338 auctorem?
1421 2282 1678 2340 Videatur
1721 2286 1826 2341 hoc
1865 2284 2085 2356 perﬁdis

499 2374 622 2440 vile,
653 2389 905 2444 magnum
932 2382 1017 2430 est
1043 2373 1386 2430 credentibus
1413 2384 1826 2432 sacramentum.
1863 2374 1963 2440 Qui
1989 2376 2082 2431 sub

499 2464 688 2522 Pontio
717 2465 897 2522 Pilato
923 2467 1202 2538 cruciﬁxus
1231 2476 1308 2522 est
1333 2476 1385 2522 et
1418 2470 1666 2540 sepultus.
1699 2467 1866 2524 Audis
1888 2468 2084 2539 judicis

497 2574 712 2626 nomen,
739 2567 801 2614 ut
828 2570 851 2597 ε
881 2568 1094 2631 tempus
1113 2561 1275 2615 etiam
1304 2561 1572 2631 passionis
1610 2576 1905 2632 agnoscas;
1933 2563 2086 2620 audis

495 2649 836 2717 cruciﬁxum,
861 2659 922 2706 ut
963 2653 1121 2708 nobis
1147 2652 1373 2708 salutem
1400 2654 1664 2726 perditam
1692 2671 1792 2727 per
1813 2656 1958 2726 quod
1983 2671 2085 2728 pe-

495 2742 661 2797 rierat
681 2740 708 2780 d
754 2752 1059 2814 reparatam
1087 2761 1207 2802 esse
1235 2761 1515 2816 agnoscas,
1541 2755 1597 2803 et
1641 2748 1716 2804 ibi
1736 2749 1918 2805 videas
1946 2765 2084 2821 pen-

496 2834 624 2891 dere
651 2835 982 2892 credentium
1009 2839 1172 2894 vitam
1189 2881 1204 2906 ,
1236 2841 1328 2896 ubi
1353 2851 1376 2879 ε
1405 2857 1554 2898 mors
1595 2842 1927 2912 pependerat
1954 2859 2082 2914 per-

496 2925 743 2983 ﬁdormn.
783 2928 949 2986 Audis
974 2932 1242 3002 sepultum
1262 2974 1278 3000 ,
1309 2931 1330 2971 ί
1375 2950 1445 2989 ne
1470 2949 1618 2990 mors
1645 2943 1866 3005 putetur
1902 2935 2078 2992 illusa.

493 3016 611 3075 Hoc
638 3028 721 3075 est
745 3020 938 3077 divina:
960 3023 1168 3080 virtutis
1196 3025 1424 3094 insigne,
1448 3042 1573 3082 cum
1596 3043 1743 3083 mors
1763 3035 1939 3084 morte
1961 3044 2082 3085 mo-

493 3111 648 3177 ritur,
701 3121 889 3169 auctor
939 3115 1130 3171 mortis
1181 3117 1404 3188 proprio
1458 3133 1716 3175 mucrone
1757 3128 2041 3176 truncatur
2061 3162 2078 3190 ,

493 3204 673 3274 praedo
713 3206 925 3277 capitur
948 3222 1046 3262 sua
1071 3209 1252 3279 praeda
1277 3248 1293 3275 ,
1335 3209 1580 3266 infernus
1606 3212 1716 3266 vita
1757 3211 2083 3282 dirumpitur

491 3295 766 3366 deglutita.
801 3296 977 3354 Tertia
1004 3299 1088 3354 die
1125 3303 1410 3356 resurrexit
1437 3319 1471 3357 a
1498 3305 1737 3358 mortuis.
1784 3301 1919 3358 Tres
1963 3303 2082 3360 dies

491 3389 778 3460 sepulturae
803 3406 914 3446 sum
943 3391 1111 3447 tribus
1156 3392 1417 3463 impendit
1455 3391 1702 3450 Christus
1728 3394 2082 3450 habitationi-

491 3479 591 3535 bus
622 3481 950 3551 profuturus,
981 3481 1183 3551 inferis,
1221 3492 1378 3540 terra:
1402 3525 1417 3551 ,
1462 3486 1635 3552 cmlo;
1685 3485 2081 3542 instauraturus

492 3585 612 3642 quze
639 3572 694 3626 in
719 3573 859 3628 caelo
883 3579 1045 3640 sunt,
1076 3582 1132 3630 et
1158 3590 1278 3644 quae
1297 3584 1423 3630 sunt
1444 3585 1790 3647 reparaturus
1816 3578 1872 3632 in
1899 3586 2043 3634 terra
2060 3619 2076 3646 ,

491 3672 547 3719 et
573 3677 692 3732 quae
713 3664 854 3735 apud
874 3663 1074 3721 inferos
1100 3665 1496 3737 redempturus,
1529 3668 1688 3724 simul
1715 3677 1776 3724 ut
1803 3668 2081 3726 Trinitatis

490 3755 720 3826 gratiam
739 3756 902 3813 tridui
927 3767 1265 3815 sacramento
1285 3760 1468 3814 datam
1488 3761 1752 3831 panderet
1768 3761 2079 3819 hominibus

490 3848 559 3903 ad
587 3848 833 3903 salutem.
855 3849 1099 3904 Ascendit
1116 3851 1170 3904 in
1191 3851 1361 3907 calas.
1386 3851 1664 3918 Ascendit,
1689 3869 1799 3909 non
1820 3861 1881 3910 ut
1898 3869 1960 3911 se
1985 3871 2077 3911 re-

489 3939 655 3996 ferret
674 3940 728 3995 in
756 3940 971 4007 omium,
1012 3942 1107 4012 qui
1134 3959 1348 4015 semper
1390 3947 1588 4003 mansit
1617 3947 1672 4002 in
1700 3948 1859 4017 caelo,
1890 3949 1989 4006 sed
2019 3958 2080 4006 ut

490 4041 545 4088 te
571 4032 864 4104 perferret,
907 4049 1069 4104 quem
1109 4036 1290 4091 taliter
1315 4038 1557 4094 vinctum
1595 4040 1826 4096 absolvit
1853 4049 1909 4097 et
1945 4042 2077 4098 sub-

490 4127 653 4181 traxit
690 4125 921 4182 inferno.
941 4126 1186 4198 Intelligo
1205 4129 1368 4198 unde,
1404 4132 1525 4197 ubi,
1556 4133 1754 4201 homo,
1789 4149 1889 4205 per
1907 4134 2077 4190 Deum

488 4217 563 4272 sis
581 4217 807 4285 levatus,
830 4226 890 4272 nt
910 4234 1057 4274 esses
1076 4220 1132 4274 in
1159 4219 1471 4278 cmlestibus
1489 4224 1717 4292 stabilis,
1739 4226 1834 4294 qui
1854 4241 1977 4282 eras
1990 4227 2076 4285 iu-

489 4307 686 4375 brieus,
705 4323 770 4365 ac
785 4317 812 4358 ε
828 4321 1043 4380 semper
1061 4311 1404 4369 nutabundus
1417 4314 1472 4369 in
1493 4323 1657 4371 terra.
1681 4316 1842 4372 Sedet
1861 4317 1932 4372 ad
1952 4318 2080 4374 dex-

2108 3067 2164 3130 D

2187 531 2467 588 Confessio
2501 541 2685 589 nostra
2717 548 2825 589 non
2853 532 3018 588 divini
3050 547 3333 588 consessus
3361 533 3516 599 loca,
3540 532 3641 588 sed
3665 535 3773 589 vir-

2188 626 2317 681 tutis
2344 627 2584 696 assignat
2610 626 2808 682 indicia
2831 645 2844 681 :
2871 626 3013 682 Deus
3033 625 3150 681 loca
3171 627 3376 692 nescit,
3401 626 3670 682 Divinitas
3688 643 3773 683 re-

2187 717 2318 788 cipit
2347 717 2422 771 nil
2442 717 2737 772 sinistrum.
2770 716 2905 773 Inde
2922 726 3162 772 venturus
3195 725 3273 772 est
3296 718 3538 790 judicare
3557 720 3700 775 vivos
3727 732 3775 775 et

2187 817 2432 863 mortuos.
2456 808 2587 864 Esto
2613 810 2782 877 vivos,
2814 819 3056 865 mortuos
3081 809 3536 879 quemadmodum
3576 814 3775 884 poterit

2182 897 2460 967 judicare?
2487 899 2595 955 Sed
2635 900 2714 956 illi
2738 901 2956 969 vivunt,
2999 901 3093 972 qui
3120 901 3276 958 nobis
3318 904 3774 976 mortuicompu-

2186 999 2388 1048 tantur.
2418 992 2562 1064 Ergo
2599 1002 3001 1050 resurrecturos
3036 1009 3133 1050 eos
3158 993 3494 1052 conﬁtemini
3529 995 3606 1052 ad
3635 996 3773 1066 judi-

2188 1083 2351 1148 cium,
2381 1099 2519 1154 quos
2547 1083 2832 1141 inﬁdelitas
2856 1081 2887 1122 ιι
2910 1085 3185 1140 existimat
3220 1085 3546 1158 deperiisse;
3576 1095 3642 1142 ut
3684 1089 3770 1157 qui

2189 1177 2390 1232 mortui
2417 1175 2636 1244 fuerint,
2673 1185 2730 1233 et
2757 1177 2852 1246 qui
2890 1177 3230 1248 reperientur
3255 1179 3382 1246 vivi,
3421 1180 3633 1250 pariter
3659 1196 3768 1237 suo-

2188 1283 2309 1322 rum
2337 1267 2567 1323 reddant
2585 1277 2801 1324 actuum
2819 1268 3050 1338 vitmque
3068 1269 3354 1326 rationem.
3379 1267 3544 1325 Credo
3575 1271 3634 1325 iu
3653 1269 3768 1342 Spi-

2191 1357 2349 1411 ritum
2385 1367 2640 1413 sanctum.
2676 1357 2968 1429 Postquam
2999 1368 3263 1431 suscepta:
3290 1361 3467 1418 carnis
3493 1361 3768 1418 confessus

2191 1463 2251 1504 es
2278 1459 2694 1518 sacramentum,
2717 1459 2933 1522 oportet
2964 1460 3019 1509 te
3055 1453 3311 1510 deitatem
3349 1455 3569 1527 spiritus
3607 1456 3768 1513 oonﬁ.

2190 1540 2312 1608 teri,
2344 1549 2404 1597 ut
2430 1541 2706 1598 Trinitatis
2739 1543 2918 1598 unitas
2943 1559 3128 1615 aequa,
3157 1543 3363 1613 Patris,
3397 1545 3550 1613 Filii,
3601 1549 3767 1604 sancti

2189 1631 2419 1704 Spiritus
2455 1650 2554 1705 per
2573 1635 2772 1702 omnia,
2795 1643 2852 1691 et
2882 1636 2938 1690 in
2965 1636 3230 1703 omnibus,
3265 1637 3479 1694 virtutis
3510 1639 3766 1708 integram

2189 1725 2316 1780 ﬁdei
2343 1727 2398 1781 in
2427 1735 2612 1782 nostra
2647 1727 2986 1785 confessione
3010 1728 3278 1784 custodiat
3321 1737 3380 1785 et
3423 1739 3611 1786 teneat
3635 1732 3767 1786 veri-

2187 1823 2376 1873 tatem.
2400 1819 2652 1874 Sanctam
2683 1819 2973 1876 Ecclesiam
3010 1821 3336 1876 catholicam.
3361 1819 3499 1889 Quia
3526 1837 3704 1892 neque
3739 1839 3766 1879 a

2188 1909 2367 1980 capite
2394 1911 2636 1966 membra
2655 1953 2670 1980 ,
2715 1927 2892 1982 neque
2929 1927 3129 1984 sponsa
3167 1923 3449 1984 separatur
3474 1929 3506 1968 a
3525 1929 3727 1985 sponso
3752 1935 3763 1968 :

2189 2003 2286 2058 sed
2313 2011 2427 2058 tum
2452 2004 2547 2059 tali
2572 2004 2952 2074 conjunctione
2979 2006 3200 2077 spiritus
3219 2004 3278 2060 ﬁt
3298 2022 3455 2074 unus,
3482 2004 3543 2062 ﬁt
3570 2008 3764 2070 omnia.

2189 2103 2245 2151 et
2269 2096 2325 2151 in
2353 2096 2602 2152 omnibus
2627 2097 2788 2153 Deus.
2808 2097 2954 2169 Ergo
3000 2099 3118 2170 ipse
3145 2098 3201 2153 in
3245 2098 3416 2154 Deum
3443 2098 3651 2162 credit,
3685 2101 3766 2169 qui

2185 2190 2241 2244 in
2264 2189 2434 2244 Deum
2458 2199 2700 2245 sanctam
2741 2189 3040 2246 Ecclesium
3061 2190 3369 2247 conﬁtetur.
3409 2189 3480 2244 Et
3509 2191 3768 2246 remissio-

2185 2299 2302 2337 nem
2321 2292 2668 2354 peccatorum.
2691 2282 2798 2353 Ipsi
2825 2283 2928 2339 sibi
2954 2282 3123 2339 donat
3150 2283 3384 2349 veniam,
3407 2282 3506 2352 qui
3531 2281 3772 2352 sibipec-

2185 2385 2306 2432 cata
2333 2392 2433 2446 per
2469 2374 2743 2431 Christum
2770 2376 2974 2431 remitti
3006 2391 3166 2447 posse
3195 2374 3434 2431 conﬁdit.
3477 2373 3666 2429 Carnis
3696 2391 3774 2428 re-

2184 2469 2572 2523 surrectionem.
2605 2467 2752 2523 Bene
2771 2468 2966 2534 credis,
2996 2469 3043 2524 si
3070 2477 3125 2524 te
3153 2484 3250 2539 per
3275 2467 3446 2523 Deum
3481 2468 3662 2523 credis
3700 2483 3775 2522 te-

2185 2572 2408 2628 surgere
2435 2574 2504 2614 ex
2530 2568 2708 2615 morte
2743 2575 2922 2631 posse,
2960 2560 3049 2617 cui
3092 2567 3380 2630 resurgunt
3418 2575 3638 2631 semper
3663 2560 3776 2615 ele-

2185 2659 2369 2707 menta
2401 2669 2414 2705 :
2447 2652 2527 2708 sic
2553 2659 2766 2724 tempus
2786 2668 2856 2709 ex
2875 2661 3138 2724 tempore,
3163 2654 3242 2710 sic
3260 2669 3330 2714 ex
3357 2663 3518 2710 nocte
3545 2654 3686 2722 dies,
3701 2657 3776 2710 sic

2187 2743 2256 2799 de
2274 2744 2548 2815 sepultura
2576 2761 2675 2801 sua
2703 2746 2926 2801 semina.
2969 2744 3081 2803 Nec
3119 2755 3176 2802 tu
3203 2747 3381 2818 perire
3403 2748 3631 2819 poteris,
3657 2762 3776 2803 eum

2188 2834 2282 2890 illa
2307 2836 2632 2892 reviviscant
2677 2855 2690 2890 :
2733 2852 2835 2893 nec
2879 2835 3098 2894 difﬁcile
3131 2849 3214 2894 est
3239 2839 3353 2896 Deo
3393 2838 3576 2896 facere
3619 2839 3688 2896 de
3724 2848 3778 2894 te

2189 2941 2321 2982 sene
2343 2927 2491 2997 quod
2519 2934 2577 2983 tu
2603 2928 2736 2984 facis
2764 2943 2980 3000 semper
2998 2930 3115 3001 ipse
3141 2931 3210 2986 de
3237 2932 3464 2987 semine.
3496 2930 3672 2986 Vitam
3705 2948 3776 2986 c-

2193 3027 2410 3073 ternum.
2440 3017 2567 3074 Haec
2595 3019 2746 3086 ﬁdes,
2777 3020 2884 3077 hoc
2908 3030 3303 3078 sacramentum
3338 3038 3447 3078 non
3477 3031 3581 3090 est,
3600 3021 3619 3060 ί
3638 3037 3778 3079 com-

2188 3110 2508 3166 mittendum
2551 3111 2754 3168 chartis
2775 3153 2790 3180 ,
2840 3127 2950 3169 non
2987 3112 3331 3169 scribendum
3371 3113 3570 3169 litteris
3589 3155 3605 3181 ,
3653 3115 3776 3184 quia

2189 3203 2390 3259 chartae
2417 3213 2474 3259 et
2493 3203 2686 3260 littera:
2724 3205 2898 3275 magis
2937 3215 3096 3262 cauta
3136 3221 3300 3275 quam
3335 3207 3567 3276 gratiam
3589 3205 3780 3277 prolo-

2187 3303 2454 3367 quuntur;
2482 3297 2575 3353 ubi
2597 3313 2725 3354 vero
2754 3297 2852 3354 Dei
2883 3300 3088 3368 gratia,
3129 3300 3349 3356 donatio
3387 3299 3566 3356 divina
3595 3301 3782 3356 consi~

2188 3389 2303 3453 stit,
2336 3390 2404 3445 ad
2430 3399 2648 3461 pactum
2677 3389 2830 3456 ﬁdes,
2856 3391 3084 3447 altitudo
3105 3392 3284 3447 cordis
3297 3391 3498 3447 sufﬁcit
3513 3391 3583 3446 ad
3604 3406 3783 3448 secre-

2186 3489 2301 3536 tum
2334 3500 2348 3536 :
2379 3490 2439 3537 ut
2476 3482 2582 3539 hoc
2617 3483 2807 3539 salutis
2845 3484 3148 3558 symbolum
3169 3524 3185 3549 ,
3238 3485 3343 3542 hoc
3369 3485 3495 3541 vita:
3521 3493 3739 3556 pactum
3760 3526 3775 3549 ,

2185 3576 2399 3632 divinus
2426 3577 2630 3633 arbiter
2656 3578 2891 3646 noverit,
2922 3579 3077 3634 testis
3102 3578 3268 3634 falsus
3295 3579 3532 3649 ignoret.
3561 3577 3779 3648 Signate

2186 3684 2303 3725 vos.
2328 3668 2448 3740 Ipse
2475 3678 2658 3726 autem
2685 3670 2946 3727 Dominus
2960 3670 3102 3726 Deus
3122 3679 3309 3727 noster
3332 3686 3529 3727 sensus
3546 3679 3776 3735 vestros,

2186 3761 2353 3818 corda
2378 3769 2560 3818 vestra
2585 3763 2883 3832 custodiat;
2905 3771 2962 3820 et
2981 3764 3038 3819 in
3066 3764 3150 3822 his
3177 3779 3300 3836 qua:
3325 3765 3592 3838 praecepit
3604 3764 3776 3827 vobis.

2186 3857 2303 3926 ipse
2329 3855 2482 3912 vobis
2516 3857 2695 3913 fautor
2714 3858 2953 3914 assistat.

2754 3948 2986 4006 SERMO
3023 3950 3202 4008 LVIII.

2851 4042 2920 4098 In
2954 4044 3110 4099 idem.

2257 4133 2361 4203 Qui
2381 4134 2541 4192 ﬁdem
2569 4137 2777 4208 quaerit,
2812 4136 2829 4189 l
2865 4138 3134 4194 rationem
3174 4153 3283 4194 non
3307 4138 3534 4209 quaerit;
3581 4141 3684 4210 qui
3707 4138 3779 4197 di~

2185 4230 2309 4285 vina
2336 4231 2597 4302 postulat,
2634 4231 2664 4269 ιι
2692 4232 2906 4303 seponit
2943 4232 3207 4300 humana;
3235 4233 3331 4302 qui
3368 4232 3484 4289 Deo
3530 4236 3780 4303 genitore

2186 4321 2443 4390 nascitur,
2475 4323 2808 4380 transcendit
2834 4331 3111 4393 naturam,
3143 4332 3200 4380 et
3226 4325 3460 4397 tempori
3487 4326 3568 4381 nil
3598 4327 3779 4395 debet,

559 4492 845 4575 LExstasi
867 4495 1098 4575 quadam
1121 4502 1180 4575 et
1203 4497 1400 4551 mentis
1443 4497 1784 4575 alienatione,
1806 4500 2075 4575 inquiunt
2098 4501 2151 4562 D
2175 4502 2483 4575 Nestorium
2507 4547 2522 4570 ,
2562 4505 2655 4574 qui
2685 4505 2860 4560 solum
2899 4506 3174 4564 hominem
3213 4515 3488 4564 mortuum
3536 4508 3780 4575 dicebat,

489 4561 631 4641 CXX
650 4567 773 4641 ;_ve_l
810 4561 1227 4641 profundissimo
1267 4581 1458 4623 somno
1492 4585 1617 4624 cum
1655 4561 1848 4641 capitis
1890 4561 2076 4640 grave-

488 4633 651 4708 dine_,_
661 4635 790 4708 legit
811 4633 1179 4708 Symmachus.

557 4704 586 4743 δ
608 4704 780 4783 Virgo
799 4704 1198 4783 quasistupore
1220 4719 1472 4783 soporata
1501 4717 1736 4781 putatur,
1769 4720 1829 4766 ut
1851 4726 2074 4783 sopora-

488 4783 572 4830 tus
593 4783 675 4830 est
690 4777 891 4850 _Adam.
929 4778 1090 4850 Μιτᾼ.
1120 4777 1453 4835 Crediderim
1493 4777 1795 4850 respexisse
1836 4777 2075 4839 ad'illud

485 4847 827 4924 evangelista
866 4867 880 4902 :
925 4848 1157 4903 Turbata
1193 4860 1288 4918 est,
1327 4860 1378 4904 et
1411 4847 1690 4924 cogitabat,
1726 4853 1896 4924 qualis
1937 4863 2070 4910 esset

484 4917 585 4970 ista
616 4918 881 4974 salutatio.

557 4997 580 5026 ο
623 4988 949 5064 Augustinus
973 4990 1053 5064 de!
1077 4990 1236 5064 Fide,
1269 4999 1325 5048 et
1361 4991 1546 5064 Symb.
1587 5008 1708 5064 cap.
1739 4991 1799 5045 11
1837 5001 1966 5049 tom.
1998 4995 2068 5051 Vl

482 5053 639 5127 Oper.
672 5053 794 5130 pag.
829 5059 933 5114 115
971 5062 1100 5117 edit.
1143 5053 1266 5116 Ant.
1314 5081 1328 5115 :
1371 5053 1677 5118 A'ddeudum
1719 5073 1832 5117 erat
1864 5064 2068 5121 Iudicis

481 5145 666 5215 nomen
680 5171 694 5196 ,
725 5142 935 5215 propter
956 5141 1242 5215 temporum
1256 5135 1429 5215 ’σοφιί
1436 5136 1642 5188 tionem.

550 5197 577 5278 ξι
607 5191 948 5278 Augustinus,
963 5191 1125 5278 scrin.
1153 5203 1227 5278 ’Π⁸
1239 5203 1306 5278 de
1332 5191 1584 5278 Temper.
1616 5204 1768 5278 {Hoc
1796 5207 1939 5278 enim
1959 5210 2070 5278 agit

480 5269 748 5336 Salvator,
781 5284 840 5328 ut
867 5275 1070 5329 eisdem
1099 5274 1334 5341 vestigiis
1368 5269 1564 5342 quibus
1591 5277 1822 5331 admissa
1856 5269 2069 5335 fuera'nt

479 5341 674 5415 delicta
704 5351 1078 5413 purgarentur.
1113 5342 1180 5397 Et
1210 5345 1324 5414 ipse
1345 5341 1728 5415 Chrysologus,
1754 5363 1914 5402 serm.
1951 5351 2017 5403 77
2050 5369 2064 5404 :

479 5411 878 5538 {Eisdglm’lineis
905 5416 1102 5486 quibus
1129 5411 1366 5485 perierat
1404 5411 1549 5472 salus
1577 5411 1812 5473 humana
1845 5435 2066 5491 repara-

503 5501 585 5538 ur.
669 5501 775 5538 in.
2013 5517 2018 5521 -

478 5493 585 5538 tur.
614 5493 775 5541 MITA.
2013 5517 2018 5521 '

548 5565 572 5593 θ
602 5556 773 5612 Adam
794 5557 1001 5614 scilicet
1029 5565 1084 5613 et
1106 5557 1251 5629 Evte,
1296 5568 1355 5613 ut
1393 5566 1548 5629 putat
1575 5561 1722 5616 Mita.
1753 5559 2062 5620 Iudaeorum

477 5623 719 5698 fortasse,
745 5629 858 5684 sive
884 5629 1184 5698 gentilium.
1209 5628 1360 5684 Sicut
1382 5623 1524 5684 enim
1551 5630 1798 5689 Christus
1823 5635 1934 5691 vita
1962 5637 2064 5692 fuit

475 5697 806 5754 credentium
823 5739 838 5764 ,
873 5697 949 5755 ita
977 5715 1124 5755 mors
1147 5699 1247 5755 fuit
1281 5699 1592 5758 inﬁdelium.

549 5764 568 5805 ¹
611 5765 854 5827 Christus
882 5771 1383 5851 e_nim,_secundum
1412 5771 1637 5831 formam
1681 5780 2056 5851 servi,rquam

475 5849 820 5912 susceperat,
870 5849 926 5898 et
954 5849 1012 5896 ut
1058 5841 1223 5897 homo
1251 5857 1378 5898 vere
1426 5856 1672 5908 mortuus
1717 5861 1818 5909 est.
1839 5841 2056 5911 Icontra

2176 4574 2262 4628 vel
2284 4584 2475 4648 contra
2502 4575 2824 4648 Euty_chen.,
2850 4577 2918 4632 de
2959 4594 3068 4648 quo
3088 4579 3209 4634 vide
3238 4587 3393 4634 notas
3420 4594 3592 4634 serm.
3623 4580 3716 4636 60.

2249 4654 2275 4692 ε
2309 4643 2399 4721 Sic
2420 4654 2576 4716 putat
2610 4643 2817 4702 debere
2845 4643 3007 4704 scribi
3050 4650 3310 4721 Meursius
3339 4664 3463 4720 pag.
3497 4649 3613 4721 178
3663 4667 3775 4721 cap.

2177 4713 2302 4790 '59,
2326 4713 2454 4772 licet
2501 4725 2705 4790 temere
2745 4726 2955 4775 mutare
2989 4735 3099 4776 non
3147 4713 3359 4775 audeat'
3389 4713 3538 4790 quod
3575 4713 3779 4779 habent

2177 4785 2305 4841 editi
2326 4826 2340 4848 ,
2370 4787 2735 4843 mutabundus.

2247 4855 2276 4927 ξι
2306 4857 2574 4927 Negantes
2603 4860 2900 4914 animarum
2928 4862 3406 4918 immortalitatem.
3431 4859 3610 4918 Μιτι.

2255 4926 2270 5008 ξ
2306 4926 2753 5008 Augustinus,_de
2776 4930 2960 5008 Symb.
2995 4933 3062 4987 ad
3097 4931 3529 5008 Catechumenos
3565 4952 3580 5008 ξ
3624 4934 3778 5008 Sym-

2177 4997 2348 5074 lgolum
2377 5017 2524 5074 nemo
2546 5001 2742 5074 scribit,
2765 4997 2832 5055 ut'
2852 5002 2952 5074 legi
2973 5005 3154 5074 possit,
3179 5005 3271 5058 sed
3289 4997 3695 5074 recensendum:
3721 5022 3781 5059 ne

2177 5071 2314 5155 forte
2353 5070 2520 5155 deleat
2557 5071 2740 5127 oblivio
2762 5070 3137 5155 quotﬂrhdidﬂ
3175 5075 3465 5155 diligentia.
3506 5073 3610 5155 Sit
3642 5070 3779 5155 vobis

2174 5139 2338 5213 codex
2376 5153 2542 5213 vestra
2569 5139 2834 5213 memoria.
2881 5143 3164 5200 Observat.
3215 5139 3501 5200 Calvorius
3523 5185 3544 5213 ,
3593 5154 3730 5201 tom.
3760 5146 3778 5199 l

2170 5210 2264 5284 lib.
2297 5227 2333 5284 ιι
2357 5222 2488 5284 sect.
2523 5212 2551 5265 1
2582 5229 2700 5284 cap.
2734 5212 2769 5266 Ξ
2795 5229 2916 5284 pag.
2951 5215 3086 5282 512,
3122 5215 3263 5271 lente
3301 5214 3459 5281 1705,
3495 5210 3551 5270 in
3588 5216 3778 5273 Eccle-

2171 5282 2385 5355 siastica
2427 5282 2704 5355 Veterum,
2732 5282 3022 5355 Disciplina
3068 5287 3312 5342 vocalem
3370 5287 3776 5343 institutionem

2171 5354 2533 5432 catechismum
2554 5354 2842 5432 appellari;
2868 5354 2940 5432 ita
2969 5365 3029 5412 ut
3056 5360 3304 5432 κατῃχέω
3331 5357 3446 5413 sive
3465 5361 3769 5432 κπηχίζως

2169 5423 2310 5478 idem
2337 5433 2501 5501 notet
2539 5423 2685 5494 quod
2711 5428 2812 5501 ἀπὸ
2851 5431 3113 5501 στόματος
3151 5423 3396 5491 didita-xm.
3425 5446 3519 5484 ore
3567 5423 3773 5483 ac'tviva

2173 5496 2495 5569 vocatione.
2527 5500 2770 5569 Κατηχίῳ
2800 5496 2958 5569 enim'
2983 5500 3126 5555 idem
3158 5510 3243 5555 est
3263 5516 3328 5556 ac
3355 5503 3486 5560 ἠκόω
3504 5541 3522 5567 ,
3555 5516 3766 5557 resono.

2247 5566 2261 5618 i
2300 5567 2417 5640 Non
2446 5567 2576 5640 ideo
2597 5566 2744 5637 quod
2777 5585 2894 5640 quze
2927 5567 3059 5626 ﬁdes
3086 5571 3248 5627 docet
3272 5579 3462 5628 contra
3490 5566 3766 5628 rationem
3856 5599 3857 5604 η

2165 5637 2414 5764 sintutsed
2434 5638 2580 5708 quod
2621 5653 2782 5710 supra
2792 5637 3028 5712 'captum
3048 5650 3248 5699 nostrae
3275 5642 3472 5700 mentis
3500 5643 3615 5701 sint
3639 5660 3767 5702 oon-

2165 5725 2190 5764 s
2217 5726 2232 5763 ι
2261 5726 2292 5763 u
2321 5725 2372 5764 a.
3755 5731 3758 5734 '

2162 5725 2372 5765 ειιιυω.
3755 5727 3774 5736 ”

2234 5778 2260 5819 ¹ε
2289 5779 2369 5836 Ex
2397 5796 2497 5839 ms.
2528 5781 2763 5840 Caesenae
2783 5792 2839 5839 et
2860 5785 3029 5842 Vatia.
