3882 6356
152 333 236 394 551
1553 324 1716 382 SEBD

1828 325 1965 384 LIX.

3309 355 3416 416 se»;

152 445 231 519 qui
249 440 503 511 temporis
529 441 768 493 meretur
795 441 1092 492 auctorem.
1125 433 1265 492 Ecce
1287 435 1374 507 pia
1405 445 1430 474 ι
1455 436 1576 494 fidei
1607 453 1723 509 ger—
1747 453 1794 506 Α
1825 450 1936 498 tem
1969 459 1982 496 :
2015 448 2070 500 et
2094 443 2220 502 inde
2241 445 2372 503 ﬁdes
2400 459 2775 519 argumentum
2800 452 2993 511 divina:
3019 457 3233 518 virtutis
3255 473 3310 520 et
3330 483 3420 523 ve~

149 541 279 597 mina
317 533 558 590 videmus
605 539 733 589 ante
777 531 926 588 nasci
957 547 1052 587 vos
1099 531 1236 588 velle
1280 547 1443 604 quam
1483 535 1716 606 concipi,

152 640 260 689 ante
281 628 558 701 percipere
585 627 710 683 cteli
750 639 976 696 regnum
1015 642 1178 697 quam
1204 628 1409 684 ventris
1446 631 1722 699 angustias

150 725 423 789 sustinere;
465 721 542 777 sic
578 720 804 778 tendere
852 721 920 777 ad
961 721 1129 793 patris
1167 721 1362 792 gaudia
1385 761 1402 789 ,
1433 730 1494 779 ut
1533 725 1722 780 matris

151 817 415 876 trauseatis
463 815 780 886 languores;
824 830 926 872 nec
953 817 1155 887 putatis
1201 817 1533 888 abortivum,
1575 819 1722 890 quod

150 922 396 971 maturum
417 910 636 967 creditis
664 926 784 967 esse
803 927 903 982 per
919 909 1216 968 Christum.
1241 911 1332 969 Sic
1359 912 1558 970 Paulus
1587 929 1723 986 apo-

151 1005 298 1062 stolus
319 1018 418 1074 per
445 1001 605 1058 ﬁdem
642 1011 886 1059 maturus
917 1003 1175 1070 nascitur,
1207 1005 1300 1075 qui
1328 1021 1388 1061 se
1414 1007 1719 1063 abortivum

149 1102 324 1159 clamat
350 1113 473 1154 esse
499 1113 600 1169 per
627 1105 838 1168 tempus
860 1098 878 1166 (
900 1097 920 1152 Ι
951 1096 1073 1154 Cor.
1098 1097 1212 1170 xv).
1239 1097 1480 1170 Accipite
1508 1115 1638 1170 ergo
1658 1099 1722 1153 ﬁ-

149 1191 251 1247 dem
277 1190 388 1246 sola
414 1188 554 1255 ﬁde;
585 1205 684 1245 nec
703 1190 958 1260 quaeratis
982 1191 1180 1261 aperiri
1208 1191 1364 1246 vobis
1403 1191 1570 1262 ipsius
1597 1191 1721 1249 ﬁdei

151 1283 404 1349 rationem,
429 1296 593 1351 quam
615 1297 715 1338 vos
744 1295 812 1337 ne
831 1281 1183 1352 requireretis
1203 1282 1342 1337 intra
1364 1283 1524 1339 ﬁdem
1539 1295 1718 1341 vestra

151 1374 464 1431 festinatione
490 1373 781 1430 clausistis.
800 1373 880 1430 Ad
911 1374 1070 1431 ﬁdem
1085 1391 1202 1442 vos,
1230 1375 1370 1442 Filii,
1395 1376 1559 1433 hodie
1589 1377 1720 1434 ﬁdes

149 1467 287 1524 vestri
316 1467 556 1522 auctoris
585 1466 796 1530 invitat,
822 1467 914 1536 qui
957 1466 1333 1538 promissionis
1361 1484 1474 1524 sua:
1501 1477 1628 1525 ante
1657 1468 1721 1522 ﬁ-

147 1560 248 1615 dem
273 1558 454 1628 implet
475 1573 641 1628 quam
672 1556 830 1615 ﬁdem
851 1566 1045 1614 vestra:
1085 1559 1352 1630 percipiat
1376 1560 1715 1630 sponsionis;

147 1654 306 1710 ethoc
331 1653 570 1708 restituit
597 1653 761 1709 rebus
781 1652 1048 1719 humanis,
1075 1660 1134 1707 ut
1160 1652 1288 1707 olim
1314 1654 1481 1708 verbo
1509 1653 1718 1724 promi-

146 1753 266 1801 serat
289 1760 386 1816 per
406 1745 752 1815 prophetam.
788 1742 992 1810 Dilata,
1017 1745 1210 1814 inquit,
1235 1762 1293 1801 os
1317 1755 1456 1800 tuum
1477 1755 1527 1800 et
1545 1746 1719 1800 adim-

1825 551 1901 592 ιω
1940 541 2348 596 resurrectionis
2387 543 2642 614 colligat,
2674 548 2815 605 unde
2844 550 3094 623 impietas
3134 561 3415 618 materiam

1822 635 2163 691 contumeliae
2199 644 2256 691 et
2283 639 2622 695 occasionem
2652 647 2993 716 praesumpsit
3018 651 3238 706 erroris.
3287 651 3418 711 Cru-

1823 726 2014 784 ciﬁxus
2036 729 2089 784 in
2119 746 2299 798 cruce,
2342 731 2395 786 in
2427 733 2573 790 edito
2599 752 2783 792 coram
2809 741 3058 798 omnibus
3086 744 3335 815 inimicis,
3361 757 3419 805 et

1824 826 1938 875 tota
1967 820 2287 878 crudelitate
2327 827 2716 895 spectantibus,
2761 839 2817 886 et
2845 839 2957 888 tota
2987 837 3282 895 acerbitate
3310 841 3413 895 ob-

1823 915 2200 984 servantibus,
2250 926 2481 974 mortem
2519 923 2775 993 suscepit.
2818 925 3160 998 Sepulturam
3188 934 3413 1003 patitur,

1823 1023 1892 1063 ne
1914 1016 2142 1065 mortem
2172 1026 2280 1066 non
2304 1011 2500 1069 adiisse
2523 1023 2580 1069 ut
2608 1015 2887 1087 vinceret,
2927 1021 3022 1076 sed
3051 1023 3332 1082 simulasse
3355 1035 3418 1082 ut

1822 1102 2082 1170 eluderet,
2110 1105 2178 1161 ab
2199 1105 2378 1176 impiis
2396 1106 2711 1177 jactaretur.
2747 1111 3020 1184 Sepultus,
3047 1119 3196 1172 tertia
3218 1119 3300 1174 die
3329 1137 3416 1175 re-

1821 1197 2067 1250 surrexit.
2093 1194 2219 1251 Etsi
2241 1197 2292 1252 in
2315 1199 2565 1269 passione
2590 1208 2787 1278 nostra;
2808 1219 2867 1259 se
2888 1207 3066 1262 carnis
3090 1225 3270 1264 veram
3295 1227 3419 1282 pro-

1820 1288 1969 1344 bavit
1994 1290 2246 1347 habuisse
2274 1292 2658 1361 substantiam,
2691 1312 2790 1368 per
2817 1298 2979 1354 trium
3019 1300 3230 1358 dierum
3280 1303 3421 1374 figu-

1822 1395 1934 1434 ram
1959 1388 2128 1436 totam
2160 1381 2438 1439 Trinitatis
2465 1388 2698 1456 resurgit
2726 1389 2778 1444 in
2809 1389 3056 1459 gloriam.
3088 1394 3333 1451 Ascendit
3358 1399 3417 1454 in

1821 1472 1992 1528 malos.
2019 1473 2275 1530 Ascendit
2305 1491 2404 1535 nos
2431 1478 2731 1548 perferens,
2765 1497 2872 1536 non
2915 1499 2974 1538 se
3001 1484 3242 1543 referens
3263 1528 3278 1554 ,
3321 1489 3417 1559 qui

1821 1582 2112 1638 numquam
2143 1572 2367 1626 recessit
2387 1586 2418 1627 e
2448 1573 2608 1629 caelo.
2637 1574 2796 1631 Sedet
2815 1577 2886 1630 ad
2908 1577 3173 1636 dexteram
3210 1581 3413 1639 Patris.

1821 1657 1965 1715 Ordo
1988 1661 2059 1715 ibi
2089 1660 2300 1717 divinus
2327 1671 2428 1730 est,
2461 1681 2568 1720 non
2601 1666 2898 1735 humanus;
2935 1671 3013 1726 sic
3041 1688 3071 1726 a
3097 1672 3303 1728 dextris
3328 1689 3406 1731 se-

1821 1752 1915 1809 det
1942 1754 2126 1822 Filius,
2161 1765 2221 1811 ut
2248 1755 2410 1812 Pater
2437 1775 2544 1814 non
2575 1759 2764 1817 sedeat
2799 1778 2830 1818 a
2861 1764 3092 1821 sinistris
3126 1785 3139 1820 :
3173 1769 3330 1824 unica
3361 1776 3420 1824 et

147 1839 265 1913 plebe
281 1838 408 1894 illud
431 1839 449 1909 (
475 1837 681 1894 Psalm.
715 1837 912 1908 Lxxx).
947 1837 1062 1894 Hoc
1084 1845 1185 1903 est,
1218 1846 1276 1892 tu
1305 1839 1465 1894 dilata
1498 1839 1550 1893 in
1580 1855 1715 1894 con-
1751 1850 1792 1909 Β
1822 1848 2108 1918 singularis
2154 1859 2238 1906 es;
2281 1851 2462 1908 divina
2493 1856 2770 1911 congessi"
2793 1897 2808 1922 ,
2858 1858 2950 1914 ubi
2987 1875 3220 1930 superna
3248 1862 3420 1918 vinus

148 1932 365 1997 fessionc,
397 1938 454 1985 et
477 1946 584 2000 ego
607 1930 736 1985 illud
785 1930 953 2001 ipsius
977 1930 1333 1987 confessionis
1363 1930 1582 2001 replebo
1625 1945 1715 1985 sa-

148 2031 405 2087 cramento,
433 2030 490 2077 et
521 2022 750 2094 mystico
784 2037 1036 2078 sermone
1082 2022 1286 2088 ditabo,
1319 2030 1376 2076 et
1402 2021 1624 2092 replebo
1653 2022 1718 2076 il-

147 2115 217 2174 lud
256 2124 361 2172 toto
402 2115 629 2186 eloquio
675 2115 913 2172 cmlestis
960 2114 1163 2170 arcani.
1218 2113 1285 2167 Et
1313 2129 1522 2179 revera,
1575 2112 1714 2179 Filii,

148 2208 364 2280 quidquid
387 2207 680 2275 audientis,
712 2207 972 2278 quidquid
1002 2205 1380 2278 respondentis
1407 2206 1716 2262 obedientia

147 2302 412 2376 profitetur,
447 2302 558 2358 hoc
585 2302 838 2358 donantis
865 2309 921 2357 et
958 2302 1204 2358 docentis
1233 2301 1329 2356 Dei
1358 2299 1624 2356 redundat
1651 2299 1719 2355 ad

145 2395 355 2465 gratiam.
379 2394 676 2466 Accepturi
705 2408 837 2463 ergo
859 2394 1184 2467 symbolum,
1230 2399 1334 2449 hoc
1365 2401 1470 2458 est,
1501 2401 1720 2463 pactum

147 2487 262 2552 vine,
286 2486 471 2542 salutis
505 2487 778 2558 placitum,
811 2493 867 2542 et
894 2486 1036 2542 inter
1064 2502 1161 2542 vos
1185 2493 1240 2541 et
1269 2485 1440 2540 Deum
1467 2483 1590 2539 ﬁdei
1631 2485 1718 2540 in-

148 2578 340 2634 solubile
379 2578 658 2636 vinculum
701 2587 922 2649 pectora
964 2587 1172 2650 parate,
1206 2577 1234 2617 δ
1279 2594 1387 2633 non
1433 2578 1715 2645 chartam;

149 2687 334 2728 sensum
373 2673 588 2740 acuite,
623 2688 729 2728 non
777 2672 1077 2739 calamum;
1109 2679 1165 2727 ct
1203 2671 1386 2726 audita
1427 2687 1536 2726 non
1575 2678 1721 2725 atra-

149 2774 321 2832 mento,
350 2766 442 2822 sed
469 2767 665 2838 Spiritu
687 2767 1029 2822 ministrante
1057 2765 1347 2822 describite
1379 2784 1392 2818 ;
1428 2765 1553 2835 quia
1577 2779 1723 2820 com-

150 2859 269 2915 mitti
307 2876 407 2915 non
451 2867 640 2931 potest
679 2859 900 2916 caducis
938 2867 994 2914 et
1041 2859 1482 2930 corruptibilibus
1519 2858 1720 2913 instru-

152 2955 320 3009 mentis
336 2962 595 3010 aaternum
619 2961 674 3010 et
695 2953 915 3010 caeleste
935 2961 1222 3015 secretum,
1255 2951 1350 3007 sed
1373 2951 1425 3006 in
1455 2951 1571 3021 ipsa
1593 2965 1718 3006 arca

158 3046 357 3112 animae,
399 3045 451 3100 in
501 3046 618 3116 ipsa
659 3045 986 3101 bibliotheca
1033 3043 1232 3098 interni
1261 3041 1482 3113 spiritus
1509 3049 1593 3096 est
1635 3041 1719 3096 lo-

154 3138 382 3204 candum;
411 3155 478 3195 ne
500 3138 761 3211 profanus
789 3139 1010 3204 arbiter,
1045 3153 1113 3192 ne
1143 3136 1420 3207 improbus
1459 3135 1604 3205 quod
1633 3135 1718 3190 tli-

1822 1942 2016 2012 recipit
2041 1943 2113 1998 nil
2141 1943 2437 2000 sinistrum.
2475 1945 2607 2003 Inde
2633 1958 2876 2006 uenturus
2905 1963 2982 2006 est
3003 1953 3246 2024 judicare
3283 1955 3420 2011 viros

1820 2043 1871 2088 et
1888 2044 2137 2090 mortuos.
2173 2036 2428 2092 Desinant
2469 2039 2748 2106 homines,
2781 2041 3033 2099 desinant
3060 2045 3298 2101 haeretici
3331 2046 3421 2116 ju-

1821 2125 2002 2181 dicare
2026 2126 2262 2197 judicem
2291 2146 2481 2197 suum;
2524 2142 2744 2202 sperent
2770 2135 3005 2202 veniam,
3036 2153 3104 2192 ne
3143 2138 3422 2193 incurrant

1821 2216 1890 2272 de
1919 2217 2010 2272 tali
2042 2221 2462 2292 prmsumptione
2497 2224 2842 2279 sententiam.
2885 2224 3050 2281 Credo
3077 2229 3132 2282 in
3163 2227 3421 2299 Spiritum

1822 2320 2079 2366 sanctum.
2105 2311 2259 2368 Nunc
2279 2313 2517 2384 perfecta
2544 2324 2628 2371 est
2647 2326 2736 2372 tua
2762 2318 2815 2372 in
2840 2317 3103 2374 Trinitate
3127 2322 3417 2388 confessio,

1820 2403 2037 2472 quando
2076 2404 2336 2474 Spiritum
2365 2415 2611 2463 sanctum
2644 2409 2804 2464 unius
2845 2425 2969 2465 cum
3014 2409 3176 2468 Patre
3204 2421 3259 2468 et
3283 2413 3420 2470 Filio

1820 2493 2134 2550 substantiae
2165 2495 2305 2551 ﬁdeli
2319 2513 2452 2554 voce
2479 2499 2760 2555 confessus
2787 2515 2864 2556 es.
2891 2499 2963 2555 Et
2981 2512 3218 2558 sanctam
3239 2502 3423 2561 Eccle-

1819 2585 1974 2639 siam.
2001 2584 2136 2652 Quia
2167 2587 2246 2642 sic
2273 2586 2563 2658 conjuncta
2591 2587 2810 2646 Christo
2851 2600 2953 2658 est,
2987 2603 3047 2647 ut
3074 2602 3242 2650 totam
3285 2595 3423 2651 divi-

1821 2679 2007 2735 nitatis
2030 2681 2385 2736 transferatur
2412 2682 2466 2736 in
2488 2683 2736 2753 gloriam.
2773 2683 3150 2742 Remissionem
3178 2697 3420 2759 peccato-

1819 2787 1954 2824 rum.
2000 2770 2232 2841 Acquire
2279 2772 2376 2828 tibi
2419 2781 2507 2828 tua
2552 2774 2656 2829 ﬁde
2681 2775 2894 2835 veniam
2928 2795 2940 2830 :
2973 2777 3098 2846 quia
3139 2779 3272 2834 satis
3319 2780 3423 2836 sibi

1821 2863 2070 2918 inimicus
2099 2871 2201 2930 est,
2233 2865 2326 2934 qui
2354 2865 2461 2921 hoc
2487 2865 2589 2921 sibi
2612 2865 2730 2922 dari
2758 2883 2866 2922 non
2897 2869 3097 2938 credit,
3129 2869 3276 2939 quod
3305 2877 3420 2925 tota

1819 2953 2151 3024 benignitate
2179 2957 2515 3025 largissimus
2539 2959 2807 3029 promittit
2834 2960 3090 3016 indultor.
3126 2963 3313 3017 Carnis
3333 2979 3420 3016 re-

1818 3050 2205 3104 surrectionem.
2230 3048 2406 3106 Crede
2436 3052 2616 3108 carnis
2642 3055 3095 3110 resurrectionem
3131 3073 3144 3108 :
3175 3056 3300 3125 quia
3329 3057 3422 3126 qui

1821 3141 1926 3198 hoc
1963 3158 2070 3197 non
2112 3143 2311 3209 credit,
2352 3144 2512 3200 ﬁdem
2550 3161 2657 3200 non
2696 3147 2858 3202 habet
2899 3147 2952 3201 in
3000 3146 3299 3218 prtedictis,
3339 3145 3422 3201 di-

152 3229 326 3288 laceret
354 3231 630 3288 discussor
668 3233 939 3299 inveniat,
972 3239 1028 3287 et
1076 3229 1168 3284 ﬁat
1197 3230 1265 3284 ad
1312 3229 1715 3284 contemnentis

1823 3245 1978 3292 cente
2004 3237 2267 3306 Apostolo
2296 3255 2308 3290 :
2343 3236 2404 3294 Si
2424 3240 2613 3294 mortui
2635 3256 2739 3295 non
2771 3250 3063 3313 resurgunt,
3089 3257 3251 3314 neque
3271 3239 3424 3297 Chri-

153 3331 198 3377 et
220 3323 503 3393 ignorantis
531 3325 742 3380 ruinam
768 3365 783 3389 ,
833 3324 980 3395 quod
1023 3322 1336 3381 conﬁtentis
1364 3332 1419 3378 et
1448 3323 1722 3379 credentis

153 3415 371 3474 donatum
395 3427 484 3475 est
517 3419 583 3474 ad
611 3420 860 3475 salutem.
893 3418 1001 3474 Sed
1041 3419 1240 3474 dicenti
1267 3418 1363 3473 tibi
1393 3417 1670 3488 prophetae
1702 3435 1715 3472 :

151 3509 298 3567 Dilata
318 3532 370 3570 os
398 3523 547 3568 tuum
568 3523 618 3568 et
637 3512 928 3584 adimplebo
952 3512 1082 3567 illud
1098 3512 1114 3579 (
1125 3511 1322 3567 Psalm.
1351 3514 1536 3580 Lux),
1555 3524 1610 3566 tu
1627 3526 1717 3566 re-

151 3605 379 3675 spondere
400 3606 614 3678 possis:
637 3606 702 3660 In
725 3605 880 3662 corde
901 3623 1012 3660 meo
1033 3605 1282 3660 abscondi
1304 3604 1508 3676 eloquia
1533 3613 1640 3670 tua,
1663 3612 1720 3656 ut

150 3713 233 3751 non
266 3716 460 3767 peccem
513 3699 604 3754 tibi
647 3698 888 3771 (Psalm.
949 3715 1109 3755 cxvm
1145 3699 1182 3770 ).
1228 3697 1393 3754 Credo
1430 3699 1487 3753 in
1550 3696 1716 3753 Deum

150 3787 329 3847 Patrem
367 3794 795 3864 omnipotentem.
847 3792 949 3859 Qui
989 3790 1270 3848 confessus
1316 3798 1400 3846 est
1454 3787 1714 3858 Patrem,

149 3883 400 3940 conﬁtetur
428 3893 490 3941 et
517 3883 711 3940 Filium
736 3926 752 3950 ,
793 3883 918 3954 quia
947 3884 1064 3939 sine
1092 3883 1228 3939 Filio
1258 3882 1419 3939 Pater
1455 3881 1561 3938 dici
1603 3898 1713 3936 non

149 3985 325 4047 potest;
355 3987 410 4034 ct
431 3979 565 4049 quia
588 3977 697 4034 Deo
718 3977 920 4048 augeri,
946 3977 1058 4033 Deo
1089 3976 1210 4032 addi
1234 3976 1307 4031 nil
1335 3983 1536 4047 potest.
1559 3975 1716 4031 Sem-

151 4083 230 4137 per
251 4069 338 4125 fuit
361 4070 554 4134 Filius,
587 4070 712 4140 quia
757 4070 854 4125 luit
879 4085 1094 4141 semper
1114 4077 1169 4125 et
1196 4068 1387 4136 Pater;
1421 4069 1593 4125 nescit
1629 4068 1714 4123 in-

148 4159 300 4217 cboari
327 4161 518 4225 Filius,
545 4162 671 4232 quia
711 4160 942 4218 deficere
966 4159 1128 4217 Pater
1158 4161 1361 4228 nescit;
1395 4177 1495 4218 nec
1521 4160 1717 4217 crescit

148 4250 354 4321 Genitus,
387 4256 486 4312 ubi
515 4253 741 4311 Genitor
771 4271 876 4311 non
925 4256 1159 4312 senescit
1207 4273 1220 4307 :
1258 4263 1461 4310 :nterna
1493 4262 1548 4310 ct
1574 4268 1715 4309 com-

149 4351 271 4402 terna
294 4348 467 4404 Patris
497 4357 553 4405 et
582 4347 699 4404 Filii
740 4348 1038 4405 substantia
1087 4363 1195 4402 non
1231 4346 1488 4417 gradibus
1529 4345 1718 4400 huma-

149 4440 229 4500 nis,
249 4442 334 4497 sed
361 4442 560 4498 divinis
589 4449 674 4496 est
699 4441 1010 4496 :estimanda
1024 4441 1333 4496 virtutibus.
1362 4437 1429 4494 In
1452 4437 1714 4494 Christum

147 4528 294 4588 Iesum
319 4533 520 4590 Filium
541 4534 653 4606 ejus
673 4535 882 4588 unicum
899 4574 914 4598 ,
957 4532 1241 4588 Dominum
1280 4543 1531 4588 nostrum.
1555 4529 1714 4585 Chri-

1822 3341 1932 3386 stus
1972 3332 2254 3386 resurrexit
2289 3330 2340 3402 (l
2380 3330 2500 3388 Cor.
2542 3331 2674 3404 xv).
2727 3332 2875 3400 Quos
2915 3332 3178 3403 judicabit
3225 3333 3423 3404 quibus

1823 3422 2072 3489 regnabit
2098 3421 2270 3486 Deus,
2315 3421 2362 3478 si
2415 3422 2575 3486 vitae,
2606 3422 2653 3478 si
2699 3422 2907 3493 judicio
2948 3425 3272 3481 resurrectio
3312 3440 3423 3482 non

1823 3513 2116 3568 reddiderit
2141 3529 2278 3584 quos
2298 3515 2499 3570 sarculo
2528 3530 2676 3570 mors
2697 3516 2930 3571 ademit?
2951 3515 3124 3572 Vitam
3146 3527 3418 3574 wternam.

1822 3604 2165 3662 Manifestum
2189 3614 2293 3675 est,
2321 3606 2448 3677 quia
2470 3607 2580 3662 vita
2599 3615 2800 3663 aeterna
2823 3608 2938 3680 ipsa
2955 3619 3131 3666 morte
3153 3611 3421 3669 moriente

1821 3699 2079 3756 succedit.

2413 3789 2646 3845 SERMO
2691 3791 2821 3846 LIX.

2493 3881 2559 3938 In
2589 3883 2744 3938 idem.

1896 3973 2132 4030 Audistis
2158 3990 2351 4032 vocem
2394 3973 2604 4040 Patris,
2656 3991 2844 4032 vocem
2885 3977 3126 4033 vocantis
3155 3976 3415 4035 audistis:

1818 4066 2032 4135 Venite,
2065 4068 2188 4132 ﬁlii,
2215 4069 2424 4136 venite,
2457 4069 2665 4136 venite,
2697 4069 2823 4138 quia
2852 4069 3001 4124 venit
3029 4078 3240 4142 tempus
3269 4071 3414 4137 fidei,

1817 4162 2153 4219 credulitatis
2179 4163 2315 4230 dies,
2341 4161 2696 4219 confessionis
2725 4162 2877 4216 hora.
2911 4160 3121 4229 Venite,
3153 4163 3418 4232 petitores

1818 4254 1971 4321 ﬁdei,
2004 4255 2193 4312 aﬁ‘ertc
2221 4256 2492 4313 sincerum
2521 4264 2711 4328 pectus
2729 4295 2744 4318 ,
2776 4271 2873 4310 cor
2901 4254 3189 4323 mundum,
3221 4271 3414 4327 puram

1817 4363 2027 4415 vocem,
2060 4358 2118 4404 ut
2141 4353 2287 4419 quod
2315 4364 2414 4420 per
2436 4363 2535 4404 nos
2554 4363 2735 4404 sermo
2757 4347 3006 4403 salutaris
3027 4348 3284 4418 insinuat,
3315 4367 3416 4406 vos

1817 4451 2007 4498 sancto
2035 4443 2263 4514 capiatis
2296 4442 2503 4498 auditu.
2545 4441 2705 4498 Fides
2733 4458 2800 4497 ex
2830 4441 3043 4507 auditu,
3088 4443 3303 4500 auditus
3345 4461 3414 4501 ex

1816 4536 1984 4590 verbo
2011 4543 2244 4591 constat.
2278 4533 2541 4590 Placitum
2569 4533 2713 4598 ﬁdei,
2746 4542 2962 4605 pactum
2992 4535 3198 4604 gratim,
3223 4536 3415 4592 salutis

147 4632 264 4679 stum
289 4636 513 4684 unctum
535 4627 722 4698 accipe
747 4643 854 4682 non
892 4625 1164 4682 communi
1193 4626 1337 4691 0'00.
1363 4623 1458 4680 sed
1499 4629 1708 4693 Sancto.
1741 4625 1794 4688 Β
1817 4629 2121 4704 symbolum
2152 4638 2264 4684 tota
2293 4628 2639 4699 simplicitate
2667 4643 2859 4686 sensus
2885 4627 3099 4692 audite,
3149 4637 3416 4698 quatenus

148 4730 234 4785 quo
254 4728 406 4776 natus
435 4728 519 4775 est
540 4718 761 4789 Spiritu.
797 4716 898 4784 Qui
920 4728 1074 4773 natus
1095 4727 1172 4773 est
1193 4717 1258 4772 de
1279 4717 1483 4789 Spiritu
1505 4724 1708 4770 sancto.

148 4807 242 4865 Tali
269 4813 545 4868 nativitate
571 4819 887 4867 consecrata
915 4820 998 4867 est
1023 4812 1074 4866 in
1105 4811 1218 4866 Deo
1248 4809 1572 4867 humanitas.
1604 4823 1713 4862 non

147 4899 220 4954 tali
237 4901 544 4971 dignatione
574 4903 840 4958 minorata
879 4911 962 4956 est
992 4913 1013 4941 ο
1047 4903 1100 4957 in
1122 4902 1339 4957 homine
1379 4901 1572 4957 deitas.
1605 4897 1716 4968 Qui

146 5002 274 5048 natus
291 4995 451 5050 estde
472 4993 674 5066 Spiritu
693 5003 874 5049 sancto
894 5011 959 5048 ea:
982 4993 1155 5048 Maria
1183 4995 1398 5065 uirgine.
1422 4993 1714 5063 Virginitas

148 5081 287 5140 Deum
314 5088 580 5155 credidit,
622 5089 748 5158 quia
781 5104 886 5143 non
911 5089 1011 5143 nisi
1051 5104 1150 5158 per
1194 5088 1361 5142 Deum
1412 5088 1527 5158 ipsa
1557 5089 1710 5160 virgo

144 5195 241 5236 esse
268 5184 441 5252 potuit
469 5191 524 5238 et
551 5193 744 5238 mater.
776 5180 878 5248 Qui
898 5183 990 5239 sub
1014 5181 1207 5238 Pontio
1229 5180 1405 5238 Pilato
1427 5183 1708 5256 cruciﬁxus

142 5281 218 5337 rat,
239 5283 285 5330 et
302 5275 552 5348 sepultus.
593 5273 837 5333 Judicem
882 5277 1080 5333 indicat
1104 5283 1163 5332 ut
1184 5284 1396 5347 tempus
1422 5275 1706 5346 designet;

141 5366 432 5424 cruciﬁxum
456 5375 758 5436 memorat,
805 5376 865 5423 ut
892 5367 1160 5440 passionis
1187 5365 1432 5424 conferat
1475 5368 1708 5438 qualita-

200 5577 224 5606 ι
245 5570 552 5644 Alloquitur
579 5588 676 5629 eos
713 5572 806 5644 qui
851 5586 978 5628 mox
999 5587 1157 5627 sacro
1195 5569 1556 5644 [antegerunt
1608 5571 1713 5626 tin-

143 5641 297 5715 gendi,
330 5641 466 5712 quos
490 5644 614 5715 ﬁdei
643 5641 843 5700 semina
875 5652 1164 5699 vocaverat
1195 5641 1574 5715 Tertullianus.

199 5709 224 5749 δ
252 5709 363 5768 Asti
380 5709 559 5770 notam
581 5716 823 5771 ultimam
844 5715 1141 5783 superioris
1163 5714 1460 5779 sermonis;
1493 5723 1548 5768 et
1577 5713 1715 5768 adde

145 5777 481 5858 Christianum
505 5785 733 5858 Lupum,
768 5777 952 5842 tonu'l
979 5783 1140 5858 Oper.
1169 5799 1292 5858 pag.
1325 5783 1378 5850 6,
1411 5777 1500 5842 ubi
1536 5785 1717 5842 laudat

147 5847 244 5910 haec
261 5855 446 5914 eadem
464 5847 632 5914 verba
650 5847 991 5930 Chrysologi.

524 5954 796 6016 Pauor-
840 5950 974 6014 LII.

1818 4722 1950 4778 illud
1979 4721 2336 4778 confessionis
2379 4729 2624 4792 tempore
2650 4727 2707 4776 et
2735 4720 2920 4776 audire
2961 4719 3182 4791 possitis
3212 4729 3268 4777 et
3294 4722 3418 4778 red-

1817 4815 1948 4872 dere
1974 4832 1987 4868 :
2018 4815 2144 4886 quia
2170 4814 2309 4870 istud
2331 4813 2556 4869 reddere
2577 4813 2886 4868 esthabere
2910 4829 2923 4878 ;
2955 4812 3193 4867 divinum
3221 4829 3417 4869 munus

1817 4907 1910 4979 qui
1938 4906 2253 4969 reddiderit,
2288 4922 2394 4963 non
2418 4906 2636 4961 amittit.
2668 4905 2902 4960 Daturus
2921 4905 3094 4974 legem
3121 4905 3280 4968 Deus,
3299 4904 3416 4974 jus-

1816 5002 1889 5057 sit
1917 5008 1974 5055 ut
1997 5001 2182 5071 populi
2221 5000 2466 5054 lavarent
2493 5005 2702 5062 vestes,
2756 4997 2998 5051 lavarent
3025 5011 3252 5066 corpora
3291 5011 3410 5062 sua,

1818 5100 2071 5160 totosque
2110 5105 2170 5145 se
2197 5089 2266 5145 ab
2293 5090 2442 5145 omni
2485 5089 2664 5144 carnis
2705 5087 3029 5156 contagione
3069 5085 3411 5151 mundarent,

1817 5183 1944 5254 quia
1973 5182 2408 5255 appropinquare
2436 5179 2548 5236 Deo
2577 5179 2742 5236 homo
2772 5194 2878 5234 non
2906 5185 3087 5249 potest
3128 5176 3254 5233 fasce
3292 5193 3414 5234 cor-

1817 5276 2014 5347 porali,
2045 5274 2320 5332 mundano
2342 5274 2596 5345 squalore
2619 5273 2872 5344 pollutus.
2899 5269 3009 5326 Lex
3028 5270 3136 5338 illa,
3159 5285 3280 5342 quae
3293 5285 3415 5342 gra-

1818 5367 1909 5423 tia:
1923 5367 2168 5424 umbram
2190 5367 2362 5424 tenuit
2379 5375 2436 5423 et
2455 5363 2698 5436 ﬁguram,
2718 5364 2744 5402 ἀ
2765 5361 3196 5436 puriﬁcationem
3219 5365 3415 5421 merito

1896 5581 1919 5610 ο
1950 5568 2062 5627 Leo
2084 5568 2154 5624 Μ.
2187 5585 2349 5626 serm.
2385 5567 2407 5622 l
2445 5568 2512 5624 de
2547 5567 2725 5623 Nativ.
2763 5564 2918 5620 :Nec
2955 5567 3258 5640 inferiorem
3297 5587 3414 5625 ron-

1820 5651 2043 5698 sumeret
2092 5641 2404 5713 gleri/icatio
2434 5682 2449 5706 ,
2500 5656 2593 5694 nec
2658 5640 2975 5710 superiorem
3023 5641 3276 5696 minueret
3325 5659 3416 5697 as-

1821 5725 2148 5839 wT’i‘i'tmim
2177 5791 2261 5839 est
2297 5797 2460 5840 quam
2493 5781 2695 5837 fuerint
2721 5779 3012 5838 familiares
3039 5781 3278 5840 Hebraeis
3316 5785 3413 5840 ab-

1822 5855 2058 5915 lutiones
2085 5863 2141 5912 et
2166 5851 2586 5926 purificationes.
2623 5851 2776 5910 Unde
2815 5853 3242 5924 ingredientibus
3281 5863 3414 5912 tem.

2877 5961 2948 6024 l9.
