  <div class='ocr_page' id='page_1' title='image "/cluster/home/n/w/nwhite01/storage/ocr_20150623/52/hvd.32044015706419/185.png"; bbox 0 0 3942 6348; ppageno 0'>
   <div class='ocr_carea' id='block_1_1' title="bbox 485 378 3757 465">
    <p class='ocr_par' dir='ltr' id='par_1_1' title="bbox 485 378 3757 465">
     <span class='ocr_line' id='line_1_1' title="bbox 485 378 3757 465; baseline 0.001 -5"><span class='ocrx_word' id='word_1_1' title='bbox 485 403 595 464; x_wconf 70' lang='lat' dir='ltr'><strong>ass</strong></span> <span class='ocrx_word' id='word_1_2' title='bbox 1743 400 1801 455; x_wconf 91' lang='lat' dir='ltr'><strong>s.</strong></span> <span class='ocrx_word' id='word_1_3' title='bbox 1844 398 2050 456; x_wconf 73' lang='lat' dir='ltr'><strong>rem</strong></span> <span class='ocrx_word' id='word_1_4' title='bbox 2089 378 2524 458; x_wconf 73' lang='lat' dir='ltr'><strong>cunrsotoet</strong></span> <span class='ocrx_word' id='word_1_5' title='bbox 3668 390 3757 465; x_wconf 70' lang='lat' dir='ltr'><strong>tot</strong></span> 
     </span>
    </p>
   </div>
   <div class='ocr_carea' id='block_1_2' title="bbox 487 513 3757 591">
    <p class='ocr_par' dir='ltr' id='par_1_2' title="bbox 487 513 3757 591">
     <span class='ocr_line' id='line_1_2' title="bbox 487 513 3757 591; baseline -0.002 -15"><span class='ocrx_word' id='word_1_6' title='bbox 487 520 681 591; x_wconf 81' lang='lat' dir='ltr'><strong>quaerit</strong></span> <span class='ocrx_word' id='word_1_7' title='bbox 709 526 933 581; x_wconf 85' lang='lat' dir='ltr'><strong>tantam,</strong></span> <span class='ocrx_word' id='word_1_8' title='bbox 971 522 1171 573; x_wconf 80' lang='lat' dir='ltr'><strong>tantam</strong></span> <span class='ocrx_word' id='word_1_9' title='bbox 1200 514 1395 585; x_wconf 82' lang='lat' dir='ltr'><strong>merito</strong></span> <span class='ocrx_word' id='word_1_10' title='bbox 1423 514 1590 583; x_wconf 79' lang='lat' dir='ltr'><strong>exigit</strong></span> <span class='ocrx_word' id='word_1_11' title='bbox 1617 515 1927 584; x_wconf 85' lang='lat' dir='ltr'><strong>puritatem.</strong></span> <span class='ocrx_word' id='word_1_12' title='bbox 1962 515 2074 570; x_wconf 53' lang='lat' dir='ltr'><strong>Au;-</strong></span> <span class='ocrx_word' id='word_1_13' title='bbox 2104 518 2152 575; x_wconf 83' lang='lat' dir='ltr'><strong>A</strong></span> <span class='ocrx_word' id='word_1_14' title='bbox 2174 532 2319 572; x_wconf 80' lang='lat' dir='ltr'><strong>unus</strong></span> <span class='ocrx_word' id='word_1_15' title='bbox 2340 522 2558 573; x_wconf 80' lang='lat' dir='ltr'><strong>coaetat</strong></span> <span class='ocrx_word' id='word_1_16' title='bbox 2584 514 2875 572; x_wconf 88' lang='lat' dir='ltr'><strong>inChristo</strong></span> <span class='ocrx_word' id='word_1_17' title='bbox 2907 531 2923 570; x_wconf 90' lang='lat'><strong>:</strong></span> <span class='ocrx_word' id='word_1_18' title='bbox 2947 515 3075 586; x_wconf 81' lang='lat' dir='ltr'><strong>quin</strong></span> <span class='ocrx_word' id='word_1_19' title='bbox 3093 513 3349 585; x_wconf 78' lang='lat' dir='ltr'><strong>quidquid</strong></span> <span class='ocrx_word' id='word_1_20' title='bbox 3371 513 3757 579; x_wconf 48' lang='grc' dir='ltr'><strong>δμωάων,</strong></span> 
     </span>
    </p>
   </div>
   <div class='ocr_carea' id='block_1_3' title="bbox 488 607 3758 675">
    <p class='ocr_par' dir='ltr' id='par_1_3' title="bbox 488 607 3758 675">
     <span class='ocr_line' id='line_1_3' title="bbox 488 607 3758 675; baseline 0.001 -8"><span class='ocrx_word' id='word_1_21' title='bbox 488 612 681 669; x_wconf 87' lang='lat' dir='ltr'><strong>dituris</strong></span> <span class='ocrx_word' id='word_1_22' title='bbox 710 609 1011 669; x_wconf 87' lang='lat' dir='ltr'><strong>Divinitatis</strong></span> <span class='ocrx_word' id='word_1_23' title='bbox 1037 614 1436 663; x_wconf 80' lang='lat' dir='ltr'><strong>sacramentum</strong></span> <span class='ocrx_word' id='word_1_24' title='bbox 1466 613 1660 673; x_wconf 86' lang='lat' dir='ltr'><strong>totum,</strong></span> <span class='ocrx_word' id='word_1_25' title='bbox 1693 616 1895 675; x_wconf 87' lang='lat' dir='ltr'><strong>quanta</strong></span> <span class='ocrx_word' id='word_1_26' title='bbox 1925 622 2080 662; x_wconf 64' lang='lat' dir='ltr'><strong>meis-</strong></span> <span class='ocrx_word' id='word_1_27' title='bbox 2186 618 2243 666; x_wconf 93' lang='lat' dir='ltr'><strong>et</strong></span> <span class='ocrx_word' id='word_1_28' title='bbox 2263 611 2595 667; x_wconf 78' lang='lat' dir='ltr'><strong>humanitate</strong></span> <span class='ocrx_word' id='word_1_29' title='bbox 2616 610 2760 667; x_wconf 79' lang='lat' dir='ltr'><strong>Deus</strong></span> <span class='ocrx_word' id='word_1_30' title='bbox 2785 625 2924 666; x_wconf 71' lang='lat' dir='ltr'><strong>unus</strong></span> <span class='ocrx_word' id='word_1_31' title='bbox 2951 617 3053 665; x_wconf 85' lang='lat' dir='ltr'><strong>est.</strong></span> <span class='ocrx_word' id='word_1_32' title='bbox 3084 608 3251 664; x_wconf 86' lang='lat' dir='ltr'><strong>Desiit</strong></span> <span class='ocrx_word' id='word_1_33' title='bbox 3272 609 3328 664; x_wconf 89' lang='lat' dir='ltr'><strong>in</strong></span> <span class='ocrx_word' id='word_1_34' title='bbox 3348 607 3578 666; x_wconf 84' lang='lat' dir='ltr'><strong>Christo</strong></span> <span class='ocrx_word' id='word_1_35' title='bbox 3598 613 3758 669; x_wconf 57' lang='grc' dir='ltr'><strong>ἠιμ</strong></span> 
     </span>
    </p>
   </div>
   <div class='ocr_carea' id='block_1_4' title="bbox 488 700 3759 775">
    <p class='ocr_par' dir='ltr' id='par_1_4' title="bbox 488 700 3759 775">
     <span class='ocr_line' id='line_1_4' title="bbox 488 700 3759 775; baseline -0.001 -14"><span class='ocrx_word' id='word_1_36' title='bbox 488 706 592 771; x_wconf 91' lang='lat' dir='ltr'><strong>tis,</strong></span> <span class='ocrx_word' id='word_1_37' title='bbox 623 715 823 775; x_wconf 87' lang='lat' dir='ltr'><strong>quanta</strong></span> <span class='ocrx_word' id='word_1_38' title='bbox 848 702 1093 771; x_wconf 86' lang='lat' dir='ltr'><strong>corporis</strong></span> <span class='ocrx_word' id='word_1_39' title='bbox 1121 716 1258 770; x_wconf 80' lang='lat' dir='ltr'><strong>Opus</strong></span> <span class='ocrx_word' id='word_1_40' title='bbox 1304 708 1388 757; x_wconf 90' lang='lat' dir='ltr'><strong>est</strong></span> <span class='ocrx_word' id='word_1_41' title='bbox 1427 700 1710 771; x_wconf 82' lang='lat' dir='ltr'><strong>puritate?</strong></span> <span class='ocrx_word' id='word_1_42' title='bbox 1765 701 2084 759; x_wconf 84' lang='lat' dir='ltr'><strong>Mundemus</strong></span> <span class='ocrx_word' id='word_1_43' title='bbox 2184 702 2504 758; x_wconf 82' lang='lat' dir='ltr'><strong>stantiamm</strong></span> <span class='ocrx_word' id='word_1_44' title='bbox 2544 702 2832 759; x_wconf 75' lang='lat' dir='ltr'><strong>diversitas</strong></span> <span class='ocrx_word' id='word_1_45' title='bbox 2855 740 2870 767; x_wconf 96' lang='lat'><strong>,</strong></span> <span class='ocrx_word' id='word_1_46' title='bbox 2931 701 3027 757; x_wconf 87' lang='lat' dir='ltr'><strong>ubi</strong></span> <span class='ocrx_word' id='word_1_47' title='bbox 3076 716 3207 758; x_wconf 84' lang='lat' dir='ltr'><strong>caro</strong></span> <span class='ocrx_word' id='word_1_48' title='bbox 3251 701 3419 772; x_wconf 63' lang='lat' dir='ltr'><strong>coepit</strong></span> <span class='ocrx_word' id='word_1_49' title='bbox 3465 716 3594 759; x_wconf 85' lang='lat' dir='ltr'><strong>esse</strong></span> <span class='ocrx_word' id='word_1_50' title='bbox 3636 704 3759 773; x_wconf 66' lang='lat' dir='ltr'><strong>qud</strong></span> 
     </span>
    </p>
   </div>
   <div class='ocr_carea' id='block_1_5' title="bbox 487 794 2080 868">
    <p class='ocr_par' dir='ltr' id='par_1_5' title="bbox 487 794 2080 868">
     <span class='ocr_line' id='line_1_5' title="bbox 487 794 2080 868; baseline -0.004 -12"><span class='ocrx_word' id='word_1_51' title='bbox 487 812 619 868; x_wconf 82' lang='lat' dir='ltr'><strong>ergo</strong></span> <span class='ocrx_word' id='word_1_52' title='bbox 645 796 809 854; x_wconf 88' lang='lat' dir='ltr'><strong>corda</strong></span> <span class='ocrx_word' id='word_1_53' title='bbox 827 837 841 861; x_wconf 92' lang='lat'><strong>,</strong></span> <span class='ocrx_word' id='word_1_54' title='bbox 872 794 1217 866; x_wconf 86' lang='lat' dir='ltr'><strong>puriticemus</strong></span> <span class='ocrx_word' id='word_1_55' title='bbox 1245 809 1476 864; x_wconf 88' lang='lat' dir='ltr'><strong>corpora</strong></span> <span class='ocrx_word' id='word_1_56' title='bbox 1494 833 1509 857; x_wconf 93' lang='lat'><strong>,</strong></span> <span class='ocrx_word' id='word_1_57' title='bbox 1538 796 1846 865; x_wconf 86' lang='lat' dir='ltr'><strong>aperiamus</strong></span> <span class='ocrx_word' id='word_1_58' title='bbox 1873 795 2080 861; x_wconf 89' lang='lat' dir='ltr'><strong>oculos,</strong></span> 
     </span>
    </p>
   </div>
   <div class='ocr_carea' id='block_1_6' title="bbox 486 885 2079 957">
    <p class='ocr_par' dir='ltr' id='par_1_6' title="bbox 486 885 2079 957">
     <span class='ocr_line' id='line_1_6' title="bbox 486 885 2079 957; baseline -0.001 -12"><span class='ocrx_word' id='word_1_59' title='bbox 486 903 792 946; x_wconf 83' lang='lat' dir='ltr'><strong>reseremus</strong></span> <span class='ocrx_word' id='word_1_60' title='bbox 810 902 1047 951; x_wconf 86' lang='lat' dir='ltr'><strong>sensum,</strong></span> <span class='ocrx_word' id='word_1_61' title='bbox 1081 887 1277 942; x_wconf 82' lang='lat' dir='ltr'><strong>animae</strong></span> <span class='ocrx_word' id='word_1_62' title='bbox 1294 885 1488 955; x_wconf 87' lang='lat' dir='ltr'><strong>ianuas</strong></span> <span class='ocrx_word' id='word_1_63' title='bbox 1508 886 1895 957; x_wconf 75' lang='lat' dir='ltr'><strong>patefaciamus</strong></span> <span class='ocrx_word' id='word_1_64' title='bbox 1914 893 2079 953; x_wconf 86' lang='lat' dir='ltr'><strong>totas,</strong></span> 
     </span>
    </p>
   </div>
   <div class='ocr_carea' id='block_1_7' title="bbox 485 976 2080 1051">
    <p class='ocr_par' dir='ltr' id='par_1_7' title="bbox 485 976 2080 1051">
     <span class='ocr_line' id='line_1_7' title="bbox 485 976 2080 1051; baseline 0 -15"><span class='ocrx_word' id='word_1_65' title='bbox 485 986 546 1036; x_wconf 89' lang='lat' dir='ltr'><strong>ut</strong></span> <span class='ocrx_word' id='word_1_66' title='bbox 591 979 892 1051; x_wconf 86' lang='lat' dir='ltr'><strong>symbolum</strong></span> <span class='ocrx_word' id='word_1_67' title='bbox 921 977 1068 1047; x_wconf 86' lang='lat' dir='ltr'><strong>quod</strong></span> <span class='ocrx_word' id='word_1_68' title='bbox 1094 985 1178 1033; x_wconf 86' lang='lat' dir='ltr'><strong>est</strong></span> <span class='ocrx_word' id='word_1_69' title='bbox 1206 976 1329 1034; x_wconf 79' lang='lat' dir='ltr'><strong>ﬁdei</strong></span> <span class='ocrx_word' id='word_1_70' title='bbox 1358 986 1595 1049; x_wconf 88' lang='lat' dir='ltr'><strong>pactum,</strong></span> <span class='ocrx_word' id='word_1_71' title='bbox 1626 979 1833 1046; x_wconf 89' lang='lat' dir='ltr'><strong>audire,</strong></span> <span class='ocrx_word' id='word_1_72' title='bbox 1863 993 2080 1051; x_wconf 81' lang='lat' dir='ltr'><strong>capere,</strong></span> 
     </span>
    </p>
   </div>
   <div class='ocr_carea' id='block_1_8' title="bbox 483 1070 2080 1143">
    <p class='ocr_par' dir='ltr' id='par_1_8' title="bbox 483 1070 2080 1143">
     <span class='ocr_line' id='line_1_8' title="bbox 483 1070 2080 1143; baseline 0.002 -18"><span class='ocrx_word' id='word_1_73' title='bbox 483 1078 702 1138; x_wconf 89' lang='lat' dir='ltr'><strong>tenere,</strong></span> <span class='ocrx_word' id='word_1_74' title='bbox 745 1078 803 1126; x_wconf 90' lang='lat' dir='ltr'><strong>et</strong></span> <span class='ocrx_word' id='word_1_75' title='bbox 828 1071 882 1125; x_wconf 92' lang='lat' dir='ltr'><strong>in</strong></span> <span class='ocrx_word' id='word_1_76' title='bbox 915 1071 1032 1141; x_wconf 89' lang='lat' dir='ltr'><strong>ipso</strong></span> <span class='ocrx_word' id='word_1_77' title='bbox 1062 1070 1243 1126; x_wconf 83' lang='lat' dir='ltr'><strong>cordis</strong></span> <span class='ocrx_word' id='word_1_78' title='bbox 1271 1071 1440 1128; x_wconf 87' lang='lat' dir='ltr'><strong>nostri</strong></span> <span class='ocrx_word' id='word_1_79' title='bbox 1468 1079 1683 1127; x_wconf 86' lang='lat' dir='ltr'><strong>secreto</strong></span> <span class='ocrx_word' id='word_1_80' title='bbox 1710 1087 1926 1143; x_wconf 83' lang='lat' dir='ltr'><strong>semper</strong></span> <span class='ocrx_word' id='word_1_81' title='bbox 1962 1088 2080 1128; x_wconf 83' lang='lat' dir='ltr'><strong>ser-</strong></span> 
     </span>
    </p>
   </div>
   <div class='ocr_carea' id='block_1_9' title="bbox 482 1160 2074 1235">
    <p class='ocr_par' dir='ltr' id='par_1_9' title="bbox 482 1160 2074 1235">
     <span class='ocr_line' id='line_1_9' title="bbox 482 1160 2074 1235; baseline 0.001 -18"><span class='ocrx_word' id='word_1_82' title='bbox 482 1178 611 1219; x_wconf 87' lang='lat' dir='ltr'><strong>vare</strong></span> <span class='ocrx_word' id='word_1_83' title='bbox 639 1162 929 1234; x_wconf 80' lang='lat' dir='ltr'><strong>possimus.</strong></span> <span class='ocrx_word' id='word_1_84' title='bbox 964 1160 1130 1216; x_wconf 86' lang='lat' dir='ltr'><strong>Credo</strong></span> <span class='ocrx_word' id='word_1_85' title='bbox 1159 1163 1213 1216; x_wconf 83' lang='lat' dir='ltr'><strong>in</strong></span> <span class='ocrx_word' id='word_1_86' title='bbox 1239 1161 1405 1217; x_wconf 88' lang='lat' dir='ltr'><strong>Deum</strong></span> <span class='ocrx_word' id='word_1_87' title='bbox 1424 1162 1637 1217; x_wconf 85' lang='lat' dir='ltr'><strong>Patrem</strong></span> <span class='ocrx_word' id='word_1_88' title='bbox 1654 1165 2074 1235; x_wconf 79' lang='lat' dir='ltr'><strong>omnipotentem.</strong></span> 
     </span>
    </p>
   </div>
   <div class='ocr_carea' id='block_1_10' title="bbox 482 1252 2080 1323">
    <p class='ocr_par' dir='ltr' id='par_1_10' title="bbox 482 1252 2080 1323">
     <span class='ocr_line' id='line_1_10' title="bbox 482 1252 2080 1323; baseline -0.001 -13"><span class='ocrx_word' id='word_1_89' title='bbox 482 1252 766 1310; x_wconf 82' lang='lat' dir='ltr'><strong>Credimus</strong></span> <span class='ocrx_word' id='word_1_90' title='bbox 794 1254 847 1309; x_wconf 89' lang='lat' dir='ltr'><strong>in</strong></span> <span class='ocrx_word' id='word_1_91' title='bbox 879 1253 1067 1320; x_wconf 89' lang='lat' dir='ltr'><strong>Deum,</strong></span> <span class='ocrx_word' id='word_1_92' title='bbox 1098 1254 1145 1308; x_wconf 87' lang='lat' dir='ltr'><strong>si</strong></span> <span class='ocrx_word' id='word_1_93' title='bbox 1174 1268 1433 1323; x_wconf 77' lang='lat' dir='ltr'><strong>negamus</strong></span> <span class='ocrx_word' id='word_1_94' title='bbox 1452 1254 1606 1321; x_wconf 89' lang='lat' dir='ltr'><strong>deos,</strong></span> <span class='ocrx_word' id='word_1_95' title='bbox 1639 1254 1684 1311; x_wconf 89' lang='lat' dir='ltr'><strong>si</strong></span> <span class='ocrx_word' id='word_1_96' title='bbox 1711 1256 2080 1315; x_wconf 77' lang='lat' dir='ltr'><strong>renuntiamus</strong></span> 
     </span>
    </p>
   </div>
   <div class='ocr_carea' id='block_1_11' title="bbox 481 1346 2077 1416">
    <p class='ocr_par' dir='ltr' id='par_1_11' title="bbox 481 1346 2077 1416">
     <span class='ocr_line' id='line_1_11' title="bbox 481 1346 2077 1416; baseline 0 -13"><span class='ocrx_word' id='word_1_97' title='bbox 481 1348 662 1415; x_wconf 85' lang='lat' dir='ltr'><strong>idolis,</strong></span> <span class='ocrx_word' id='word_1_98' title='bbox 695 1348 740 1402; x_wconf 89' lang='lat' dir='ltr'><strong>si</strong></span> <span class='ocrx_word' id='word_1_99' title='bbox 769 1346 1041 1402; x_wconf 90' lang='lat' dir='ltr'><strong>diabolum</strong></span> <span class='ocrx_word' id='word_1_100' title='bbox 1061 1354 1117 1401; x_wconf 85' lang='lat' dir='ltr'><strong>et</strong></span> <span class='ocrx_word' id='word_1_101' title='bbox 1144 1346 1262 1415; x_wconf 87' lang='lat' dir='ltr'><strong>ejus</strong></span> <span class='ocrx_word' id='word_1_102' title='bbox 1291 1348 1512 1416; x_wconf 86' lang='lat' dir='ltr'><strong>angelos</strong></span> <span class='ocrx_word' id='word_1_103' title='bbox 1542 1348 1890 1416; x_wconf 82' lang='lat' dir='ltr'><strong>abnegamus.</strong></span> <span class='ocrx_word' id='word_1_104' title='bbox 1921 1346 2077 1414; x_wconf 75' lang='lat' dir='ltr'><strong>Audi,</strong></span> 
     </span>
    </p>
   </div>
   <div class='ocr_carea' id='block_1_12' title="bbox 482 1435 2078 1509">
    <p class='ocr_par' dir='ltr' id='par_1_12' title="bbox 482 1435 2078 1509">
     <span class='ocr_line' id='line_1_12' title="bbox 482 1435 2078 1509; baseline -0.001 -15"><span class='ocrx_word' id='word_1_105' title='bbox 482 1438 677 1509; x_wconf 85' lang='lat' dir='ltr'><strong>inquit,</strong></span> <span class='ocrx_word' id='word_1_106' title='bbox 712 1437 903 1503; x_wconf 77' lang='lat' dir='ltr'><strong>Israel,</strong></span> <span class='ocrx_word' id='word_1_107' title='bbox 934 1435 1190 1492; x_wconf 75' lang='lat' dir='ltr'><strong>Dominus</strong></span> <span class='ocrx_word' id='word_1_108' title='bbox 1211 1436 1353 1493; x_wconf 83' lang='lat' dir='ltr'><strong>Deus</strong></span> <span class='ocrx_word' id='word_1_109' title='bbox 1380 1448 1494 1492; x_wconf 86' lang='lat' dir='ltr'><strong>tuus</strong></span> <span class='ocrx_word' id='word_1_110' title='bbox 1523 1453 1654 1492; x_wconf 86' lang='lat' dir='ltr'><strong>unus</strong></span> <span class='ocrx_word' id='word_1_111' title='bbox 1682 1446 1759 1493; x_wconf 79' lang='lat' dir='ltr'><strong>est</strong></span> <span class='ocrx_word' id='word_1_112' title='bbox 1783 1436 1961 1509; x_wconf 90' lang='lat' dir='ltr'><strong>(Deut.</strong></span> <span class='ocrx_word' id='word_1_113' title='bbox 1993 1455 2078 1505; x_wconf 77' lang='lat' dir='ltr'><strong>v1;</strong></span> 
     </span>
    </p>
   </div>
   <div class='ocr_carea' id='block_1_13' title="bbox 468 1528 2084 1605">
    <p class='ocr_par' dir='ltr' id='par_1_13' title="bbox 468 1528 2084 1605">
     <span class='ocr_line' id='line_1_13' title="bbox 468 1528 2084 1605; baseline -0.001 -19"><span class='ocrx_word' id='word_1_114' title='bbox 468 1531 658 1599; x_wconf 82' lang='lat' dir='ltr'><strong>_Marc.</strong></span> <span class='ocrx_word' id='word_1_115' title='bbox 691 1530 810 1601; x_wconf 78' lang='lat' dir='ltr'><strong>xu).</strong></span> <span class='ocrx_word' id='word_1_116' title='bbox 840 1530 910 1584; x_wconf 86' lang='lat' dir='ltr'><strong>Et</strong></span> <span class='ocrx_word' id='word_1_117' title='bbox 936 1530 1132 1585; x_wconf 84' lang='lat' dir='ltr'><strong>iterum</strong></span> <span class='ocrx_word' id='word_1_118' title='bbox 1157 1549 1170 1583; x_wconf 89' lang='lat'>:</span> <span class='ocrx_word' id='word_1_119' title='bbox 1217 1528 1342 1585; x_wconf 81' lang='lat' dir='ltr'><strong>Non</strong></span> <span class='ocrx_word' id='word_1_120' title='bbox 1369 1539 1522 1583; x_wconf 82' lang='lat' dir='ltr'><strong>erunt</strong></span> <span class='ocrx_word' id='word_1_121' title='bbox 1549 1532 1639 1585; x_wconf 88' lang='lat' dir='ltr'><strong>tibi</strong></span> <span class='ocrx_word' id='word_1_122' title='bbox 1668 1531 1741 1585; x_wconf 88' lang='lat' dir='ltr'><strong>dii</strong></span> <span class='ocrx_word' id='word_1_123' title='bbox 1771 1531 1865 1585; x_wconf 78' lang='lat' dir='ltr'><strong>alii</strong></span> <span class='ocrx_word' id='word_1_124' title='bbox 1893 1530 2084 1605; x_wconf 74' lang='lat' dir='ltr'><strong>absque</strong></span> 
     </span>
    </p>
   </div>
   <div class='ocr_carea' id='block_1_14' title="bbox 484 1621 2083 1695">
    <p class='ocr_par' dir='ltr' id='par_1_14' title="bbox 484 1621 2083 1695">
     <span class='ocr_line' id='line_1_14' title="bbox 484 1621 2083 1695; baseline 0.001 -17"><span class='ocrx_word' id='word_1_125' title='bbox 484 1640 568 1678; x_wconf 85' lang='lat' dir='ltr'><strong>me</strong></span> <span class='ocrx_word' id='word_1_126' title='bbox 610 1621 803 1695; x_wconf 74' lang='lat' dir='ltr'><strong>(Exod.</strong></span> <span class='ocrx_word' id='word_1_127' title='bbox 843 1622 958 1693; x_wconf 81' lang='lat' dir='ltr'><strong>xx).</strong></span> <span class='ocrx_word' id='word_1_128' title='bbox 1010 1621 1237 1677; x_wconf 86' lang='lat' dir='ltr'><strong>Habebit</strong></span> <span class='ocrx_word' id='word_1_129' title='bbox 1277 1636 1407 1691; x_wconf 88' lang='lat' dir='ltr'><strong>ergo</strong></span> <span class='ocrx_word' id='word_1_130' title='bbox 1449 1622 1617 1677; x_wconf 90' lang='lat' dir='ltr'><strong>Deum</strong></span> <span class='ocrx_word' id='word_1_131' title='bbox 1648 1638 1866 1690; x_wconf 89' lang='lat' dir='ltr'><strong>verum,</strong></span> <span class='ocrx_word' id='word_1_132' title='bbox 1916 1640 2083 1680; x_wconf 89' lang='lat' dir='ltr'><strong>unum</strong></span> 
     </span>
    </p>
   </div>
   <div class='ocr_carea' id='block_1_15' title="bbox 487 1714 2082 1784">
    <p class='ocr_par' dir='ltr' id='par_1_15' title="bbox 487 1714 2082 1784">
     <span class='ocr_line' id='line_1_15' title="bbox 487 1714 2082 1784; baseline 0.002 -15"><span class='ocrx_word' id='word_1_133' title='bbox 487 1716 689 1781; x_wconf 87' lang='lat' dir='ltr'><strong>Deum,</strong></span> <span class='ocrx_word' id='word_1_134' title='bbox 736 1714 828 1784; x_wconf 91' lang='lat' dir='ltr'><strong>qui</strong></span> <span class='ocrx_word' id='word_1_135' title='bbox 855 1714 1024 1770; x_wconf 90' lang='lat' dir='ltr'><strong>Deum</strong></span> <span class='ocrx_word' id='word_1_136' title='bbox 1052 1714 1281 1770; x_wconf 85' lang='lat' dir='ltr'><strong>alterum</strong></span> <span class='ocrx_word' id='word_1_137' title='bbox 1312 1731 1419 1769; x_wconf 91' lang='lat' dir='ltr'><strong>non</strong></span> <span class='ocrx_word' id='word_1_138' title='bbox 1448 1715 1683 1771; x_wconf 84' lang='lat' dir='ltr'><strong>habebit.</strong></span> <span class='ocrx_word' id='word_1_139' title='bbox 1714 1714 1998 1772; x_wconf 88' lang='lat' dir='ltr'><strong>Credimus</strong></span> <span class='ocrx_word' id='word_1_140' title='bbox 2026 1718 2082 1772; x_wconf 91' lang='lat' dir='ltr'><strong>in</strong></span> 
     </span>
    </p>
   </div>
   <div class='ocr_carea' id='block_1_16' title="bbox 483 1804 2082 1875">
    <p class='ocr_par' dir='ltr' id='par_1_16' title="bbox 483 1804 2082 1875">
     <span class='ocr_line' id='line_1_16' title="bbox 483 1804 2082 1875; baseline 0.001 -13"><span class='ocrx_word' id='word_1_141' title='bbox 483 1806 686 1870; x_wconf 88' lang='lat' dir='ltr'><strong>Deum,</strong></span> <span class='ocrx_word' id='word_1_142' title='bbox 733 1813 786 1862; x_wconf 89' lang='lat' dir='ltr'><strong>et</strong></span> <span class='ocrx_word' id='word_1_143' title='bbox 826 1805 1075 1862; x_wconf 88' lang='lat' dir='ltr'><strong>eumdem</strong></span> <span class='ocrx_word' id='word_1_144' title='bbox 1101 1804 1423 1862; x_wconf 84' lang='lat' dir='ltr'><strong>conﬁtemur</strong></span> <span class='ocrx_word' id='word_1_145' title='bbox 1452 1806 1699 1875; x_wconf 85' lang='lat' dir='ltr'><strong>Patrem,</strong></span> <span class='ocrx_word' id='word_1_146' title='bbox 1744 1816 1803 1862; x_wconf 88' lang='lat' dir='ltr'><strong>ut</strong></span> <span class='ocrx_word' id='word_1_147' title='bbox 1830 1808 2082 1864; x_wconf 87' lang='lat' dir='ltr'><strong>eumdem</strong></span> 
     </span>
    </p>
   </div>
   <div class='ocr_carea' id='block_1_17' title="bbox 2185 780 3761 864">
    <p class='ocr_par' dir='ltr' id='par_1_17' title="bbox 2185 780 3761 864">
     <span class='ocr_line' id='line_1_17' title="bbox 2185 780 3761 864; baseline 0.003 -16"><span class='ocrx_word' id='word_1_148' title='bbox 2185 780 2405 863; x_wconf 74' lang='lat' dir='ltr'><strong>spiritus</strong></span> <span class='ocrx_word' id='word_1_149' title='bbox 2426 833 2443 860; x_wconf 92' lang='lat'><strong>,</strong></span> <span class='ocrx_word' id='word_1_150' title='bbox 2482 794 2630 864; x_wconf 81' lang='lat' dir='ltr'><strong>quod</strong></span> <span class='ocrx_word' id='word_1_151' title='bbox 2656 793 2832 849; x_wconf 80' lang='lat' dir='ltr'><strong>Homo</strong></span> <span class='ocrx_word' id='word_1_152' title='bbox 2865 793 3027 859; x_wconf 83' lang='lat' dir='ltr'><strong>Deus,</strong></span> <span class='ocrx_word' id='word_1_153' title='bbox 3067 791 3214 862; x_wconf 86' lang='lat' dir='ltr'><strong>quod</strong></span> <span class='ocrx_word' id='word_1_154' title='bbox 3241 794 3417 849; x_wconf 80' lang='lat' dir='ltr'><strong>nostri</strong></span> <span class='ocrx_word' id='word_1_155' title='bbox 3442 795 3691 864; x_wconf 58' lang='lat' dir='ltr'><strong>corporis</strong></span> <span class='ocrx_word' id='word_1_156' title='bbox 3715 805 3761 853; x_wconf 76' lang='lat' dir='ltr'><strong>et</strong></span> 
     </span>
    </p>
   </div>
   <div class='ocr_carea' id='block_1_18' title="bbox 2163 881 3756 957">
    <p class='ocr_par' dir='ltr' id='par_1_18' title="bbox 2163 881 3756 957">
     <span class='ocr_line' id='line_1_18' title="bbox 2163 881 3756 957; baseline 0.001 -17"><span class='ocrx_word' id='word_1_157' title='bbox 2163 885 2402 941; x_wconf 58' lang='lat' dir='ltr'><strong>usitatis</strong></span> <span class='ocrx_word' id='word_1_158' title='bbox 2420 900 2527 941; x_wconf 84' lang='lat' dir='ltr'><strong>una</strong></span> <span class='ocrx_word' id='word_1_159' title='bbox 2547 884 2821 956; x_wconf 82' lang='lat' dir='ltr'><strong>maiestas.</strong></span> <span class='ocrx_word' id='word_1_160' title='bbox 2866 881 2968 949; x_wconf 83' lang='lat' dir='ltr'><strong>Qui</strong></span> <span class='ocrx_word' id='word_1_161' title='bbox 2988 891 3145 939; x_wconf 74' lang='lat' dir='ltr'><strong>natus</strong></span> <span class='ocrx_word' id='word_1_162' title='bbox 3163 893 3243 939; x_wconf 81' lang='lat' dir='ltr'><strong>est</strong></span> <span class='ocrx_word' id='word_1_163' title='bbox 3260 883 3329 940; x_wconf 83' lang='lat' dir='ltr'><strong>de</strong></span> <span class='ocrx_word' id='word_1_164' title='bbox 3346 883 3558 957; x_wconf 76' lang='lat' dir='ltr'><strong>Spiritu</strong></span> <span class='ocrx_word' id='word_1_165' title='bbox 3578 897 3756 953; x_wconf 68' lang='lat' dir='ltr'><strong>sancto,</strong></span> 
     </span>
    </p>
   </div>
   <div class='ocr_carea' id='block_1_19' title="bbox 2183 977 3759 1051">
    <p class='ocr_par' dir='ltr' id='par_1_19' title="bbox 2183 977 3759 1051">
     <span class='ocr_line' id='line_1_19' title="bbox 2183 977 3759 1051; baseline 0.003 -18"><span class='ocrx_word' id='word_1_166' title='bbox 2183 996 2250 1034; x_wconf 78' lang='lat' dir='ltr'><strong>ea:</strong></span> <span class='ocrx_word' id='word_1_167' title='bbox 2263 978 2438 1035; x_wconf 70' lang='lat' dir='ltr'><strong>Maria</strong></span> <span class='ocrx_word' id='word_1_168' title='bbox 2450 978 2682 1051; x_wconf 76' lang='lat' dir='ltr'><strong>Virgine.</strong></span> <span class='ocrx_word' id='word_1_169' title='bbox 2706 977 2846 1047; x_wconf 78' lang='lat' dir='ltr'><strong>Quid</strong></span> <span class='ocrx_word' id='word_1_170' title='bbox 2860 986 3134 1034; x_wconf 85' lang='lat' dir='ltr'><strong>terrenum</strong></span> <span class='ocrx_word' id='word_1_171' title='bbox 3156 979 3417 1045; x_wconf 88' lang='lat' dir='ltr'><strong>nascitur,</strong></span> <span class='ocrx_word' id='word_1_172' title='bbox 3441 979 3539 1036; x_wconf 79' lang='lat' dir='ltr'><strong>ubi</strong></span> <span class='ocrx_word' id='word_1_173' title='bbox 3553 989 3759 1038; x_wconf 72' lang='lat' dir='ltr'><strong>auctam</strong></span> 
     </span>
    </p>
   </div>
   <div class='ocr_carea' id='block_1_20' title="bbox 2164 1070 3759 1142">
    <p class='ocr_par' dir='ltr' id='par_1_20' title="bbox 2164 1070 3759 1142">
     <span class='ocr_line' id='line_1_20' title="bbox 2164 1070 3759 1142; baseline 0.003 -15"><span class='ocrx_word' id='word_1_174' title='bbox 2164 1070 2373 1141; x_wconf 75' lang='lat' dir='ltr'><strong>spiritu</strong></span> <span class='ocrx_word' id='word_1_175' title='bbox 2415 1072 2569 1141; x_wconf 83' lang='lat' dir='ltr'><strong>virgo</strong></span> <span class='ocrx_word' id='word_1_176' title='bbox 2605 1079 2833 1129; x_wconf 75' lang='lat' dir='ltr'><strong>vocatur</strong></span> <span class='ocrx_word' id='word_1_177' title='bbox 2869 1071 2926 1129; x_wconf 89' lang='lat' dir='ltr'><strong>in</strong></span> <span class='ocrx_word' id='word_1_178' title='bbox 2964 1071 3170 1142; x_wconf 79' lang='lat' dir='ltr'><strong>partu?</strong></span> <span class='ocrx_word' id='word_1_179' title='bbox 3212 1070 3337 1142; x_wconf 86' lang='lat' dir='ltr'><strong>quis</strong></span> <span class='ocrx_word' id='word_1_180' title='bbox 3378 1087 3489 1131; x_wconf 83' lang='lat' dir='ltr'><strong>non</strong></span> <span class='ocrx_word' id='word_1_181' title='bbox 3539 1073 3759 1131; x_wconf 69' lang='lat' dir='ltr'><strong>divinus</strong></span> 
     </span>
    </p>
   </div>
   <div class='ocr_carea' id='block_1_21' title="bbox 2183 1162 3759 1234">
    <p class='ocr_par' dir='ltr' id='par_1_21' title="bbox 2183 1162 3759 1234">
     <span class='ocr_line' id='line_1_21' title="bbox 2183 1162 3759 1234; baseline 0.001 -15"><span class='ocrx_word' id='word_1_182' title='bbox 2183 1163 2402 1228; x_wconf 84' lang='lat' dir='ltr'><strong>credat,</strong></span> <span class='ocrx_word' id='word_1_183' title='bbox 2454 1163 2672 1234; x_wconf 83' lang='lat' dir='ltr'><strong>quando</strong></span> <span class='ocrx_word' id='word_1_184' title='bbox 2710 1178 2833 1233; x_wconf 68' lang='lat' dir='ltr'><strong>qua:</strong></span> <span class='ocrx_word' id='word_1_185' title='bbox 2871 1163 3086 1233; x_wconf 84' lang='lat' dir='ltr'><strong>peperit</strong></span> <span class='ocrx_word' id='word_1_186' title='bbox 3124 1162 3202 1218; x_wconf 90' lang='lat' dir='ltr'><strong>nil</strong></span> <span class='ocrx_word' id='word_1_187' title='bbox 3236 1163 3409 1220; x_wconf 78' lang='lat' dir='ltr'><strong>sensit</strong></span> <span class='ocrx_word' id='word_1_188' title='bbox 3434 1164 3759 1220; x_wconf 67' lang='lat' dir='ltr'><strong>humu?</strong></span> 
     </span>
    </p>
   </div>
   <div class='ocr_carea' id='block_1_22' title="bbox 2184 1255 3755 1327">
    <p class='ocr_par' dir='ltr' id='par_1_22' title="bbox 2184 1255 3755 1327">
     <span class='ocr_line' id='line_1_22' title="bbox 2184 1255 3755 1327; baseline 0.001 -16"><span class='ocrx_word' id='word_1_189' title='bbox 2184 1255 2355 1311; x_wconf 87' lang='lat' dir='ltr'><strong>Deum</strong></span> <span class='ocrx_word' id='word_1_190' title='bbox 2392 1255 2585 1313; x_wconf 88' lang='lat' dir='ltr'><strong>mulier</strong></span> <span class='ocrx_word' id='word_1_191' title='bbox 2608 1256 2852 1325; x_wconf 83' lang='lat' dir='ltr'><strong>virgineo</strong></span> <span class='ocrx_word' id='word_1_192' title='bbox 2880 1256 3134 1326; x_wconf 75' lang='lat' dir='ltr'><strong>portabat</strong></span> <span class='ocrx_word' id='word_1_193' title='bbox 3158 1257 3214 1312; x_wconf 88' lang='lat' dir='ltr'><strong>in</strong></span> <span class='ocrx_word' id='word_1_194' title='bbox 3237 1255 3478 1327; x_wconf 66' lang='lat' dir='ltr'><strong>teniph:</strong></span> <span class='ocrx_word' id='word_1_195' title='bbox 3520 1255 3654 1313; x_wconf 74' lang='lat' dir='ltr'><strong>hinc</strong></span> <span class='ocrx_word' id='word_1_196' title='bbox 3674 1263 3755 1321; x_wconf 85' lang='lat' dir='ltr'><strong>est,</strong></span> 
     </span>
    </p>
   </div>
   <div class='ocr_carea' id='block_1_23' title="bbox 2182 1348 3759 1419">
    <p class='ocr_par' dir='ltr' id='par_1_23' title="bbox 2182 1348 3759 1419">
     <span class='ocr_line' id='line_1_23' title="bbox 2182 1348 3759 1419; baseline 0 -15"><span class='ocrx_word' id='word_1_197' title='bbox 2182 1348 2330 1417; x_wconf 89' lang='lat' dir='ltr'><strong>quod</strong></span> <span class='ocrx_word' id='word_1_198' title='bbox 2348 1356 2405 1404; x_wconf 86' lang='lat' dir='ltr'><strong>et</strong></span> <span class='ocrx_word' id='word_1_199' title='bbox 2435 1348 2719 1418; x_wconf 75' lang='lat' dir='ltr'><strong>acquisivit</strong></span> <span class='ocrx_word' id='word_1_200' title='bbox 2747 1349 3013 1406; x_wconf 79' lang='lat' dir='ltr'><strong>honorem</strong></span> <span class='ocrx_word' id='word_1_201' title='bbox 3039 1348 3260 1414; x_wconf 84' lang='lat' dir='ltr'><strong>matris,</strong></span> <span class='ocrx_word' id='word_1_202' title='bbox 3666 1349 3759 1419; x_wconf 76' lang='lat' dir='ltr'><strong>glo-</strong></span> 
     </span>
    </p>
   </div>
   <div class='ocr_carea' id='block_1_24' title="bbox 2184 1436 3758 1511">
    <p class='ocr_par' dir='ltr' id='par_1_24' title="bbox 2184 1436 3758 1511">
     <span class='ocr_line' id='line_1_24' title="bbox 2184 1436 3758 1511; baseline 0 -16"><span class='ocrx_word' id='word_1_203' title='bbox 2184 1440 2322 1496; x_wconf 84' lang='lat' dir='ltr'><strong>riam</strong></span> <span class='ocrx_word' id='word_1_204' title='bbox 2360 1455 2467 1496; x_wconf 89' lang='lat' dir='ltr'><strong>non</strong></span> <span class='ocrx_word' id='word_1_205' title='bbox 2491 1440 2688 1496; x_wconf 84' lang='lat' dir='ltr'><strong>amisit.</strong></span> <span class='ocrx_word' id='word_1_206' title='bbox 2723 1436 2827 1505; x_wconf 79' lang='lat' dir='ltr'><strong>Qui</strong></span> <span class='ocrx_word' id='word_1_207' title='bbox 2857 1440 2949 1495; x_wconf 69' lang='lat' dir='ltr'><strong>sub</strong></span> <span class='ocrx_word' id='word_1_208' title='bbox 2972 1438 3169 1496; x_wconf 69' lang='lat' dir='ltr'><strong>Ponn&#39;o</strong></span> <span class='ocrx_word' id='word_1_209' title='bbox 3189 1438 3369 1495; x_wconf 72' lang='lat' dir='ltr'><strong>Pilato</strong></span> <span class='ocrx_word' id='word_1_210' title='bbox 3402 1441 3758 1511; x_wconf 68' lang='grc' dir='ltr'><strong>οηιάρωαι</strong></span> 
     </span>
    </p>
   </div>
   <div class='ocr_carea' id='block_1_25' title="bbox 2184 1530 3759 1604">
    <p class='ocr_par' dir='ltr' id='par_1_25' title="bbox 2184 1530 3759 1604">
     <span class='ocr_line' id='line_1_25' title="bbox 2184 1530 3759 1604; baseline 0.001 -19"><span class='ocrx_word' id='word_1_211' title='bbox 2184 1539 2237 1585; x_wconf 84' lang='lat' dir='ltr'><strong>et</strong></span> <span class='ocrx_word' id='word_1_212' title='bbox 2285 1531 2538 1604; x_wconf 72' lang='lat' dir='ltr'><strong>sepultus.</strong></span> <span class='ocrx_word' id='word_1_213' title='bbox 2602 1531 2810 1588; x_wconf 83' lang='lat' dir='ltr'><strong>Nomen</strong></span> <span class='ocrx_word' id='word_1_214' title='bbox 2850 1530 3050 1601; x_wconf 79' lang='lat' dir='ltr'><strong>iudicis</strong></span> <span class='ocrx_word' id='word_1_215' title='bbox 3092 1530 3360 1595; x_wconf 84' lang='lat' dir='ltr'><strong>dicimus,</strong></span> <span class='ocrx_word' id='word_1_216' title='bbox 3415 1536 3481 1587; x_wconf 74' lang='lat' dir='ltr'><strong>It</strong></span> <span class='ocrx_word' id='word_1_217' title='bbox 3516 1530 3759 1601; x_wconf 59' lang='lat' dir='ltr'><strong>passion:</strong></span> 
     </span>
    </p>
   </div>
   <div class='ocr_carea' id='block_1_26' title="bbox 2184 1620 3758 1694">
    <p class='ocr_par' dir='ltr' id='par_1_26' title="bbox 2184 1620 3758 1694">
     <span class='ocr_line' id='line_1_26' title="bbox 2184 1620 3758 1694; baseline -0.001 -16"><span class='ocrx_word' id='word_1_218' title='bbox 2184 1633 2418 1694; x_wconf 81' lang='lat' dir='ltr'><strong>tempus,</strong></span> <span class='ocrx_word' id='word_1_219' title='bbox 2450 1623 2607 1679; x_wconf 88' lang='lat' dir='ltr'><strong>utrei</strong></span> <span class='ocrx_word' id='word_1_220' title='bbox 2631 1630 2800 1693; x_wconf 62' lang='lat' dir='ltr'><strong>gesta</strong></span> <span class='ocrx_word' id='word_1_221' title='bbox 2826 1623 3029 1679; x_wconf 87' lang='lat' dir='ltr'><strong>veritas</strong></span> <span class='ocrx_word' id='word_1_222' title='bbox 3064 1622 3145 1678; x_wconf 88' lang='lat' dir='ltr'><strong>sic</strong></span> <span class='ocrx_word' id='word_1_223' title='bbox 3184 1628 3446 1693; x_wconf 78' lang='lat' dir='ltr'><strong>patescat.</strong></span> <span class='ocrx_word' id='word_1_224' title='bbox 3488 1620 3758 1693; x_wconf 58' lang='grc' dir='ltr'><strong>(Συ-κάμω</strong></span> 
     </span>
    </p>
   </div>
   <div class='ocr_carea' id='block_1_27' title="bbox 2180 1714 3757 1786">
    <p class='ocr_par' dir='ltr' id='par_1_27' title="bbox 2180 1714 3757 1786">
     <span class='ocr_line' id='line_1_27' title="bbox 2180 1714 3757 1786; baseline 0 -15"><span class='ocrx_word' id='word_1_225' title='bbox 2180 1724 2278 1771; x_wconf 83' lang='lat' dir='ltr'><strong>est.</strong></span> <span class='ocrx_word' id='word_1_226' title='bbox 2325 1714 2547 1786; x_wconf 85' lang='lat' dir='ltr'><strong>thuia</strong></span> <span class='ocrx_word' id='word_1_227' title='bbox 2586 1715 2908 1785; x_wconf 76' lang='lat' dir='ltr'><strong>perlignum</strong></span> <span class='ocrx_word' id='word_1_228' title='bbox 2946 1721 3381 1782; x_wconf 69' lang='lat' dir='ltr'><strong>monvenerat,</strong></span> <span class='ocrx_word' id='word_1_229' title='bbox 3438 1714 3757 1771; x_wconf 70' lang='lat' dir='ltr'><strong>rediretvita</strong></span> 
     </span>
    </p>
   </div>
   <div class='ocr_carea' id='block_1_28' title="bbox 2182 1804 3757 1879">
    <p class='ocr_par' dir='ltr' id='par_1_28' title="bbox 2182 1804 3757 1879">
     <span class='ocr_line' id='line_1_28' title="bbox 2182 1804 3757 1879; baseline 0.001 -18"><span class='ocrx_word' id='word_1_230' title='bbox 2182 1824 2283 1879; x_wconf 85' lang='lat' dir='ltr'><strong>per</strong></span> <span class='ocrx_word' id='word_1_231' title='bbox 2309 1808 2532 1876; x_wconf 77' lang='lat' dir='ltr'><strong>lignum.</strong></span> <span class='ocrx_word' id='word_1_232' title='bbox 2575 1805 2647 1861; x_wconf 81' lang='lat' dir='ltr'><strong>Et</strong></span> <span class='ocrx_word' id='word_1_233' title='bbox 2683 1806 2931 1878; x_wconf 67' lang='lat' dir='ltr'><strong>srpuitus.</strong></span> <span class='ocrx_word' id='word_1_234' title='bbox 2984 1804 3055 1861; x_wconf 87' lang='lat' dir='ltr'><strong>Ut</strong></span> <span class='ocrx_word' id='word_1_235' title='bbox 3077 1804 3262 1863; x_wconf 69' lang='lat' dir='ltr'><strong>ofﬁcia</strong></span> <span class='ocrx_word' id='word_1_236' title='bbox 3290 1812 3406 1863; x_wconf 79' lang='lat' dir='ltr'><strong>tota</strong></span> <span class='ocrx_word' id='word_1_237' title='bbox 3445 1807 3650 1862; x_wconf 75' lang='lat' dir='ltr'><strong>mortis</strong></span> <span class='ocrx_word' id='word_1_238' title='bbox 3680 1807 3757 1862; x_wconf 76' lang='lat' dir='ltr'><strong>in-</strong></span> 
     </span>
    </p>
   </div>
   <div class='ocr_carea' id='block_1_29' title="bbox 484 1896 3758 1971">
    <p class='ocr_par' dir='ltr' id='par_1_29' title="bbox 484 1896 3758 1971">
     <span class='ocr_line' id='line_1_29' title="bbox 484 1896 3758 1971; baseline 0 -17"><span class='ocrx_word' id='word_1_239' title='bbox 484 1914 700 1969; x_wconf 88' lang='lat' dir='ltr'><strong>semper</strong></span> <span class='ocrx_word' id='word_1_240' title='bbox 725 1899 978 1954; x_wconf 84' lang='lat' dir='ltr'><strong>habuisse</strong></span> <span class='ocrx_word' id='word_1_241' title='bbox 1005 1898 1201 1953; x_wconf 87' lang='lat' dir='ltr'><strong>Filium</strong></span> <span class='ocrx_word' id='word_1_242' title='bbox 1225 1914 1327 1954; x_wconf 88' lang='lat' dir='ltr'><strong>nos</strong></span> <span class='ocrx_word' id='word_1_243' title='bbox 1354 1898 1641 1954; x_wconf 87' lang='lat' dir='ltr'><strong>credamus</strong></span> <span class='ocrx_word' id='word_1_244' title='bbox 1665 1919 1678 1952; x_wconf 88' lang='lat'><strong>:</strong></span> <span class='ocrx_word' id='word_1_245' title='bbox 1711 1901 1964 1956; x_wconf 88' lang='lat' dir='ltr'><strong>habuisse</strong></span> <span class='ocrx_word' id='word_1_246' title='bbox 1989 1916 2080 1955; x_wconf 89' lang='lat' dir='ltr'><strong>au-</strong></span> <span class='ocrx_word' id='word_1_247' title='bbox 2110 1909 2156 1969; x_wconf 81' lang='grc' dir='ltr'><strong>Β</strong></span> <span class='ocrx_word' id='word_1_248' title='bbox 2181 1901 2376 1971; x_wconf 82' lang='lat' dir='ltr'><strong>ploret,</strong></span> <span class='ocrx_word' id='word_1_249' title='bbox 2406 1905 2470 1954; x_wconf 85' lang='lat' dir='ltr'><strong>ut</strong></span> <span class='ocrx_word' id='word_1_250' title='bbox 2496 1914 2644 1955; x_wconf 87' lang='lat' dir='ltr'><strong>mors</strong></span> <span class='ocrx_word' id='word_1_251' title='bbox 2669 1905 2846 1954; x_wconf 79' lang='lat' dir='ltr'><strong>morte</strong></span> <span class='ocrx_word' id='word_1_252' title='bbox 2878 1905 3200 1962; x_wconf 68' lang='lat' dir='ltr'><strong>intueretur,</strong></span> <span class='ocrx_word' id='word_1_253' title='bbox 3231 1906 3293 1953; x_wconf 86' lang='lat' dir='ltr'><strong>ut</strong></span> <span class='ocrx_word' id='word_1_254' title='bbox 3312 1912 3383 1953; x_wconf 75' lang='lat' dir='ltr'><strong>ex</strong></span> <span class='ocrx_word' id='word_1_255' title='bbox 3410 1896 3563 1953; x_wconf 85' lang='lat' dir='ltr'><strong>illius</strong></span> <span class='ocrx_word' id='word_1_256' title='bbox 3581 1899 3758 1955; x_wconf 71' lang='lat' dir='ltr'><strong>semine</strong></span> 
     </span>
    </p>
   </div>
   <div class='ocr_carea' id='block_1_30' title="bbox 481 1988 2085 2061">
    <p class='ocr_par' dir='ltr' id='par_1_30' title="bbox 481 1988 2085 2061">
     <span class='ocr_line' id='line_1_30' title="bbox 481 1988 2085 2061; baseline 0.001 -14"><span class='ocrx_word' id='word_1_257' title='bbox 481 1997 594 2047; x_wconf 74' lang='lat' dir='ltr'><strong>tom</strong></span> <span class='ocrx_word' id='word_1_258' title='bbox 615 1988 828 2055; x_wconf 85' lang='lat' dir='ltr'><strong>Filium,</strong></span> <span class='ocrx_word' id='word_1_259' title='bbox 862 2006 970 2045; x_wconf 90' lang='lat' dir='ltr'><strong>non</strong></span> <span class='ocrx_word' id='word_1_260' title='bbox 999 1996 1343 2061; x_wconf 87' lang='lat' dir='ltr'><strong>conceptum,</strong></span> <span class='ocrx_word' id='word_1_261' title='bbox 1377 2006 1485 2045; x_wconf 90' lang='lat' dir='ltr'><strong>non</strong></span> <span class='ocrx_word' id='word_1_262' title='bbox 1513 1991 1845 2059; x_wconf 86' lang='lat' dir='ltr'><strong>inchoatum,</strong></span> <span class='ocrx_word' id='word_1_263' title='bbox 1871 2008 1979 2048; x_wconf 91' lang='lat' dir='ltr'><strong>non</strong></span> <span class='ocrx_word' id='word_1_264' title='bbox 2002 2008 2085 2049; x_wconf 85' lang='lat' dir='ltr'><strong>se-</strong></span> 
     </span>
    </p>
   </div>
   <div class='ocr_carea' id='block_1_31' title="bbox 478 2084 2083 2153">
    <p class='ocr_par' dir='ltr' id='par_1_31' title="bbox 478 2084 2083 2153">
     <span class='ocr_line' id='line_1_31' title="bbox 478 2084 2083 2153; baseline 0.002 -17"><span class='ocrx_word' id='word_1_265' title='bbox 478 2089 728 2153; x_wconf 89' lang='lat' dir='ltr'><strong>paratum</strong></span> <span class='ocrx_word' id='word_1_266' title='bbox 750 2090 926 2153; x_wconf 88' lang='lat' dir='ltr'><strong>partu,</strong></span> <span class='ocrx_word' id='word_1_267' title='bbox 959 2098 1068 2137; x_wconf 91' lang='lat' dir='ltr'><strong>non</strong></span> <span class='ocrx_word' id='word_1_268' title='bbox 1089 2089 1305 2137; x_wconf 89' lang='lat' dir='ltr'><strong>auctum</strong></span> <span class='ocrx_word' id='word_1_269' title='bbox 1329 2090 1593 2153; x_wconf 87' lang='lat' dir='ltr'><strong>tempore,</strong></span> <span class='ocrx_word' id='word_1_270' title='bbox 1625 2100 1735 2138; x_wconf 91' lang='lat' dir='ltr'><strong>non</strong></span> <span class='ocrx_word' id='word_1_271' title='bbox 1755 2084 2083 2139; x_wconf 83' lang='lat' dir='ltr'><strong>minoratum</strong></span> 
     </span>
    </p>
   </div>
   <div class='ocr_carea' id='block_1_32' title="bbox 478 2174 2081 2243">
    <p class='ocr_par' dir='ltr' id='par_1_32' title="bbox 478 2174 2081 2243">
     <span class='ocr_line' id='line_1_32' title="bbox 478 2174 2081 2243; baseline 0.002 -15"><span class='ocrx_word' id='word_1_272' title='bbox 478 2174 670 2243; x_wconf 86' lang='lat' dir='ltr'><strong>gradu,</strong></span> <span class='ocrx_word' id='word_1_273' title='bbox 703 2190 813 2229; x_wconf 89' lang='lat' dir='ltr'><strong>non</strong></span> <span class='ocrx_word' id='word_1_274' title='bbox 838 2174 1091 2232; x_wconf 62' lang='lat' dir='ltr'><strong>aetatibus</strong></span> <span class='ocrx_word' id='word_1_275' title='bbox 1118 2174 1459 2228; x_wconf 87' lang='lat' dir='ltr'><strong>immutatum</strong></span> <span class='ocrx_word' id='word_1_276' title='bbox 1477 2212 1493 2237; x_wconf 92' lang='lat'><strong>,</strong></span> <span class='ocrx_word' id='word_1_277' title='bbox 1523 2174 1618 2230; x_wconf 88' lang='lat' dir='ltr'><strong>sed</strong></span> <span class='ocrx_word' id='word_1_278' title='bbox 1647 2174 1789 2230; x_wconf 89' lang='lat' dir='ltr'><strong>intra</strong></span> <span class='ocrx_word' id='word_1_279' title='bbox 1815 2183 2081 2231; x_wconf 58' lang='lat' dir='ltr'><strong>attentum</strong></span> 
     </span>
    </p>
   </div>
   <div class='ocr_carea' id='block_1_33' title="bbox 483 2264 2081 2339">
    <p class='ocr_par' dir='ltr' id='par_1_33' title="bbox 483 2264 2081 2339">
     <span class='ocr_line' id='line_1_33' title="bbox 483 2264 2081 2339; baseline 0.001 -17"><span class='ocrx_word' id='word_1_280' title='bbox 483 2264 797 2322; x_wconf 85' lang='lat' dir='ltr'><strong>Genitorem</strong></span> <span class='ocrx_word' id='word_1_281' title='bbox 826 2279 1046 2334; x_wconf 79' lang='lat' dir='ltr'><strong>germen</strong></span> <span class='ocrx_word' id='word_1_282' title='bbox 1074 2281 1397 2337; x_wconf 87' lang='lat' dir='ltr'><strong>permanens</strong></span> <span class='ocrx_word' id='word_1_283' title='bbox 1422 2266 1476 2320; x_wconf 89' lang='lat' dir='ltr'><strong>in</strong></span> <span class='ocrx_word' id='word_1_284' title='bbox 1504 2274 1786 2322; x_wconf 70' lang='lat' dir='ltr'><strong>aeternum.</strong></span> <span class='ocrx_word' id='word_1_285' title='bbox 1820 2267 1967 2339; x_wconf 84' lang='lat' dir='ltr'><strong>Ego,</strong></span> <span class='ocrx_word' id='word_1_286' title='bbox 2000 2269 2081 2324; x_wconf 87' lang='lat' dir='ltr'><strong>in-</strong></span> 
     </span>
    </p>
   </div>
   <div class='ocr_carea' id='block_1_34' title="bbox 484 2354 2082 2429">
    <p class='ocr_par' dir='ltr' id='par_1_34' title="bbox 484 2354 2082 2429">
     <span class='ocr_line' id='line_1_34' title="bbox 484 2354 2082 2429; baseline 0.001 -16"><span class='ocrx_word' id='word_1_287' title='bbox 484 2357 622 2426; x_wconf 88' lang='lat' dir='ltr'><strong>quit,</strong></span> <span class='ocrx_word' id='word_1_288' title='bbox 653 2357 711 2409; x_wconf 84' lang='lat' dir='ltr'><strong>in</strong></span> <span class='ocrx_word' id='word_1_289' title='bbox 732 2354 893 2410; x_wconf 81' lang='lat' dir='ltr'><strong>Patre</strong></span> <span class='ocrx_word' id='word_1_290' title='bbox 918 2365 970 2410; x_wconf 90' lang='lat' dir='ltr'><strong>et</strong></span> <span class='ocrx_word' id='word_1_291' title='bbox 997 2355 1160 2410; x_wconf 85' lang='lat' dir='ltr'><strong>Pater</strong></span> <span class='ocrx_word' id='word_1_292' title='bbox 1187 2358 1239 2410; x_wconf 81' lang='lat' dir='ltr'><strong>in</strong></span> <span class='ocrx_word' id='word_1_293' title='bbox 1270 2374 1353 2411; x_wconf 86' lang='lat' dir='ltr'><strong>me</strong></span> <span class='ocrx_word' id='word_1_294' title='bbox 1378 2366 1455 2412; x_wconf 87' lang='lat' dir='ltr'><strong>est</strong></span> <span class='ocrx_word' id='word_1_295' title='bbox 1485 2356 1665 2427; x_wconf 79' lang='lat' dir='ltr'><strong>(Joan.</strong></span> <span class='ocrx_word' id='word_1_296' title='bbox 1698 2357 1829 2429; x_wconf 62' lang='grc' dir='ltr'>χιι).</span> <span class='ocrx_word' id='word_1_297' title='bbox 1862 2359 2082 2415; x_wconf 75' lang='lat' dir='ltr'><strong>Audivi-</strong></span> 
     </span>
    </p>
   </div>
   <div class='ocr_carea' id='block_1_35' title="bbox 482 2444 2082 2516">
    <p class='ocr_par' dir='ltr' id='par_1_35' title="bbox 482 2444 2082 2516">
     <span class='ocr_line' id='line_1_35' title="bbox 482 2444 2082 2516; baseline 0.003 -13"><span class='ocrx_word' id='word_1_298' title='bbox 482 2464 606 2504; x_wconf 90' lang='lat' dir='ltr'><strong>mus</strong></span> <span class='ocrx_word' id='word_1_299' title='bbox 634 2444 871 2510; x_wconf 87' lang='lat' dir='ltr'><strong>Patrem,</strong></span> <span class='ocrx_word' id='word_1_300' title='bbox 903 2447 1186 2502; x_wconf 79' lang='lat' dir='ltr'><strong>credamus</strong></span> <span class='ocrx_word' id='word_1_301' title='bbox 1212 2446 1405 2502; x_wconf 84' lang='lat' dir='ltr'><strong>Filium</strong></span> <span class='ocrx_word' id='word_1_302' title='bbox 1435 2448 1633 2504; x_wconf 85' lang='lat' dir='ltr'><strong>virtute</strong></span> <span class='ocrx_word' id='word_1_303' title='bbox 1660 2449 1858 2516; x_wconf 83' lang='lat' dir='ltr'><strong>divina,</strong></span> <span class='ocrx_word' id='word_1_304' title='bbox 1890 2452 2082 2508; x_wconf 86' lang='lat' dir='ltr'><strong>ordine</strong></span> 
     </span>
    </p>
   </div>
   <div class='ocr_carea' id='block_1_36' title="bbox 481 2538 2080 2607">
    <p class='ocr_par' dir='ltr' id='par_1_36' title="bbox 481 2538 2080 2607">
     <span class='ocr_line' id='line_1_36' title="bbox 481 2538 2080 2607; baseline 0.003 -11"><span class='ocrx_word' id='word_1_305' title='bbox 481 2556 595 2597; x_wconf 87' lang='lat' dir='ltr'><strong>non</strong></span> <span class='ocrx_word' id='word_1_306' title='bbox 625 2539 881 2602; x_wconf 85' lang='lat' dir='ltr'><strong>humano,</strong></span> <span class='ocrx_word' id='word_1_307' title='bbox 915 2554 1112 2594; x_wconf 89' lang='lat' dir='ltr'><strong>arcano</strong></span> <span class='ocrx_word' id='word_1_308' title='bbox 1133 2538 1250 2602; x_wconf 89' lang='lat' dir='ltr'><strong>Dei,</strong></span> <span class='ocrx_word' id='word_1_309' title='bbox 1284 2555 1394 2593; x_wconf 87' lang='lat' dir='ltr'><strong>non</strong></span> <span class='ocrx_word' id='word_1_310' title='bbox 1415 2540 1626 2595; x_wconf 88' lang='lat' dir='ltr'><strong>ratione</strong></span> <span class='ocrx_word' id='word_1_311' title='bbox 1647 2542 1937 2607; x_wconf 87' lang='lat' dir='ltr'><strong>mundana,</strong></span> <span class='ocrx_word' id='word_1_312' title='bbox 1972 2560 2080 2601; x_wconf 89' lang='lat' dir='ltr'><strong>non</strong></span> 
     </span>
    </p>
   </div>
   <div class='ocr_carea' id='block_1_37' title="bbox 484 2629 2077 2703">
    <p class='ocr_par' dir='ltr' id='par_1_37' title="bbox 484 2629 2077 2703">
     <span class='ocr_line' id='line_1_37' title="bbox 484 2629 2077 2703; baseline 0.001 -16"><span class='ocrx_word' id='word_1_313' title='bbox 484 2630 604 2703; x_wconf 81' lang='lat' dir='ltr'><strong>lege</strong></span> <span class='ocrx_word' id='word_1_314' title='bbox 632 2630 848 2698; x_wconf 72' lang='lat' dir='ltr'><strong>saeculi,</strong></span> <span class='ocrx_word' id='word_1_315' title='bbox 879 2629 977 2685; x_wconf 89' lang='lat' dir='ltr'><strong>sed</strong></span> <span class='ocrx_word' id='word_1_316' title='bbox 1004 2630 1249 2701; x_wconf 89' lang='lat' dir='ltr'><strong>potentia</strong></span> <span class='ocrx_word' id='word_1_317' title='bbox 1281 2645 1534 2701; x_wconf 87' lang='lat' dir='ltr'><strong>superna.</strong></span> <span class='ocrx_word' id='word_1_318' title='bbox 1580 2630 1734 2698; x_wconf 86' lang='lat' dir='ltr'><strong>Quod</strong></span> <span class='ocrx_word' id='word_1_319' title='bbox 1764 2633 1902 2688; x_wconf 89' lang='lat' dir='ltr'><strong>scire</strong></span> <span class='ocrx_word' id='word_1_320' title='bbox 1931 2634 2077 2698; x_wconf 88' lang='lat' dir='ltr'><strong>licet,</strong></span> 
     </span>
    </p>
   </div>
   <div class='ocr_carea' id='block_1_38' title="bbox 483 2720 2084 2788">
    <p class='ocr_par' dir='ltr' id='par_1_38' title="bbox 483 2720 2084 2788">
     <span class='ocr_line' id='line_1_38' title="bbox 483 2720 2084 2788; baseline 0 -10"><span class='ocrx_word' id='word_1_321' title='bbox 483 2723 754 2778; x_wconf 85' lang='lat' dir='ltr'><strong>discutere</strong></span> <span class='ocrx_word' id='word_1_322' title='bbox 784 2736 892 2777; x_wconf 91' lang='lat' dir='ltr'><strong>non</strong></span> <span class='ocrx_word' id='word_1_323' title='bbox 921 2721 1084 2787; x_wconf 87' lang='lat' dir='ltr'><strong>licet;</strong></span> <span class='ocrx_word' id='word_1_324' title='bbox 1135 2720 1359 2776; x_wconf 88' lang='lat' dir='ltr'><strong>credere</strong></span> <span class='ocrx_word' id='word_1_325' title='bbox 1386 2722 1659 2788; x_wconf 85' lang='lat' dir='ltr'><strong>convenit,</strong></span> <span class='ocrx_word' id='word_1_326' title='bbox 1691 2739 1798 2778; x_wconf 86' lang='lat' dir='ltr'><strong>non</strong></span> <span class='ocrx_word' id='word_1_327' title='bbox 1827 2724 2084 2780; x_wconf 86' lang='lat' dir='ltr'><strong>convenit</strong></span> 
     </span>
    </p>
   </div>
   <div class='ocr_carea' id='block_1_39' title="bbox 483 2812 2079 2886">
    <p class='ocr_par' dir='ltr' id='par_1_39' title="bbox 483 2812 2079 2886">
     <span class='ocr_line' id='line_1_39' title="bbox 483 2812 2079 2886; baseline 0.002 -17"><span class='ocrx_word' id='word_1_328' title='bbox 483 2814 814 2886; x_wconf 86' lang='lat' dir='ltr'><strong>perscrutari</strong></span> <span class='ocrx_word' id='word_1_329' title='bbox 843 2832 856 2865; x_wconf 88' lang='lat'><strong>:</strong></span> <span class='ocrx_word' id='word_1_330' title='bbox 901 2829 1025 2868; x_wconf 91' lang='lat' dir='ltr'><strong>nam</strong></span> <span class='ocrx_word' id='word_1_331' title='bbox 1056 2812 1126 2868; x_wconf 90' lang='lat' dir='ltr'><strong>ob</strong></span> <span class='ocrx_word' id='word_1_332' title='bbox 1155 2813 1260 2868; x_wconf 90' lang='lat' dir='ltr'><strong>hoc</strong></span> <span class='ocrx_word' id='word_1_333' title='bbox 1288 2815 1713 2885; x_wconf 80' lang='lat' dir='ltr'><strong>omnipotentem</strong></span> <span class='ocrx_word' id='word_1_334' title='bbox 1743 2816 1912 2871; x_wconf 90' lang='lat' dir='ltr'><strong>Deum</strong></span> <span class='ocrx_word' id='word_1_335' title='bbox 1940 2816 2079 2873; x_wconf 80' lang='lat' dir='ltr'><strong>dixi-</strong></span> 
     </span>
    </p>
   </div>
   <div class='ocr_carea' id='block_1_40' title="bbox 483 2903 2081 2976">
    <p class='ocr_par' dir='ltr' id='par_1_40' title="bbox 483 2903 2081 2976">
     <span class='ocr_line' id='line_1_40' title="bbox 483 2903 2081 2976; baseline 0.003 -16"><span class='ocrx_word' id='word_1_336' title='bbox 483 2920 636 2971; x_wconf 88' lang='lat' dir='ltr'><strong>mus,</strong></span> <span class='ocrx_word' id='word_1_337' title='bbox 670 2909 728 2959; x_wconf 90' lang='lat' dir='ltr'><strong>ut</strong></span> <span class='ocrx_word' id='word_1_338' title='bbox 769 2903 881 2959; x_wconf 91' lang='lat' dir='ltr'><strong>Deo</strong></span> <span class='ocrx_word' id='word_1_339' title='bbox 922 2904 1255 2973; x_wconf 87' lang='lat' dir='ltr'><strong>impossibile</strong></span> <span class='ocrx_word' id='word_1_340' title='bbox 1296 2905 1371 2958; x_wconf 91' lang='lat' dir='ltr'><strong>nil</strong></span> <span class='ocrx_word' id='word_1_341' title='bbox 1400 2913 1673 2976; x_wconf 87' lang='lat' dir='ltr'><strong>putemus.</strong></span> <span class='ocrx_word' id='word_1_342' title='bbox 1724 2905 1791 2960; x_wconf 88' lang='lat' dir='ltr'><strong>Et</strong></span> <span class='ocrx_word' id='word_1_343' title='bbox 1820 2907 2081 2964; x_wconf 74' lang='lat' dir='ltr'><strong>inlesum</strong></span> 
     </span>
    </p>
   </div>
   <div class='ocr_carea' id='block_1_41' title="bbox 485 2994 2082 3085">
    <p class='ocr_par' dir='ltr' id='par_1_41' title="bbox 485 2994 2082 3085">
     <span class='ocr_line' id='line_1_41' title="bbox 485 2994 2082 3085; baseline 0.003 -33"><span class='ocrx_word' id='word_1_344' title='bbox 485 2994 821 3085; x_wconf 51' lang='lat' dir='ltr'><strong>Christum}?</strong></span> <span class='ocrx_word' id='word_1_345' title='bbox 824 2996 971 3051; x_wconf 87' lang='lat' dir='ltr'><strong>ilium</strong></span> <span class='ocrx_word' id='word_1_346' title='bbox 996 2997 1108 3068; x_wconf 84' lang='lat' dir='ltr'><strong>ejus</strong></span> <span class='ocrx_word' id='word_1_347' title='bbox 1128 2998 1355 3064; x_wconf 82' lang='lat' dir='ltr'><strong>unicum,</strong></span> <span class='ocrx_word' id='word_1_348' title='bbox 1385 2997 1671 3054; x_wconf 84' lang='lat' dir='ltr'><strong>Dominum</strong></span> <span class='ocrx_word' id='word_1_349' title='bbox 1700 3008 1952 3056; x_wconf 81' lang='lat' dir='ltr'><strong>nostrum.</strong></span> <span class='ocrx_word' id='word_1_350' title='bbox 1999 3002 2082 3057; x_wconf 86' lang='lat' dir='ltr'><strong>Ab</strong></span> 
     </span>
    </p>
   </div>
   <div class='ocr_carea' id='block_1_42' title="bbox 485 3090 2081 3165">
    <p class='ocr_par' dir='ltr' id='par_1_42' title="bbox 485 3090 2081 3165">
     <span class='ocr_line' id='line_1_42' title="bbox 485 3090 2081 3165; baseline 0.001 -17"><span class='ocrx_word' id='word_1_351' title='bbox 485 3093 738 3148; x_wconf 88' lang='lat' dir='ltr'><strong>unctione</strong></span> <span class='ocrx_word' id='word_1_352' title='bbox 777 3091 1053 3157; x_wconf 85' lang='lat' dir='ltr'><strong>Christus,</strong></span> <span class='ocrx_word' id='word_1_353' title='bbox 1095 3090 1253 3147; x_wconf 84' lang='lat' dir='ltr'><strong>Jesus</strong></span> <span class='ocrx_word' id='word_1_354' title='bbox 1283 3103 1506 3147; x_wconf 84' lang='lat' dir='ltr'><strong>vocatus</strong></span> <span class='ocrx_word' id='word_1_355' title='bbox 1531 3101 1614 3147; x_wconf 91' lang='lat' dir='ltr'><strong>est</strong></span> <span class='ocrx_word' id='word_1_356' title='bbox 1640 3110 1672 3147; x_wconf 89' lang='lat' dir='ltr'><strong>a</strong></span> <span class='ocrx_word' id='word_1_357' title='bbox 1700 3094 1873 3150; x_wconf 89' lang='lat' dir='ltr'><strong>salute</strong></span> <span class='ocrx_word' id='word_1_358' title='bbox 1910 3113 1922 3147; x_wconf 93' lang='lat'>:</span> <span class='ocrx_word' id='word_1_359' title='bbox 1955 3096 2081 3165; x_wconf 88' lang='lat' dir='ltr'><strong>quia</strong></span> 
     </span>
    </p>
   </div>
   <div class='ocr_carea' id='block_1_43' title="bbox 480 3184 2084 3255">
    <p class='ocr_par' dir='ltr' id='par_1_43' title="bbox 480 3184 2084 3255">
     <span class='ocr_line' id='line_1_43' title="bbox 480 3184 2084 3255; baseline 0.002 -15"><span class='ocrx_word' id='word_1_360' title='bbox 480 3193 538 3240; x_wconf 90' lang='lat' dir='ltr'><strong>et</strong></span> <span class='ocrx_word' id='word_1_361' title='bbox 564 3184 778 3248; x_wconf 87' lang='lat' dir='ltr'><strong>unctio,</strong></span> <span class='ocrx_word' id='word_1_362' title='bbox 823 3198 943 3253; x_wconf 81' lang='lat' dir='ltr'><strong>quae</strong></span> <span class='ocrx_word' id='word_1_363' title='bbox 982 3198 1081 3255; x_wconf 89' lang='lat' dir='ltr'><strong>per</strong></span> <span class='ocrx_word' id='word_1_364' title='bbox 1119 3198 1308 3254; x_wconf 84' lang='lat' dir='ltr'><strong>reges,</strong></span> <span class='ocrx_word' id='word_1_365' title='bbox 1354 3185 1648 3255; x_wconf 85' lang='lat' dir='ltr'><strong>prophetas</strong></span> <span class='ocrx_word' id='word_1_366' title='bbox 1690 3193 1746 3242; x_wconf 92' lang='lat' dir='ltr'><strong>et</strong></span> <span class='ocrx_word' id='word_1_367' title='bbox 1774 3187 2084 3244; x_wconf 87' lang='lat' dir='ltr'><strong>sacerdotes</strong></span> 
     </span>
    </p>
   </div>
   <div class='ocr_carea' id='block_1_44' title="bbox 2183 1989 3755 2061">
    <p class='ocr_par' dir='ltr' id='par_1_44' title="bbox 2183 1989 3755 2061">
     <span class='ocr_line' id='line_1_44' title="bbox 2183 1989 3755 2061; baseline -0.001 -13"><span class='ocrx_word' id='word_1_368' title='bbox 2183 1990 2429 2061; x_wconf 86' lang='lat' dir='ltr'><strong>corporis</strong></span> <span class='ocrx_word' id='word_1_369' title='bbox 2446 2029 2462 2056; x_wconf 92' lang='lat'><strong>,</strong></span> <span class='ocrx_word' id='word_1_370' title='bbox 2486 1990 2664 2046; x_wconf 86' lang='lat' dir='ltr'><strong>omnis</strong></span> <span class='ocrx_word' id='word_1_371' title='bbox 2687 1990 3047 2046; x_wconf 74' lang='lat' dir='ltr'><strong>lmmamrum</strong></span> <span class='ocrx_word' id='word_1_372' title='bbox 3072 2004 3365 2060; x_wconf 70' lang='lat' dir='ltr'><strong>corporum</strong></span> <span class='ocrx_word' id='word_1_373' title='bbox 3390 1989 3539 2044; x_wconf 82' lang='lat' dir='ltr'><strong>satio</strong></span> <span class='ocrx_word' id='word_1_374' title='bbox 3570 1990 3755 2046; x_wconf 73' lang='lat' dir='ltr'><strong>vitale-</strong></span> 
     </span>
    </p>
   </div>
   <div class='ocr_carea' id='block_1_45' title="bbox 2181 2081 3756 2154">
    <p class='ocr_par' dir='ltr' id='par_1_45' title="bbox 2181 2081 3756 2154">
     <span class='ocr_line' id='line_1_45' title="bbox 2181 2081 3756 2154; baseline -0.001 -13"><span class='ocrx_word' id='word_1_375' title='bbox 2181 2094 2427 2154; x_wconf 82' lang='lat' dir='ltr'><strong>surgeret</strong></span> <span class='ocrx_word' id='word_1_376' title='bbox 2443 2093 2501 2140; x_wconf 87' lang='lat' dir='ltr'><strong>et</strong></span> <span class='ocrx_word' id='word_1_377' title='bbox 2527 2084 2802 2140; x_wconf 78' lang='lat' dir='ltr'><strong>levaretur</strong></span> <span class='ocrx_word' id='word_1_378' title='bbox 2828 2083 2882 2139; x_wconf 92' lang='lat' dir='ltr'><strong>in</strong></span> <span class='ocrx_word' id='word_1_379' title='bbox 2902 2097 3155 2139; x_wconf 86' lang='lat' dir='ltr'><strong>messem.</strong></span> <span class='ocrx_word' id='word_1_380' title='bbox 3189 2081 3369 2137; x_wconf 81' lang='lat' dir='ltr'><strong>Tertia</strong></span> <span class='ocrx_word' id='word_1_381' title='bbox 3386 2081 3477 2138; x_wconf 74' lang='lat' dir='ltr'><strong>die</strong></span> <span class='ocrx_word' id='word_1_382' title='bbox 3498 2086 3756 2140; x_wconf 57' lang='lat' dir='ltr'><strong>resumat</strong></span> 
     </span>
    </p>
   </div>
   <div class='ocr_carea' id='block_1_46' title="bbox 2181 2173 3756 2233">
    <p class='ocr_par' dir='ltr' id='par_1_46' title="bbox 2181 2173 3756 2233">
     <span class='ocr_line' id='line_1_46' title="bbox 2181 2173 3756 2233; baseline 0.001 -2"><span class='ocrx_word' id='word_1_383' title='bbox 2181 2195 2217 2231; x_wconf 71' lang='grc' dir='ltr'><strong>ι</strong></span> <span class='ocrx_word' id='word_1_384' title='bbox 2242 2177 2477 2232; x_wconf 76' lang='lat' dir='ltr'><strong>mortuis.</strong></span> <span class='ocrx_word' id='word_1_385' title='bbox 2521 2174 2593 2232; x_wconf 91' lang='lat' dir='ltr'><strong>Ut</strong></span> <span class='ocrx_word' id='word_1_386' title='bbox 2623 2175 2798 2231; x_wconf 83' lang='lat' dir='ltr'><strong>tribus</strong></span> <span class='ocrx_word' id='word_1_387' title='bbox 2824 2175 2879 2231; x_wconf 81' lang='lat' dir='ltr'><strong>in</strong></span> <span class='ocrx_word' id='word_1_388' title='bbox 2914 2174 3106 2231; x_wconf 77' lang='lat' dir='ltr'><strong>diebus</strong></span> <span class='ocrx_word' id='word_1_389' title='bbox 3145 2173 3427 2231; x_wconf 79' lang='lat' dir='ltr'><strong>Trinitatis</strong></span> <span class='ocrx_word' id='word_1_390' title='bbox 3454 2174 3756 2233; x_wconf 65' lang='lat' dir='ltr'><strong>beneﬁcium</strong></span> 
     </span>
    </p>
   </div>
   <div class='ocr_carea' id='block_1_47' title="bbox 2180 2266 3756 2339">
    <p class='ocr_par' dir='ltr' id='par_1_47' title="bbox 2180 2266 3756 2339">
     <span class='ocr_line' id='line_1_47' title="bbox 2180 2266 3756 2339; baseline 0 -16"><span class='ocrx_word' id='word_1_391' title='bbox 2180 2269 2529 2339; x_wconf 82' lang='lat' dir='ltr'><strong>panderetur,</strong></span> <span class='ocrx_word' id='word_1_392' title='bbox 2570 2273 2632 2323; x_wconf 83' lang='lat' dir='ltr'><strong>ut</strong></span> <span class='ocrx_word' id='word_1_393' title='bbox 2656 2282 2756 2338; x_wconf 89' lang='lat' dir='ltr'><strong>per</strong></span> <span class='ocrx_word' id='word_1_394' title='bbox 2776 2266 3084 2325; x_wconf 76' lang='lat' dir='ltr'><strong>triduanum</strong></span> <span class='ocrx_word' id='word_1_395' title='bbox 3123 2273 3338 2337; x_wconf 78' lang='lat' dir='ltr'><strong>tempus</strong></span> <span class='ocrx_word' id='word_1_396' title='bbox 3354 2266 3601 2323; x_wconf 79' lang='lat' dir='ltr'><strong>humana</strong></span> <span class='ocrx_word' id='word_1_397' title='bbox 3622 2269 3756 2323; x_wconf 72' lang='lat' dir='ltr'><strong>trina</strong></span> 
     </span>
    </p>
   </div>
   <div class='ocr_carea' id='block_1_48' title="bbox 2182 2356 3753 2431">
    <p class='ocr_par' dir='ltr' id='par_1_48' title="bbox 2182 2356 3753 2431">
     <span class='ocr_line' id='line_1_48' title="bbox 2182 2356 3753 2431; baseline -0.003 -14"><span class='ocrx_word' id='word_1_398' title='bbox 2182 2366 2487 2431; x_wconf 68' lang='lat' dir='ltr'><strong>Iennponnn</strong></span> <span class='ocrx_word' id='word_1_399' title='bbox 2525 2359 2805 2429; x_wconf 73' lang='lat' dir='ltr'><strong>generatio</strong></span> <span class='ocrx_word' id='word_1_400' title='bbox 2838 2358 3163 2423; x_wconf 77' lang='lat' dir='ltr'><strong>salvaretur,</strong></span> <span class='ocrx_word' id='word_1_401' title='bbox 3204 2356 3383 2423; x_wconf 82' lang='lat' dir='ltr'><strong>idest,</strong></span> <span class='ocrx_word' id='word_1_402' title='bbox 3426 2364 3562 2414; x_wconf 85' lang='lat' dir='ltr'><strong>ante</strong></span> <span class='ocrx_word' id='word_1_403' title='bbox 3588 2359 3753 2428; x_wconf 70' lang='lat' dir='ltr'><strong>legem,</strong></span> 
     </span>
    </p>
   </div>
   <div class='ocr_carea' id='block_1_49' title="bbox 2162 2447 3753 2521">
    <p class='ocr_par' dir='ltr' id='par_1_49' title="bbox 2162 2447 3753 2521">
     <span class='ocr_line' id='line_1_49' title="bbox 2162 2447 3753 2521; baseline 0 -16"><span class='ocrx_word' id='word_1_404' title='bbox 2162 2450 2237 2505; x_wconf 92' lang='lat' dir='ltr'><strong>.in</strong></span> <span class='ocrx_word' id='word_1_405' title='bbox 2262 2450 2384 2519; x_wconf 75' lang='lat' dir='ltr'><strong>lege</strong></span> <span class='ocrx_word' id='word_1_406' title='bbox 2412 2455 2468 2505; x_wconf 86' lang='lat' dir='ltr'><strong>et</strong></span> <span class='ocrx_word' id='word_1_407' title='bbox 2495 2450 2551 2507; x_wconf 90' lang='lat' dir='ltr'><strong>in</strong></span> <span class='ocrx_word' id='word_1_408' title='bbox 2585 2450 2779 2518; x_wconf 78' lang='lat' dir='ltr'><strong>gratia.</strong></span> <span class='ocrx_word' id='word_1_409' title='bbox 2802 2449 3055 2504; x_wconf 67' lang='lat' dir='ltr'><strong>Ascendit</strong></span> <span class='ocrx_word' id='word_1_410' title='bbox 3075 2449 3131 2503; x_wconf 79' lang='lat' dir='ltr'><strong>in</strong></span> <span class='ocrx_word' id='word_1_411' title='bbox 3149 2447 3323 2505; x_wconf 68' lang='lat' dir='ltr'><strong>costa.</strong></span> <span class='ocrx_word' id='word_1_412' title='bbox 3346 2448 3469 2505; x_wconf 79' lang='lat' dir='ltr'><strong>Non</strong></span> <span class='ocrx_word' id='word_1_413' title='bbox 3492 2457 3555 2505; x_wconf 90' lang='lat' dir='ltr'><strong>ut</strong></span> <span class='ocrx_word' id='word_1_414' title='bbox 3574 2457 3753 2521; x_wconf 68' lang='lat' dir='ltr'><strong>petens,</strong></span> 
     </span>
    </p>
   </div>
   <div class='ocr_carea' id='block_1_50' title="bbox 2181 2537 3759 2611">
    <p class='ocr_par' dir='ltr' id='par_1_50' title="bbox 2181 2537 3759 2611">
     <span class='ocr_line' id='line_1_50' title="bbox 2181 2537 3759 2611; baseline -0.001 -13"><span class='ocrx_word' id='word_1_415' title='bbox 2181 2542 2278 2598; x_wconf 87' lang='lat' dir='ltr'><strong>sed</strong></span> <span class='ocrx_word' id='word_1_416' title='bbox 2304 2548 2366 2596; x_wconf 89' lang='lat' dir='ltr'><strong>ut</strong></span> <span class='ocrx_word' id='word_1_417' title='bbox 2397 2547 2654 2611; x_wconf 83' lang='lat' dir='ltr'><strong>repetens</strong></span> <span class='ocrx_word' id='word_1_418' title='bbox 2675 2540 2861 2597; x_wconf 72' lang='lat' dir='ltr'><strong>cmlos.</strong></span> <span class='ocrx_word' id='word_1_419' title='bbox 2915 2537 3086 2595; x_wconf 73' lang='lat' dir='ltr'><strong>Nam</strong></span> <span class='ocrx_word' id='word_1_420' title='bbox 3112 2540 3352 2596; x_wconf 76' lang='lat' dir='ltr'><strong>ascendit</strong></span> <span class='ocrx_word' id='word_1_421' title='bbox 3376 2541 3438 2596; x_wconf 74' lang='lat' dir='ltr'><strong>in</strong></span> <span class='ocrx_word' id='word_1_422' title='bbox 3464 2542 3668 2607; x_wconf 63' lang='lat' dir='ltr'><strong>ccta,</strong></span> <span class='ocrx_word' id='word_1_423' title='bbox 3694 2542 3759 2596; x_wconf 76' lang='lat' dir='ltr'><strong>in-</strong></span> 
     </span>
    </p>
   </div>
   <div class='ocr_carea' id='block_1_51' title="bbox 2181 2632 3757 2707">
    <p class='ocr_par' dir='ltr' id='par_1_51' title="bbox 2181 2632 3757 2707">
     <span class='ocr_line' id='line_1_51' title="bbox 2181 2632 3757 2707; baseline -0.003 -16"><span class='ocrx_word' id='word_1_424' title='bbox 2181 2636 2331 2705; x_wconf 85' lang='lat' dir='ltr'><strong>quit,</strong></span> <span class='ocrx_word' id='word_1_425' title='bbox 2362 2636 2465 2690; x_wconf 83' lang='lat' dir='ltr'><strong>nisi</strong></span> <span class='ocrx_word' id='word_1_426' title='bbox 2493 2636 2581 2707; x_wconf 81' lang='lat' dir='ltr'><strong>qui</strong></span> <span class='ocrx_word' id='word_1_427' title='bbox 2608 2634 2674 2689; x_wconf 82' lang='lat' dir='ltr'><strong>de</strong></span> <span class='ocrx_word' id='word_1_428' title='bbox 2701 2634 2827 2690; x_wconf 70' lang='lat' dir='ltr'><strong>celo</strong></span> <span class='ocrx_word' id='word_1_429' title='bbox 2860 2633 3128 2689; x_wconf 70' lang='lat' dir='ltr'><strong>descendit</strong></span> <span class='ocrx_word' id='word_1_430' title='bbox 3158 2632 3342 2706; x_wconf 81' lang='lat' dir='ltr'><strong>(Jouu.</strong></span> <span class='ocrx_word' id='word_1_431' title='bbox 3374 2634 3479 2705; x_wconf 86' lang='grc' dir='ltr'>ιιι).</span> <span class='ocrx_word' id='word_1_432' title='bbox 3528 2634 3679 2690; x_wconf 81' lang='lat' dir='ltr'><strong>Sedet</strong></span> <span class='ocrx_word' id='word_1_433' title='bbox 3702 2632 3757 2687; x_wconf 76' lang='lat' dir='ltr'><strong>ad</strong></span> 
     </span>
    </p>
   </div>
   <div class='ocr_carea' id='block_1_52' title="bbox 2181 2723 3752 2782">
    <p class='ocr_par' dir='ltr' id='par_1_52' title="bbox 2181 2723 3752 2782">
     <span class='ocr_line' id='line_1_52' title="bbox 2181 2723 3752 2782; baseline 0.001 -3"><span class='ocrx_word' id='word_1_434' title='bbox 2181 2725 2449 2780; x_wconf 73' lang='lat' dir='ltr'><strong>dexterum</strong></span> <span class='ocrx_word' id='word_1_435' title='bbox 2469 2724 2668 2780; x_wconf 82' lang='lat' dir='ltr'><strong>Patris.</strong></span> <span class='ocrx_word' id='word_1_436' title='bbox 2693 2724 2801 2781; x_wconf 89' lang='lat' dir='ltr'><strong>Sed</strong></span> <span class='ocrx_word' id='word_1_437' title='bbox 2821 2723 3035 2781; x_wconf 85' lang='lat' dir='ltr'><strong>Patrem</strong></span> <span class='ocrx_word' id='word_1_438' title='bbox 3058 2741 3168 2781; x_wconf 92' lang='lat' dir='ltr'><strong>non</strong></span> <span class='ocrx_word' id='word_1_439' title='bbox 3198 2725 3364 2781; x_wconf 83' lang='lat' dir='ltr'><strong>habet</strong></span> <span class='ocrx_word' id='word_1_440' title='bbox 3389 2725 3461 2781; x_wconf 88' lang='lat' dir='ltr'><strong>ad</strong></span> <span class='ocrx_word' id='word_1_441' title='bbox 3483 2727 3752 2782; x_wconf 69' lang='lat' dir='ltr'><strong>sinistram</strong></span> 
     </span>
    </p>
   </div>
   <div class='ocr_carea' id='block_1_53' title="bbox 2183 2816 3757 2889">
    <p class='ocr_par' dir='ltr' id='par_1_53' title="bbox 2183 2816 3757 2889">
     <span class='ocr_line' id='line_1_53' title="bbox 2183 2816 3757 2889; baseline -0.001 -15"><span class='ocrx_word' id='word_1_442' title='bbox 2183 2819 2492 2875; x_wconf 81' lang='lat' dir='ltr'><strong>Divinitatis</strong></span> <span class='ocrx_word' id='word_1_443' title='bbox 2531 2833 2818 2875; x_wconf 75' lang='lat' dir='ltr'><strong>consessus</strong></span> <span class='ocrx_word' id='word_1_444' title='bbox 2858 2819 3050 2889; x_wconf 80' lang='lat' dir='ltr'><strong>recipit</strong></span> <span class='ocrx_word' id='word_1_445' title='bbox 3076 2819 3154 2875; x_wconf 79' lang='lat' dir='ltr'><strong>nil</strong></span> <span class='ocrx_word' id='word_1_446' title='bbox 3182 2819 3485 2877; x_wconf 83' lang='lat' dir='ltr'><strong>sinistrum.</strong></span> <span class='ocrx_word' id='word_1_447' title='bbox 3530 2819 3680 2875; x_wconf 82' lang='lat' dir='ltr'><strong>Sedet</strong></span> <span class='ocrx_word' id='word_1_448' title='bbox 3700 2816 3757 2873; x_wconf 79' lang='lat' dir='ltr'><strong>ad</strong></span> 
     </span>
    </p>
   </div>
   <div class='ocr_carea' id='block_1_54' title="bbox 2182 2910 3756 2983">
    <p class='ocr_par' dir='ltr' id='par_1_54' title="bbox 2182 2910 3756 2983">
     <span class='ocr_line' id='line_1_54' title="bbox 2182 2910 3756 2983; baseline 0.001 -17"><span class='ocrx_word' id='word_1_449' title='bbox 2182 2911 2451 2981; x_wconf 72' lang='lat' dir='ltr'><strong>dexterum</strong></span> <span class='ocrx_word' id='word_1_450' title='bbox 2472 2910 2672 2978; x_wconf 81' lang='lat' dir='ltr'><strong>Patris,</strong></span> <span class='ocrx_word' id='word_1_451' title='bbox 2703 2919 2764 2967; x_wconf 85' lang='lat' dir='ltr'><strong>ut</strong></span> <span class='ocrx_word' id='word_1_452' title='bbox 2789 2912 2960 2983; x_wconf 84' lang='lat' dir='ltr'><strong>patris</strong></span> <span class='ocrx_word' id='word_1_453' title='bbox 2986 2912 3188 2967; x_wconf 82' lang='lat' dir='ltr'><strong>deitate</strong></span> <span class='ocrx_word' id='word_1_454' title='bbox 3216 2928 3344 2967; x_wconf 87' lang='lat' dir='ltr'><strong>una.</strong></span> <span class='ocrx_word' id='word_1_455' title='bbox 3369 2912 3533 2969; x_wconf 79' lang='lat' dir='ltr'><strong>Sedet</strong></span> <span class='ocrx_word' id='word_1_456' title='bbox 3555 2913 3624 2967; x_wconf 81' lang='lat' dir='ltr'><strong>ad</strong></span> <span class='ocrx_word' id='word_1_457' title='bbox 3647 2912 3756 2967; x_wconf 70' lang='lat' dir='ltr'><strong>dar-</strong></span> 
     </span>
    </p>
   </div>
   <div class='ocr_carea' id='block_1_55' title="bbox 2185 3002 3755 3075">
    <p class='ocr_par' dir='ltr' id='par_1_55' title="bbox 2185 3002 3755 3075">
     <span class='ocr_line' id='line_1_55' title="bbox 2185 3002 3755 3075; baseline -0.001 -17"><span class='ocrx_word' id='word_1_458' title='bbox 2185 3012 2368 3068; x_wconf 79' lang='lat' dir='ltr'><strong>teram,</strong></span> <span class='ocrx_word' id='word_1_459' title='bbox 2394 3018 2465 3060; x_wconf 80' lang='lat' dir='ltr'><strong>ne</strong></span> <span class='ocrx_word' id='word_1_460' title='bbox 2484 3004 2555 3059; x_wconf 89' lang='lat' dir='ltr'><strong>sit</strong></span> <span class='ocrx_word' id='word_1_461' title='bbox 2574 3006 2753 3059; x_wconf 90' lang='lat' dir='ltr'><strong>minor</strong></span> <span class='ocrx_word' id='word_1_462' title='bbox 2768 3003 2960 3073; x_wconf 74' lang='lat' dir='ltr'><strong>gradu,</strong></span> <span class='ocrx_word' id='word_1_463' title='bbox 2990 3004 3262 3075; x_wconf 80' lang='lat' dir='ltr'><strong>posterior</strong></span> <span class='ocrx_word' id='word_1_464' title='bbox 3278 3004 3497 3065; x_wconf 86' lang='lat' dir='ltr'><strong>ordine,</strong></span> <span class='ocrx_word' id='word_1_465' title='bbox 3520 3005 3610 3060; x_wconf 87' lang='lat' dir='ltr'><strong>sed</strong></span> <span class='ocrx_word' id='word_1_466' title='bbox 3632 3002 3755 3058; x_wconf 83' lang='lat' dir='ltr'><strong>Patri</strong></span> 
     </span>
    </p>
   </div>
   <div class='ocr_carea' id='block_1_56' title="bbox 2183 3091 3758 3167">
    <p class='ocr_par' dir='ltr' id='par_1_56' title="bbox 2183 3091 3758 3167">
     <span class='ocr_line' id='line_1_56' title="bbox 2183 3091 3758 3167; baseline -0.002 -16"><span class='ocrx_word' id='word_1_467' title='bbox 2183 3096 2463 3152; x_wconf 83' lang='lat' dir='ltr'><strong>divinitate</strong></span> <span class='ocrx_word' id='word_1_468' title='bbox 2501 3111 2627 3162; x_wconf 87' lang='lat' dir='ltr'><strong>una,</strong></span> <span class='ocrx_word' id='word_1_469' title='bbox 2657 3110 2811 3165; x_wconf 66' lang='lat' dir='ltr'><strong>aequa</strong></span> <span class='ocrx_word' id='word_1_470' title='bbox 2838 3103 3107 3165; x_wconf 88' lang='lat' dir='ltr'><strong>potestate</strong></span> <span class='ocrx_word' id='word_1_471' title='bbox 3140 3103 3443 3164; x_wconf 79' lang='lat' dir='ltr'><strong>conregnet</strong></span> <span class='ocrx_word' id='word_1_472' title='bbox 3475 3112 3488 3148; x_wconf 94' lang='lat'>:</span> <span class='ocrx_word' id='word_1_473' title='bbox 3522 3091 3651 3167; x_wconf 79' lang='lat' dir='ltr'><strong>Ego,</strong></span> <span class='ocrx_word' id='word_1_474' title='bbox 3689 3095 3758 3148; x_wconf 88' lang='lat' dir='ltr'><strong>in-</strong></span> 
     </span>
    </p>
   </div>
   <div class='ocr_carea' id='block_1_57' title="bbox 2184 3184 3757 3258">
    <p class='ocr_par' dir='ltr' id='par_1_57' title="bbox 2184 3184 3757 3258">
     <span class='ocr_line' id='line_1_57' title="bbox 2184 3184 3757 3258; baseline -0.002 -16"><span class='ocrx_word' id='word_1_475' title='bbox 2184 3188 2321 3255; x_wconf 89' lang='lat' dir='ltr'><strong>quit,</strong></span> <span class='ocrx_word' id='word_1_476' title='bbox 2362 3195 2413 3242; x_wconf 88' lang='lat' dir='ltr'><strong>et</strong></span> <span class='ocrx_word' id='word_1_477' title='bbox 2439 3185 2601 3242; x_wconf 87' lang='lat' dir='ltr'><strong>Pater</strong></span> <span class='ocrx_word' id='word_1_478' title='bbox 2637 3202 2796 3241; x_wconf 76' lang='lat' dir='ltr'><strong>unum</strong></span> <span class='ocrx_word' id='word_1_479' title='bbox 2822 3202 2998 3241; x_wconf 75' lang='lat' dir='ltr'><strong>smnus</strong></span> <span class='ocrx_word' id='word_1_480' title='bbox 3028 3184 3208 3258; x_wconf 79' lang='lat' dir='ltr'><strong>(Joau.</strong></span> <span class='ocrx_word' id='word_1_481' title='bbox 3241 3184 3324 3256; x_wconf 72' lang='grc' dir='ltr'><strong>χ).</strong></span> <span class='ocrx_word' id='word_1_482' title='bbox 3372 3184 3510 3240; x_wconf 79' lang='lat' dir='ltr'><strong>Iade</strong></span> <span class='ocrx_word' id='word_1_483' title='bbox 3535 3196 3757 3240; x_wconf 74' lang='lat' dir='ltr'><strong>rentum</strong></span> 
     </span>
    </p>
   </div>
   <div class='ocr_carea' id='block_1_58' title="bbox 483 3274 3757 3352">
    <p class='ocr_par' dir='ltr' id='par_1_58' title="bbox 483 3274 3757 3352">
     <span class='ocr_line' id='line_1_58' title="bbox 483 3274 3757 3352; baseline -0.001 -19"><span class='ocrx_word' id='word_1_484' title='bbox 483 3278 611 3333; x_wconf 87' lang='lat' dir='ltr'><strong>olim</strong></span> <span class='ocrx_word' id='word_1_485' title='bbox 642 3286 666 3313; x_wconf 69' lang='grc' dir='ltr'>α</span> <span class='ocrx_word' id='word_1_486' title='bbox 696 3284 1011 3331; x_wconf 85' lang='lat' dir='ltr'><strong>cucurrerat</strong></span> <span class='ocrx_word' id='word_1_487' title='bbox 1047 3276 1102 3330; x_wconf 90' lang='lat' dir='ltr'><strong>in</strong></span> <span class='ocrx_word' id='word_1_488' title='bbox 1142 3274 1397 3346; x_wconf 83' lang='lat' dir='ltr'><strong>ﬁguram,</strong></span> <span class='ocrx_word' id='word_1_489' title='bbox 1431 3275 1459 3314; x_wconf 73' lang='grc' dir='ltr'>δ</span> <span class='ocrx_word' id='word_1_490' title='bbox 1502 3278 1555 3332; x_wconf 90' lang='lat' dir='ltr'><strong>in</strong></span> <span class='ocrx_word' id='word_1_491' title='bbox 1594 3278 1738 3333; x_wconf 91' lang='lat' dir='ltr'><strong>hunc</strong></span> <span class='ocrx_word' id='word_1_492' title='bbox 1773 3293 1957 3348; x_wconf 87' lang='lat' dir='ltr'><strong>regem</strong></span> <span class='ocrx_word' id='word_1_493' title='bbox 1984 3296 2075 3336; x_wconf 88' lang='lat' dir='ltr'><strong>re-</strong></span> <span class='ocrx_word' id='word_1_494' title='bbox 2102 3283 2147 3344; x_wconf 88' lang='lat' dir='ltr'><strong>C</strong></span> <span class='ocrx_word' id='word_1_495' title='bbox 2176 3289 2257 3337; x_wconf 85' lang='lat' dir='ltr'><strong>est</strong></span> <span class='ocrx_word' id='word_1_496' title='bbox 2276 3279 2518 3352; x_wconf 73' lang='lat' dir='ltr'><strong>judicare</strong></span> <span class='ocrx_word' id='word_1_497' title='bbox 2544 3280 2681 3334; x_wconf 75' lang='lat' dir='ltr'><strong>vivos</strong></span> <span class='ocrx_word' id='word_1_498' title='bbox 2707 3286 2759 3333; x_wconf 82' lang='lat' dir='ltr'><strong>et</strong></span> <span class='ocrx_word' id='word_1_499' title='bbox 2785 3289 3035 3333; x_wconf 85' lang='lat' dir='ltr'><strong>mortuos.</strong></span> <span class='ocrx_word' id='word_1_500' title='bbox 3092 3276 3151 3333; x_wconf 88' lang='lat' dir='ltr'><strong>Si</strong></span> <span class='ocrx_word' id='word_1_501' title='bbox 3177 3277 3453 3333; x_wconf 80' lang='lat' dir='ltr'><strong>credimus</strong></span> <span class='ocrx_word' id='word_1_502' title='bbox 3489 3282 3757 3331; x_wconf 83' lang='lat' dir='ltr'><strong>venturum</strong></span> 
     </span>
    </p>
   </div>
   <div class='ocr_carea' id='block_1_59' title="bbox 482 3365 3758 3443">
    <p class='ocr_par' dir='ltr' id='par_1_59' title="bbox 482 3365 3758 3443">
     <span class='ocr_line' id='line_1_59' title="bbox 482 3365 3758 3443; baseline -0.001 -20"><span class='ocrx_word' id='word_1_503' title='bbox 482 3383 607 3438; x_wconf 84' lang='lat' dir='ltr'><strong>gum</strong></span> <span class='ocrx_word' id='word_1_504' title='bbox 626 3409 643 3435; x_wconf 95' lang='lat'><strong>,</strong></span> <span class='ocrx_word' id='word_1_505' title='bbox 674 3368 1008 3423; x_wconf 88' lang='lat' dir='ltr'><strong>sacerdotem</strong></span> <span class='ocrx_word' id='word_1_506' title='bbox 1030 3368 1368 3423; x_wconf 88' lang='lat' dir='ltr'><strong>sacerdotum</strong></span> <span class='ocrx_word' id='word_1_507' title='bbox 1388 3409 1403 3435; x_wconf 91' lang='lat'><strong>,</strong></span> <span class='ocrx_word' id='word_1_508' title='bbox 1430 3371 1816 3440; x_wconf 88' lang='lat' dir='ltr'><strong>prophetarum</strong></span> <span class='ocrx_word' id='word_1_509' title='bbox 1838 3373 2077 3443; x_wconf 88' lang='lat' dir='ltr'><strong>prophe-</strong></span> <span class='ocrx_word' id='word_1_510' title='bbox 2160 3414 2163 3417; x_wconf 88' lang='lat'><strong>.</strong></span> <span class='ocrx_word' id='word_1_511' title='bbox 2174 3369 2434 3442; x_wconf 85' lang='lat' dir='ltr'><strong>indicem,</strong></span> <span class='ocrx_word' id='word_1_512' title='bbox 2458 3370 2769 3426; x_wconf 85' lang='lat' dir='ltr'><strong>innocentes</strong></span> <span class='ocrx_word' id='word_1_513' title='bbox 2804 3368 2974 3439; x_wconf 82' lang='lat' dir='ltr'><strong>iudici</strong></span> <span class='ocrx_word' id='word_1_514' title='bbox 2994 3384 3093 3424; x_wconf 91' lang='lat' dir='ltr'><strong>nos</strong></span> <span class='ocrx_word' id='word_1_515' title='bbox 3112 3383 3512 3440; x_wconf 64' lang='lat' dir='ltr'><strong>praeparemus:</strong></span> <span class='ocrx_word' id='word_1_516' title='bbox 3537 3365 3758 3437; x_wconf 87' lang='lat' dir='ltr'><strong>iudicem</strong></span> 
     </span>
    </p>
   </div>
   <div class='ocr_carea' id='block_1_60' title="bbox 489 3460 3757 3534">
    <p class='ocr_par' dir='ltr' id='par_1_60' title="bbox 489 3460 3757 3534">
     <span class='ocr_line' id='line_1_60' title="bbox 489 3460 3757 3534; baseline -0.001 -17"><span class='ocrx_word' id='word_1_517' title='bbox 489 3478 628 3529; x_wconf 86' lang='lat' dir='ltr'><strong>.am,</strong></span> <span class='ocrx_word' id='word_1_518' title='bbox 674 3469 786 3517; x_wconf 86' lang='lat' dir='ltr'><strong>tota</strong></span> <span class='ocrx_word' id='word_1_519' title='bbox 813 3477 872 3517; x_wconf 90' lang='lat' dir='ltr'><strong>se</strong></span> <span class='ocrx_word' id='word_1_520' title='bbox 899 3461 1234 3533; x_wconf 89' lang='lat' dir='ltr'><strong>plenitudine</strong></span> <span class='ocrx_word' id='word_1_521' title='bbox 1263 3460 1496 3532; x_wconf 89' lang='lat' dir='ltr'><strong>Spiritus</strong></span> <span class='ocrx_word' id='word_1_522' title='bbox 1528 3463 1823 3519; x_wconf 79' lang='lat' dir='ltr'><strong>divinitatis</strong></span> <span class='ocrx_word' id='word_1_523' title='bbox 1851 3464 2076 3532; x_wconf 79' lang='lat' dir='ltr'><strong>effudit;</strong></span> <span class='ocrx_word' id='word_1_524' title='bbox 2185 3471 2347 3534; x_wconf 84' lang='lat' dir='ltr'><strong>negat</strong></span> <span class='ocrx_word' id='word_1_525' title='bbox 2378 3478 2532 3528; x_wconf 86' lang='lat' dir='ltr'><strong>esse,</strong></span> <span class='ocrx_word' id='word_1_526' title='bbox 2561 3463 2653 3531; x_wconf 88' lang='lat' dir='ltr'><strong>qui</strong></span> <span class='ocrx_word' id='word_1_527' title='bbox 2681 3462 2939 3518; x_wconf 87' lang='lat' dir='ltr'><strong>advenire</strong></span> <span class='ocrx_word' id='word_1_528' title='bbox 2966 3478 3074 3518; x_wconf 90' lang='lat' dir='ltr'><strong>non</strong></span> <span class='ocrx_word' id='word_1_529' title='bbox 3105 3462 3277 3518; x_wconf 89' lang='lat' dir='ltr'><strong>credit</strong></span> <span class='ocrx_word' id='word_1_530' title='bbox 3301 3481 3313 3515; x_wconf 91' lang='lat'><strong>:</strong></span> <span class='ocrx_word' id='word_1_531' title='bbox 3342 3460 3681 3531; x_wconf 87' lang='lat' dir='ltr'><strong>iudicandum</strong></span> <span class='ocrx_word' id='word_1_532' title='bbox 3705 3475 3757 3515; x_wconf 82' lang='lat' dir='ltr'><strong>se</strong></span> 
     </span>
    </p>
   </div>
   <div class='ocr_carea' id='block_1_61' title="bbox 488 3549 3756 3626">
    <p class='ocr_par' dir='ltr' id='par_1_61' title="bbox 488 3549 3756 3626">
     <span class='ocr_line' id='line_1_61' title="bbox 488 3549 3756 3626; baseline -0 -18"><span class='ocrx_word' id='word_1_533' title='bbox 488 3561 547 3608; x_wconf 77' lang='lat' dir='ltr'><strong>at</strong></span> <span class='ocrx_word' id='word_1_534' title='bbox 574 3568 799 3623; x_wconf 84' lang='lat' dir='ltr'><strong>regnum</strong></span> <span class='ocrx_word' id='word_1_535' title='bbox 822 3561 878 3608; x_wconf 89' lang='lat' dir='ltr'><strong>et</strong></span> <span class='ocrx_word' id='word_1_536' title='bbox 894 3552 1279 3618; x_wconf 87' lang='lat' dir='ltr'><strong>sacerdotium,</strong></span> <span class='ocrx_word' id='word_1_537' title='bbox 1311 3553 1457 3623; x_wconf 91' lang='lat' dir='ltr'><strong>quod</strong></span> <span class='ocrx_word' id='word_1_538' title='bbox 1476 3570 1575 3625; x_wconf 89' lang='lat' dir='ltr'><strong>per</strong></span> <span class='ocrx_word' id='word_1_539' title='bbox 1596 3555 1731 3610; x_wconf 87' lang='lat' dir='ltr'><strong>alios</strong></span> <span class='ocrx_word' id='word_1_540' title='bbox 1751 3558 2084 3626; x_wconf 70' lang='lat' dir='ltr'><strong>prauuiserat</strong></span> <span class='ocrx_word' id='word_1_541' title='bbox 2184 3554 2316 3611; x_wconf 90' lang='lat' dir='ltr'><strong>satis</strong></span> <span class='ocrx_word' id='word_1_542' title='bbox 2344 3554 2447 3610; x_wconf 91' lang='lat' dir='ltr'><strong>iste</strong></span> <span class='ocrx_word' id='word_1_543' title='bbox 2474 3552 2702 3619; x_wconf 83' lang='lat' dir='ltr'><strong>dil&#39;tidit,</strong></span> <span class='ocrx_word' id='word_1_544' title='bbox 2737 3553 2829 3622; x_wconf 89' lang='lat' dir='ltr'><strong>qui</strong></span> <span class='ocrx_word' id='word_1_545' title='bbox 2857 3551 3000 3607; x_wconf 84' lang='lat' dir='ltr'><strong>male</strong></span> <span class='ocrx_word' id='word_1_546' title='bbox 3040 3552 3192 3607; x_wconf 79' lang='lat' dir='ltr'><strong>vivit.</strong></span> <span class='ocrx_word' id='word_1_547' title='bbox 3232 3550 3449 3608; x_wconf 70' lang='lat' dir='ltr'><strong>iudicat</strong></span> <span class='ocrx_word' id='word_1_548' title='bbox 3482 3552 3647 3618; x_wconf 85' lang='lat' dir='ltr'><strong>vivos,</strong></span> <span class='ocrx_word' id='word_1_549' title='bbox 3679 3549 3756 3619; x_wconf 83' lang='lat' dir='ltr'><strong>iu-</strong></span> 
     </span>
    </p>
   </div>
   <div class='ocr_carea' id='block_1_62' title="bbox 489 3646 2083 3718">
    <p class='ocr_par' dir='ltr' id='par_1_62' title="bbox 489 3646 2083 3718">
     <span class='ocr_line' id='line_1_62' title="bbox 489 3646 2083 3718; baseline 0.004 -17"><span class='ocrx_word' id='word_1_550' title='bbox 489 3646 877 3718; x_wconf 69' lang='lat' dir='ltr'><strong>temporaliter,</strong></span> <span class='ocrx_word' id='word_1_551' title='bbox 909 3647 963 3699; x_wconf 91' lang='lat' dir='ltr'><strong>in</strong></span> <span class='ocrx_word' id='word_1_552' title='bbox 985 3651 1264 3701; x_wconf 88' lang='lat' dir='ltr'><strong>auctorem</strong></span> <span class='ocrx_word' id='word_1_553' title='bbox 1285 3647 1458 3717; x_wconf 91' lang='lat' dir='ltr'><strong>ipsum</strong></span> <span class='ocrx_word' id='word_1_554' title='bbox 1481 3647 1788 3704; x_wconf 82' lang='lat' dir='ltr'><strong>refunderet</strong></span> <span class='ocrx_word' id='word_1_555' title='bbox 1812 3658 1867 3706; x_wconf 87' lang='lat' dir='ltr'><strong>et</strong></span> <span class='ocrx_word' id='word_1_556' title='bbox 1892 3651 2083 3708; x_wconf 88' lang='lat' dir='ltr'><strong>redde-</strong></span> 
     </span>
    </p>
   </div>
   <div class='ocr_carea' id='block_1_63' title="bbox 487 3736 2079 3809">
    <p class='ocr_par' dir='ltr' id='par_1_63' title="bbox 487 3736 2079 3809">
     <span class='ocr_line' id='line_1_63' title="bbox 487 3736 2079 3809; baseline 0.001 -14"><span class='ocrx_word' id='word_1_557' title='bbox 487 3746 576 3795; x_wconf 90' lang='lat' dir='ltr'><strong>ret</strong></span> <span class='ocrx_word' id='word_1_558' title='bbox 602 3738 1007 3809; x_wconf 89' lang='lat' dir='ltr'><strong>sempiternum.</strong></span> <span class='ocrx_word' id='word_1_559' title='bbox 1041 3736 1109 3791; x_wconf 89' lang='lat' dir='ltr'><strong>Et</strong></span> <span class='ocrx_word' id='word_1_560' title='bbox 1134 3736 1291 3793; x_wconf 84' lang='lat' dir='ltr'><strong>Jesus</strong></span> <span class='ocrx_word' id='word_1_561' title='bbox 1318 3738 1556 3808; x_wconf 89' lang='lat' dir='ltr'><strong>quidem,</strong></span> <span class='ocrx_word' id='word_1_562' title='bbox 1595 3740 1650 3795; x_wconf 88' lang='lat' dir='ltr'><strong>id</strong></span> <span class='ocrx_word' id='word_1_563' title='bbox 1678 3748 1780 3807; x_wconf 89' lang='lat' dir='ltr'><strong>est,</strong></span> <span class='ocrx_word' id='word_1_564' title='bbox 1824 3742 2079 3808; x_wconf 87' lang='lat' dir='ltr'><strong>salvator,</strong></span> 
     </span>
    </p>
   </div>
   <div class='ocr_carea' id='block_1_64' title="bbox 488 3829 2081 3899">
    <p class='ocr_par' dir='ltr' id='par_1_64' title="bbox 488 3829 2081 3899">
     <span class='ocr_line' id='line_1_64' title="bbox 488 3829 2081 3899; baseline 0.003 -15"><span class='ocrx_word' id='word_1_565' title='bbox 488 3836 639 3885; x_wconf 87' lang='lat' dir='ltr'><strong>recte</strong></span> <span class='ocrx_word' id='word_1_566' title='bbox 660 3829 854 3884; x_wconf 88' lang='lat' dir='ltr'><strong>dicitur</strong></span> <span class='ocrx_word' id='word_1_567' title='bbox 876 3831 1040 3896; x_wconf 89' lang='lat' dir='ltr'><strong>salus,</strong></span> <span class='ocrx_word' id='word_1_568' title='bbox 1073 3830 1199 3899; x_wconf 90' lang='lat' dir='ltr'><strong>quia</strong></span> <span class='ocrx_word' id='word_1_569' title='bbox 1218 3838 1274 3885; x_wconf 91' lang='lat' dir='ltr'><strong>et</strong></span> <span class='ocrx_word' id='word_1_570' title='bbox 1293 3829 1440 3885; x_wconf 87' lang='lat' dir='ltr'><strong>dedit</strong></span> <span class='ocrx_word' id='word_1_571' title='bbox 1460 3831 1620 3886; x_wconf 89' lang='lat' dir='ltr'><strong>rebus</strong></span> <span class='ocrx_word' id='word_1_572' title='bbox 1641 3848 1779 3897; x_wconf 89' lang='lat' dir='ltr'><strong>esse,</strong></span> <span class='ocrx_word' id='word_1_573' title='bbox 1812 3839 1867 3888; x_wconf 91' lang='lat' dir='ltr'><strong>et</strong></span> <span class='ocrx_word' id='word_1_574' title='bbox 1894 3846 1915 3871; x_wconf 72' lang='grc' dir='ltr'>ιε</span> <span class='ocrx_word' id='word_1_575' title='bbox 1940 3834 2081 3888; x_wconf 90' lang='lat' dir='ltr'><strong>idem</strong></span> 
     </span>
    </p>
   </div>
   <div class='ocr_carea' id='block_1_65' title="bbox 488 3919 2084 3993">
    <p class='ocr_par' dir='ltr' id='par_1_65' title="bbox 488 3919 2084 3993">
     <span class='ocr_line' id='line_1_65' title="bbox 488 3919 2084 3993; baseline 0.003 -18"><span class='ocrx_word' id='word_1_576' title='bbox 488 3921 840 3993; x_wconf 83' lang='lat' dir='ltr'><strong>pereuntibus</strong></span> <span class='ocrx_word' id='word_1_577' title='bbox 859 3921 951 3976; x_wconf 88' lang='lat' dir='ltr'><strong>dat</strong></span> <span class='ocrx_word' id='word_1_578' title='bbox 971 3921 1218 3976; x_wconf 85' lang='lat' dir='ltr'><strong>salutem.</strong></span> <span class='ocrx_word' id='word_1_579' title='bbox 1246 3919 1443 3975; x_wconf 76' lang='lat' dir='ltr'><strong>Filium</strong></span> <span class='ocrx_word' id='word_1_580' title='bbox 1456 3921 1567 3992; x_wconf 92' lang='lat' dir='ltr'><strong>ejus</strong></span> <span class='ocrx_word' id='word_1_581' title='bbox 1588 3923 1814 3977; x_wconf 84' lang='lat' dir='ltr'><strong>unicum.</strong></span> <span class='ocrx_word' id='word_1_582' title='bbox 1843 3923 1901 3979; x_wconf 87' lang='lat' dir='ltr'><strong>ln</strong></span> <span class='ocrx_word' id='word_1_583' title='bbox 1924 3939 1981 3979; x_wconf 86' lang='lat' dir='ltr'><strong>se</strong></span> <span class='ocrx_word' id='word_1_584' title='bbox 2002 3933 2084 3979; x_wconf 89' lang='lat' dir='ltr'><strong>est</strong></span> 
     </span>
    </p>
   </div>
   <div class='ocr_carea' id='block_1_66' title="bbox 488 4013 2079 4085">
    <p class='ocr_par' dir='ltr' id='par_1_66' title="bbox 488 4013 2079 4085">
     <span class='ocr_line' id='line_1_66' title="bbox 488 4013 2079 4085; baseline 0.001 -16"><span class='ocrx_word' id='word_1_585' title='bbox 488 4016 680 4071; x_wconf 88' lang='lat' dir='ltr'><strong>unicus</strong></span> <span class='ocrx_word' id='word_1_586' title='bbox 708 4013 894 4079; x_wconf 86' lang='lat' dir='ltr'><strong>Filius,</strong></span> <span class='ocrx_word' id='word_1_587' title='bbox 925 4014 1017 4084; x_wconf 89' lang='lat' dir='ltr'><strong>qui</strong></span> <span class='ocrx_word' id='word_1_588' title='bbox 1046 4013 1191 4085; x_wconf 89' lang='lat' dir='ltr'><strong>quod</strong></span> <span class='ocrx_word' id='word_1_589' title='bbox 1212 4013 1330 4068; x_wconf 84' lang='lat' dir='ltr'><strong>aliis</strong></span> <span class='ocrx_word' id='word_1_590' title='bbox 1352 4028 1449 4084; x_wconf 88' lang='lat' dir='ltr'><strong>per</strong></span> <span class='ocrx_word' id='word_1_591' title='bbox 1473 4029 1626 4068; x_wconf 88' lang='lat' dir='ltr'><strong>suam</strong></span> <span class='ocrx_word' id='word_1_592' title='bbox 1645 4016 1873 4082; x_wconf 80' lang='lat' dir='ltr'><strong>gratiam</strong></span> <span class='ocrx_word' id='word_1_593' title='bbox 1893 4017 2079 4085; x_wconf 85' lang='lat' dir='ltr'><strong>donat,</strong></span> 
     </span>
    </p>
   </div>
   <div class='ocr_carea' id='block_1_67' title="bbox 488 4104 2083 4179">
    <p class='ocr_par' dir='ltr' id='par_1_67' title="bbox 488 4104 2083 4179">
     <span class='ocr_line' id='line_1_67' title="bbox 488 4104 2083 4179; baseline 0.001 -14"><span class='ocrx_word' id='word_1_594' title='bbox 488 4108 606 4178; x_wconf 88' lang='lat' dir='ltr'><strong>ipse</strong></span> <span class='ocrx_word' id='word_1_595' title='bbox 641 4108 742 4163; x_wconf 85' lang='lat' dir='ltr'><strong>sibi</strong></span> <span class='ocrx_word' id='word_1_596' title='bbox 780 4109 994 4164; x_wconf 81' lang='lat' dir='ltr'><strong>unicam</strong></span> <span class='ocrx_word' id='word_1_597' title='bbox 1034 4106 1274 4179; x_wconf 89' lang='lat' dir='ltr'><strong>possidet</strong></span> <span class='ocrx_word' id='word_1_598' title='bbox 1301 4104 1326 4142; x_wconf 75' lang='grc' dir='ltr'><em>δ</em></span> <span class='ocrx_word' id='word_1_599' title='bbox 1360 4122 1456 4178; x_wconf 88' lang='lat' dir='ltr'><strong>per</strong></span> <span class='ocrx_word' id='word_1_600' title='bbox 1485 4114 1750 4162; x_wconf 85' lang='lat' dir='ltr'><strong>naturam.</strong></span> <span class='ocrx_word' id='word_1_601' title='bbox 1804 4108 2083 4167; x_wconf 84' lang='lat' dir='ltr'><strong>Dominum</strong></span> 
     </span>
    </p>
   </div>
   <div class='ocr_carea' id='block_1_68' title="bbox 489 4200 2082 4270">
    <p class='ocr_par' dir='ltr' id='par_1_68' title="bbox 489 4200 2082 4270">
     <span class='ocr_line' id='line_1_68' title="bbox 489 4200 2082 4270; baseline 0.006 -17"><span class='ocrx_word' id='word_1_602' title='bbox 489 4210 743 4255; x_wconf 79' lang='lat' dir='ltr'><strong>nostrum.</strong></span> <span class='ocrx_word' id='word_1_603' title='bbox 775 4200 927 4256; x_wconf 89' lang='lat' dir='ltr'><strong>Sicut</strong></span> <span class='ocrx_word' id='word_1_604' title='bbox 954 4217 1116 4270; x_wconf 87' lang='lat' dir='ltr'><strong>supra</strong></span> <span class='ocrx_word' id='word_1_605' title='bbox 1145 4200 1397 4265; x_wconf 83' lang='lat' dir='ltr'><strong>diximus,</strong></span> <span class='ocrx_word' id='word_1_606' title='bbox 1431 4201 1692 4258; x_wconf 84' lang='lat' dir='ltr'><strong>Dominus</strong></span> <span class='ocrx_word' id='word_1_607' title='bbox 1719 4203 1862 4258; x_wconf 86' lang='lat' dir='ltr'><strong>Deus</strong></span> <span class='ocrx_word' id='word_1_608' title='bbox 1897 4222 1908 4256; x_wconf 90' lang='lat'><strong>:</strong></span> <span class='ocrx_word' id='word_1_609' title='bbox 1940 4204 2082 4261; x_wconf 77' lang='lat' dir='ltr'><strong>Deus</strong></span> 
     </span>
    </p>
   </div>
   <div class='ocr_carea' id='block_1_69' title="bbox 492 4394 2075 4521">
    <p class='ocr_par' dir='ltr' id='par_1_69' title="bbox 492 4394 2075 4521">
     <span class='ocr_line' id='line_1_69' title="bbox 492 4394 2075 4521; baseline 0.003 -72"><span class='ocrx_word' id='word_1_610' title='bbox 492 4394 643 4521; x_wconf 58' lang='lat' dir='ltr'><strong>plum</strong></span> <span class='ocrx_word' id='word_1_611' title='bbox 657 4402 856 4465; x_wconf 64' lang='lat' dir='ltr'><strong>prazsto</strong></span> <span class='ocrx_word' id='word_1_612' title='bbox 867 4401 984 4450; x_wconf 87' lang='lat' dir='ltr'><strong>erat</strong></span> <span class='ocrx_word' id='word_1_613' title='bbox 998 4411 1145 4450; x_wconf 89' lang='lat' dir='ltr'><strong>mare</strong></span> <span class='ocrx_word' id='word_1_614' title='bbox 1160 4411 1367 4451; x_wconf 68' lang='lat' dir='ltr'><strong>marcum</strong></span> <span class='ocrx_word' id='word_1_615' title='bbox 1389 4414 1401 4449; x_wconf 73' lang='grc' dir='ltr'>ε</span> <span class='ocrx_word' id='word_1_616' title='bbox 1428 4398 1517 4451; x_wconf 89' lang='lat' dir='ltr'><strong>ubi</strong></span> <span class='ocrx_word' id='word_1_617' title='bbox 1534 4413 1593 4453; x_wconf 88' lang='lat' dir='ltr'><strong>se</strong></span> <span class='ocrx_word' id='word_1_618' title='bbox 1610 4399 1837 4469; x_wconf 84' lang='lat' dir='ltr'><strong>quisque</strong></span> <span class='ocrx_word' id='word_1_619' title='bbox 1854 4399 2075 4456; x_wconf 87' lang='lat' dir='ltr'><strong>lavaret.</strong></span> 
     </span>
     <span class='ocr_line' id='line_1_70' title="bbox 522 4465 2075 4521; baseline 0 0"><span class='ocrx_word' id='word_1_620' title='bbox 522 4465 813 4521; x_wconf 89' lang='lat' dir='ltr'><strong>luiusmodi</strong></span> <span class='ocrx_word' id='word_1_621' title='bbox 836 4481 1060 4521; x_wconf 88' lang='lat' dir='ltr'><strong>morem.</strong></span> <span class='ocrx_word' id='word_1_622' title='bbox 1096 4466 1257 4521; x_wconf 79' lang='lat' dir='ltr'><strong>fuisse</strong></span> <span class='ocrx_word' id='word_1_623' title='bbox 1279 4468 1440 4521; x_wconf 85' lang='lat' dir='ltr'><strong>ctiam</strong></span> <span class='ocrx_word' id='word_1_624' title='bbox 1463 4469 1751 4521; x_wconf 70' lang='lat' dir='ltr'><strong>ueritililms</strong></span> <span class='ocrx_word' id='word_1_625' title='bbox 1783 4470 1854 4521; x_wconf 90' lang='lat' dir='ltr'><strong>(id</strong></span> <span class='ocrx_word' id='word_1_626' title='bbox 1878 4473 2075 4521; x_wconf 73' lang='lat' dir='ltr'><strong>scilicet</strong></span> 
     </span>
    </p>
   </div>
   <div class='ocr_carea' id='block_1_70' title="bbox 522 4465 2082 4540">
    <p class='ocr_par' dir='ltr' id='par_1_70' title="bbox 522 4465 2082 4540">
     <span class='ocr_line' id='line_1_71' title="bbox 522 4465 2082 4540; baseline 0.003 -20"><span class='ocrx_word' id='word_1_627' title='bbox 522 4465 1060 4540; x_wconf 69' lang='lat' dir='ltr'><strong>luiusmodimorem,</strong></span> <span class='ocrx_word' id='word_1_628' title='bbox 1096 4466 1445 4540; x_wconf 36' lang='lat' dir='ltr'><strong>fuissc‘ctiam</strong></span> <span class='ocrx_word' id='word_1_629' title='bbox 1462 4465 1767 4537; x_wconf 56' lang='lat' dir='ltr'><strong>gentilibus</strong></span> <span class='ocrx_word' id='word_1_630' title='bbox 1783 4470 1854 4540; x_wconf 90' lang='lat' dir='ltr'><strong>(id</strong></span> <span class='ocrx_word' id='word_1_631' title='bbox 1878 4473 2082 4526; x_wconf 77' lang='lat' dir='ltr'><strong>scilicet</strong></span> 
     </span>
    </p>
   </div>
   <div class='ocr_carea' id='block_1_71' title="bbox 494 4535 2114 4605">
    <p class='ocr_par' dir='ltr' id='par_1_71' title="bbox 494 4535 2114 4605">
     <span class='ocr_line' id='line_1_72' title="bbox 494 4535 2114 4605; baseline 0.002 -13"><span class='ocrx_word' id='word_1_632' title='bbox 494 4544 716 4592; x_wconf 76' lang='lat' dir='ltr'><strong>curante</strong></span> <span class='ocrx_word' id='word_1_633' title='bbox 727 4535 959 4597; x_wconf 88' lang='lat' dir='ltr'><strong>diabolo,</strong></span> <span class='ocrx_word' id='word_1_634' title='bbox 978 4544 1033 4589; x_wconf 91' lang='lat' dir='ltr'><strong>ut</strong></span> <span class='ocrx_word' id='word_1_635' title='bbox 1048 4551 1165 4603; x_wconf 66' lang='lat' dir='ltr'><strong>qua)</strong></span> <span class='ocrx_word' id='word_1_636' title='bbox 1178 4536 1243 4589; x_wconf 86' lang='lat' dir='ltr'><strong>ad</strong></span> <span class='ocrx_word' id='word_1_637' title='bbox 1257 4536 1347 4591; x_wconf 82' lang='lat' dir='ltr'><strong>Dci</strong></span> <span class='ocrx_word' id='word_1_638' title='bbox 1365 4535 1564 4593; x_wconf 83' lang='lat' dir='ltr'><strong>cultum</strong></span> <span class='ocrx_word' id='word_1_639' title='bbox 1580 4535 1822 4594; x_wconf 64' lang='lat' dir='ltr'><strong>ordinata</strong></span> <span class='ocrx_word' id='word_1_640' title='bbox 1840 4540 2073 4605; x_wconf 83' lang='lat' dir='ltr'><strong>fuerant,</strong></span> <span class='ocrx_word' id='word_1_641' title='bbox 2108 4544 2114 4549; x_wconf 83' lang='grc'><em>’</em></span> 
     </span>
    </p>
   </div>
   <div class='ocr_carea' id='block_1_72' title="bbox 495 4605 2080 4675">
    <p class='ocr_par' dir='ltr' id='par_1_72' title="bbox 495 4605 2080 4675">
     <span class='ocr_line' id='line_1_73' title="bbox 495 4605 2080 4675; baseline 0.004 -15"><span class='ocrx_word' id='word_1_642' title='bbox 495 4606 562 4660; x_wconf 85' lang='lat' dir='ltr'><strong>ad</strong></span> <span class='ocrx_word' id='word_1_643' title='bbox 584 4606 724 4660; x_wconf 73' lang='lat' dir='ltr'><strong>idola</strong></span> <span class='ocrx_word' id='word_1_644' title='bbox 746 4605 1094 4675; x_wconf 70' lang='lat' dir='ltr'><strong>referrentur)</strong></span> <span class='ocrx_word' id='word_1_645' title='bbox 1126 4608 1279 4661; x_wconf 81' lang='lat' dir='ltr'><strong>testis</strong></span> <span class='ocrx_word' id='word_1_646' title='bbox 1310 4617 1395 4661; x_wconf 87' lang='lat' dir='ltr'><strong>est</strong></span> <span class='ocrx_word' id='word_1_647' title='bbox 1427 4608 1733 4665; x_wconf 85' lang='lat' dir='ltr'><strong>Herodotus</strong></span> <span class='ocrx_word' id='word_1_648' title='bbox 1764 4612 1854 4665; x_wconf 87' lang='lat' dir='ltr'><strong>lib.</strong></span> <span class='ocrx_word' id='word_1_649' title='bbox 1874 4628 1910 4675; x_wconf 84' lang='grc' dir='ltr'>ι,</span> <span class='ocrx_word' id='word_1_650' title='bbox 1937 4613 2080 4667; x_wconf 82' lang='lat' dir='ltr'><strong>inter</strong></span> 
     </span>
    </p>
   </div>
   <div class='ocr_carea' id='block_1_73' title="bbox 493 4675 2074 4749">
    <p class='ocr_par' dir='ltr' id='par_1_73' title="bbox 493 4675 2074 4749">
     <span class='ocr_line' id='line_1_74' title="bbox 493 4675 2074 4749; baseline 0.004 -16"><span class='ocrx_word' id='word_1_651' title='bbox 493 4676 725 4749; x_wconf 81' lang='lat' dir='ltr'><strong>Bouaria</strong></span> <span class='ocrx_word' id='word_1_652' title='bbox 754 4675 989 4749; x_wconf 77' lang='lat' dir='ltr'><strong>Delphos</strong></span> <span class='ocrx_word' id='word_1_653' title='bbox 1022 4692 1053 4729; x_wconf 87' lang='lat' dir='ltr'><strong>a</strong></span> <span class='ocrx_word' id='word_1_654' title='bbox 1071 4675 1261 4732; x_wconf 72' lang='lat' dir='ltr'><strong>Crteso</strong></span> <span class='ocrx_word' id='word_1_655' title='bbox 1283 4678 1441 4733; x_wconf 90' lang='lat' dir='ltr'><strong>missa</strong></span> <span class='ocrx_word' id='word_1_656' title='bbox 1474 4679 1584 4749; x_wconf 84' lang='lat' dir='ltr'><strong>duo</strong></span> <span class='ocrx_word' id='word_1_657' title='bbox 1614 4696 1737 4735; x_wconf 79' lang='lat' dir='ltr'><strong>vasa</strong></span> <span class='ocrx_word' id='word_1_658' title='bbox 1766 4698 2074 4749; x_wconf 65' lang='lat' dir='ltr'><strong>rewasens,</strong></span> 
     </span>
    </p>
   </div>
   <div class='ocr_carea' id='block_1_74' title="bbox 491 4746 2079 4817">
    <p class='ocr_par' dir='ltr' id='par_1_74' title="bbox 491 4746 2079 4817">
     <span class='ocr_line' id='line_1_75' title="bbox 491 4746 2079 4817; baseline 0.006 -16"><span class='ocrx_word' id='word_1_659' title='bbox 491 4748 688 4817; x_wconf 90' lang='lat' dir='ltr'><strong>quibus</strong></span> <span class='ocrx_word' id='word_1_660' title='bbox 715 4762 775 4801; x_wconf 90' lang='lat' dir='ltr'><strong>se</strong></span> <span class='ocrx_word' id='word_1_661' title='bbox 813 4746 1093 4817; x_wconf 85' lang='lat' dir='ltr'><strong>abluerent</strong></span> <span class='ocrx_word' id='word_1_662' title='bbox 1136 4748 1443 4817; x_wconf 84' lang='lat' dir='ltr'><strong>ingressuri.</strong></span> <span class='ocrx_word' id='word_1_663' title='bbox 1494 4748 1561 4803; x_wconf 89' lang='lat' dir='ltr'><strong>Et</strong></span> <span class='ocrx_word' id='word_1_664' title='bbox 1589 4751 1724 4805; x_wconf 87' lang='lat' dir='ltr'><strong>libro</strong></span> <span class='ocrx_word' id='word_1_665' title='bbox 1767 4769 1818 4808; x_wconf 83' lang='lat' dir='ltr'><strong>IV</strong></span> <span class='ocrx_word' id='word_1_666' title='bbox 1855 4753 1923 4807; x_wconf 88' lang='lat' dir='ltr'><strong>de</strong></span> <span class='ocrx_word' id='word_1_667' title='bbox 1951 4746 2079 4810; x_wconf 82' lang='lat' dir='ltr'><strong>vase</strong></span> 
     </span>
    </p>
   </div>
   <div class='ocr_carea' id='block_1_75' title="bbox 2185 3641 3752 3713">
    <p class='ocr_par' dir='ltr' id='par_1_75' title="bbox 2185 3641 3752 3713">
     <span class='ocr_line' id='line_1_76' title="bbox 2185 3641 3752 3713; baseline -0.004 -12"><span class='ocrx_word' id='word_1_668' title='bbox 2185 3645 2329 3702; x_wconf 86' lang='lat' dir='ltr'><strong>dicat</strong></span> <span class='ocrx_word' id='word_1_669' title='bbox 2349 3653 2405 3700; x_wconf 89' lang='lat' dir='ltr'><strong>et</strong></span> <span class='ocrx_word' id='word_1_670' title='bbox 2441 3653 2706 3710; x_wconf 88' lang='lat' dir='ltr'><strong>mortuos,</strong></span> <span class='ocrx_word' id='word_1_671' title='bbox 2737 3657 2873 3713; x_wconf 87' lang='lat' dir='ltr'><strong>quos</strong></span> <span class='ocrx_word' id='word_1_672' title='bbox 2894 3643 3079 3711; x_wconf 79' lang='lat' dir='ltr'><strong>utique</strong></span> <span class='ocrx_word' id='word_1_673' title='bbox 3105 3641 3445 3713; x_wconf 87' lang='lat' dir='ltr'><strong>iudicaturus</strong></span> <span class='ocrx_word' id='word_1_674' title='bbox 3463 3642 3752 3698; x_wconf 80' lang='lat' dir='ltr'><strong>exsuscitat.</strong></span> 
     </span>
    </p>
   </div>
   <div class='ocr_carea' id='block_1_76' title="bbox 2190 3732 3757 3813">
    <p class='ocr_par' dir='ltr' id='par_1_76' title="bbox 2190 3732 3757 3813">
     <span class='ocr_line' id='line_1_77' title="bbox 2190 3732 3757 3813; baseline -0.004 -17"><span class='ocrx_word' id='word_1_675' title='bbox 2190 3740 2352 3797; x_wconf 86' lang='lat' dir='ltr'><strong>Credo</strong></span> <span class='ocrx_word' id='word_1_676' title='bbox 2374 3743 2430 3796; x_wconf 80' lang='lat' dir='ltr'><strong>in</strong></span> <span class='ocrx_word' id='word_1_677' title='bbox 2455 3740 2709 3813; x_wconf 82' lang='lat' dir='ltr'><strong>Spiritum</strong></span> <span class='ocrx_word' id='word_1_678' title='bbox 2742 3746 2997 3793; x_wconf 83' lang='lat' dir='ltr'><strong>sanctum.</strong></span> <span class='ocrx_word' id='word_1_679' title='bbox 3042 3732 3332 3806; x_wconf 66' lang='lat' dir='ltr'><strong>[lucusque</strong></span> <span class='ocrx_word' id='word_1_680' title='bbox 3351 3736 3643 3791; x_wconf 69' lang='lat' dir='ltr'><strong>Dominicae</strong></span> <span class='ocrx_word' id='word_1_681' title='bbox 3674 3749 3757 3788; x_wconf 85' lang='lat' dir='ltr'><strong>na-</strong></span> 
     </span>
    </p>
   </div>
   <div class='ocr_carea' id='block_1_77' title="bbox 2186 3826 3757 3905">
    <p class='ocr_par' dir='ltr' id='par_1_77' title="bbox 2186 3826 3757 3905">
     <span class='ocr_line' id='line_1_78' title="bbox 2186 3826 3757 3905; baseline -0.006 -16"><span class='ocrx_word' id='word_1_682' title='bbox 2186 3835 2444 3898; x_wconf 88' lang='lat' dir='ltr'><strong>tivitatis,</strong></span> <span class='ocrx_word' id='word_1_683' title='bbox 2485 3832 2769 3905; x_wconf 86' lang='lat' dir='ltr'><strong>passionis,</strong></span> <span class='ocrx_word' id='word_1_684' title='bbox 2799 3831 3242 3897; x_wconf 87' lang='lat' dir='ltr'><strong>resurrectionis,</strong></span> <span class='ocrx_word' id='word_1_685' title='bbox 3284 3830 3637 3896; x_wconf 79' lang='lat' dir='ltr'><strong>ascensionis,</strong></span> <span class='ocrx_word' id='word_1_686' title='bbox 3676 3826 3757 3881; x_wconf 78' lang='lat' dir='ltr'><strong>ad-</strong></span> 
     </span>
    </p>
   </div>
   <div class='ocr_carea' id='block_1_78' title="bbox 2184 3919 3755 3997">
    <p class='ocr_par' dir='ltr' id='par_1_78' title="bbox 2184 3919 3755 3997">
     <span class='ocr_line' id='line_1_79' title="bbox 2184 3919 3755 3997; baseline -0.006 -15"><span class='ocrx_word' id='word_1_687' title='bbox 2184 3934 2379 3982; x_wconf 86' lang='lat' dir='ltr'><strong>ventus</strong></span> <span class='ocrx_word' id='word_1_688' title='bbox 2397 3925 2712 3997; x_wconf 84' lang='lat' dir='ltr'><strong>mysterium</strong></span> <span class='ocrx_word' id='word_1_689' title='bbox 2734 3920 3075 3987; x_wconf 79' lang='lat' dir='ltr'><strong>conﬁtentes,</strong></span> <span class='ocrx_word' id='word_1_690' title='bbox 3102 3921 3167 3976; x_wconf 90' lang='lat' dir='ltr'><strong>ad</strong></span> <span class='ocrx_word' id='word_1_691' title='bbox 3184 3920 3581 3978; x_wconf 79' lang='lat' dir='ltr'><strong>confessionem</strong></span> <span class='ocrx_word' id='word_1_692' title='bbox 3607 3919 3755 3975; x_wconf 73' lang='lat' dir='ltr'><strong>sancti</strong></span> 
     </span>
    </p>
   </div>
   <div class='ocr_carea' id='block_1_79' title="bbox 2186 4014 3754 4091">
    <p class='ocr_par' dir='ltr' id='par_1_79' title="bbox 2186 4014 3754 4091">
     <span class='ocr_line' id='line_1_80' title="bbox 2186 4014 3754 4091; baseline -0.006 -17"><span class='ocrx_word' id='word_1_693' title='bbox 2186 4019 2417 4091; x_wconf 87' lang='lat' dir='ltr'><strong>Spiritus</strong></span> <span class='ocrx_word' id='word_1_694' title='bbox 2432 4017 2546 4089; x_wconf 87' lang='lat' dir='ltr'><strong>iam</strong></span> <span class='ocrx_word' id='word_1_695' title='bbox 2576 4018 2823 4073; x_wconf 81' lang='lat' dir='ltr'><strong>venimus</strong></span> <span class='ocrx_word' id='word_1_696' title='bbox 2861 4034 2873 4070; x_wconf 75' lang='grc' dir='ltr'>ε</span> <span class='ocrx_word' id='word_1_697' title='bbox 2914 4022 2975 4071; x_wconf 85' lang='grc' dir='ltr'><strong>ιιι</strong></span> <span class='ocrx_word' id='word_1_698' title='bbox 2996 4016 3134 4071; x_wconf 88' lang='lat' dir='ltr'><strong>sicut</strong></span> <span class='ocrx_word' id='word_1_699' title='bbox 3156 4016 3207 4069; x_wconf 90' lang='lat' dir='ltr'><strong>in</strong></span> <span class='ocrx_word' id='word_1_700' title='bbox 3229 4014 3466 4082; x_wconf 84' lang='lat' dir='ltr'><strong>Patrem,</strong></span> <span class='ocrx_word' id='word_1_701' title='bbox 3489 4023 3545 4070; x_wconf 88' lang='lat' dir='ltr'><strong>et</strong></span> <span class='ocrx_word' id='word_1_702' title='bbox 3565 4015 3754 4072; x_wconf 75' lang='lat' dir='ltr'><strong>Filium,</strong></span> 
     </span>
    </p>
   </div>
   <div class='ocr_carea' id='block_1_80' title="bbox 2186 4108 3756 4182">
    <p class='ocr_par' dir='ltr' id='par_1_80' title="bbox 2186 4108 3756 4182">
     <span class='ocr_line' id='line_1_81' title="bbox 2186 4108 3756 4182; baseline -0.005 -14"><span class='ocrx_word' id='word_1_703' title='bbox 2186 4114 2239 4168; x_wconf 90' lang='lat' dir='ltr'><strong>in</strong></span> <span class='ocrx_word' id='word_1_704' title='bbox 2259 4118 2506 4169; x_wconf 89' lang='lat' dir='ltr'><strong>sanctum</strong></span> <span class='ocrx_word' id='word_1_705' title='bbox 2522 4110 2783 4182; x_wconf 89' lang='lat' dir='ltr'><strong>Spiritum</strong></span> <span class='ocrx_word' id='word_1_706' title='bbox 2802 4109 2881 4165; x_wconf 91' lang='lat' dir='ltr'><strong>sic</strong></span> <span class='ocrx_word' id='word_1_707' title='bbox 2896 4108 3168 4174; x_wconf 88' lang='lat' dir='ltr'><strong>credatur,</strong></span> <span class='ocrx_word' id='word_1_708' title='bbox 3194 4114 3251 4162; x_wconf 91' lang='lat' dir='ltr'><strong>ut</strong></span> <span class='ocrx_word' id='word_1_709' title='bbox 3271 4124 3433 4163; x_wconf 87' lang='lat' dir='ltr'><strong>unam</strong></span> <span class='ocrx_word' id='word_1_710' title='bbox 3449 4110 3504 4164; x_wconf 89' lang='lat' dir='ltr'><strong>in</strong></span> <span class='ocrx_word' id='word_1_711' title='bbox 3521 4109 3756 4165; x_wconf 82' lang='lat' dir='ltr'><strong>Trinitate</strong></span> 
     </span>
    </p>
   </div>
   <div class='ocr_carea' id='block_1_81' title="bbox 2185 4199 3755 4272">
    <p class='ocr_par' dir='ltr' id='par_1_81' title="bbox 2185 4199 3755 4272">
     <span class='ocr_line' id='line_1_82' title="bbox 2185 4199 3755 4272; baseline -0.006 -10"><span class='ocrx_word' id='word_1_712' title='bbox 2185 4205 2462 4270; x_wconf 86' lang='lat' dir='ltr'><strong>deitatem,</strong></span> <span class='ocrx_word' id='word_1_713' title='bbox 2484 4203 2761 4269; x_wconf 84' lang='lat' dir='ltr'><strong>virtutem,</strong></span> <span class='ocrx_word' id='word_1_714' title='bbox 2782 4201 3009 4272; x_wconf 76' lang='lat' dir='ltr'><strong>gloriam</strong></span> <span class='ocrx_word' id='word_1_715' title='bbox 3046 4199 3420 4272; x_wconf 69' lang='lat' dir='ltr'><strong>prredicemus.</strong></span> <span class='ocrx_word' id='word_1_716' title='bbox 3446 4200 3516 4255; x_wconf 83' lang='lat' dir='ltr'><strong>Et</strong></span> <span class='ocrx_word' id='word_1_717' title='bbox 3546 4210 3755 4257; x_wconf 73' lang='lat' dir='ltr'><strong>sanctast</strong></span> 
     </span>
    </p>
   </div>
   <div class='ocr_carea' id='block_1_82' title="bbox 2181 4397 3561 4468">
    <p class='ocr_par' dir='ltr' id='par_1_82' title="bbox 2181 4397 3561 4468">
     <span class='ocr_line' id='line_1_83' title="bbox 2181 4397 3561 4468; baseline -0.004 -11"><span class='ocrx_word' id='word_1_718' title='bbox 2181 4402 2314 4457; x_wconf 85' lang='lat' dir='ltr'><strong>lium</strong></span> <span class='ocrx_word' id='word_1_719' title='bbox 2343 4414 2465 4455; x_wconf 78' lang='lat' dir='ltr'><strong>esse</strong></span> <span class='ocrx_word' id='word_1_720' title='bbox 2492 4413 2591 4468; x_wconf 89' lang='lat' dir='ltr'><strong>per</strong></span> <span class='ocrx_word' id='word_1_721' title='bbox 2618 4397 2984 4468; x_wconf 86' lang='lat' dir='ltr'><strong>adoptionem,</strong></span> <span class='ocrx_word' id='word_1_722' title='bbox 3017 4413 3127 4453; x_wconf 89' lang='lat' dir='ltr'><strong>non</strong></span> <span class='ocrx_word' id='word_1_723' title='bbox 3166 4414 3263 4467; x_wconf 90' lang='lat' dir='ltr'><strong>per</strong></span> <span class='ocrx_word' id='word_1_724' title='bbox 3292 4404 3561 4453; x_wconf 84' lang='lat' dir='ltr'><strong>naturam.</strong></span> 
     </span>
    </p>
   </div>
   <div class='ocr_carea' id='block_1_83' title="bbox 2259 4468 3750 4538">
    <p class='ocr_par' dir='ltr' id='par_1_83' title="bbox 2259 4468 3750 4538">
     <span class='ocr_line' id='line_1_84' title="bbox 2259 4468 3750 4538; baseline -0.001 -13"><span class='ocrx_word' id='word_1_725' title='bbox 2259 4484 2280 4509; x_wconf 68' lang='grc' dir='ltr'>ε</span> <span class='ocrx_word' id='word_1_726' title='bbox 2312 4470 2439 4525; x_wconf 85' lang='lat' dir='ltr'><strong>Mita</strong></span> <span class='ocrx_word' id='word_1_727' title='bbox 2481 4469 2610 4538; x_wconf 84' lang='lat' dir='ltr'><strong>legit</strong></span> <span class='ocrx_word' id='word_1_728' title='bbox 2646 4468 3097 4523; x_wconf 83' lang='lat' dir='ltr'><strong>subsistentiarum</strong></span> <span class='ocrx_word' id='word_1_729' title='bbox 3137 4469 3442 4533; x_wconf 76' lang='lat' dir='ltr'><strong>diversitas,</strong></span> <span class='ocrx_word' id='word_1_730' title='bbox 3494 4478 3550 4525; x_wconf 84' lang='lat' dir='ltr'><strong>et</strong></span> <span class='ocrx_word' id='word_1_731' title='bbox 3590 4468 3750 4524; x_wconf 82' lang='lat' dir='ltr'><strong>addit:</strong></span> 
     </span>
    </p>
   </div>
   <div class='ocr_carea' id='block_1_84' title="bbox 2182 4538 3752 4609">
    <p class='ocr_par' dir='ltr' id='par_1_84' title="bbox 2182 4538 3752 4609">
     <span class='ocr_line' id='line_1_85' title="bbox 2182 4538 3752 4609; baseline -0.001 -14"><span class='ocrx_word' id='word_1_732' title='bbox 2182 4541 2299 4597; x_wconf 78' lang='lat' dir='ltr'><strong>Non</strong></span> <span class='ocrx_word' id='word_1_733' title='bbox 2329 4548 2508 4595; x_wconf 88' lang='lat' dir='ltr'><strong>autem</strong></span> <span class='ocrx_word' id='word_1_734' title='bbox 2530 4539 2813 4609; x_wconf 85' lang='lat' dir='ltr'><strong>legendum</strong></span> <span class='ocrx_word' id='word_1_735' title='bbox 2834 4539 3253 4594; x_wconf 83' lang='lat' dir='ltr'><strong>substantiarum</strong></span> <span class='ocrx_word' id='word_1_736' title='bbox 3281 4538 3599 4604; x_wconf 85' lang='lat' dir='ltr'><strong>diversitas,</strong></span> <span class='ocrx_word' id='word_1_737' title='bbox 3629 4548 3675 4595; x_wconf 89' lang='lat' dir='ltr'><strong>ut</strong></span> <span class='ocrx_word' id='word_1_738' title='bbox 3705 4539 3752 4593; x_wconf 88' lang='lat' dir='ltr'><strong>in</strong></span> 
     </span>
    </p>
   </div>
   <div class='ocr_carea' id='block_1_85' title="bbox 2182 4610 3755 4682">
    <p class='ocr_par' dir='ltr' id='par_1_85' title="bbox 2182 4610 3755 4682">
     <span class='ocr_line' id='line_1_86' title="bbox 2182 4610 3755 4682; baseline -0.013 -13"><span class='ocrx_word' id='word_1_739' title='bbox 2182 4613 2459 4682; x_wconf 78' lang='lat' dir='ltr'><strong>impressis</strong></span> <span class='ocrx_word' id='word_1_740' title='bbox 2482 4628 2496 4675; x_wconf 88' lang='lat'><strong>;</strong></span> <span class='ocrx_word' id='word_1_741' title='bbox 2537 4612 2594 4682; x_wconf 9' lang='lat' dir='ltr'><strong>Vni</strong></span> <span class='ocrx_word' id='word_1_742' title='bbox 2622 4610 2872 4682; x_wconf 74' lang='lat' dir='ltr'><strong>volumus</strong></span> <span class='ocrx_word' id='word_1_743' title='bbox 2896 4611 3200 4682; x_wconf 84' lang='lat' dir='ltr'><strong>contortius</strong></span> <span class='ocrx_word' id='word_1_744' title='bbox 3232 4610 3590 4682; x_wconf 74' lang='lat' dir='ltr'><strong>substantiam</strong></span> <span class='ocrx_word' id='word_1_745' title='bbox 3609 4612 3755 4682; x_wconf 64' lang='grc' dir='ltr'><strong>ίηιεε.</strong></span> 
     </span>
    </p>
   </div>
   <div class='ocr_carea' id='block_1_86' title="bbox 2180 4678 3748 4754">
    <p class='ocr_par' dir='ltr' id='par_1_86' title="bbox 2180 4678 3748 4754">
     <span class='ocr_line' id='line_1_87' title="bbox 2180 4678 3748 4754; baseline -0.003 -14"><span class='ocrx_word' id='word_1_746' title='bbox 2180 4678 2408 4754; x_wconf 73' lang='lat' dir='ltr'><strong>prclari.</strong></span> <span class='ocrx_word' id='word_1_747' title='bbox 2423 4681 2592 4754; x_wconf 83' lang='lat' dir='ltr'><strong>Desiit</strong></span> <span class='ocrx_word' id='word_1_748' title='bbox 2601 4694 2731 4754; x_wconf 85' lang='lat' dir='ltr'><strong>ergo</strong></span> <span class='ocrx_word' id='word_1_749' title='bbox 2742 4681 2795 4735; x_wconf 88' lang='lat' dir='ltr'><strong>in</strong></span> <span class='ocrx_word' id='word_1_750' title='bbox 2806 4678 3455 4754; x_wconf 77' lang='lat' dir='ltr'><strong>Christosubstantiarum</strong></span> <span class='ocrx_word' id='word_1_751' title='bbox 3466 4681 3748 4754; x_wconf 72' lang='lat' dir='ltr'><strong>diversitas.</strong></span> 
     </span>
    </p>
   </div>
   <div class='ocr_carea' id='block_1_87' title="bbox 2184 4751 3754 4821">
    <p class='ocr_par' dir='ltr' id='par_1_87' title="bbox 2184 4751 3754 4821">
     <span class='ocr_line' id='line_1_88' title="bbox 2184 4751 3754 4821; baseline 0.001 -17"><span class='ocrx_word' id='word_1_752' title='bbox 2184 4751 2311 4821; x_wconf 79' lang='lat' dir='ltr'><strong>quia</strong></span> <span class='ocrx_word' id='word_1_753' title='bbox 2340 4752 2644 4809; x_wconf 85' lang='lat' dir='ltr'><strong>humanitas</strong></span> <span class='ocrx_word' id='word_1_754' title='bbox 2674 4753 2725 4804; x_wconf 91' lang='lat' dir='ltr'><strong>in</strong></span> <span class='ocrx_word' id='word_1_755' title='bbox 2753 4767 2822 4805; x_wconf 93' lang='lat' dir='ltr'><strong>eo</strong></span> <span class='ocrx_word' id='word_1_756' title='bbox 2851 4766 2958 4806; x_wconf 89' lang='lat' dir='ltr'><strong>non</strong></span> <span class='ocrx_word' id='word_1_757' title='bbox 2982 4751 3143 4805; x_wconf 87' lang='lat' dir='ltr'><strong>habet</strong></span> <span class='ocrx_word' id='word_1_758' title='bbox 3170 4751 3447 4821; x_wconf 80' lang='lat' dir='ltr'><strong>propriam</strong></span> <span class='ocrx_word' id='word_1_759' title='bbox 3476 4751 3754 4808; x_wconf 76' lang='lat' dir='ltr'><strong>subsisten-</strong></span> 
     </span>
    </p>
   </div>
   <div class='ocr_carea' id='block_1_88' title="bbox 492 4816 3749 4895">
    <p class='ocr_par' dir='ltr' id='par_1_88' title="bbox 492 4816 3749 4895">
     <span class='ocr_line' id='line_1_89' title="bbox 492 4816 3749 4895; baseline 0.001 -24"><span class='ocrx_word' id='word_1_760' title='bbox 492 4816 750 4887; x_wconf 82' lang='lat' dir='ltr'><strong>loquitur,</strong></span> <span class='ocrx_word' id='word_1_761' title='bbox 773 4816 919 4895; x_wconf 78' lang='lat' dir='ltr'><strong>quod</strong></span> <span class='ocrx_word' id='word_1_762' title='bbox 941 4818 1182 4895; x_wconf 58' lang='grc' dir='ltr'><strong>χαλξεήνον</strong></span> <span class='ocrx_word' id='word_1_763' title='bbox 1204 4819 1438 4895; x_wconf 77' lang='lat' dir='ltr'><strong>appellat</strong></span> <span class='ocrx_word' id='word_1_764' title='bbox 1464 4830 1838 4895; x_wconf 58' lang='lat' dir='ltr'><strong>sexcentarum</strong></span> <span class='ocrx_word' id='word_1_765' title='bbox 1862 4824 2083 4894; x_wconf 81' lang='lat' dir='ltr'><strong>ampho—</strong></span> <span class='ocrx_word' id='word_1_766' title='bbox 2113 4840 2155 4895; x_wconf 79' lang='grc' dir='ltr'>υ</span> <span class='ocrx_word' id='word_1_767' title='bbox 2182 4816 2335 4895; x_wconf 73' lang='lat' dir='ltr'><strong>tiam,</strong></span> <span class='ocrx_word' id='word_1_768' title='bbox 2362 4822 2456 4881; x_wconf 90' lang='lat' dir='ltr'><strong>sed</strong></span> <span class='ocrx_word' id='word_1_769' title='bbox 2480 4821 2774 4895; x_wconf 65' lang='lat' dir='ltr'><strong>formaliter</strong></span> <span class='ocrx_word' id='word_1_770' title='bbox 2795 4816 3313 4895; x_wconf 14' lang='lat' dir='ltr'><strong>persubsis‘ten&#39;tiam</strong></span> <span class='ocrx_word' id='word_1_771' title='bbox 3333 4820 3495 4877; x_wconf 80' lang='lat' dir='ltr'><strong>Verbi</strong></span> <span class='ocrx_word' id='word_1_772' title='bbox 3517 4823 3749 4878; x_wconf 71' lang='lat' dir='ltr'><strong>subsistit.</strong></span> 
     </span>
    </p>
   </div>
   <div class='ocr_carea' id='block_1_89' title="bbox 494 4888 3753 4965">
    <p class='ocr_par' dir='ltr' id='par_1_89' title="bbox 494 4888 3753 4965">
     <span class='ocr_line' id='line_1_90' title="bbox 494 4888 3753 4965; baseline 0.001 -23"><span class='ocrx_word' id='word_1_773' title='bbox 494 4903 673 4965; x_wconf 76' lang='lat' dir='ltr'><strong>ramm</strong></span> <span class='ocrx_word' id='word_1_774' title='bbox 694 4888 898 4957; x_wconf 87' lang='lat' dir='ltr'><strong>capaci,</strong></span> <span class='ocrx_word' id='word_1_775' title='bbox 929 4889 1075 4965; x_wconf 80' lang='lat' dir='ltr'><strong>quod</strong></span> <span class='ocrx_word' id='word_1_776' title='bbox 1101 4904 1171 4943; x_wconf 84' lang='lat' dir='ltr'><strong>ex</strong></span> <span class='ocrx_word' id='word_1_777' title='bbox 1200 4888 1400 4945; x_wconf 86' lang='lat' dir='ltr'><strong>aculeis</strong></span> <span class='ocrx_word' id='word_1_778' title='bbox 1428 4892 1741 4958; x_wconf 75' lang='lat' dir='ltr'><strong>sagittarum</strong></span> <span class='ocrx_word' id='word_1_779' title='bbox 1772 4888 1967 4948; x_wconf 76' lang='lat' dir='ltr'><strong>factum</strong></span> <span class='ocrx_word' id='word_1_780' title='bbox 1991 4896 2077 4950; x_wconf 89' lang='lat' dir='ltr'><strong>in-</strong></span> <span class='ocrx_word' id='word_1_781' title='bbox 2113 4888 2142 4895; x_wconf 69' lang='grc'><em>”</em></span> <span class='ocrx_word' id='word_1_782' title='bbox 2181 4893 2448 4965; x_wconf 82' lang='lat' dir='ltr'><strong>Impressa</strong></span> <span class='ocrx_word' id='word_1_783' title='bbox 2483 4893 2664 4965; x_wconf 83' lang='lat' dir='ltr'><strong>lectio,</strong></span> <span class='ocrx_word' id='word_1_784' title='bbox 2712 4888 2833 4965; x_wconf 55' lang='lat' dir='ltr'><strong>quas</strong></span> <span class='ocrx_word' id='word_1_785' title='bbox 2854 4892 2984 4965; x_wconf 81' lang='lat' dir='ltr'><strong>dicit</strong></span> <span class='ocrx_word' id='word_1_786' title='bbox 3015 4892 3437 4965; x_wconf 64' lang='lat' dir='ltr'><strong>substantiam</strong></span> <span class='ocrx_word' id='word_1_787' title='bbox 3466 4901 3753 4965; x_wconf 71' lang='lat' dir='ltr'><strong>estcomm</strong></span> 
     </span>
    </p>
   </div>
   <div class='ocr_carea' id='block_1_90' title="bbox 490 4959 1114 5028">
    <p class='ocr_par' dir='ltr' id='par_1_90' title="bbox 490 4959 1114 5028">
     <span class='ocr_line' id='line_1_91' title="bbox 490 4959 1114 5028; baseline -0.002 -14"><span class='ocrx_word' id='word_1_788' title='bbox 490 4959 698 5028; x_wconf 68' lang='lat' dir='ltr'><strong>digenze</strong></span> <span class='ocrx_word' id='word_1_789' title='bbox 728 4960 1114 5013; x_wconf 87' lang='lat' dir='ltr'><strong>memorabant.</strong></span> 
     </span>
    </p>
   </div>
   <div class='ocr_carea' id='block_1_91' title="bbox 565 5028 2079 5105">
    <p class='ocr_par' dir='ltr' id='par_1_91' title="bbox 565 5028 2079 5105">
     <span class='ocr_line' id='line_1_92' title="bbox 565 5028 2079 5105; baseline 0.002 -20"><span class='ocrx_word' id='word_1_790' title='bbox 565 5041 589 5066; x_wconf 78' lang='grc'><strong><em>⁸</em></strong></span> <span class='ocrx_word' id='word_1_791' title='bbox 621 5029 754 5105; x_wconf 66' lang='lat' dir='ltr'><strong>Yide</strong></span> <span class='ocrx_word' id='word_1_792' title='bbox 779 5028 1151 5105; x_wconf 78' lang='lat' dir='ltr'><strong>Augustinum,</strong></span> <span class='ocrx_word' id='word_1_793' title='bbox 1175 5030 1242 5085; x_wconf 89' lang='lat' dir='ltr'><strong>de</strong></span> <span class='ocrx_word' id='word_1_794' title='bbox 1263 5028 1422 5105; x_wconf 70' lang='lat' dir='ltr'><strong>Gens.</strong></span> <span class='ocrx_word' id='word_1_795' title='bbox 1444 5031 1699 5102; x_wconf 86' lang='lat' dir='ltr'><strong>Evangel.</strong></span> <span class='ocrx_word' id='word_1_796' title='bbox 1723 5034 1892 5105; x_wconf 79' lang='lat' dir='ltr'><strong>cap_.l</strong></span> <span class='ocrx_word' id='word_1_797' title='bbox 1917 5052 1933 5101; x_wconf 86' lang='lat'><strong>;</strong></span> <span class='ocrx_word' id='word_1_798' title='bbox 1956 5034 2079 5105; x_wconf 83' lang='lat' dir='ltr'><strong>Epi-</strong></span> 
     </span>
    </p>
   </div>
   <div class='ocr_carea' id='block_1_92' title="bbox 490 5099 2071 5172">
    <p class='ocr_par' dir='ltr' id='par_1_92' title="bbox 490 5099 2071 5172">
     <span class='ocr_line' id='line_1_93' title="bbox 490 5099 2071 5172; baseline 0.003 -18"><span class='ocrx_word' id='word_1_799' title='bbox 490 5100 779 5172; x_wconf 75' lang='lat' dir='ltr'><strong>phaniam,</strong></span> <span class='ocrx_word' id='word_1_800' title='bbox 823 5099 1014 5172; x_wconf 54' lang='lat' dir='ltr'><strong>haeres,</strong></span> <span class='ocrx_word' id='word_1_801' title='bbox 1054 5100 1148 5172; x_wconf 60' lang='lat' dir='ltr'><strong>lii,</strong></span> <span class='ocrx_word' id='word_1_802' title='bbox 1182 5103 1323 5172; x_wconf 90' lang='lat' dir='ltr'><strong>apud</strong></span> <span class='ocrx_word' id='word_1_803' title='bbox 1353 5099 1642 5158; x_wconf 82' lang='lat' dir='ltr'><strong>Baronium</strong></span> <span class='ocrx_word' id='word_1_804' title='bbox 1671 5120 1758 5158; x_wconf 88' lang='lat' dir='ltr'><strong>an.</strong></span> <span class='ocrx_word' id='word_1_805' title='bbox 1789 5099 1867 5157; x_wconf 82' lang='grc'><strong>’57</strong></span> <span class='ocrx_word' id='word_1_806' title='bbox 1895 5099 1949 5159; x_wconf 86' lang='lat' dir='ltr'><strong>n.</strong></span> <span class='ocrx_word' id='word_1_807' title='bbox 1984 5099 2071 5170; x_wconf 77' lang='lat'><strong>50,</strong></span> 
     </span>
    </p>
   </div>
   <div class='ocr_carea' id='block_1_93' title="bbox 488 5167 1302 5241">
    <p class='ocr_par' dir='ltr' id='par_1_93' title="bbox 488 5167 1302 5241">
     <span class='ocr_line' id='line_1_94' title="bbox 488 5167 1302 5241; baseline 0.001 -17"><span class='ocrx_word' id='word_1_808' title='bbox 488 5167 600 5227; x_wconf 74' lang='lat' dir='ltr'><strong>iam</strong></span> <span class='ocrx_word' id='word_1_809' title='bbox 623 5170 644 5225; x_wconf 88' lang='grc' dir='ltr'><strong>Ι</strong></span> <span class='ocrx_word' id='word_1_810' title='bbox 665 5185 785 5241; x_wconf 89' lang='lat' dir='ltr'><strong>pag.</strong></span> <span class='ocrx_word' id='word_1_811' title='bbox 811 5167 913 5223; x_wconf 64' lang='lat'><strong>4‘28</strong></span> <span class='ocrx_word' id='word_1_812' title='bbox 941 5171 1069 5241; x_wconf 82' lang='lat' dir='ltr'><strong>edit.</strong></span> <span class='ocrx_word' id='word_1_813' title='bbox 1104 5167 1302 5226; x_wconf 78' lang='lat' dir='ltr'><strong>Lucen.</strong></span> 
     </span>
    </p>
   </div>
   <div class='ocr_carea' id='block_1_94' title="bbox 560 5239 2076 5313">
    <p class='ocr_par' dir='ltr' id='par_1_94' title="bbox 560 5239 2076 5313">
     <span class='ocr_line' id='line_1_95' title="bbox 560 5239 2076 5313; baseline 0.004 -17"><span class='ocrx_word' id='word_1_814' title='bbox 560 5242 587 5281; x_wconf 72' lang='grc'><em>³³</em></span> <span class='ocrx_word' id='word_1_815' title='bbox 618 5239 951 5313; x_wconf 47' lang='grc' dir='ltr'><strong>Η-ὸεσωιπιὶιι</strong></span> <span class='ocrx_word' id='word_1_816' title='bbox 976 5239 1192 5313; x_wconf 83' lang='lat' dir='ltr'><strong>Christo</strong></span> <span class='ocrx_word' id='word_1_817' title='bbox 1220 5257 1319 5312; x_wconf 90' lang='lat' dir='ltr'><strong>per</strong></span> <span class='ocrx_word' id='word_1_818' title='bbox 1342 5245 1636 5313; x_wconf 79' lang='lat' dir='ltr'><strong>prophetas</strong></span> <span class='ocrx_word' id='word_1_819' title='bbox 1662 5244 1879 5301; x_wconf 74' lang='lat' dir='ltr'><strong>inerunt</strong></span> <span class='ocrx_word' id='word_1_820' title='bbox 1904 5261 2076 5301; x_wconf 74' lang='lat' dir='ltr'><strong>einun-</strong></span> 
     </span>
    </p>
   </div>
   <div class='ocr_carea' id='block_1_95' title="bbox 488 5311 2073 5395">
    <p class='ocr_par' dir='ltr' id='par_1_95' title="bbox 488 5311 2073 5395">
     <span class='ocr_line' id='line_1_96' title="bbox 488 5311 2073 5395; baseline 0.004 -30"><span class='ocrx_word' id='word_1_821' title='bbox 488 5312 635 5395; x_wconf 43' lang='lat' dir='ltr'><strong>tiata.</strong></span> <span class='ocrx_word' id='word_1_822' title='bbox 651 5311 842 5394; x_wconf 67' lang='lat' dir='ltr'><strong>Lucae!</strong></span> <span class='ocrx_word' id='word_1_823' title='bbox 868 5330 881 5364; x_wconf 84' lang='lat'><strong>:</strong></span> <span class='ocrx_word' id='word_1_824' title='bbox 916 5311 1170 5395; x_wconf 64' lang='lat' dir='ltr'><strong>Regnabit</strong></span> <span class='ocrx_word' id='word_1_825' title='bbox 1188 5311 1428 5395; x_wconf 49' lang='lat' dir='ltr'><strong>unum</strong></span> <span class='ocrx_word' id='word_1_826' title='bbox 1445 5311 1608 5370; x_wconf 63' lang='lat' dir='ltr'><strong>Iacob</strong></span> <span class='ocrx_word' id='word_1_827' title='bbox 1629 5318 1683 5369; x_wconf 81' lang='lat' dir='ltr'><strong>in</strong></span> <span class='ocrx_word' id='word_1_828' title='bbox 1693 5326 1952 5395; x_wconf 57' lang='lat' dir='ltr'><strong>glemum</strong></span> <span class='ocrx_word' id='word_1_829' title='bbox 1968 5358 1982 5381; x_wconf 92' lang='lat'><strong>,</strong></span> <span class='ocrx_word' id='word_1_830' title='bbox 2006 5326 2073 5395; x_wconf 56' lang='lat' dir='ltr'><strong>et</strong></span> 
     </span>
    </p>
   </div>
   <div class='ocr_carea' id='block_1_96' title="bbox 488 5381 2071 5454">
    <p class='ocr_par' dir='ltr' id='par_1_96' title="bbox 488 5381 2071 5454">
     <span class='ocr_line' id='line_1_97' title="bbox 488 5381 2071 5454; baseline 0.004 -18"><span class='ocrx_word' id='word_1_831' title='bbox 488 5383 635 5454; x_wconf 85' lang='lat' dir='ltr'><strong>regni</strong></span> <span class='ocrx_word' id='word_1_832' title='bbox 668 5383 778 5454; x_wconf 83' lang='lat' dir='ltr'><strong>ejus</strong></span> <span class='ocrx_word' id='word_1_833' title='bbox 800 5399 902 5436; x_wconf 82' lang='lat' dir='ltr'><strong>non</strong></span> <span class='ocrx_word' id='word_1_834' title='bbox 935 5381 1033 5436; x_wconf 86' lang='lat' dir='ltr'><strong>erit</strong></span> <span class='ocrx_word' id='word_1_835' title='bbox 1052 5383 1194 5453; x_wconf 82' lang='lat' dir='ltr'><strong>ﬁnis.</strong></span> <span class='ocrx_word' id='word_1_836' title='bbox 1234 5381 1421 5437; x_wconf 83' lang='lat' dir='ltr'><strong>Matth.</strong></span> <span class='ocrx_word' id='word_1_837' title='bbox 1451 5402 1645 5440; x_wconf 79' lang='lat' dir='ltr'><strong>xxvnt:</strong></span> <span class='ocrx_word' id='word_1_838' title='bbox 1682 5384 1822 5439; x_wconf 83' lang='lat' dir='ltr'><strong>Data</strong></span> <span class='ocrx_word' id='word_1_839' title='bbox 1851 5398 1927 5441; x_wconf 83' lang='lat' dir='ltr'><strong>est</strong></span> <span class='ocrx_word' id='word_1_840' title='bbox 1946 5386 2071 5442; x_wconf 79' lang='lat' dir='ltr'><strong>mihi</strong></span> 
     </span>
    </p>
   </div>
   <div class='ocr_carea' id='block_1_97' title="bbox 490 5454 2069 5525">
    <p class='ocr_par' dir='ltr' id='par_1_97' title="bbox 490 5454 2069 5525">
     <span class='ocr_line' id='line_1_98' title="bbox 490 5454 2069 5525; baseline 0.004 -19"><span class='ocrx_word' id='word_1_841' title='bbox 490 5455 672 5525; x_wconf 83' lang='lat' dir='ltr'><strong>omnis</strong></span> <span class='ocrx_word' id='word_1_842' title='bbox 696 5462 923 5525; x_wconf 82' lang='lat' dir='ltr'><strong>potestas</strong></span> <span class='ocrx_word' id='word_1_843' title='bbox 961 5454 1016 5506; x_wconf 84' lang='lat' dir='ltr'><strong>in</strong></span> <span class='ocrx_word' id='word_1_844' title='bbox 1053 5460 1179 5508; x_wconf 72' lang='lat' dir='ltr'><strong>creto</strong></span> <span class='ocrx_word' id='word_1_845' title='bbox 1208 5464 1257 5506; x_wconf 88' lang='lat' dir='ltr'><strong>et</strong></span> <span class='ocrx_word' id='word_1_846' title='bbox 1287 5456 1342 5507; x_wconf 87' lang='lat' dir='ltr'><strong>in</strong></span> <span class='ocrx_word' id='word_1_847' title='bbox 1366 5464 1523 5508; x_wconf 89' lang='lat' dir='ltr'><strong>terra.</strong></span> <span class='ocrx_word' id='word_1_848' title='bbox 1565 5455 1760 5525; x_wconf 79' lang='lat' dir='ltr'><strong>Psalm.</strong></span> <span class='ocrx_word' id='word_1_849' title='bbox 1787 5473 1835 5511; x_wconf 86' lang='lat' dir='ltr'><strong>Cl</strong></span> <span class='ocrx_word' id='word_1_850' title='bbox 1861 5475 1872 5509; x_wconf 91' lang='lat'>:</span> <span class='ocrx_word' id='word_1_851' title='bbox 1914 5457 1987 5510; x_wconf 87' lang='lat' dir='ltr'><strong>Tu</strong></span> <span class='ocrx_word' id='word_1_852' title='bbox 2017 5474 2069 5512; x_wconf 90' lang='lat' dir='ltr'><strong>es</strong></span> 
     </span>
    </p>
   </div>
   <div class='ocr_carea' id='block_1_98' title="bbox 489 5523 2070 5596">
    <p class='ocr_par' dir='ltr' id='par_1_98' title="bbox 489 5523 2070 5596">
     <span class='ocr_line' id='line_1_99' title="bbox 489 5523 2070 5596; baseline 0.003 -20"><span class='ocrx_word' id='word_1_853' title='bbox 489 5523 732 5596; x_wconf 78' lang='lat' dir='ltr'><strong>sacerdos</strong></span> <span class='ocrx_word' id='word_1_854' title='bbox 750 5525 806 5577; x_wconf 75' lang='lat' dir='ltr'><strong>in</strong></span> <span class='ocrx_word' id='word_1_855' title='bbox 828 5533 1095 5596; x_wconf 64' lang='lat' dir='ltr'><strong>internum.</strong></span> <span class='ocrx_word' id='word_1_856' title='bbox 1122 5525 1413 5596; x_wconf 80' lang='lat' dir='ltr'><strong>Denteron.</strong></span> <span class='ocrx_word' id='word_1_857' title='bbox 1438 5540 1561 5581; x_wconf 83' lang='lat' dir='ltr'><strong>xvm</strong></span> <span class='ocrx_word' id='word_1_858' title='bbox 1580 5568 1594 5591; x_wconf 93' lang='lat'><strong>,</strong></span> <span class='ocrx_word' id='word_1_859' title='bbox 1622 5523 1689 5579; x_wconf 76' lang='grc'><strong>15</strong></span> <span class='ocrx_word' id='word_1_860' title='bbox 1714 5546 1726 5577; x_wconf 89' lang='lat'><strong>:</strong></span> <span class='ocrx_word' id='word_1_861' title='bbox 1752 5526 2070 5596; x_wconf 68' lang='lat' dir='ltr'><strong>Prop/zelum</strong></span> 
     </span>
    </p>
   </div>
   <div class='ocr_carea' id='block_1_99' title="bbox 491 5592 2069 5666">
    <p class='ocr_par' dir='ltr' id='par_1_99' title="bbox 491 5592 2069 5666">
     <span class='ocr_line' id='line_1_100' title="bbox 491 5592 2069 5666; baseline 0.004 -20"><span class='ocrx_word' id='word_1_862' title='bbox 491 5592 555 5666; x_wconf 67' lang='lat' dir='ltr'><strong>de</strong></span> <span class='ocrx_word' id='word_1_863' title='bbox 576 5602 724 5666; x_wconf 77' lang='lat' dir='ltr'><strong>gente</strong></span> <span class='ocrx_word' id='word_1_864' title='bbox 744 5603 851 5666; x_wconf 60' lang='lat' dir='ltr'><strong>tua,</strong></span> <span class='ocrx_word' id='word_1_865' title='bbox 875 5602 924 5647; x_wconf 85' lang='lat' dir='ltr'><strong>et</strong></span> <span class='ocrx_word' id='word_1_866' title='bbox 943 5594 1007 5647; x_wconf 86' lang='lat' dir='ltr'><strong>de</strong></span> <span class='ocrx_word' id='word_1_867' title='bbox 1027 5594 1274 5666; x_wconf 77' lang='lat' dir='ltr'><strong>fratribus</strong></span> <span class='ocrx_word' id='word_1_868' title='bbox 1296 5598 1396 5650; x_wconf 84' lang='lat' dir='ltr'><strong>tuis</strong></span> <span class='ocrx_word' id='word_1_869' title='bbox 1416 5598 1548 5651; x_wconf 82' lang='lat' dir='ltr'><strong>sicut</strong></span> <span class='ocrx_word' id='word_1_870' title='bbox 1568 5614 1667 5664; x_wconf 87' lang='lat' dir='ltr'><strong>me,</strong></span> <span class='ocrx_word' id='word_1_871' title='bbox 1689 5592 1958 5652; x_wconf 75' lang='lat' dir='ltr'><strong>suscitabit</strong></span> <span class='ocrx_word' id='word_1_872' title='bbox 1978 5600 2069 5653; x_wconf 86' lang='lat' dir='ltr'><strong>tibi</strong></span> 
     </span>
    </p>
   </div>
   <div class='ocr_carea' id='block_1_100' title="bbox 494 5660 2070 5736">
    <p class='ocr_par' dir='ltr' id='par_1_100' title="bbox 494 5660 2070 5736">
     <span class='ocr_line' id='line_1_101' title="bbox 494 5660 2070 5736; baseline 0.006 -23"><span class='ocrx_word' id='word_1_873' title='bbox 494 5660 743 5736; x_wconf 75' lang='lat' dir='ltr'><strong>Dominus</strong></span> <span class='ocrx_word' id='word_1_874' title='bbox 772 5662 910 5717; x_wconf 87' lang='lat' dir='ltr'><strong>Deus</strong></span> <span class='ocrx_word' id='word_1_875' title='bbox 942 5660 1072 5730; x_wconf 72' lang='lat' dir='ltr'><strong>tuus,</strong></span> <span class='ocrx_word' id='word_1_876' title='bbox 1103 5666 1271 5736; x_wconf 82' lang='lat' dir='ltr'><strong>ipsum</strong></span> <span class='ocrx_word' id='word_1_877' title='bbox 1299 5667 1494 5721; x_wconf 85' lang='lat' dir='ltr'><strong>audies.</strong></span> <span class='ocrx_word' id='word_1_878' title='bbox 1519 5660 1673 5722; x_wconf 39' lang='lat' dir='ltr'><strong>Joan&#39;.</strong></span> <span class='ocrx_word' id='word_1_879' title='bbox 1698 5684 1746 5721; x_wconf 85' lang='lat' dir='ltr'><strong>vt</strong></span> <span class='ocrx_word' id='word_1_880' title='bbox 1766 5706 1779 5731; x_wconf 91' lang='lat'><strong>,</strong></span> <span class='ocrx_word' id='word_1_881' title='bbox 1818 5668 1882 5722; x_wconf 77' lang='lat' dir='ltr'><strong>l3</strong></span> <span class='ocrx_word' id='word_1_882' title='bbox 1909 5686 1921 5721; x_wconf 85' lang='lat'><strong><em>:</em></strong></span> <span class='ocrx_word' id='word_1_883' title='bbox 1965 5667 2070 5723; x_wconf 81' lang='lat' dir='ltr'><strong>Hic</strong></span> 
     </span>
    </p>
   </div>
   <div class='ocr_carea' id='block_1_101' title="bbox 490 5733 1703 5857">
    <p class='ocr_par' dir='ltr' id='par_1_101' title="bbox 490 5733 1703 5857">
     <span class='ocr_line' id='line_1_102' title="bbox 490 5733 1703 5805; baseline 0.002 -18"><span class='ocrx_word' id='word_1_884' title='bbox 490 5742 566 5787; x_wconf 82' lang='lat' dir='ltr'><strong>est</strong></span> <span class='ocrx_word' id='word_1_885' title='bbox 589 5733 856 5803; x_wconf 76' lang='lat' dir='ltr'><strong>propheta,</strong></span> <span class='ocrx_word' id='word_1_886' title='bbox 895 5737 981 5805; x_wconf 82' lang='lat' dir='ltr'><strong>qui</strong></span> <span class='ocrx_word' id='word_1_887' title='bbox 1010 5733 1250 5793; x_wconf 59' lang='lat' dir='ltr'><strong>renarras</strong></span> <span class='ocrx_word' id='word_1_888' title='bbox 1268 5748 1345 5793; x_wconf 84' lang='lat' dir='ltr'><strong>est</strong></span> <span class='ocrx_word' id='word_1_889' title='bbox 1364 5740 1417 5793; x_wconf 87' lang='lat' dir='ltr'><strong>iu</strong></span> <span class='ocrx_word' id='word_1_890' title='bbox 1439 5739 1703 5793; x_wconf 71' lang='lat' dir='ltr'><strong>&quot;modum.</strong></span> 
     </span>
     <span class='ocr_line' id='line_1_103' title="bbox 566 5800 1150 5857; baseline 0 0"><span class='ocrx_word' id='word_1_891' title='bbox 566 5814 588 5840; x_wconf 72' lang='grc' dir='ltr'><strong>ε</strong></span> <span class='ocrx_word' id='word_1_892' title='bbox 622 5800 720 5857; x_wconf 72' lang='lat' dir='ltr'><strong>MS.</strong></span> <span class='ocrx_word' id='word_1_893' title='bbox 750 5801 957 5857; x_wconf 64' lang='lat' dir='ltr'><strong>Cazsen.</strong></span> <span class='ocrx_word' id='word_1_894' title='bbox 980 5846 994 5857; x_wconf 91' lang='lat'><strong>.</strong></span> <span class='ocrx_word' id='word_1_895' title='bbox 1024 5808 1150 5857; x_wconf 80' lang='lat' dir='ltr'><strong>inse.</strong></span> 
     </span>
    </p>
   </div>
   <div class='ocr_carea' id='block_1_102' title="bbox 622 5801 1150 5877">
    <p class='ocr_par' dir='ltr' id='par_1_102' title="bbox 622 5801 1150 5877">
     <span class='ocr_line' id='line_1_104' title="bbox 622 5801 1150 5877; baseline 0.011 -21"><span class='ocrx_word' id='word_1_896' title='bbox 622 5801 720 5877; x_wconf 64' lang='lat' dir='ltr'><strong>tus.</strong></span> <span class='ocrx_word' id='word_1_897' title='bbox 750 5801 957 5877; x_wconf 52' lang='grc' dir='ltr'><strong>Επειδὴ.</strong></span> <span class='ocrx_word' id='word_1_898' title='bbox 980 5846 994 5867; x_wconf 85' lang='grc'>,</span> <span class='ocrx_word' id='word_1_899' title='bbox 1024 5808 1150 5877; x_wconf 82' lang='lat' dir='ltr'><strong>ipse.</strong></span> 
     </span>
    </p>
   </div>
   <div class='ocr_carea' id='block_1_103' title="bbox 564 5871 2071 5937">
    <p class='ocr_par' dir='ltr' id='par_1_103' title="bbox 564 5871 2071 5937">
     <span class='ocr_line' id='line_1_105' title="bbox 564 5871 2071 5937; baseline 0.003 -6"><span class='ocrx_word' id='word_1_900' title='bbox 564 5872 588 5915; x_wconf 76' lang='grc' dir='ltr'><strong>ιι</strong></span> <span class='ocrx_word' id='word_1_901' title='bbox 625 5871 827 5931; x_wconf 85' lang='lat' dir='ltr'><strong>Contra</strong></span> <span class='ocrx_word' id='word_1_902' title='bbox 855 5871 1162 5937; x_wconf 78' lang='lat' dir='ltr'><strong>Photinum.</strong></span> <span class='ocrx_word' id='word_1_903' title='bbox 1195 5878 1525 5936; x_wconf 72' lang='lat' dir='ltr'><strong>effutientem</strong></span> <span class='ocrx_word' id='word_1_904' title='bbox 1554 5879 1824 5937; x_wconf 82' lang='lat' dir='ltr'><strong>Christum</strong></span> <span class='ocrx_word' id='word_1_905' title='bbox 1858 5879 1950 5936; x_wconf 76' lang='lat' dir='ltr'><strong>llci</strong></span> <span class='ocrx_word' id='word_1_906' title='bbox 1985 5878 2071 5935; x_wconf 82' lang='lat' dir='ltr'><strong>Fi-</strong></span> 
     </span>
    </p>
   </div>
   <div class='ocr_carea' id='block_1_104' title="bbox 2181 4961 3752 5025">
    <p class='ocr_par' dir='ltr' id='par_1_104' title="bbox 2181 4961 3752 5025">
     <span class='ocr_line' id='line_1_106' title="bbox 2181 4961 3752 5025; baseline -0.003 -6"><span class='ocrx_word' id='word_1_907' title='bbox 2181 4961 2487 5025; x_wconf 60' lang='lat' dir='ltr'><strong>svibolum</strong></span> <span class='ocrx_word' id='word_1_908' title='bbox 2508 4962 2807 5025; x_wconf 76' lang='lat' dir='ltr'><strong>Athanasii,</strong></span> <span class='ocrx_word' id='word_1_909' title='bbox 2839 4962 3069 5019; x_wconf 86' lang='lat' dir='ltr'><strong>dicentis</strong></span> <span class='ocrx_word' id='word_1_910' title='bbox 3094 4980 3106 5015; x_wconf 93' lang='lat'><strong>:</strong></span> <span class='ocrx_word' id='word_1_911' title='bbox 3141 4961 3282 5017; x_wconf 74' lang='lat' dir='ltr'><strong>Deus</strong></span> <span class='ocrx_word' id='word_1_912' title='bbox 3300 4972 3380 5017; x_wconf 83' lang='lat' dir='ltr'><strong>est</strong></span> <span class='ocrx_word' id='word_1_913' title='bbox 3395 4978 3463 5016; x_wconf 61' lang='lat' dir='ltr'><strong>ea</strong></span> <span class='ocrx_word' id='word_1_914' title='bbox 3481 4962 3752 5018; x_wconf 72' lang='lat' dir='ltr'><strong>substantia</strong></span> 
     </span>
    </p>
   </div>
   <div class='ocr_carea' id='block_1_105' title="bbox 2233 5034 3752 5105">
    <p class='ocr_par' dir='ltr' id='par_1_105' title="bbox 2233 5034 3752 5105">
     <span class='ocr_line' id='line_1_107' title="bbox 2233 5034 3752 5105; baseline -0.003 -15"><span class='ocrx_word' id='word_1_915' title='bbox 2233 5036 2361 5091; x_wconf 83' lang='lat' dir='ltr'><strong>atris</strong></span> <span class='ocrx_word' id='word_1_916' title='bbox 2378 5044 2499 5089; x_wconf 84' lang='lat' dir='ltr'><strong>ante</strong></span> <span class='ocrx_word' id='word_1_917' title='bbox 2530 5034 2723 5089; x_wconf 61' lang='lat' dir='ltr'><strong>sarcula</strong></span> <span class='ocrx_word' id='word_1_918' title='bbox 2757 5034 2987 5105; x_wconf 74' lang='lat' dir='ltr'><strong>genitus,</strong></span> <span class='ocrx_word' id='word_1_919' title='bbox 3022 5043 3071 5088; x_wconf 90' lang='lat' dir='ltr'><strong>et</strong></span> <span class='ocrx_word' id='word_1_920' title='bbox 3106 5034 3257 5088; x_wconf 85' lang='lat' dir='ltr'><strong>homo</strong></span> <span class='ocrx_word' id='word_1_921' title='bbox 3291 5043 3367 5088; x_wconf 89' lang='lat' dir='ltr'><strong>est</strong></span> <span class='ocrx_word' id='word_1_922' title='bbox 3393 5034 3752 5089; x_wconf 70' lang='lat' dir='ltr'><strong>exsubstaatia</strong></span> 
     </span>
    </p>
   </div>
   <div class='ocr_carea' id='block_1_106' title="bbox 2180 5104 3752 5174">
    <p class='ocr_par' dir='ltr' id='par_1_106' title="bbox 2180 5104 3752 5174">
     <span class='ocr_line' id='line_1_108' title="bbox 2180 5104 3752 5174; baseline -0.001 -14"><span class='ocrx_word' id='word_1_923' title='bbox 2180 5109 2364 5161; x_wconf 83' lang='lat' dir='ltr'><strong>matris</strong></span> <span class='ocrx_word' id='word_1_924' title='bbox 2396 5108 2448 5159; x_wconf 86' lang='lat' dir='ltr'><strong>in</strong></span> <span class='ocrx_word' id='word_1_925' title='bbox 2479 5106 2668 5159; x_wconf 76' lang='lat' dir='ltr'><strong>swrulo</strong></span> <span class='ocrx_word' id='word_1_926' title='bbox 2696 5104 2869 5157; x_wconf 80' lang='lat' dir='ltr'><strong>natus.</strong></span> <span class='ocrx_word' id='word_1_927' title='bbox 2912 5104 3037 5159; x_wconf 85' lang='lat' dir='ltr'><strong>ideo</strong></span> <span class='ocrx_word' id='word_1_928' title='bbox 3067 5112 3390 5174; x_wconf 79' lang='lat' dir='ltr'><strong>scriptorum</strong></span> <span class='ocrx_word' id='word_1_929' title='bbox 3419 5105 3557 5159; x_wconf 80' lang='lat' dir='ltr'><strong>vitio</strong></span> <span class='ocrx_word' id='word_1_930' title='bbox 3584 5117 3752 5174; x_wconf 72' lang='grc' dir='ltr'>ςοιτιι-</span> 
     </span>
    </p>
   </div>
   <div class='ocr_carea' id='block_1_107' title="bbox 2178 5172 3750 5299">
    <p class='ocr_par' dir='ltr' id='par_1_107' title="bbox 2178 5172 3750 5299">
     <span class='ocr_line' id='line_1_109' title="bbox 2178 5172 3750 5299; baseline -0.001 -68"><span class='ocrx_word' id='word_1_931' title='bbox 2178 5186 2304 5247; x_wconf 88' lang='lat' dir='ltr'><strong>ptus</strong></span> <span class='ocrx_word' id='word_1_932' title='bbox 2327 5184 2506 5230; x_wconf 82' lang='lat' dir='ltr'><strong>textus</strong></span> <span class='ocrx_word' id='word_1_933' title='bbox 2530 5175 2771 5241; x_wconf 87' lang='lat' dir='ltr'><strong>videtur;</strong></span> <span class='ocrx_word' id='word_1_934' title='bbox 2800 5183 2855 5229; x_wconf 88' lang='lat' dir='ltr'><strong>et</strong></span> <span class='ocrx_word' id='word_1_935' title='bbox 2874 5175 3039 5256; x_wconf 69' lang='lat' dir='ltr'><strong>immo</strong></span> <span class='ocrx_word' id='word_1_936' title='bbox 3056 5188 3159 5299; x_wconf 55' lang='lat' dir='ltr'><strong>Ero</strong></span> <span class='ocrx_word' id='word_1_937' title='bbox 3180 5172 3235 5245; x_wconf 84' lang='lat' dir='ltr'><strong>ly</strong></span> <span class='ocrx_word' id='word_1_938' title='bbox 3254 5172 3621 5239; x_wconf 67' lang='lat' dir='ltr'><strong>substantiam,</strong></span> <span class='ocrx_word' id='word_1_939' title='bbox 3640 5173 3750 5229; x_wconf 66' lang='lat' dir='ltr'><strong>sab-</strong></span> 
     </span>
     <span class='ocr_line' id='line_1_110' title="bbox 2178 5242 3750 5299; baseline 0 0"><span class='ocrx_word' id='word_1_940' title='bbox 2178 5249 2469 5299; x_wconf 79' lang='lat' dir='ltr'><strong>sistentiam</strong></span> <span class='ocrx_word' id='word_1_941' title='bbox 2496 5246 2850 5299; x_wconf 83' lang='lat' dir='ltr'><strong>restituimus.</strong></span> <span class='ocrx_word' id='word_1_942' title='bbox 2873 5259 2995 5299; x_wconf 72' lang='lat' dir='ltr'><strong>auia</strong></span> <span class='ocrx_word' id='word_1_943' title='bbox 3021 5262 3055 5299; x_wconf 86' lang='grc' dir='ltr'><strong>ιι</strong></span> <span class='ocrx_word' id='word_1_944' title='bbox 3094 5256 3284 5299; x_wconf 78' lang='lat' dir='ltr'><strong>terror</strong></span> <span class='ocrx_word' id='word_1_945' title='bbox 3305 5242 3357 5299; x_wconf 85' lang='lat' dir='ltr'><strong>S.</strong></span> <span class='ocrx_word' id='word_1_946' title='bbox 3378 5245 3599 5299; x_wconf 65' lang='lat' dir='ltr'><strong>rm</strong></span> <span class='ocrx_word' id='word_1_947' title='bbox 3616 5260 3750 5299; x_wconf 75' lang='lat' dir='ltr'><strong>rere-</strong></span> 
     </span>
    </p>
   </div>
   <div class='ocr_carea' id='block_1_108' title="bbox 2177 5242 3753 5314">
    <p class='ocr_par' dir='ltr' id='par_1_108' title="bbox 2177 5242 3753 5314">
     <span class='ocr_line' id='line_1_111' title="bbox 2177 5242 3753 5314; baseline -0.004 -13"><span class='ocrx_word' id='word_1_948' title='bbox 2177 5242 2469 5302; x_wconf 72' lang='lat' dir='ltr'><strong>sistentiam</strong></span> <span class='ocrx_word' id='word_1_949' title='bbox 2496 5246 2850 5309; x_wconf 84' lang='lat' dir='ltr'><strong>restituimus,</strong></span> <span class='ocrx_word' id='word_1_950' title='bbox 2873 5245 2995 5314; x_wconf 85' lang='lat' dir='ltr'><strong>quia</strong></span> <span class='ocrx_word' id='word_1_951' title='bbox 3021 5242 3110 5299; x_wconf 85' lang='lat' dir='ltr'><strong>ubi</strong></span> <span class='ocrx_word' id='word_1_952' title='bbox 3129 5242 3284 5300; x_wconf 74' lang='lat' dir='ltr'><strong>error</strong></span> <span class='ocrx_word' id='word_1_953' title='bbox 3305 5242 3357 5300; x_wconf 87' lang='lat' dir='ltr'><strong>S.</strong></span> <span class='ocrx_word' id='word_1_954' title='bbox 3378 5245 3599 5314; x_wconf 68' lang='lat' dir='ltr'><strong>ripturm</strong></span> <span class='ocrx_word' id='word_1_955' title='bbox 3616 5260 3753 5309; x_wconf 74' lang='lat' dir='ltr'><strong>rere-</strong></span> 
     </span>
    </p>
   </div>
   <div class='ocr_carea' id='block_1_109' title="bbox 2176 5314 3750 5386">
    <p class='ocr_par' dir='ltr' id='par_1_109' title="bbox 2176 5314 3750 5386">
     <span class='ocr_line' id='line_1_112' title="bbox 2176 5314 3750 5386; baseline -0.003 -13"><span class='ocrx_word' id='word_1_956' title='bbox 2176 5317 2424 5373; x_wconf 83' lang='lat' dir='ltr'><strong>similitcr</strong></span> <span class='ocrx_word' id='word_1_957' title='bbox 2444 5316 2748 5386; x_wconf 83' lang='lat' dir='ltr'><strong>conjicitur,</strong></span> <span class='ocrx_word' id='word_1_958' title='bbox 2781 5324 2956 5371; x_wconf 87' lang='lat' dir='ltr'><strong>cessat</strong></span> <span class='ocrx_word' id='word_1_959' title='bbox 2985 5314 3291 5386; x_wconf 67' lang='lat' dir='ltr'><strong>Dellarmini</strong></span> <span class='ocrx_word' id='word_1_960' title='bbox 3312 5315 3568 5371; x_wconf 86' lang='lat' dir='ltr'><strong>Doctrina</strong></span> <span class='ocrx_word' id='word_1_961' title='bbox 3593 5317 3673 5371; x_wconf 88' lang='lat' dir='ltr'><strong>lib.</strong></span> <span class='ocrx_word' id='word_1_962' title='bbox 3694 5329 3750 5369; x_wconf 83' lang='lat' dir='ltr'><strong>tn</strong></span> 
     </span>
    </p>
   </div>
   <div class='ocr_carea' id='block_1_110' title="bbox 2173 5384 3750 5457">
    <p class='ocr_par' dir='ltr' id='par_1_110' title="bbox 2173 5384 3750 5457">
     <span class='ocr_line' id='line_1_113' title="bbox 2173 5384 3750 5457; baseline -0.004 -14"><span class='ocrx_word' id='word_1_963' title='bbox 2173 5388 2241 5443; x_wconf 88' lang='lat' dir='ltr'><strong>de</strong></span> <span class='ocrx_word' id='word_1_964' title='bbox 2261 5386 2477 5443; x_wconf 79' lang='lat' dir='ltr'><strong>Christo</strong></span> <span class='ocrx_word' id='word_1_965' title='bbox 2507 5384 2626 5457; x_wconf 83' lang='lat' dir='ltr'><strong>cap.</strong></span> <span class='ocrx_word' id='word_1_966' title='bbox 2654 5384 2721 5457; x_wconf 70' lang='grc'><strong>15</strong></span> <span class='ocrx_word' id='word_1_967' title='bbox 2740 5386 2923 5441; x_wconf 87' lang='lat' dir='ltr'><strong>dicens</strong></span> <span class='ocrx_word' id='word_1_968' title='bbox 2949 5404 2961 5438; x_wconf 92' lang='lat'><strong>:</strong></span> <span class='ocrx_word' id='word_1_969' title='bbox 3004 5384 3190 5440; x_wconf 78' lang='lat' dir='ltr'><strong>Patres</strong></span> <span class='ocrx_word' id='word_1_970' title='bbox 3212 5401 3315 5439; x_wconf 85' lang='lat' dir='ltr'><strong>non</strong></span> <span class='ocrx_word' id='word_1_971' title='bbox 3344 5401 3546 5456; x_wconf 81' lang='lat' dir='ltr'><strong>semper</strong></span> <span class='ocrx_word' id='word_1_972' title='bbox 3572 5386 3750 5441; x_wconf 76' lang='lat' dir='ltr'><strong>locutos</strong></span> 
     </span>
    </p>
   </div>
   <div class='ocr_carea' id='block_1_111' title="bbox 2165 5456 3751 5529">
    <p class='ocr_par' dir='ltr' id='par_1_111' title="bbox 2165 5456 3751 5529">
     <span class='ocr_line' id='line_1_114' title="bbox 2165 5456 3751 5529; baseline -0.003 -18"><span class='ocrx_word' id='word_1_973' title='bbox 2165 5460 2325 5529; x_wconf 72' lang='lat' dir='ltr'><strong>juxta</strong></span> <span class='ocrx_word' id='word_1_974' title='bbox 2354 5456 2596 5512; x_wconf 71' lang='lat' dir='ltr'><strong>exactam</strong></span> <span class='ocrx_word' id='word_1_975' title='bbox 2626 5456 3009 5511; x_wconf 69' lang='lat' dir='ltr'><strong>dialecticorum</strong></span> <span class='ocrx_word' id='word_1_976' title='bbox 3049 5457 3320 5529; x_wconf 76' lang='lat' dir='ltr'><strong>regulam;</strong></span> <span class='ocrx_word' id='word_1_977' title='bbox 3364 5457 3464 5529; x_wconf 70' lang='lat' dir='ltr'><strong>sed</strong></span> <span class='ocrx_word' id='word_1_978' title='bbox 3501 5458 3751 5511; x_wconf 84' lang='lat' dir='ltr'><strong>abstracta</strong></span> 
     </span>
    </p>
   </div>
   <div class='ocr_carea' id='block_1_112' title="bbox 2172 5526 3751 5600">
    <p class='ocr_par' dir='ltr' id='par_1_112' title="bbox 2172 5526 3751 5600">
     <span class='ocr_line' id='line_1_115' title="bbox 2172 5526 3751 5600; baseline -0.003 -18"><span class='ocrx_word' id='word_1_979' title='bbox 2172 5526 2265 5600; x_wconf 67' lang='lat' dir='ltr'><strong>pro</strong></span> <span class='ocrx_word' id='word_1_980' title='bbox 2288 5529 2569 5600; x_wconf 59' lang='lat' dir='ltr'><strong>concretis,</strong></span> <span class='ocrx_word' id='word_1_981' title='bbox 2586 5538 2638 5581; x_wconf 90' lang='lat' dir='ltr'><strong>et</strong></span> <span class='ocrx_word' id='word_1_982' title='bbox 2657 5526 3303 5600; x_wconf 59' lang='lat' dir='ltr'><strong>roncretapro_abstra_ctis</strong></span> <span class='ocrx_word' id='word_1_983' title='bbox 3319 5526 3751 5600; x_wconf 56' lang='lat' dir='ltr'><strong>aliquandth</strong></span> 
     </span>
    </p>
   </div>
   <div class='ocr_carea' id='block_1_113' title="bbox 2171 5595 3751 5670">
    <p class='ocr_par' dir='ltr' id='par_1_113' title="bbox 2171 5595 3751 5670">
     <span class='ocr_line' id='line_1_116' title="bbox 2171 5595 3751 5670; baseline 0.001 -20"><span class='ocrx_word' id='word_1_984' title='bbox 2171 5595 2338 5670; x_wconf 64' lang='lat' dir='ltr'><strong>posse.</strong></span> <span class='ocrx_word' id='word_1_985' title='bbox 2360 5597 2669 5653; x_wconf 61' lang='lat' dir='ltr'><strong>Mn‘sJ’cre</strong></span> <span class='ocrx_word' id='word_1_986' title='bbox 2691 5606 2869 5670; x_wconf 85' lang='lat' dir='ltr'><strong>autem</strong></span> <span class='ocrx_word' id='word_1_987' title='bbox 2888 5595 2981 5652; x_wconf 82' lang='lat' dir='ltr'><strong>hic</strong></span> <span class='ocrx_word' id='word_1_988' title='bbox 2993 5595 3362 5668; x_wconf 80' lang='lat' dir='ltr'><strong>Chrysologus</strong></span> <span class='ocrx_word' id='word_1_989' title='bbox 3377 5595 3563 5652; x_wconf 82' lang='lat' dir='ltr'><strong>contra</strong></span> <span class='ocrx_word' id='word_1_990' title='bbox 3578 5596 3751 5670; x_wconf 67' lang='lat' dir='ltr'><strong>Nesto;</strong></span> 
     </span>
    </p>
   </div>
   <div class='ocr_carea' id='block_1_114' title="bbox 2172 5663 3749 5741">
    <p class='ocr_par' dir='ltr' id='par_1_114' title="bbox 2172 5663 3749 5741">
     <span class='ocr_line' id='line_1_117' title="bbox 2172 5663 3749 5741; baseline -0.004 -15"><span class='ocrx_word' id='word_1_991' title='bbox 2172 5663 2311 5741; x_wconf 74' lang='lat' dir='ltr'><strong>rium</strong></span> <span class='ocrx_word' id='word_1_992' title='bbox 2341 5684 2525 5737; x_wconf 80' lang='lat' dir='ltr'><strong>agens,</strong></span> <span class='ocrx_word' id='word_1_993' title='bbox 2551 5684 2670 5741; x_wconf 61' lang='lat' dir='ltr'><strong>rem</strong></span> <span class='ocrx_word' id='word_1_994' title='bbox 2701 5668 2839 5741; x_wconf 82' lang='lat' dir='ltr'><strong>ultra</strong></span> <span class='ocrx_word' id='word_1_995' title='bbox 2860 5683 3019 5741; x_wconf 87' lang='lat' dir='ltr'><strong>quam</strong></span> <span class='ocrx_word' id='word_1_996' title='bbox 3048 5663 3147 5739; x_wconf 77' lang='lat' dir='ltr'><strong>par</strong></span> <span class='ocrx_word' id='word_1_997' title='bbox 3162 5674 3249 5741; x_wconf 79' lang='lat' dir='ltr'><strong>est</strong></span> <span class='ocrx_word' id='word_1_998' title='bbox 3267 5663 3423 5737; x_wconf 81' lang='lat' dir='ltr'><strong>urget</strong></span> <span class='ocrx_word' id='word_1_999' title='bbox 3447 5685 3461 5720; x_wconf 91' lang='lat'><strong>:</strong></span> <span class='ocrx_word' id='word_1_1000' title='bbox 3492 5676 3547 5722; x_wconf 88' lang='lat' dir='ltr'><strong>ct</strong></span> <span class='ocrx_word' id='word_1_1001' title='bbox 3572 5663 3749 5741; x_wconf 82' lang='lat' dir='ltr'><strong>procul</strong></span> 
     </span>
    </p>
   </div>
   <div class='ocr_carea' id='block_1_115' title="bbox 2175 5736 3750 5811">
    <p class='ocr_par' dir='ltr' id='par_1_115' title="bbox 2175 5736 3750 5811">
     <span class='ocr_line' id='line_1_118' title="bbox 2175 5736 3750 5811; baseline -0.001 -18"><span class='ocrx_word' id='word_1_1002' title='bbox 2175 5739 2337 5797; x_wconf 89' lang='lat' dir='ltr'><strong>dubio</strong></span> <span class='ocrx_word' id='word_1_1003' title='bbox 2372 5740 2590 5811; x_wconf 73' lang='lat' dir='ltr'><strong>haeresis</strong></span> <span class='ocrx_word' id='word_1_1004' title='bbox 2616 5736 2933 5811; x_wconf 75' lang='lat' dir='ltr'><strong>Eutychetis</strong></span> <span class='ocrx_word' id='word_1_1005' title='bbox 2960 5736 3089 5811; x_wconf 76' lang='lat' dir='ltr'><strong>tunc</strong></span> <span class='ocrx_word' id='word_1_1006' title='bbox 3127 5737 3177 5793; x_wconf 89' lang='lat' dir='ltr'><strong>ei</strong></span> <span class='ocrx_word' id='word_1_1007' title='bbox 3204 5736 3389 5808; x_wconf 83' lang='lat' dir='ltr'><strong>ignota</strong></span> <span class='ocrx_word' id='word_1_1008' title='bbox 3408 5736 3750 5811; x_wconf 48' lang='lat' dir='ltr'><strong>eratfsecus</strong></span> 
     </span>
    </p>
   </div>
   <div class='ocr_carea' id='block_1_116' title="bbox 2176 5805 3747 5880">
    <p class='ocr_par' dir='ltr' id='par_1_116' title="bbox 2176 5805 3747 5880">
     <span class='ocr_line' id='line_1_119' title="bbox 2176 5805 3747 5880; baseline 0.003 -17"><span class='ocrx_word' id='word_1_1009' title='bbox 2176 5812 2316 5867; x_wconf 79' lang='lat' dir='ltr'><strong>enim</strong></span> <span class='ocrx_word' id='word_1_1010' title='bbox 2345 5810 2555 5865; x_wconf 80' lang='lat' dir='ltr'><strong>cautius</strong></span> <span class='ocrx_word' id='word_1_1011' title='bbox 2583 5824 2641 5866; x_wconf 89' lang='lat' dir='ltr'><strong>se</strong></span> <span class='ocrx_word' id='word_1_1012' title='bbox 2660 5805 2933 5880; x_wconf 71' lang='lat' dir='ltr'><strong>gessisset,</strong></span> <span class='ocrx_word' id='word_1_1013' title='bbox 2960 5809 3092 5865; x_wconf 88' lang='lat' dir='ltr'><strong>utin</strong></span> <span class='ocrx_word' id='word_1_1014' title='bbox 3112 5805 3273 5880; x_wconf 76' lang='lat' dir='ltr'><strong>serui.</strong></span> <span class='ocrx_word' id='word_1_1015' title='bbox 3298 5826 3474 5872; x_wconf 75' lang='lat' dir='ltr'><strong>curv,</strong></span> <span class='ocrx_word' id='word_1_1016' title='bbox 3500 5809 3587 5865; x_wconf 89' lang='lat' dir='ltr'><strong>ubi</strong></span> <span class='ocrx_word' id='word_1_1017' title='bbox 3602 5805 3747 5867; x_wconf 78' lang='lat' dir='ltr'><strong>vide-</strong></span> 
     </span>
    </p>
   </div>
   <div class='ocr_carea' id='block_1_117' title="bbox 2176 5878 3496 5944">
    <p class='ocr_par' dir='ltr' id='par_1_117' title="bbox 2176 5878 3496 5944">
     <span class='ocr_line' id='line_1_120' title="bbox 2176 5878 3496 5944; baseline 0.001 -11"><span class='ocrx_word' id='word_1_1018' title='bbox 2176 5887 2262 5935; x_wconf 87' lang='lat' dir='ltr'><strong>tur</strong></span> <span class='ocrx_word' id='word_1_1019' title='bbox 2289 5880 2592 5944; x_wconf 75' lang='lat' dir='ltr'><strong>huiusmodi</strong></span> <span class='ocrx_word' id='word_1_1020' title='bbox 2619 5878 2864 5937; x_wconf 69' lang='lat' dir='ltr'><strong>haeresim</strong></span> <span class='ocrx_word' id='word_1_1021' title='bbox 2896 5896 3001 5944; x_wconf 76' lang='lat' dir='ltr'><strong>nnc</strong></span> <span class='ocrx_word' id='word_1_1022' title='bbox 3033 5880 3200 5937; x_wconf 85' lang='lat' dir='ltr'><strong>oculis</strong></span> <span class='ocrx_word' id='word_1_1023' title='bbox 3226 5878 3496 5937; x_wconf 80' lang='lat' dir='ltr'><strong>habuisse.</strong></span> 
     </span>
    </p>
   </div>
  </div>
