3882 6356
1547 421 1783 488 SERMO
1819 423 1930 486 LX.

3250 443 3364 500 366
3415 520 3422 538 ρ

128 539 400 596 Ecclesium.
451 533 730 592 Credimus
775 540 830 590 ot
881 533 1174 590 Ecclesiam
1205 574 1220 598 ,
1271 548 1436 604 quam
1473 533 1670 591 Christi
1699 539 1744 598 Δ
1777 535 1917 591 unda
1947 534 2144 592 saliens
2178 537 2231 592 in
2256 537 2416 594 vitam
2438 545 2716 597 aeternam.
2757 544 2852 601 lile
2882 546 3056 604 dixit:
3103 548 3239 616 Quia
3269 572 3364 612 tto-
3415 533 3421 549 ³

125 636 382 700 receptam,
424 625 793 682 conﬁrmatam
831 626 1131 689 credimus,
1173 633 1228 680 et
1263 623 1584 680 conﬁtemur
1623 626 1676 680 in

123 720 336 792 gloriam.
379 717 752 772 Remissionem
771 726 1120 788 peccatorum.
1163 715 1219 770 In
1261 732 1460 772 novum
1499 717 1675 772 homi-

125 830 224 871 nem
253 811 569 874 nasciturus,
612 809 816 879 antiqui
858 818 1057 875 reatus,
1102 810 1307 879 peccati
1329 809 1527 865 veteris
1545 809 1676 879 quid

123 903 348 960 habebit?
383 902 476 972 qui
513 903 782 972 przetcrita
821 902 923 956 sibi
963 902 1184 956 remissa
1225 918 1332 958 non
1371 903 1544 958 credit
1577 902 1674 958 de-

119 1000 226 1062 bita,
263 996 466 1052 dubitat
484 995 764 1065 percipere
801 1011 860 1050 se
895 993 1091 1050 futura.
1135 996 1321 1050 Carnis
1349 998 1676 1050 resurrectio-

121 1106 229 1170 ιιιιρι.
275 1085 443 1142 Crede
461 1129 476 1154 ,
518 1088 683 1142 immo
701 1129 716 1152 ,
755 1088 825 1142 de
861 1096 1038 1142 morte
1075 1101 1360 1157 resurgere
1399 1097 1452 1142 te
1489 1103 1668 1158 posse,

119 1182 220 1251 quia
251 1187 531 1250 antequam
571 1179 782 1244 viveres
821 1179 894 1234 nil
935 1177 1082 1236 fuisti
1115 1196 1128 1232 :
1175 1186 1273 1234 aut
1309 1195 1478 1250 quare
1515 1180 1672 1236 dubi-

120 1283 184 1328 tas
212 1271 343 1343 quod
377 1287 666 1342 resurgas,
715 1288 840 1328 cum
879 1272 976 1327 tibi
1017 1279 1192 1328 totum
1231 1272 1375 1344 quod
1415 1273 1470 1328 in
1507 1273 1670 1328 rebus

118 1373 182 1422 est
210 1363 439 1434 quotidie
459 1365 540 1420 sic
575 1365 864 1434 resurgat?
889 1373 914 1402 α
948 1365 1041 1422 Sol
1063 1364 1279 1432 occidit,
1321 1372 1378 1419 et
1395 1365 1666 1434 resurgit:

113 1461 206 1516 dies
235 1459 489 1529 sepelitur
521 1466 581 1515 et
631 1460 773 1515 redit
815 1477 828 1512 :
887 1475 1134 1524 incuses,
1189 1460 1346 1527 anni,
1404 1465 1666 1532 tempora,

117 1552 295 1615 fructus,
329 1551 561 1618 semina,
603 1567 727 1606 cum
750 1557 1032 1608 transeunt
1051 1551 1169 1624 ipsa
1201 1553 1523 1619 moriuntur,
1547 1567 1668 1607 cum

1779 643 1896 681 men
1913 626 2126 682 Domini
2137 630 2407 698 invocavit,
2429 632 2550 688 dote
2563 637 3004 706 magnificentiam
3022 641 3129 698 Deo
3151 656 3360 715 nostro;
3389 647 3395 666 '

1774 734 1882 789 ego
1917 719 2091 774 dicam
2115 759 2130 785 ,
2171 721 2305 788 Quia
2336 724 2493 779 ﬁdem
2532 729 2773 782 invocavi
2795 768 2808 793 ,
2845 730 2969 786 date
2987 734 3360 796 credulitatem

1775 809 1891 866 Deo
1929 819 2130 868 vestro.
2185 811 2254 866 Et
2291 814 2414 882 quia
2459 815 2666 885 navigia
2713 833 2998 889 corporum
3051 834 3360 884 nostrorum

1773 900 2210 974 Quadragesimae
2237 915 2363 962 sunt
2387 903 2416 946 ἀ
2451 917 2638 964 curata
2666 911 2900 981 jejunio,
2941 931 3163 977 necesse
3190 933 3273 978 est
3300 933 3362 979 ut

1770 993 2027 1064 placitum
2051 993 2205 1062 ﬁdei,
2247 998 2549 1069 symbolum
2567 1001 2804 1060 omlesﬁs
2821 1011 3130 1066 commercii
3146 1011 3258 1081 jam
3277 1015 3362 1072 di-

1766 1098 1974 1149 camus,
1997 1094 2265 1156 quatenus
2281 1089 2378 1146 sub
2393 1097 2541 1144 certa
2563 1107 2658 1162 spe
2671 1109 2770 1163 per
2783 1102 2895 1150 tota
2915 1099 3096 1155 mundi
3117 1118 3354 1172 aequora,

1761 1191 1872 1247 per
1892 1175 2085 1234 inﬁdos
2105 1181 2284 1234 smculi
2321 1180 2517 1237 ﬂuctus
2537 1184 2683 1240 lucra
2715 1203 2970 1244 mansura
2997 1195 3209 1251 saeculis
3227 1211 3358 1252 con-

1771 1269 2069 1338 quiramus.
2099 1270 2340 1343 Accipite
2361 1288 2490 1343 ergo
2517 1273 2696 1342 ﬁdem,
2721 1289 3031 1350 ex5pectate
3051 1300 3164 1342 rem
3191 1305 3204 1340 :
3228 1289 3356 1350 quia

1769 1361 1858 1416 cui
1881 1359 2011 1417 ﬁdes
2031 1379 2140 1418 non
2160 1366 2417 1434 prazcedit
2445 1367 2498 1423 in
2527 1369 2752 1435 semine,
2785 1386 2874 1426 res
2901 1373 2952 1430 ei
2987 1390 3091 1430 non
3113 1351 3358 1447 sequitur

1770 1451 1827 1508 in
1852 1450 2050 1514 fructu.
2083 1455 2302 1525 Signate
2333 1474 2447 1514 vos.
2479 1457 2671 1517 Sermo
2691 1469 2841 1518 creat
2859 1464 3117 1534 auditum,
3143 1470 3356 1527 auditus

1768 1547 2007 1617 concipit
2035 1548 2209 1616 ﬁdem,
2241 1551 2613 1608 credulitatem
2634 1557 2866 1624 parturit
2885 1557 3034 1626 ﬁdes,
3059 1563 3355 1622 confessio-

1767 1655 1895 1698 nem
1921 1643 2210 1700 credulitas
2238 1647 2423 1710 nutrit,
2464 1647 2734 1706 confessio
2761 1660 3078 1721 perpetuam
3099 1655 3193 1711 dat
3211 1658 3356 1714 salu-

1769 1739 1900 1788 tem.
1929 1733 2068 1790 Hinc
2091 1743 2179 1791 est
2203 1737 2350 1806 quod
2369 1752 2513 1802 meo,
2537 1747 2830 1810 vestroque
2857 1758 2953 1799 ore
2973 1746 3246 1812 occurrit;
3277 1749 3355 1805 sic

1767 1827 1867 1884 sibi
1895 1827 2046 1893 ﬁdes,
2070 1829 2358 1888 credulitas
2385 1832 2464 1887 sic
2482 1833 2823 1904 amplectitur
2849 1852 2944 1902 se;
2975 1839 3122 1895 salus
3141 1855 3199 1895 se
3215 1856 3351 1896 con-

118 1645 300 1700 redeunt
335 1660 438 1699 sua
475 1645 596 1714 ipsa
633 1657 810 1702 morte
848 1645 1178 1702 reviviscunt
1200 1687 1215 1714 ,
1275 1654 1332 1704 et
1381 1655 1443 1702 ut
1491 1661 1670 1702 resur-

116 1743 341 1792 rectmuu
361 1743 418 1792 te
435 1736 551 1809 iugi
569 1746 628 1793 et
640 1740 929 1796 vernaculo
949 1739 1235 1795 instruaris
1247 1739 1516 1808 exemplo,
1539 1754 1672 1807 quo-

116 1831 192 1884 ties
201 1829 388 1886 dormis
403 1837 467 1884 et
481 1832 687 1902 vigilas,
713 1833 876 1888 toties
895 1832 1123 1888 moreris
1136 1839 1194 1890 et
1207 1832 1460 1901 resurgis.
1497 1830 1667 1886 Vitam

115 1933 330 1978 eum
371 1923 562 1979 Am.
605 1924 837 1982 Necesse
887 1933 970 1981 est
1009 1930 1071 1980 ut
1105 1924 1200 1995 qui
1251 1925 1484 1993 resurgit
1521 1925 1667 1980 vivat
1699 1927 1742 1988 Β
1769 1918 2016 1976 fessionis
2035 1922 2221 1978 osculo
2243 1921 2321 1978 sic
2339 1922 2554 1978 salutat.
2579 1923 2743 1982 Credo
2762 1927 2817 1980 in
2835 1925 2996 1982 Deum
3016 1927 3229 1985 Patrem
3247 1948 3352 1987 om-

114 2016 153 2068 in
179 2023 446 2080 Meum,
488 2016 616 2086 quia
653 2017 698 2070 si
738 2017 794 2072 in
829 2024 1091 2072 aeternum
1130 2031 1239 2072 non
1278 2016 1514 2080 viveret,
1555 2031 1663 2072 non
1763 2011 2095 2082 nipotentem.
2129 2011 2254 2068 Haec
2273 2028 2376 2068 vox
2398 2021 2567 2070 totum
2590 2014 2867 2073 Trinitatis
2884 2017 3083 2074 fatetur
3101 2029 3157 2076 et
3175 2023 3351 2092 aperit

114 2109 203 2160 vita:
231 2115 559 2176 resurgeret,
601 2108 698 2164 sed
735 2109 916 2163 morti.
977 2107 1200 2177 Signate
1239 2122 1354 2162 vos.
1397 2106 1513 2164 Hoc
1547 2105 1666 2176 spei
1761 2110 2178 2158 sacramentum.
2203 2101 2529 2170 Deumdicit,
2554 2122 2662 2161 non
2682 2106 2832 2170 deos,
2855 2109 2980 2178 quia
3003 2127 3163 2166 unum
3179 2112 3348 2168 Demn

113 2207 298 2267 panum,
338 2197 452 2253 hoc
483 2198 675 2256 salutis
711 2200 996 2270 placitum,
1037 2199 1143 2256 hoe
1174 2199 1299 2256 vitte
1331 2198 1656 2268 symbolum,
1747 2192 2094 2250 .inTrinitate
2107 2195 2594 2253 creditChristiana
2606 2197 2739 2256 ﬁdes
2759 2217 2770 2253 :
2789 2200 2890 2255 scit
2905 2200 3137 2269 Patrem,
3156 2204 3349 2260 scitFi-

113 2288 218 2342 hanc
247 2287 363 2344 ﬁdei
402 2290 717 2344 cantionem
754 2304 908 2345 mens
945 2294 1160 2356 teneat,
1211 2293 1499 2344 conservet
1547 2303 1662 2342 me-
1759 2286 1910 2351 lium,
1925 2289 2027 2344 scit
2050 2288 2308 2360 Spiritum
2337 2299 2602 2357 sanctum,
2621 2293 2750 2350 deos
2790 2296 2982 2351 noscit.
3005 2295 3265 2354 Divinitas
3291 2298 3348 2354 in

113 2380 261 2442 moria,
297 2395 363 2434 ne
399 2379 705 2437 divinitatis
759 2382 1057 2451 pretiosum
1093 2397 1289 2436 mutus
1329 2379 1355 2420 δ
1395 2380 1662 2450 depretiet
1757 2383 3350 2460 personistrinaest,sedunaestin'l‘rinitatedivinitas:per-

111 2471 256 2526 charta
302 2471 458 2541 vilis,
511 2489 581 2530 ne
629 2473 946 2545 mysterium
997 2473 1132 2528 lucis
1183 2479 1362 2528 atrum
1413 2472 1662 2530 tenebret
1753 2473 1905 2532 sonis
1925 2473 2158 2532 Trinitas
2177 2475 2430 2534 distincta
2453 2485 2680 2543 est,non
2708 2487 2792 2536 est
2805 2479 2980 2536 divisa
2997 2481 3342 2536 substantiis:

109 2568 424 2618 atramentum
443 2603 459 2626 ,
519 2579 589 2618 ne
639 2569 908 2620 secretum
947 2564 1044 2620 Dei
1079 2563 1280 2619 habeat
1319 2563 1567 2633 indignus
1603 2569 1661 2620 et
1759 2561 1902 2620 Deus
1923 2579 2062 2619 unus
2087 2571 2190 2628 est,
2222 2563 2318 2620 sed
2345 2565 2617 2633 trinitate;
2649 2566 2791 2623 Deus
2812 2568 2959 2624 solus
2987 2577 3087 2636 est,
3112 2570 3207 2625 sed
3235 2589 3347 2627 non

109 2650 320 2722 profanus
353 2652 592 2708 auditor.
651 2652 711 2710 Si
747 2655 876 2710 mihi
915 2653 1190 2710 silentium
1229 2669 1444 2724 semper
1480 2662 1659 2710 vestra
1755 2656 2031 2712 solitarius
2055 2673 2070 2722 ;
2097 2656 2356 2714 divinitas
2377 2673 2478 2714 nec
2505 2659 2746 2714 trinitate
2781 2659 3054 2726 dividitur,
3089 2678 3187 2718 nec
3215 2680 3347 2719 con-

109 2742 300 2798 that-itas
315 2744 392 2799 sic
429 2745 720 2816 przeberet,
761 2745 831 2800 ad
869 2761 1059 2802 omnes
1097 2752 1360 2802 tractatus
1393 2746 1502 2802 mei
1543 2761 1658 2802 ser-
1751 2744 1996 2802 funditur
2025 2747 2262 2802 miimte:
2295 2747 2411 2802 hzec
2437 2749 2604 2803 sentit
2641 2748 2775 2804 ﬁdes
2810 2766 2933 2815 cum
2973 2750 3133 2816 dicit,
3180 2751 3345 2808 Credo

109 2837 250 2890 monis
280 2849 455 2892 vester
493 2839 800 2908 perveniret
836 2839 1050 2895 auditus
1088 2858 1101 2893 :
1155 2839 1250 2895 sed
1289 2839 1432 2894 Deus
1471 2847 1658 2896 noster
1749 2839 1811 2893 in
1847 2836 2032 2892 Dem.
2067 2837 2194 2896 Mox
2237 2838 2461 2906 addidit,
2503 2838 2734 2894 Patrem.
2781 2839 2885 2907 Qui
2913 2841 3086 2896 credit
3131 2841 3347 2899 Patrem

110 2935 151 2980 et
175 2930 290 2983 mihi
323 2928 568 2987 ﬁduciam
603 2932 840 2999 dicendi,
879 2940 938 2987 et
971 2933 1123 2988 vobis
1153 2932 1408 2988 audiendi
1442 2932 1655 2988 deside-
1751 2947 1896 2998 esse,
1925 2931 2120 2988 Filium
2141 2931 2575 3002 conﬁtetur;qui
2605 2933 2774 2990 credit
2801 2932 3016 2990 Patrem
3047 2945 3102 2990 ct
3127 2936 3341 3004 Filium,

109 3020 228 3074 rium
261 3021 443 3079 donare
479 3023 748 3094 dignetur.
952 3047 959 3056 ν
1755 3032 1944 3084 mutes
1963 3041 2070 3080 non
2091 3026 2308 3092 sentiat,
2340 3025 2538 3094 gradus
2557 3042 2667 3082 non
2695 3027 2926 3096 cogitet,
2951 3045 3059 3083 non
3088 3037 3345 3111 tempora

667 3112 900 3170 SERMO
933 3114 1041 3168 LX.
1749 3117 2076 3186 suspicetur,
2101 3132 2208 3172 non
2247 3125 2572 3187 conceptum
2595 3126 2822 3186 quaarat,
2855 3121 3060 3174 nesciat
3087 3131 3299 3190 partum
3325 3139 3339 3174 :

727 3203 793 3258 In
833 3205 988 3259 idem.
1755 3217 1849 3281 qui
1877 3210 2046 3266 Deum
2067 3209 2256 3276 credit,
2275 3210 2460 3266 divina
2497 3211 2776 3267 confessus
2805 3223 2904 3278 est,
2936 3229 3042 3268 non
3083 3215 3339 3268 humana.

162 3291 210 3348 Si
252 3292 516 3351 Canauitis
566 3295 761 3351 mulier
813 3296 1049 3352 clamore
1100 3295 1312 3357 subito,
1373 3294 1652 3364 repentina
1672 3303 1724 3368 ε
1759 3313 1784 3342 θ
1807 3303 1915 3360 Sed
1941 3303 2070 3362 dicit
2097 3304 2382 3360 haereticus
2419 3321 2432 3357 :
2461 3302 2746 3371 Quomodo
2773 3304 2956 3372 Pater,
2989 3307 3035 3362 si
3065 3323 3170 3362 non
3200 3323 3341 3378 prte-

107 3385 216 3451 ﬁde,
248 3386 458 3454 iuvante
497 3385 732 3454 Christo,
777 3395 831 3444 et
869 3387 1016 3456 quod
1054 3387 1274 3457 petebat
1312 3386 1557 3456 accepit,
1601 3390 1656 3440 et

1772 3396 1942 3454 sedit?
1967 3395 2242 3465 quouiodo
2280 3395 2478 3463 Filius,
2528 3397 2703 3454 sinon
2741 3399 3026 3466 sequitur?
3068 3399 3341 3467 quomodo

104 3477 217 3546 quod
252 3479 545 3548 negabatur
581 3480 812 3536 extorsit
852 3477 1078 3552 (Matth.
1122 3476 1264 3548 xv);
1318 3479 1364 3532 si
1404 3477 1656 3550 Ethiops
1757 3504 1868 3544 non
1891 3488 2237 3554 animum“,
2273 3487 2366 3557 qui
2403 3489 2674 3556 generat?
2701 3489 2975 3556 ρυοιηοειο
3001 3489 3146 3558 quod
3175 3504 3341 3558 sene-

105 3569 230 3638 spado
269 3587 519 3627 arcanum
556 3573 737 3628 vitalis
773 3572 974 3628 lavacri
1011 3572 1330 3643 pneteriens
1363 3572 1566 3628 invenit
1598 3572 1655 3628 in
1755 3589 1922 3646 mtur,
1946 3579 2266 3651 principium
2297 3595 2327 3633 a
2365 3587 2661 3649 generante
2691 3594 2797 3634 non
2825 3580 3032 3636 sumit?
3058 3580 3172 3636 Hoc
3200 3582 3340 3636 ratio

105 3661 182 3725 via,
217 3665 380 3734 rapuit
421 3665 476 3718 in
515 3665 748 3721 transitu
772 3664 909 3737 (Act.
935 3662 1087 3734 Vill);
1129 3663 1174 3720 si
1212 3662 1498 3720 Cornelius
1535 3679 1657 3720 cen-

1772 3673 1935 3740 iocet,
1957 3673 2063 3728 hoc
2089 3680 2282 3728 natura
2305 3671 2519 3742 probat.
2538 3669 2720 3735 Erras,
2743 3671 3015 3736 hmretice,
3047 3671 3149 3726 hoc
3179 3671 3342 3726 habet

106 3754 211 3806 ιατὶο
251 3764 540 3826 antequam
585 3757 812 3812 intraret
859 3756 1124 3826 baptisma
1155 3795 1170 3819 .
1230 3756 1479 3828 pervenit-
1512 3767 1532 3794 ε
1583 3756 1653 3814 ad
1754 3764 1988 3820 humana
2016 3763 2175 3828 ratio,
2199 3778 2310 3818 non
2339 3762 2503 3817 habet
2534 3762 2638 3818 hoc
2655 3761 2865 3827 divina;
2896 3763 3001 3817 hoc
3029 3763 3225 3833 accipit
3245 3779 3342 3817 na-

101 3841 324 3902 Christum
349 3849 488 3920 (Act.
514 3846 572 3918 ι)
599 3866 613 3912 ;
654 3850 699 3904 si
739 3850 877 3904 latro
917 3849 968 3902 in
991 3850 1108 3920 ipso
1148 3857 1426 3905 momento
1462 3849 1652 3906 mortis
1754 3863 1874 3910 tura
1903 3854 2105 3920 mundi,
2137 3853 2354 3910 deitatis
2383 3869 2494 3910 non
2523 3854 2716 3925 recipit
2742 3854 2848 3909 hoc
2879 3863 3104 3920 natura;
3135 3854 3339 3924 fragili~

103 3937 360 4003 paradisum
391 3939 595 3996 invasit
615 3939 764 4010 (Luc.
798 3940 974 4012 nui),
1006 3949 1062 3996 et
1088 3941 1255 3996 vitam
1281 3941 1455 4008 vobis,
1485 3940 1539 3996 in
1570 3956 1652 3996 ar-
1751 3954 1834 4002 tas
1853 3947 2086 4001 humana
2113 3945 2434 4016 concipitur,
2459 3952 2514 4001 et
2533 3947 2788 4016 concipit,
2821 3947 3119 4015 parturitur
3138 3955 3191 4002 et
3210 3963 3336 4018 par-

103 4026 227 4083 ticulo
246 4031 504 4101 temporis
525 4047 686 4099 quam
715 4032 971 4100 quaeritis,
1005 4031 1126 4100 quis
1160 4031 1414 4100 negabit?
1443 4028 1523 4084 Ex
1543 4029 1648 4086 ﬁde
1736 4038 1911 4104 ,turit,
1944 4044 2236 4108 generatur
2263 4045 2319 4092 et
2354 4044 2605 4106 generat,
2655 4037 2852 4108 accipit
2897 4037 3107 4092 initium
3145 4045 3201 4092 et
3245 4038 3339 4093 dat

102 4133 196 4187 ergo
221 4123 443 4193 accipite
471 4122 650 4190 ﬁdem,
684 4133 739 4179 et
768 4132 826 4179 ut
855 4123 980 4178 ﬁdei
1008 4124 1322 4195 mysterium
1351 4123 1490 4177 scire
1529 4137 1649 4192 pos-
1751 4129 1940 4195 ﬁnem,
1982 4137 2212 4184 mortem
2251 4129 2477 4200 suscipit
2521 4138 2578 4184 et
2617 4128 2854 4185 refundit
2876 4171 2889 4194 ,
2933 4137 2988 4183 et
3013 4138 3254 4184 reservat
3281 4131 3337 4184 in

100 4211 200 4278 sitis,
220 4230 436 4271 accessu
459 4217 716 4287 temporis
735 4215 995 4272 laborate.
1016 4215 1228 4288 Moyses
1247 4215 1452 4270 laturus
1472 4215 1644 4284 legem
1747 4221 1937 4276 sobole
1965 4219 2224 4290 quidquid
2241 4235 2354 4275 sua:
2381 4219 2708 4276 conditionis
2736 4227 2820 4274 est
2847 4229 2904 4276 et
2931 4229 3155 4275 natura}.
3193 4221 3336 4276 Deus

100 4306 250 4360 caelum
268 4317 431 4363 vocat
459 4317 514 4364 et
537 4317 736 4363 terram
762 4327 773 4362 :
817 4307 1068 4364 sacerdos
1089 4307 1219 4378 quid
1239 4308 1511 4363 invocabit
1529 4321 1645 4376 gra-
1745 4327 1876 4367 vero
1901 4310 2064 4366 Pater
2091 4327 2198 4366 non
2227 4311 2411 4380 genuit
2437 4311 2489 4364 in
2519 4318 2780 4381 tempore,
2803 4311 2930 4381 quia
2951 4319 3162 4382 tempus
3181 4311 3336 4380 igno-

102 4398 195 4453 liam
211 4403 560 4472 prolaturus?
593 4405 687 4462 llle
707 4405 840 4460 dixit
869 4423 881 4458 :
914 4405 1133 4459 Attende
1161 4403 1230 4457 ad
1259 4404 1458 4470 etclam,
1491 4414 1540 4458 et
1563 4404 1643 4460 lo-
1744 4411 1857 4470 rat;
1881 4419 1986 4458 non
2015 4403 2162 4458 dedit
2187 4403 2416 4468 initium,
2440 4403 2533 4472 qui
2559 4403 2768 4457 initium
2798 4403 2997 4468 nescit;
3021 4419 3128 4457 non
3151 4410 3333 4458 trans-

99 4504 266 4559 manet
280 4496 463 4548 audiat
479 4506 616 4550 terra
631 4495 781 4550 verba
797 4513 860 4550 ex
874 4514 962 4551 ore
976 4496 1461 4566 meo(Dc-ut.xxxu,
1477 4499 1637 4572 etc);
1744 4495 1882 4551 fudit
1921 4494 2100 4560 ﬁnem,
2139 4494 2157 4533 ί
2188 4494 2282 4564 qui
2321 4509 2430 4548 non
2472 4494 2637 4550 habet
2673 4493 2872 4549 ﬁnem:
2904 4494 3001 4550 sed
3032 4494 3109 4549 sic
3143 4495 3330 4564 genuit

99 4597 172 4650 ego
194 4584 372 4652 dicam,
415 4586 668 4654 Attende,
709 4589 872 4654 Deus,
913 4589 1104 4657 loquar
1129 4606 1142 4654 ;
1185 4597 1240 4643 et
1267 4589 1448 4642 audiat
1475 4589 1639 4644 homo
1745 4599 1812 4640 ex
1839 4601 1898 4640 se
1913 4584 2122 4650 Filium,
2147 4592 2207 4640 ut
2234 4591 2404 4638 totum
2425 4583 2568 4652 quod
2585 4583 2640 4638 in
2669 4599 2729 4640 se
2757 4591 2875 4640 erat
2893 4591 3035 4640 esset
3055 4592 3108 4640 et
3137 4600 3329 4639 manc~

98 4675 221 4730 verba
247 4694 311 4732 ex
331 4663 428 4734 ore
447 4696 590 4734 meo.
625 4680 721 4736 Ille
742 4681 875 4735 dixit
900 4699 911 4732 :
959 4678 1298 4752 Exspectetur
1314 4681 1446 4735 sicut
1465 4679 1638 4752 pluvia
1670 4730 1712 4752 η
1739 4684 1828 4734 ret
1853 4677 1908 4732 in
1926 4675 2082 4732 Filio.
2107 4673 2295 4730 Honor
2311 4675 2478 4746 geniti
2509 4676 2818 4744 generantis
2843 4676 3021 4732 honor
3060 4684 3160 4743 est,
3202 4691 3332 4747 per-

100 4763 306 4837 Eloquium
338 4787 538 4836 meum,
588 4781 637 4824 et
677 4772 989 4826 descendant
1019 4774 1151 4827 sicut
1177 4790 1263 4828 ros
1291 4770 1443 4827 verba
1479 4789 1634 4839 mea;
1669 4763 1714 4788 "
1737 4769 1903 4826 fectio
1927 4769 2096 4839 geniti
2143 4767 2452 4838 generantis
2484 4767 2656 4822 forma
2695 4775 2795 4835 est,
2831 4768 3122 4826 minoratio
3159 4768 3329 4838 geniti

98 4849 180 4920 Ego
197 4855 382 4924 dicam,
409 4859 603 4913 Veniat
634 4862 771 4914 sicut
796 4877 888 4916 ros
909 4861 1126 4932 spiritus
1157 4871 1296 4928 tuus,
1333 4871 1387 4918 et
1415 4862 1640 4917 inundet
1739 4861 1948 4918 revelat
1991 4860 2060 4916 ad
2104 4859 2411 4930 generantis
2449 4858 2716 4928 iniuriam.
2767 4859 2876 4917 Sed
2913 4861 3030 4918 hinc
3074 4860 3324 4924 audiens.

100 4945 200 5001 sicut
231 4948 425 5008 ﬁumen
454 4955 628 5023 gratia
667 4961 777 5022 tua,
821 4953 1020 5026 ﬁatque
1050 4972 1190 5011 nunc
1217 4957 1454 5013 caelestis
1476 4956 1638 5011 Verbi
1730 4954 2015 5020 haeretice,
2039 4969 2146 5008 non
2161 4953 2327 5019 dicas,
2345 4950 2629 5022 Quomodo
2643 4953 2747 5009 ista
2765 4953 2912 5010 sint?
2932 4955 3109 5011 dixisti
3127 4955 3318 5020 Deum,

1816 5169 1838 5197 ε
1871 5159 2170 5230 Restitutus
2199 5159 2349 5214 locus
2375 5174 2443 5216 ex
2475 5175 2575 5215 ms.
2618 5159 2874 5216 Caesenac.
2912 5159 3081 5224 Editi,
3114 5160 3182 5213 ad
3211 5162 3323 5231 spi-

1735 5230 1912 5284 ritum.

1812 5297 1838 5336 ιι
1870 5299 2112 5372 Fulcitur
2139 5301 2205 5356 iis
2233 5301 2416 5372 opinio
2453 5302 2788 5358 credentium
2817 5301 2986 5356 tribus
3013 5297 3349 5372 Quadrage-'

1741 5371 2186 5444 simadomin-icis
2197 5369 2498 5444 symbolum
2515 5372 3069 5444 ﬁdeicatechumenos
3081 5369 3320 5425 edoceri.

1816 5451 1840 5479 ε
1877 5441 2014 5498 Cum
2041 5441 2313 5499 Ravennae
2341 5445 2493 5498 multi
2531 5442 2832 5497 Coum-um
2869 5449 2927 5495 et
2952 5441 3177 5494 aliarum
3223 5457 3323 5495 na-

1741 5511 1949 5568 tionum
1990 5515 2369 5584 imperatorem
2421 5514 2847 5568 Valentinianum
2893 5511 3326 5584 comitarentur,

1743 5592 1802 5639 et
1836 5599 1944 5638 una
1969 5581 2154 5639 secum
2173 5585 2359 5639 ariana
2389 5585 2509 5639 tabe
2535 5584 2876 5642 laborarent,
2913 5581 2966 5636 id
2987 5581 3324 5651 potissimum

1745 5654 1972 5727 curabat
2011 5654 2376 5727 Chrysologus
2393 5696 2408 5720 ,
2457 5662 2517 5709 ut
2551 5654 2807 5725 populum
2835 5653 2939 5708 sibi
2963 5653 3229 5727 creditum
3259 5653 3327 5710 all

1746 5723 2053 5849 ggju‘slin‘o‘di
2079 5723 2290 5782 veneno
2335 5723 2634 5780 immunem
2671 5731 2932 5781 servaret.
2983 5723 3120 5781 Vide
3155 5738 3323 5780 serm.

1836 5809 1868 5849 e
2019 5836 2032 5849 .

1836 5803 1894 5851 et
1911 5803 2032 5849 ιη.

1825 5864 1845 5903 ί
1889 5865 2032 5940 Alias
2047 5883 2176 5940 mss.
2207 5865 2442 5922 Caesone:
2469 5874 2525 5921 et
2553 5866 2747 5935 Vatic.,
2771 5868 2894 5940 quia
2925 5883 3019 5921 nec
3039 5867 3196 5936 ﬁnem
3231 5872 3321 5928 Ιιας

1748 5936 1847 6004 bet,
1871 5953 1964 5991 nec
1982 5939 2200 5992 initium.

111 5159 168 5232 ηδ
201 5151 306 5208 llac
347 5157 693 5232 similitudine
725 5158 793 5232 ad
834 5158 1638 5232 astruepdamuresurrectionis

95 5219 236 5301 ﬁdem
241 5229 448 5301 passim
481 5236 706 5301 utuntur
737 5228 924 5301 Patres
949 5247 962 5283 :
999 5229 1246 5301 Tertull.
1262 5230 1490 5300 Apolog.
1511 5245 1634 5301 cap.

93 5288 176 5355 ‘3;
200 5288 484 5354 Tﬁodoret.
509 5307 649 5354 orat.
673 5298 706 5352 9
727 5300 795 5356 de
815 5299 1030 5356 Provid.
1061 5319 1074 5352 :
1111 5288 1468 5364 Prudentius:
1485 5288 1640 5356 libfu

91 5372 248 5444 genus
269 5366 650 5444 Symmachum
674 5387 688 5437 ;
719 5367 1052 5444 Ambrosius,
1074 5370 1301 5444 ﬂexam.
1323 5373 1418 5426 lib.
1439 5389 1498 5428 nl
1515 5389 1635 5444 cap.

91 5429 156 5514 3;_
179 5429 564 5514 dmenagorus,
610 5429 765 5514 Apol.
798 5457 918 5514 pag.
953 5429 1054 5506 49,
1086 5443 1286 5514 aliique
1315 5444 1515 5514 plures.

93 5569 100 5578 _
187 5505 371 5566 Pretio
389 5503 621 5582 illinunt.
653 5503 780 5568 Haec
801 5503 1061 5582 inquendi
1091 5503 1549 5570 t'orrinsiiubviam
1569 5515 1642 5570 sit

90 5573 126 5656 in
148 5573 372 5656 lectione
399 5581 492 5638 SS.
518 5582 624 5638 PP.
661 5583 810 5640 Unde
839 5573 980 5656 apud
1017 5582 1303 5640 Paul‘min
1332 5601 1502 5640 carm.
1525 5603 1634 5652 nr,

83 5643 372 5713 ἀναξίως
389 5669 406 5706 :

175 5739 398 5807 Iamque
423 5747 501 5796 ubi
525 5760 776 5810 corporea:
799 5753 997 5797 curat-ur
1016 5747 1167 5809 gloria
1189 5763 1394 5815 pompae,

219 5807 442 5860 Vilcscil
467 5813 626 5872 pretio
642 5813 948 5874 deprauatus
965 5810 1124 5860 homo.

141 5923 244 5988 “de
279 5942 470 5988 notam
497 5936 728 6001 primam
756 5938 1032 6007 sequentis
1061 5938 1312 5993 homiliac.
