3882 6356
444 438 551 499 367

1707 427 1764 487 S.
1804 424 2006 484 PETRI
2042 420 2480 484 CHRYSOLOCI

445 551 724 614 credidisti
740 550 976 619 Patrem,
998 548 1423 618 omnipotentem
1437 539 1715 600 confessus
1740 556 1802 597 es
1822 558 1838 608 ;
1868 540 1914 597 si
1932 539 2037 597 du—
2064 545 2109 602 Α
2140 540 2337 611 gilitas,
2369 538 2464 595 sed
2479 542 2739 609 potestas.
2755 533 3043 592 Conﬁteris
3068 534 3153 591 die
3173 534 3324 590 tertia
3342 535 3749 601 resurrexisse,

444 647 609 715 bitas,
629 644 886 701 mentitus
905 655 996 708 es;
1019 638 1182 697 credo
1210 637 1257 694 si
1283 636 1436 703 dicis,
1467 632 1742 705 quomodo
1772 648 1880 689 non
1909 646 2029 689 cre-
2132 642 2196 690 ut
2222 632 2492 703 intelligas
2520 629 2971 688 resurrectionem
3010 626 3213 685 Christi
3240 628 3408 684 totius
3442 626 3757 683 Trinitatis

447 740 562 810 dis,
591 738 638 796 si
667 735 932 794 discutis?
959 733 1005 790 si
1029 740 1190 805 putas
1211 728 1562 803 impossibile,
1585 726 2031 798 omnipotentiam
2132 723 2299 780 fuisse
2325 722 2625 778 victoriam.
2673 720 2816 777 Dicis
2855 717 3163 775 Accendisse
3205 720 3263 774 in
3291 719 3466 810 catos,
3495 726 3568 810 ut

447 806 611 906 quam
638 827 915 888 confessus
932 841 993 883 es
1013 823 1313 891 sustulisti;
1347 820 1443 879 sed
1464 836 1564 877 nos
1590 819 1685 891 qui
1711 817 1948 883 Patrem,
1979 824 2037 873 et
2136 812 2423 871 Dominum
2454 812 2675 906 credas,
2696 818 2759 906 ut
2788 810 2932 906 unde
2957 816 3187 867 venerat
3486 806 3755 871 fatearis,

444 902 660 988 filium,
684 927 740 977 et
752 918 1013 991 Spiritum
1030 922 1278 972 sanctum
1290 912 1452 969 unius
1465 909 1765 981 majestatis
1783 916 1840 964 et
1851 907 2036 978 gloria:
2132 907 2262 977 quia
2290 913 2547 976 superato
2573 903 2810 967 diabolo,
2833 902 3041 960 calcata
3068 909 3265 969 morte,
3306 902 3541 958 liberato
3583 916 3761 957 mun-

445 1014 803 1080 conﬁtemur,
839 1011 999 1068 ﬁdem
1027 1007 1297 1065 Dominici
1321 1004 1567 1076 corporis
1589 1001 1701 1074 jam
1726 1001 2031 1071 loquamur.

2136 998 2230 1064 do,
2259 1012 2425 1069 super
2448 997 2617 1054 caelos
2637 994 2933 1068 triumphat
2949 992 3215 1060 Christus,
3249 993 3343 1065 qui
3368 994 3547 1052 victus
3575 1001 3762 1065 puta-

448 1108 520 1166 Et
536 1111 593 1165 in
618 1107 799 1163 Jesum
826 1104 1088 1160 Christum
1124 1099 1322 1156 Filium
1360 1098 1473 1172 ejus
1510 1097 1721 1151 unicum
1758 1092 2041 1150 Dominum
2140 1093 2303 1150 batur
2340 1093 2395 1148 in
2435 1091 2615 1148 terris.
2642 1088 2888 1157 Clamas,
2921 1087 3079 1145 Sedet
3114 1088 3186 1144 ad
3224 1087 3494 1144 dexteram
3530 1086 3758 1149 Patris.

446 1209 700 1258 nostrum.
738 1196 1032 1267 Postquam
1070 1192 1172 1249 Dei
1216 1191 1386 1248 Filius
1429 1189 1571 1245 sicut
1604 1185 1785 1259 pluvia
1830 1185 1887 1240 in
1924 1182 2042 1239 vel-
2143 1185 2217 1243 Ut
2249 1186 2375 1258 quia
2414 1185 2591 1241 Pati-is
2617 1194 2674 1241 et
2714 1184 2834 1241 Filii
2870 1198 2977 1240 una
3004 1190 3089 1240 est
3119 1181 3313 1250 denas,
3342 1197 3443 1255 pu-
3468 1188 3763 1254 potestas,

448 1291 537 1350 ius
557 1299 674 1348 toto
693 1288 992 1348 divinitatis
1010 1292 1290 1356 unguento
1318 1289 1560 1339 nostram
1585 1294 1647 1335 se
1674 1276 1811 1334 fudit
1835 1276 1892 1331 in
1919 1290 2043 1331 car-
2144 1280 2203 1336 in
2230 1279 2437 1337 οωιθειί
2466 1294 2721 1337 consessu
2752 1277 2894 1334 nulla
2928 1277 3001 1334 sit
3025 1276 3259 1333 sinistra
3295 1275 3559 1333 sessionis
3606 1272 3767 1344 inju-

450 1399 598 1451 nem,
631 1383 699 1439 ab
727 1387 1003 1452 unguento
1027 1383 1369 1449 nuncupatus
1395 1380 1482 1431 est
1497 1371 1747 1429 Christus
1771 1387 1785 1424 :
1810 1374 1867 1424 et
1886 1365 2046 1437 hujus
2142 1371 2246 1428 ria.
2281 1370 2415 1426 Inde
2440 1381 2684 1427 venturus
2713 1380 2793 1427 est
2811 1369 3054 1443 judicare
3082 1371 3220 1426 uiros
3246 1379 3297 1425 et
3322 1378 3579 1426 mortuos.
3617 1366 3771 1435 Quia
3866 1365 3869 1423 Ι

452 1474 690 1532 nominis
700 1473 906 1530 exstitit
915 1471 1063 1527 solus
1073 1476 1281 1535 auctor,
1295 1466 1387 1538 qui
1398 1465 1477 1522 sic
1490 1464 1605 1520 Deo
1619 1459 1931 1533 superfusus
1942 1464 2043 1524 est,

2147 1466 2399 1522 veniente
2431 1464 2669 1532 Christo,
2693 1471 2976 1535 resurgent
2998 1463 3217 1531 mortui,
3240 1463 3503 1520 sistentur
3536 1460 3684 1526 vivi,
3708 1466 3771 1516 ut

454 1576 513 1625 et
525 1565 750 1633 infusus,
772 1573 833 1621 ut
844 1565 1010 1620 homo
1029 1562 1280 1630 Deusque
1300 1562 1444 1614 esset
1456 1569 1595 1610 unus
1608 1552 1771 1607 Deus.
1790 1548 1905 1605 Hoc
1918 1558 2049 1616 ergo

2214 1558 2355 1613 [riter
2390 1572 2583 1613 causas
2619 1555 2848 1612 reddant
2873 1555 2943 1613 de
2969 1571 3192 1612 suorum
3219 1553 3431 1612 ratione
3449 1553 3770 1611 factorum.

454 1658 720 1731 unguenti
746 1672 944 1713 nomen
972 1652 1161 1710 effudit
1187 1652 1242 1706 in
1272 1663 1392 1715 nos,
1415 1646 1562 1717 quia
1579 1641 1796 1699 Christo
1822 1639 2052 1731 dicimur

454 1729 781 1820 Christiani;
829 1758 886 1808 et
912 1748 1190 1821 impletum
1237 1752 1322 1801 est
1348 1740 1479 1798 illud
1516 1736 1663 1810 quod
1701 1740 1953 1791 cantatur
1995 1729 2053 1785 in

454 1846 698 1904 Canticis
727 1842 1094 1901 Canticorum.
1132 1838 1462 1910 Unguentum
1501 1831 1723 1902 eﬂ'usum
1761 1834 2056 1882 estnomen

2154 1648 2224 1704 Et
2243 1649 2367 1718 quia
2389 1647 2652 1703 Dominici
2672 1646 2918 1719 corporis
2931 1645 3044 1717 jam
3070 1646 3303 1702 diximus
3318 1651 3772 1709 sacramentum,

2154 1740 2223 1797 ad
2236 1738 2598 1796 conﬁtendum
2619 1738 2876 1795 deitatem
2896 1737 3129 1809 Spiritus
3142 1737 3548 1810 perveniamus.
3572 1733 3777 1791 Credi-

2156 1850 2270 1889 mus
2288 1834 2344 1887 in
2372 1832 2626 1904 Spiritum
2644 1840 2899 1888 sanctum.
2924 1830 3096 1900 Quem
3121 1831 3291 1888 Deum
3320 1830 3478 1887 nobis
3492 1829 3777 1886 inclamat

460 1948 605 1994 tuum
637 1934 811 2010 (Cant.
842 1935 925 2004 ιι).
958 1931 1029 1987 Et
1066 1933 1123 1986 in
1164 1929 1427 1985 Christum
1463 1924 1645 1980 Iesum
1672 1918 1873 1975 Filium
2084 1931 2130 1993 Β
2156 1923 2612 1990 voxdivina,cum
2632 1922 2944 1989 dicitzouia
2966 1921 3107 1979 Deus
3125 1924 3338 1996 spiritus
3351 1934 3428 1979 est
3443 1921 3647 1994 (locu.
3672 1920 3775 1993 π).

458 2030 597 2088 illud
613 2007 941 2086 sacramenti
968 2038 1168 2081 nomen
1194 2028 1299 2088 est,
1329 2020 1438 2075 hoc
1470 2012 1731 2085 triumphi
1766 2029 1781 2065 :
1813 2025 1940 2066 nam
1977 2007 2056 2063 si-

460 2129 554 2178 cut
576 2136 608 2177 a
633 2120 749 2177 Deo
766 2126 963 2174 unctus
991 2130 1189 2171 nomen
1216 2111 1442 2167 sortitur
1470 2123 1538 2163 ex
1552 2103 1808 2174 unguine,
1838 2101 1914 2156 ita
1934 2114 2058 2156 cum

459 2211 698 2267 salutem
741 2206 1013 2281 perditam
1051 2202 1255 2258 mundo
1292 2196 1543 2264 reddidit,
1579 2211 1611 2250 a
1648 2190 1910 2249 salvando
1956 2205 2059 2246 no-

462 2318 593 2360 men
618 2298 904 2357 salvatoris
932 2295 1173 2353 assumit.
1204 2291 1359 2363 Scepe
1381 2290 1493 2361 jam
1520 2287 1769 2352 diximus,
1799 2283 1946 2355 quod
1970 2281 2061 2339 Je-

465 2410 561 2453 sus
587 2392 863 2449 Hzcbraica
889 2391 1072 2458 lingua
1099 2384 1314 2450 dicitur,
1344 2382 1596 2439 Salvator
1613 2379 1810 2436 dicitur
1835 2377 1941 2433 hoc
1956 2373 2063 2431 La-

464 2489 604 2544 tina.
637 2483 707 2541 Et
723 2484 780 2539 in
800 2482 1062 2539 Christum
1087 2477 1268 2534 Jesum
1288 2473 1484 2530 Fitium
1516 2474 1649 2545 ejus.
1694 2469 1863 2541 Cujus
1882 2471 1907 2523 ?
1949 2468 2061 2524 uti-

466 2586 577 2654 que
602 2578 701 2635 Dei
720 2575 929 2641 Patris;
946 2588 1070 2630 cum
1101 2570 1238 2627 dicis
1265 2582 1397 2638 ergo
1424 2567 1481 2623 in
1507 2564 1688 2623 Jesum
1709 2563 1903 2620 Filium
1922 2561 2060 2654 ejus,

469 2652 748 2731 conﬁteris
772 2668 957 2725 Jesum
985 2665 1079 2737 qui
1107 2671 1267 2720 natus
1286 2668 1370 2717 est
1394 2660 1465 2717 de
1492 2658 1663 2714 Maria
1694 2656 1791 2713 Dei
1822 2670 1946 2712 esse
1976 2652 2065 2709 Fi-

464 2763 620 2821 lium.
651 2760 797 2817 Cave
817 2775 946 2829 ergo
977 2772 1044 2813 ne
1065 2754 1297 2827 amplius
1324 2751 1528 2809 sentias
1554 2750 1610 2806 in
1628 2747 1849 2804 Christo
1870 2759 1896 2784 ⁸
1916 2743 2066 2817 quod

470 2857 637 2915 homo
656 2852 775 2920 fuit,
805 2850 902 2908 sed
938 2862 1155 2919 semper
1180 2845 1327 2917 quod
1346 2845 1490 2900 Deus
1509 2842 1582 2900 sit
1607 2839 1885 2906 conﬁtere,
1915 2836 2065 2909 Apo-

468 2945 616 3005 βίοιο
641 2944 722 3000 sic
758 2942 973 2998 dicente
1006 2956 1019 2993 :
1054 2937 1123 2993 Et
1149 2938 1196 2992 si
1233 2938 1466 2992 novimus
1496 2932 1755 2988 Christum
1788 2928 2068 2986 “cundum

475 3052 719 3102 carnem,
749 3033 842 3090 sed
866 3033 985 3106 jam
1021 3046 1128 3086 non
1156 3029 1392 3085 novimus
1436 3026 1516 3099 (ll
1547 3025 1668 3081 Cor.
1693 3023 1811 3095 ιιι).
1851 3022 2071 3079 Unicum

475 3128 758 3185 Dominum
771 3134 1024 3182 nostrum.
1050 3121 1168 3179 Hoc
1184 3121 1441 3177 convenit
1460 3118 1528 3175 ad
1541 3126 1849 3187 utrumque,
1871 3115 1999 3185 quia
2012 3122 2071 3171 et

477 3220 670 3279 tmicus
689 3217 865 3273 Patris
891 3223 995 3282 est,
1026 3222 1085 3272 et
1115 3215 1310 3270 unicus
1337 3212 1600 3269 Dominus
1618 3218 1805 3266 noster
1830 3215 1946 3265 est:
1979 3206 2070 3261 alii

2160 2014 2429 2071 Credimus
2458 2016 2516 2070 in
2551 2024 2789 2071 sanctum
2818 2013 3095 2086 Spiritum.
3126 2013 3301 2083 Quem
3340 2014 3625 2086 propheta
3676 2027 3779 2069 co-

2161 2114 2506 2178 operatorem
2540 2105 2717 2164 Patris
2741 2115 2799 2164 et
2831 2106 2953 2163 Filii
2979 2107 3236 2164 decantat
3274 2125 3290 2163 :
3330 2106 3500 2164 Verbo
3542 2105 3781 2163 Domini

2160 2200 2274 2256 caeli
2311 2200 2509 2271 ﬁrmati
2560 2208 2713 2267 sunt,
2756 2209 2809 2255 et
2839 2201 3026 2271 spiritu
3070 2200 3179 2256 oris
3216 2201 3330 2272 ejus
3376 2201 3552 2255 omnis
3602 2201 3781 2255 firm
3874 2200 3875 2249 1

2161 2308 2338 2348 eorum
2374 2291 2548 2364 (Psal.
2580 2292 2771 2362 xxxu).
2814 2290 2983 2348 Totus
3014 2291 3175 2358 Deus,
3206 2299 3430 2362 totaque
3460 2291 3567 2348 Dei
3593 2292 3784 2347 virtus

2162 2389 2264 2447 est,
2294 2383 2387 2453 qui
2408 2391 2627 2440 creator
2664 2383 2966 2440 caelestium
3015 2382 3278 2454 probatur
3307 2397 3429 2439 esse
3470 2383 3783 2438 virtutum.

2164 2472 2437 2530 Credimus
2465 2484 2701 2529 sanctam
2728 2472 3036 2530 Ecclesium.
3072 2472 3248 2541 Quam
3284 2473 3366 2530 sic
3391 2472 3445 2528 in
3480 2487 3549 2529 se
3578 2486 3787 2528 susce-
3876 2472 3877 2493 ‘

2160 2565 2245 2638 pit
2288 2564 2556 2632 Christus,
2604 2573 2667 2622 ut
2718 2581 2842 2623 eam
2896 2564 3194 2622 divinitatis
3237 2581 3349 2622 suae
3388 2563 3602 2622 iaceret
3654 2579 3787 2621 esse

2164 2666 2494 2715 consortem.
2527 2658 2797 2715 Credimus
2838 2661 3192 2718 remissionem
3232 2669 3583 2723 peccatorum.
3635 2658 3788 2727 Quia

2166 2751 2259 2821 qni
2286 2766 2386 2823 per
2401 2749 2676 2808 Christum
2720 2760 2778 2809 et
2806 2751 3100 2810 Ecclesiam
3146 2752 3200 2809 in
3238 2768 3439 2810 novum
3484 2752 3790 2809 hominem

2167 2841 2329 2899 fuerit
2367 2852 2545 2911 natus,
2578 2844 2603 2882 ἀ
2634 2845 2836 2902 veteris
2874 2846 3056 2904 delicti
3098 2846 3174 2903 nil
3224 2846 3461 2903 habebit.
3493 2844 3789 2902 Credimus

2168 2934 2346 2989 carnis
2385 2938 2832 2993 resurrectionem.
2867 2935 2938 2993 Ut
2973 2937 3259 2995 credanms
3284 2939 3577 3011 passionis,
3622 2954 3791 2995 mor-

2168 3027 2258 3094 tis,
2291 3031 2705 3089 resurrectionis
2731 3031 2936 3089 Christi
2955 3034 3095 3091 hanc
3123 3034 3290 3092 fuisse
3316 3051 3557 3104 causam,
3589 3042 3665 3092 ut
3687 3051 3792 3093 nos

2169 3134 2573 3191 resurgeremus
2601 3138 2670 3180 ex
2707 3127 2954 3182 mortuis.
3002 3126 3268 3199 Resurget
3311 3144 3461 3198 caro,
3495 3137 3790 3201 resurget,

2170 3222 2234 3269 ut
2260 3215 2361 3285 ipsi
2401 3232 2605 3283 sumus,
2628 3226 2690 3273 ut
2716 3219 2918 3289 agnitio
2946 3229 3165 3277 maneat
3209 3237 3586 3294 personarum,
3632 3229 3710 3279 ut
3736 3230 3793 3280 et

473 3311 605 3378 ﬁlii,
639 3309 731 3365 alii
757 3306 961 3364 domini
980 3320 1102 3362 esse
1120 3319 1221 3376 per
1244 3303 1476 3375 gratiam
1503 3308 1899 3374 perceperunt;
1921 3298 2071 3356 solus
2096 3319 2143 3383 ρ
2172 3317 2380 3382 many;-
2397 3309 2466 3366 (ιε
2486 3312 2854 3381 persecutoris
2876 3328 3035 3384 poena
3065 3315 3305 3371 ιωιίιίειη
3333 3323 3532 3382 sum”,
3564 3323 3626 3372 ει
3656 3331 3794 3389 per.

475 3400 723 3458 Christus
741 3412 862 3455 esse
882 3397 1039 3466 ﬁlius,
1064 3410 1187 3453 esse
1199 3395 1458 3451 Dominus
1474 3393 1639 3449 habet
1653 3407 1709 3447 et
1720 3391 1962 3463 possidet
1975 3404 2074 3461 per

472 3502 748 3551 naturam.
780 3489 883 3557 Qui
908 3500 1063 3546 natus
1094 3489 1255 3546 estde
1282 3487 1483 3561 Spiritu
1503 3495 1683 3542 sancto
1697 3502 1763 3540 ex
1789 3483 2073 3540 Mariavir-

479 3588 602 3659 gine
617 3584 827 3661 (Matth.
845 3582 907 3655 ι).
925 3581 984 3639 Si
992 3582 1147 3654 juxta
1162 3580 1544 3652 evangelistam
1562 3578 1741 3651 (Joan.
1761 3577 1836 3646 tv)
1852 3578 1997 3649 quod
2016 3578 2070 3634 in

476 3695 549 3736 ea
568 3686 755 3735 natum
774 3685 858 3736 est
882 3677 950 3734 de
976 3675 1182 3748 Spiritu
1199 3680 1389 3730 sancto
1408 3680 1511 3739 est,
1529 3672 1657 3742 quia
1684 3671 1826 3728 Deus
1851 3672 2072 3743 spiritus

480 3780 585 3839 est,
616 3771 901 3828 haereticus
923 3768 1037 3841 jam
1077 3769 1247 3825 Deum
1276 3776 1460 3824 natum
1488 3767 1728 3837 virginea
1748 3767 2070 3824 conliteatur

466 3881 552 3943 ex
579 3880 780 3933 carne;
811 3880 987 3935 neque
1008 3864 1236 3935 amplius
1254 3863 1473 3920 cmlestc
1510 3863 1827 3936 mysterium
1844 3906 1859 3930 ,
1907 3863 2073 3933 virgi-

477 3955 671 4011 nitatis
708 3962 953 4026 partum,
999 3954 1181 4010 trahat
1223 3953 1253 3993 δ
1283 3953 1351 4010 ad
1389 3962 1713 4025 conceptum
1758 3954 1976 4022 mundi,
2007 3955 2075 4010 ad

481 4057 713 4105 terrena:
757 4046 1062 4119 fragilitatis
1107 4045 1377 4117 iniuriam.
1433 4044 1537 4111 Qui
1575 4046 1669 4101 sub
1721 4044 1913 4101 Pontio
1981 4044 2077 4102 Pi-

486 4141 595 4197 lato
644 4140 924 4212 cruciﬁxus
977 4148 1055 4195 est
1098 4148 1149 4194 et
1194 4138 1441 4211 sepultus.
1492 4135 1701 4195 Nomen
1733 4136 1934 4208 judicis
1980 4154 2076 4194 au-

488 4232 573 4287 dis
625 4239 684 4287 ut
728 4239 942 4303 tempus
994 4230 1260 4304 passionis
1327 4244 1628 4301 agnoscas;
1686 4230 1841 4288 audis
1907 4232 2083 4288 cruci-

486 4321 677 4389 ﬁxum,
710 4329 772 4378 ut
816 4338 885 4378 ex
926 4323 1118 4379 mortis
1155 4321 1447 4392 ignominia
1492 4321 1917 4391 magnitudinem
1954 4338 2081 4380 sen-

486 4414 597 4470 tias
648 4415 964 4481 cbaritatis;
994 4424 1329 4486 mortemque
1373 4431 1493 4488 quae
1535 4432 1635 4488 per
1673 4415 1874 4487 lignum
1912 4416 2078 4483 venit,

488 4506 871 4564 mortiﬁcatam
896 4509 1037 4564 scias
1064 4523 1184 4564 esse
1210 4524 1308 4580 per
1323 4508 1527 4579 lignum
1549 4525 1565 4575 ;
1597 4516 1653 4565 ct
1689 4509 1878 4566 credas
1905 4508 2081 4578 majo-

490 4610 558 4655 ra
584 4597 682 4653 tibi
701 4613 821 4655 esse
847 4597 1055 4655 reddita
1083 4614 1182 4671 per
1208 4599 1385 4656 crucis
1424 4600 1674 4656 arborem
1691 4641 1707 4667 ,
1739 4615 1902 4671 quam
1953 4616 2081 4673 per-

494 4689 696 4747 didisse
721 4698 777 4747 te
794 4705 894 4762 per
909 4690 1148 4762 paradisi
1175 4691 1424 4747 arborem
1451 4692 1778 4763 suspirabas.
1801 4692 2083 4763 Sepultum

496 4781 634 4839 dicis
649 4824 666 4851 ,
702 4794 726 4822 ι
771 4790 834 4839 ιιι
869 4797 1054 4839 veram
1093 4798 1313 4840 carnem
1358 4781 1559 4840 Christi
1592 4792 1930 4856 mortemque
1974 4800 2086 4842 non

494 4874 922 4950 perfunctoriam
950 4877 1142 4948 probet
1179 4874 1448 4934 confessio
1494 4877 1803 4948 sepulturas,
1853 4886 2086 4935 mortem

482 4968 801 5042 suscepisse
813 4974 869 5024 et
880 4968 1092 5035 vicisse,
1110 4967 1338 5025 intrasse
1357 4966 1560 5025 inferos
1577 4976 1634 5025 et
1645 4968 1888 5033 rediisse,
1906 4970 2087 5027 venis-

502 5074 564 5116 se
590 5060 646 5116 in
662 5059 787 5131 jura
811 5059 1020 5127 tartari,
1042 5067 1099 5115 et
1124 5059 1314 5116 tartari
1335 5060 1458 5130 jura
1485 5060 1731 5128 solvisse,
1756 5075 1865 5115 non
1885 5067 1969 5115 est
1986 5059 2089 5117 fra-

577 5217 738 5300 ‘Avel
764 5216 1158 5300 Ebionitarum,
1181 5214 1506 5300 velpotius,
1536 5221 1596 5269 ut
1622 5213 1707 5270 sui
1736 5214 1907 5270 moris
1947 5226 2089 5285 erat,

503 5286 881 5345 Nestorianam
907 5288 1152 5343 haeresim
1178 5286 1368 5354 tangit.

577 5359 606 5400 δ
642 5358 1010 5416 Ιονίηἱειιὶειω
1022 5358 1368 5421 uirginitatem
1388 5354 1578 5412 Maria:
1606 5356 1893 5421 destmunt,
1917 5357 2094 5414 dim-

509 5439 582 5503 tes
601 5447 721 5503 eam
738 5430 991 5503 pariendo
1012 5426 1257 5503 violatam
1276 5429 1455 5494 fuisse.
1480 5426 1598 5483 Lib.
1641 5427 1710 5483 de
1736 5426 1967 5497 meres,
1997 5429 2091 5500 qui

506 5500 822 5558 inscribitur
846 5500 1165 5569 Augustino.

584 5582 608 5612 ο
647 5567 964 5644 Eutychetis
990 5586 1145 5627 error
1187 5568 1307 5636 fuit,
1352 5567 1553 5626 Christi
1596 5584 1815 5644 carnem
1842 5585 1951 5626 non
1971 5586 2092 5628 esse

508 5639 772 5710 ejusdem'
801 5652 1001 5698 raturas
1046 5656 1168 5698 cum
1214 5649 1420 5707 nostra,
1451 5655 1627 5712 neque
1654 5639 1888 5696 Verbum
1908 5657 2094 5698 veram

510 5713 866 5783 assumpsisse
896 5728 1135 5779 carnem,
1159 5712 1255 5768 sed
1299 5712 1587 5783 quamdam
1628 5713 1788 5768 aliam
1829 5728 2095 5783 apparen-

511 5790 623 5837 tem
642 5789 698 5837 et
723 5784 1143 5853 phantasticam:
1175 5785 1251 5838 ita
1279 5784 1512 5854 Verbum
1535 5784 1715 5854 potius
1733 5798 1793 5839 se
1820 5784 2092 5854 hominem

550 5866 733 5908 assum
757 5862 814 5909 et
838 5855 1108 5924 sepultum
1134 5853 1485 5923 simulaverit,
1506 5853 1669 5925 quam
1690 5870 1877 5910 revera
1908 5853 2087 5909 fuerit.

512 5866 754 5987 glavian.
784 5924 940 5987 epist.
975 5923 1009 5978 9
1041 5925 1182 5981 inter
1219 5924 1388 5987 Epist.
1422 5925 1477 5981 S.
1514 5925 1728 5987 Leonis.
1765 5932 1819 5982 ct
1846 5924 2087 5987 ejusdem

556 5923 754 5980 lavian.
784 5923 940 5990 epist.
975 5923 1009 5978 9
1041 5925 1182 5981 inter
1219 5924 1388 5991 Epist.
1422 5925 1477 5981 S.
1514 5923 1728 5991 Leonis,
1765 5932 1819 5982 ct
1846 5924 2090 5994 ejusdem

2178 3410 2398 3460 secutor
2415 3412 2594 3459 sumat
2620 3403 2689 3461 de
2716 3406 2971 3478 martyris
2990 3406 3199 3463 honore
3220 3407 3562 3481 supplicium.
3586 3407 3794 3463 Credi-

2177 3514 2290 3553 mus
2321 3498 2477 3552 ritam
2515 3507 2781 3553 (sternam.
2814 3496 2947 3565 Quia
2996 3507 3122 3571 post
3174 3500 3631 3557 resurrectionem
3684 3515 3796 3557 nec

2176 3589 2443 3646 bonorum
2474 3589 2595 3644 ﬁnis
2620 3596 2723 3657 est,
2761 3605 2862 3646 nec
2892 3590 3175 3646 malorum.
3192 3588 3417 3661 Signate
3442 3605 3560 3646 vos.
3583 3588 3796 3648 Fidem

2176 3696 2338 3753 quam
2353 3681 2622 3738 credimus
2632 3689 2688 3737 et
2695 3680 2973 3748 docemus,
2990 3697 3099 3738 non
3114 3690 3435 3750 atramento,
3447 3680 3797 3753 sedaspiritu,

2179 3771 2580 3829 committamus
2607 3772 2835 3843 pectori,
2860 3788 2968 3829 non
2988 3771 3193 3829 charta:
3215 3789 3231 3838 ;
3255 3771 3291 3828 d
3314 3787 3447 3828 ‘mus
3472 3772 3797 3837 memoriae,

2182 3880 2293 3920 non
2330 3863 2489 3930 libro,
2514 3879 2583 3920 ne
2610 3863 2850 3920 divinum
2890 3879 3086 3920 munus
3118 3863 3329 3920 violent
3362 3877 3453 3919 res
3481 3861 3757 3919 humana:
3780 3901 3799 3931 ,

2181 3972 2251 4013 ne
2278 3957 2500 4014 cteleste
2538 3964 2806 4014 secretum
2854 3957 3058 4014 arbiter
3088 3955 3346 4030 profanus
3389 3963 3672 4023 assumat,
3724 3971 3803 4012 ne

2180 4048 2327 4119 quod
2364 4058 2449 4106 est
2474 4049 2817 4106 credentibus
2856 4049 2926 4105 ad
2961 4050 3165 4117 vitam,
3196 4049 3402 4105 existat
3437 4045 3667 4120 perﬁdis
3726 4046 3802 4104 ad

2183 4141 2414 4196 ruinam.
2445 4140 2540 4197 Sol
2567 4140 2913 4213 lippientibus
2964 4141 3137 4197 oculis
3174 4156 3285 4197 non
3327 4138 3503 4197 lucem
3553 4138 3801 4207 tribuit,

2188 4230 2287 4287 sed
2321 4230 2574 4287 tenebras
2597 4246 2613 4297 ;
2636 4230 2820 4285 vinum
2846 4230 2993 4286 vires
3018 4228 3362 4286 febrientium
3388 4245 3498 4287 non
3524 4235 3768 4300 reparat
3784 4269 3802 4295 ,

2186 4323 2282 4379 sed
2307 4328 2570 4387 enervat;
2612 4321 2731 4378 sine
2758 4320 2974 4378 medico
3001 4322 3124 4378 vitae
3163 4321 3419 4394 poculum
3458 4317 3520 4377 ﬁt
3545 4319 3802 4390 lethale,

2186 4414 2266 4471 sic
2282 4411 2502 4484 perﬁdis
2521 4413 2883 4484 perniciosum
2916 4421 3001 4470 est
3026 4414 3146 4471 sine
3182 4413 3288 4471 ﬁde
3314 4412 3439 4471 ﬁdei
3466 4427 3802 4469 sacramen-

2186 4513 2319 4562 tum.
2351 4505 2504 4563 Sicut
2528 4505 2657 4562 dicit
2694 4504 3004 4576 Apostolus,
3036 4504 3289 4579 Capiatur
3316 4506 3448 4579 ﬁdes
3478 4521 3545 4560 ea:
3576 4503 3800 4572 auditu,

2186 4598 2393 4654 auditus
2414 4609 2585 4654 autem
2621 4599 2860 4671 capiatur
2879 4616 2946 4656 ea:
2962 4598 3112 4656 verbo
3134 4597 3311 4669 (Rom.
3336 4597 3424 4669 x);
3447 4603 3503 4654 et
3521 4595 3649 4651 vita:
3668 4595 3805 4667 pia.

2187 4690 2373 4755 citum,
2395 4696 2611 4760 pactum
2641 4688 2783 4755 ﬁdei,
2808 4690 2894 4746 lex
2914 4688 3105 4745 salutis
3123 4703 3235 4745 non
3260 4688 3463 4745 haereat
3480 4685 3807 4756 morituris,

2188 4781 2286 4838 sed
2302 4781 2443 4837 vivis
2460 4780 2708 4837 sensibus
2735 4778 3002 4850 aﬁigatur.

2755 4882 2780 4912 θ
2817 4872 3051 4930 SERMO
3088 4872 3204 4931 LXI

2846 4967 2915 5024 1η
2951 4968 3108 5024 idem.

2262 5061 2377 5120 Nisi
2414 5077 2503 5119 me
2539 5062 2809 5119 solaretur
2824 5060 2973 5119 beati
3005 5060 3157 5117 Pauli
3194 5059 3372 5117 subita
3409 5068 3466 5117 et
3502 5059 3803 5132 inopinata

2199 5217 2406 5290 Leonis
2425 5217 2587 5290 epist.
2614 5214 2784 5290 r97_ad
2804 5216 2973 5290 Leon.
3006 5217 3173 5290 imp.;
3203 5215 3483 5290 Theodor.
3505 5213 3599 5290 lib.
3634 5231 3689 5271 ιν
3721 5216 3804 5290 de

2197 5288 2330 5345 Fab.
2365 5284 2584 5359 Haeret"
2608 5289 2663 5359 in
2692 5287 2816 5344 ﬁne.
2852 5288 3002 5359 lianc
3029 5284 3337 5359 opinionem
3357 5301 3426 5342 ex
3462 5284 3803 5359 Lutheranis

2192 5368 2414 5443 secutos
2447 5358 2932 5443 ﬁnissenCasparem
2958 5355 3411 5443 Sﬁénckfeldum,
3428 5365 3485 5443 et
3511 5355 3803 5443 andreas?

2193 5585 2317 5682 pag.
2334 5572 2376 5697 ιξ
2384 5570 2455 5627 89
2474 5572 2865 5657 edit..Venet.'e.
3052 5641 3064 5655 .
3391 5640 3404 5654 .
3618 5639 3632 5654 _

2264 5722 2276 5727 Α
2378 5644 2730 5727 θτλρδριιξηιι
2764 5649 3230 5727 regenerationem
3260 5656 3442 5727 omni:
3459 5638 3633 5727 deleri

2192 5722 2335 5784 cata,
2377 5710 2582 5784 optime
2626 5713 2788 5770 docet
2827 5710 3156 5783 Augustinus
3187 5710 3444 5784 ιοωηνιι
3475 5711 3542 5766 de
3571 5710 3788 5784 peccat.

2194 5776 2370 5840 Merit.
2396 5776 2452 5841 et
2483 5783 2738 5851 Remiss.,
2760 5776 2949 5842 contra
2979 5784 3253 5854 Pelagium
3286 5776 3696 5854 lib_.‘n4cap'27,
3730 5788 3789 5839 et

2194 5862 2383 5931 contra
2412 5850 2749 5931 duas__ij3pist.
2775 5854 2987 5931 Pelagii
3013 5850 3303 5931 lib.'r_ca_p.
3354 5850 3622 5931 12.3119.

2267 5935 2292 5965 ο
2332 5924 2413 5983 Ex
2440 5922 2683 5993 quolibet
2710 5922 3027 5985 sermonem
3049 5923 3346 5987 symbolum
3369 5922 3635 5988 colligitur
3655 5935 3781 5981 san-
