3882 6356
154 385 261 442 369

1587 378 1818 436 SEBMO
1857 380 1990 435 LXI.

3324 389 3428 447 370

153 497 433 558 conversio
473 497 690 571 (Actor.
733 513 786 552 1x
810 497 849 568 ),
875 497 964 552 vix
1001 495 1280 552 crederem
1315 503 1426 550 tam
1452 494 1611 551 facile
1637 510 1738 552 vos
1764 507 1815 572 Α
1840 495 2162 552 contradicit
2202 495 2333 553 Deo.
2376 503 2589 553 Servnrc
2631 501 2720 553 nni
2757 499 2974 555 libertas
3008 513 3108 568 est,
3141 504 3430 574 captivitas

150 593 225 649 de
244 601 450 647 terrena
471 590 595 646 labe
610 590 664 645 in
683 591 958 646 caelestem
972 605 1131 662 posse
1151 587 1377 659 gloriam
1396 587 1737 646 commutari.

149 686 301 743 Illum
333 699 568 755 namque
599 683 668 740 de
697 692 1047 756 persecutore
1087 698 1214 739 mox
1261 682 1566 754 apostolum
1601 697 1739 754 prte-

147 782 284 836 stitit
307 780 589 850 repentina
619 777 906 842 confessio,
941 787 996 833 et
1024 775 1276 832 Ecclesim
1297 776 1443 832 dedit
1476 776 1737 846 insignem

147 875 488 943 magistrum,
534 887 696 942 quem
748 869 1014 927 furentem
1043 868 1336 925 Christiani
1379 870 1611 924 nominis
1651 871 1735 924 in-

147 975 364 1022 venerat
403 972 753 1020 vastatorem.
796 963 907 1020 Nec
957 965 1133 1018 minus
1179 963 1383 1016 animat
1420 978 1506 1018 me
1540 973 1564 998 δ
1597 961 1737 1018 illius

144 1056 396 1129 spadonis
415 1058 743 1128 exemplum,
775 1071 937 1126 quem
968 1054 1098 1110 ﬁdes
1119 1064 1246 1110 ante
1284 1055 1463 1123 rapuit
1501 1054 1568 1108 ad
1609 1069 1734 1124 gra-

143 1151 291 1214 tiam,
313 1163 475 1219 quam
503 1165 694 1205 currus
724 1149 748 1186 δ
779 1149 846 1203 ad
887 1147 1088 1203 Indiam
1109 1147 1436 1216 domumque
1455 1155 1736 1202 revocaret

144 1243 354 1314 (Actor.
396 1244 534 1310 Vill).
577 1242 801 1298 Accedit
820 1242 948 1297 illud
998 1241 1161 1297 etiam
1223 1241 1448 1296 latronis
1487 1241 1734 1296 mirabile

141 1336 540 1400 documentum,
571 1337 663 1407 qui
683 1345 812 1393 tunc
831 1337 1011 1408 rapuit
1044 1335 1374 1407 paradisum,
1397 1335 1614 1404 quando
1655 1337 1732 1390 la-

139 1431 348 1486 trocinii
386 1431 472 1488 sui
510 1447 699 1502 poenas
737 1441 820 1487 est
857 1447 1143 1503 appensus,
1187 1437 1246 1485 ut
1283 1430 1518 1485 solveret
1559 1428 1726 1500 (Luc.

141 1539 262 1578 xxm
283 1524 321 1594 ).
351 1522 508 1579 Unde
530 1540 646 1589 nos,
674 1525 842 1590 ﬁlioli,
866 1526 991 1595 quia
1021 1525 1101 1578 sie
1129 1532 1340 1594 tempus
1361 1531 1551 1577 vestr-.e
1579 1537 1730 1591 rege-

139 1615 433 1670 nerationis
482 1617 731 1687 aptastis,
778 1627 835 1671 ιιι
882 1632 1055 1686 neque
1106 1632 1204 1671 ιοε
1243 1615 1511 1685 possimus
1549 1615 1728 1671 dicere

137 1707 272 1775 quod
311 1722 540 1763 necesse
587 1717 698 1775 est,
741 1724 916 1778 neque
943 1725 1040 1763 vos
1079 1707 1300 1778 possitis
1339 1708 1482 1776 quod
1513 1716 1729 1778 oportet

137 1797 334 1864 audire,
369 1798 533 1853 ﬁdem
574 1799 696 1854 fidei
727 1801 1156 1864 committentes,
1191 1799 1452 1854 tradimus
1491 1800 1728 1855 breviter

1843 588 2045 644 multis.
2068 587 2241 656 Quem
2267 589 2436 646 Demn
2472 594 2748 648 confessus
2769 610 2846 660 es,
2882 595 3042 650 crede
3070 594 3324 666 Patrem;
3368 607 3432 655 ut

1839 679 2068 736 credens
2111 678 2346 749 Patrem,
2383 699 2502 739 esse
2522 684 2714 740 Filium
2752 687 2930 743 discas
2951 705 2965 755 ;
2989 688 3174 744 dicens
3211 690 3428 759 Filium,

1839 775 2078 843 genitum
2135 789 2433 844 cognoscas
2470 794 2589 833 esse
2637 779 2704 834 de
2744 779 2937 849 Patre;
2988 797 3322 852 cognoscens
3358 787 3432 843 de

1841 865 2000 922 Patre
2041 869 2300 936 genitum,
2331 870 2601 940 quomodo
2647 873 2716 927 sit
2765 875 2976 942 genitus
3012 892 3122 932 non
3159 881 3425 950 requiras,

1839 959 1963 1028 quia
2010 958 2212 1025 dixisti,
2237 958 2404 1015 Credo
2444 963 2501 1015 in
2538 960 2703 1016 Deum
2744 963 2960 1020 Patrem
2997 970 3422 1040 omnipotentem.

1837 1049 2190 1124 Omnipotens
2227 1062 2408 1124 potest
2453 1057 2656 1123 onmia,
2689 1063 2744 1112 et
2770 1059 2817 1113 si
2845 1061 3024 1116 omnia
3063 1071 3242 1134 potest
3279 1066 3428 1135 quod

1837 1144 1891 1200 in
1929 1161 2008 1211 se,
2050 1161 2116 1202 ex
2145 1163 2231 1214 se,
2263 1155 2319 1202 et
2356 1162 2570 1218 semper
2607 1165 2792 1205 secum
2828 1151 3026 1208 habeat
3065 1153 3256 1210 Filium
3301 1157 3425 1226 quis

1837 1240 2096 1308 negabit?
2134 1238 2426 1296 Generatio
2464 1242 2560 1296 Dei
2590 1243 2798 1298 initium
2822 1261 2929 1300 non
2949 1247 3131 1314 habet,
3163 1249 3336 1304 nescit
3356 1246 3424 1302 ﬁ-

1836 1347 1979 1398 nem,
2005 1347 2110 1387 non
2133 1332 2368 1388 admittit
2387 1348 2686 1401 excessum,
2711 1335 2927 1405 quando
2949 1337 3002 1391 in
3032 1335 3291 1396 Genitore
3309 1338 3422 1399 Ge-

1834 1424 1977 1478 nitns
2010 1440 2330 1495 permanere
2358 1426 2616 1496 persistit,
2641 1426 2853 1483 dicente
2883 1429 3000 1500 ipso
3034 1430 3283 1488 Domino.
3306 1431 3422 1505 Ego

1831 1519 1887 1571 in
1927 1517 2107 1582 Patre,
2129 1529 2181 1572 et
2201 1517 2363 1573 Pater
2399 1521 2454 1573 in
2493 1537 2575 1574 me
2599 1531 2677 1575 est
2699 1521 2879 1593 (Joan.
2906 1523 2982 1592 ιι).
3022 1522 3136 1597 Ego
3172 1534 3223 1580 et
3260 1525 3424 1581 Pater

1830 1625 1990 1663 unum
2008 1627 2184 1665 sumus
2207 1609 2387 1682 (Joan.
2405 1611 2484 1678 x).
2503 1610 2792 1669 Confessus
2812 1630 2871 1670 es
2882 1613 3096 1671 Patrem
3114 1657 3129 1683 ,
3142 1617 3422 1674 confessus

1836 1716 1896 1755 es
1921 1701 2129 1766 Filium,
2155 1702 2435 1758 confessus
2455 1720 2513 1760 es
2532 1705 2828 1762 divinitatis
2855 1723 3132 1774 arcanum,
3162 1707 3423 1767 conﬁtere

1830 1793 2218 1849 incarnationis
2239 1795 2530 1852 Dominica:
2551 1808 2966 1855 sacramentum.
2990 1798 3061 1854 Et
3079 1801 3134 1855 in
3162 1799 3423 1858 Christum

137 1889 268 1960 quod
293 1900 315 1928 ε
337 1889 502 1946 huius
524 1892 907 1947 commendare
928 1908 1034 1946 ηοη
1057 1907 1360 1962 possumus,
1382 1891 1514 1946 Nam
1536 1908 1724 1961 quem-
1759 1922 1798 1979 Β
1827 1884 2004 1939 .Iesum
2044 1885 2239 1941 Filium
2272 1889 2404 1959 ejus.
2447 1887 2692 1946 Christus
2729 1908 2760 1946 a
2789 1908 3024 1964 superno
3051 1903 3278 1950 vocatur
3311 1913 3420 1951 un-

138 1982 422 2038 admodum
473 1986 874 2055 exponentibus
913 1986 1068 2040 nobis
1114 1987 1340 2056 potestis
1397 2000 1724 2055 cognoscere

137 2075 348 2147 symboli
373 2087 806 2143 sacramentum,
849 2078 942 2148 qui
963 2079 1138 2149 ipsum
1173 2079 1475 2150 symbolum
1516 2095 1724 2135 memo-

136 2169 203 2222 ria
234 2184 436 2238 capere
469 2169 559 2224 vix
584 2171 819 2226 valetis?
840 2169 956 2226 Hoc
985 2187 1266 2226 monemus
1286 2171 1478 2235 solum,
1507 2186 1573 2226 ne
1605 2172 1726 2241 quis

139 2261 434 2315 committat
453 2261 671 2327 litteris,
703 2261 848 2332 quod
869 2271 953 2317 est
971 2263 1120 2317 cordi
1151 2262 1501 2318 mandaturus
1529 2271 1588 2317 ut
1607 2279 1726 2318 cre-

137 2353 230 2417 dat,
247 2350 516 2422 Apostolo
532 2353 610 2408 sic
622 2362 874 2409 monente
899 2373 912 2407 :
932 2352 1098 2408 Corde
1118 2355 1345 2409 creditur
1359 2354 1428 2409 ad
1440 2356 1721 2427 justitiam,

137 2461 214 2496 ore
229 2452 401 2497 autem
431 2447 698 2516 confessio
737 2446 797 2516 ﬁt
818 2445 890 2499 ad
917 2445 1138 2500 salutem
1163 2444 1340 2516 (Rom.
1366 2445 1444 2519 χ).
1479 2445 1725 2503 Audituri

135 2535 348 2591 fortnam
379 2535 529 2604 ﬁdei,
576 2537 912 2593 credulitatis
942 2554 1205 2604 normam,
1238 2536 1594 2595 confessionis
1635 2553 1726 2592 or-

136 2627 318 2693 dinem,
343 2639 539 2700 parate
559 2630 717 2684 simul
739 2632 983 2701 corporis
1007 2639 1064 2685 et
1089 2631 1268 2686 cordis
1289 2631 1550 2687 auditum.
1575 2631 1724 2687 Sicut

136 2719 242 2776 fons
261 2736 356 2776 ore
395 2729 626 2790 angusto
672 2737 899 2778 manans
925 2725 1134 2791 magnis
1161 2721 1446 2778 fluviorum
1476 2723 1724 2780 latieibus

138 2814 428 2885 ampliatur,
453 2815 534 2870 sic
563 2814 694 2870 ﬁdes
715 2817 945 2888 symboli
965 2817 1211 2872 hreviato
1251 2832 1502 2872 sermone
1531 2818 1724 2874 credu-

137 2905 292 2964 litatis
309 2908 606 2964 latissimos
633 2909 727 2964 dat
764 2917 995 2965 meatus.
1028 2909 1095 2965 Et
1114 2911 1254 2965 sicut
1285 2909 1438 2964 radix
1471 2910 1579 2965 alte
1617 2909 1723 2966 ﬁxa

140 2999 198 3055 in
223 3001 483 3056 excelsmu
520 3015 743 3070 germen
783 3017 842 3056 se
875 3001 1167 3072 protendit,
1204 3001 1338 3056 ﬁdes
1367 3003 1445 3056 sic
1483 3003 1722 3058 radicata

141 3094 371 3162 pectoris
393 3094 440 3148 in
451 3092 718 3165 profundo
740 3094 793 3148 in
815 3097 1088 3149 excelsum
1110 3093 1444 3158 credulitatis
1464 3109 1724 3150 cacumen

141 3185 407 3239 attollitur.
431 3184 575 3255 Ergo
597 3186 663 3241 de
679 3187 932 3242 cordibus
951 3187 1146 3241 vestris
1162 3193 1460 3256 expurgate
1485 3185 1723 3255 perﬁdia:

1829 1989 2048 2049 guento,
2081 1990 2166 2036 est
2193 1982 2336 2036 enim
2359 1991 2472 2038 tota
2493 1984 2828 2054 plenitudine
2849 1987 3144 2043 divinitatis
3173 1987 3378 2046 infusus
3401 2007 3418 2057 ;

1827 2070 1984 2126 .lesus
2027 2088 2220 2128 nomen
2253 2082 2337 2129 est
2365 2090 2394 2130 a
2434 2075 2627 2142 salute,
2659 2079 2806 2147 quod
2845 2094 3043 2134 nomen
3085 2096 3246 2136 omne
3273 2079 3423 2150 quod

1829 2165 1884 2218 in
1913 2166 2071 2231 coelo,
2121 2167 2348 2235 quodin
2387 2166 2598 2224 inferno
2627 2177 2728 2237 est,
2775 2178 3024 2237 tremens,
3057 2171 3419 2242 genuﬁexum,

1827 2258 2115 2312 summisso
2143 2259 2347 2314 vertice
2375 2258 2666 2315 conﬁtetur
2696 2261 2917 2333 (Philip.
2956 2261 3036 2335 ιι).
3083 2262 3154 2316 Et
3178 2265 3234 2318 in
3270 2263 3424 2319 Chri-

1827 2359 1962 2404 stum
1979 2347 2159 2405 Iesum
2183 2349 2231 2403 F
2234 2351 2382 2405 ilium
2402 2354 2514 2424 ejus
2535 2354 2741 2407 unicum
2762 2352 3042 2408 Dominum
3061 2365 3312 2409 nostrum.
3351 2353 3425 2410 Ut

1829 2441 2004 2498 Patris
2033 2452 2088 2499 et
2115 2443 2236 2499 Filii
2263 2453 2346 2501 est
2375 2446 2531 2500 nobis
2571 2463 2677 2501 una
2707 2447 2911 2514 deitas,
2944 2448 3018 2503 ita
3061 2446 3088 2486 ἀ
3118 2448 3416 2505 dominatio

1827 2551 1934 2590 una
1965 2535 2036 2590 sit
2065 2536 2239 2590 nobis.
2273 2534 2375 2601 Qui
2396 2546 2550 2591 natus
2569 2547 2645 2592 est
2666 2537 2729 2592 de
2764 2538 2965 2609 Spiritu
2998 2549 3180 2595 sancto
3212 2557 3278 2595 ea:
3297 2539 3424 2595 Ma-

1827 2627 1910 2680 ria
1931 2629 2148 2699 virgine.
2182 2627 2418 2698 Spiritus
2445 2637 2502 2683 et
2528 2630 2680 2699 virgo
2713 2631 2908 2700 copula
2937 2639 3151 2688 terrena
3181 2648 3290 2688 non
3317 2641 3422 2701 est,

1825 2722 2049 2778 caeleste
2076 2723 2173 2778 sed
2201 2731 2286 2779 est
2332 2732 2602 2780 secretum
2631 2743 2642 2776 :
2675 2724 2803 2780 hinc
2849 2733 2964 2794 est,
2996 2726 3142 2796 quod
3183 2727 3424 2784 nascitur

1825 2823 1909 2869 est
1928 2815 2189 2869 divinum.
2239 2814 2384 2885 Ergo
2420 2816 2567 2886 quod
2608 2825 2771 2872 natus
2798 2827 2882 2873 est
2922 2808 3286 2875 conﬁtendum
3316 2829 3418 2886 est,

1824 2910 2100 2979 quomodo
2128 2919 2288 2966 natus
2316 2918 2399 2966 est
2427 2911 2714 2967 tacendum
2743 2922 2826 2969 est
2850 2931 2863 2980 ;
2894 2915 3022 2984 quia
3050 2914 3197 2985 quod
3243 2931 3423 2972 secre-

1825 3010 1940 3056 tum
1985 3012 2067 3058 est
2114 3005 2240 3058 sciri
2267 3020 2379 3060 non
2416 3013 2631 3076 potest,
2682 3007 2830 3076 quod
2857 3008 3099 3063 clausum
3129 3017 3212 3064 est
3249 3011 3424 3066 nescit

1826 3096 2044 3166 aperiri,
2068 3096 2214 3166 quod
2234 3097 2507 3165 singulare
2527 3105 2611 3152 est
2634 3113 2743 3153 non
2770 3097 3004 3154 refertur
3023 3100 3294 3172 exemplo.
3320 3099 3424 3166 Qui

1825 3187 1917 3241 sub
1959 3187 2151 3242 Pontio
2203 3186 2381 3243 Pilato
2421 3190 2703 3260 cruciﬁxus
2741 3199 2819 3245 est
2851 3200 2903 3245 et
2927 3192 3175 3264 sepultus.
3218 3191 3424 3249 Judieis

142 3293 368 3344 omnum,
412 3285 474 3333 ut
513 3294 645 3350 pura
693 3294 793 3349 per
827 3294 923 3334 vos
964 3276 1086 3334 ﬁdei
1125 3278 1265 3333 fluen
1293 3294 1320 3331 a
1362 3285 1717 3348 percurrunt;
1749 3307 1795 3370 ρ
1828 3294 2026 3334 nomen
2056 3278 2228 3344 audis,
2263 3295 2330 3334 ne
2358 3286 2572 3350 tempus
2601 3280 2855 3349 ignores;
2897 3282 3212 3338 cruciﬁxum
3242 3285 3418 3352 audis,

143 3368 516 3426 incredulitatis
565 3371 762 3426 fruteta
804 3372 858 3426 in
904 3371 1059 3425 vobis
1106 3370 1364 3426 radicitus
1404 3377 1710 3440 amputate,

143 3467 194 3515 ut
242 3470 560 3518 excrescant
620 3462 688 3517 ad
729 3463 836 3516 alta
875 3462 1209 3518 credulitatis
1255 3470 1446 3517 vestne
1493 3461 1713 3515 robusta

141 3557 405 3628 plantaria.
449 3557 520 3612 Et
558 3558 683 3628 quia
703 3600 717 3625 ,
749 3566 972 3614 auctore
1000 3557 1282 3627 Apostolo,
1316 3556 1470 3610 corde
1489 3555 1717 3610 creditur

140 3651 200 3702 ad
223 3652 506 3722 justitiam,
548 3668 635 3705 ore
673 3651 929 3723 confessio
949 3650 1010 3722 ﬁt
1031 3649 1100 3703 ad
1137 3651 1354 3704 salutem
1397 3647 1590 3720 (Rom.
1618 3664 1650 3700 x
1673 3647 1712 3716 ),

141 3741 185 3796 in
215 3743 573 3798 confessionis
617 3758 807 3798 vocem
846 3742 1008 3797 modo
1047 3742 1172 3797 date
1210 3741 1354 3810 quod
1391 3741 1504 3809 jam
1552 3741 1717 3795 corde

141 3835 354 3890 creditis.
385 3833 553 3890 Credo
598 3836 652 3888 in
691 3834 859 3888 Deum
897 3836 1114 3889 Patrem
1153 3836 1572 3905 omnipotentem.
1616 3831 1719 3898 Qui

140 3926 288 3982 credit
344 3928 402 3981 in
443 3926 634 3993 Deum,
694 3926 862 3981 Deum
909 3927 1180 3980 discutere
1238 3941 1343 3979 non
1383 3929 1713 3994 praesumat;

141 4017 258 4076 Deus
291 4020 444 4090 quod
465 4019 567 4085 sit,
611 4017 811 4074 snﬂicit
837 4019 976 4073 scire
1001 4035 1015 4084 ;
1064 4018 1158 4088 qui
1189 4017 1413 4086 requirit
1443 4016 1586 4070 unde
1624 4015 1713 4080 sit,

139 4119 350 4179 quantus
371 4112 445 4167 sit
486 4111 646 4177 Deus,
677 4109 821 4164 Deus
847 4109 975 4179 quid
995 4110 1084 4176 sit,
1122 4110 1208 4164 hic
1252 4111 1461 4175 nescit;
1493 4108 1575 4163 sol
1616 4108 1716 4162 im-

140 4211 409 4273 portunum
465 4203 715 4258 tenebrat
759 4210 1056 4274 aspectum,
1108 4203 1174 4257 ad
1210 4202 1375 4257 Demn
1434 4202 1715 4257 inconces-

139 4309 214 4350 sus
258 4304 497 4352 caecatur
549 4310 830 4362 accessus;
887 4295 1056 4350 Deum
1104 4296 1194 4365 qui
1241 4295 1353 4350 vult
1391 4294 1592 4358 videre,
1642 4292 1716 4347 vi-

140 4389 278 4444 sionis
323 4388 447 4459 ejus
493 4389 668 4445 discat
719 4395 906 4444 tenere
953 4404 1291 4456 mensuram;
1347 4387 1516 4442 Deum
1562 4399 1717 4439 suum

139 4481 346 4551 quivult
377 4481 537 4549 scire,
574 4481 782 4536 nesciat
819 4481 1058 4550 gentium
1078 4481 1247 4548 deos;
1283 4481 1377 4551 qui
1406 4479 1540 4534 deos
1560 4476 1712 4544 dicit,

1825 3378 1884 3424 nt
1913 3371 2008 3425 tibi
2036 3371 2228 3425 mortis
2254 3372 2490 3440 qualitas
2519 3372 2861 3439 innotescat;
2912 3380 2966 3427 et
2996 3375 3264 3444 intelligas
3291 3375 3424 3445 quid

1818 3463 2141 3533 impenderit
2169 3463 2285 3529 tibi,
2317 3463 2409 3534 qui
2448 3472 2673 3535 propter
2701 3471 2756 3520 te
2795 3479 3013 3534 pmnam
3042 3473 3204 3522 tanta:
3232 3468 3422 3522 mortis

1819 3556 2054 3626 excepit.
2089 3555 2257 3610 Audis
2286 3555 2578 3626 sepultum,
2602 3564 2663 3610 ut
2689 3557 2832 3611 scias
2858 3565 3090 3612 mortem
3119 3573 3228 3613 non
3257 3558 3422 3614 fuisse

1818 3647 2268 3721 perfunctoriam,
2307 3658 2330 3686 ο
2371 3648 2467 3703 sed
2487 3664 2761 3704 veracem.
2787 3648 2922 3704 Mori
2944 3650 3089 3704 nolle
3109 3658 3194 3706 est
3211 3651 3423 3706 timoris

1819 3741 2062 3807 humani,
2095 3740 2292 3795 divinae
2311 3741 2526 3796 virtutis
2554 3747 2636 3796 est
2664 3742 2964 3798 surrexisse
2992 3742 3061 3798 de
3087 3751 3300 3811 morte;
3331 3744 3422 3799 hic

1821 3849 1952 3904 ergo
1981 3851 2089 3888 non
2119 3834 2357 3889 oll'emlat
2382 3835 2574 3890 mortis
2605 3835 2848 3903 auditus,
2881 3836 2973 3892 ubi
3000 3837 3419 3893 resurrectionis

1822 3927 1994 3997 gloria
2039 3925 2321 3981 abscondit
2357 3926 2546 3981 mortis
2587 3926 2861 3996 injuriam.
2896 3927 3071 3983 Tertia
3112 3929 3199 3984 die
3245 3945 3420 3984 resur-

1822 4021 1978 4073 rexit.
2018 4016 2156 4084 Quia
2184 4016 2419 4072 hominis
2447 4025 2530 4072 est
2568 4017 2715 4086 quod
2748 4017 2996 4085 moritur,
3022 4017 3301 4074 Trinitatis
3334 4026 3419 4075 est

1820 4108 1968 4178 quod
2007 4108 2256 4177 resurgit.
2306 4108 2554 4163 Ascendit
2592 4110 2649 4162 in
2680 4108 2855 4164 caelus.
2904 4109 3190 4165 Hominem
3235 4109 3418 4166 ferens

1820 4202 1932 4268 illo,
1966 4201 2056 4255 ubi
2096 4215 2310 4270 semper
2346 4200 2564 4255 mansit.
2611 4199 2772 4255 Sedet
2807 4200 2879 4255 ad
2915 4201 3182 4257 dexteram
3209 4201 3414 4259 Patris.

1825 4290 1906 4347 Ad
1933 4291 2210 4346 dexteram
2239 4289 2408 4356 sedet,
2453 4290 2580 4358 quia
2613 4289 2780 4346 habet
2805 4290 2978 4347 deitas
3006 4293 3083 4347 nil
3113 4292 3413 4350 sinistrum.

1825 4382 1958 4438 Inde
1985 4391 2226 4437 venturus
2255 4390 2331 4436 est
2352 4380 2596 4452 judicare
2617 4382 2751 4436 vivos
2789 4391 2840 4436 et
2864 4393 3114 4440 mortuos.
3145 4382 3416 4441 Judieabit

1822 4476 1974 4531 vivos
2013 4482 2069 4529 ct
2106 4480 2380 4539 mortuos,
2413 4471 2540 4542 quia
2587 4482 2872 4543 resurgent
2909 4476 2976 4532 ad
3007 4476 3288 4548 judicium,
3319 4479 3416 4550 qui

140 4713 414 4769 ctissimum
472 4711 939 4783 archiepiscopum
997 4717 1248 4783 nostrum
1282 4706 1712 4783 quamplurimos
1739 4709 1792 4771 Ι)
1815 4706 1903 4783 vel
1942 4706 2122 4783 regius
2141 4708 2408 4783 minister2
2433 4713 2489 4760 et
2518 4705 2773 4783 princeps
2800 4704 3109 4783 Palatinps;
3126 4706 3415 4783 eunuchus

141 4784 422 4855 baptizasse
456 4777 700 4840 inﬁdeles
729 4777 962 4855 adultos,
997 4790 1108 4834 tum
1137 4779 1429 4855 barbaros,
1453 4786 1562 4832 tum
1603 4777 1711 4831 lla-

141 4850 211 4924 los
222 4872 280 4912 ac
305 4856 678 4920 Ravennates,
702 4854 792 4924 qui
815 4851 1183 4924 adeo‘sanetis
1203 4850 1462 4924 exemplis
1483 4858 1537 4924 et
1557 4864 1709 4904 sacra

141 4923 336 4999 hujusce
366 4927 605 4999 pastoris
633 4920 879 4999 doctrina
909 4921 976 4999 ad
1011 4920 1168 4999 ﬁdem
1199 4921 1595 4999 suscipiendam
1631 4924 1712 4973 in-

145 4992 445 5064 vitabantur,
471 5006 533 5052 ut
563 5012 662 5051 nec
682 4995 897 5050 differre
916 4992 1257 5064 baptismatis
1273 4992 1706 5064 susceptionem,

141 5078 278 5136 prout
304 5062 464 5124 multi
501 5069 772 5132 solebant,
809 5065 879 5120 ob
908 5078 1155 5132 magnam
1190 5062 1424 5136 Spiritus
1453 5063 1624 5136 sancti
1655 5063 1709 5136 i_n

143 5132 370 5196 cordibus
389 5156 580 5196 eorum
611 5138 1029 5193 commotionem
1051 5142 1290 5204 possent.
1323 5133 1477 5199 Quod
1498 5149 1618 5188 eum
1641 5132 1710 5187 ab

143 5213 356 5267 externis
387 5210 603 5266 indiciis
632 5209 821 5263 beatus
849 5207 1074 5261 antistes
1096 5213 1580 5273 argumentaretur,
1613 5219 1709 5258 eos

142 5282 570 5362 quamplurimum
614 5281 888 5362 baptiZare
937 5277 1238 5362 nitebatur,
1287 5273 1412 5362 ﬁsus
1445 5275 1708 5362 exemplis

144 5344 380 5418 adductis,
415 5351 566 5407 Pauli
590 5344 816 5413 scilicet,
841 5365 905 5404 ac
927 5347 1301 5418 spadonistet
1334 5347 1577 5400 latronis.
1630 5344 1708 5401 Ea

142 5415 439 5494 tempestate
455 5433 510 5480 et
535 5423 718 5494 Romae
739 5421 890 5475 multi
912 5415 978 5474 ad
1010 5418 1166 5494 ﬁdem
1196 5415 1396 5494 Chriti
1421 5424 1708 5494 converte-

143 5487 331 5560 hantur,
367 5502 509 5551 teste
550 5493 611 5548 D.
652 5491 835 5546 Leone
868 5506 1006 5561 papa
1036 5489 1057 5543 1
1087 5504 1248 5542 scrin.
1282 5487 1316 5561 2
1352 5487 1419 5541 de
1443 5487 1659 5561 Nativit.
1690 5505 1703 5561 ξ

144 5558 456 5639 (lamin-tique
486 5565 558 5619 ad
593 5563 751 5639 ﬁdem
789 5558 1013 5634 primum
1053 5558 1368 5614 lenientibus
1409 5560 1512 5612 oris
1543 5560 1707 5612 nostri

143 5633 873 5712 efﬁciunt'debeamunMrrn.‘
985 5703 1033 5712 __
1158 5701 1168 5712 ε
1293 5701 1356 5712 __
1455 5707 1464 5712 Δ
1659 5699 1670 5712 ο

205 5715 228 5743 ⁸
261 5706 353 5762 Vel
391 5722 522 5762 vere
549 5705 720 5775 spado
741 5703 938 5769 fuerit;
983 5703 1065 5758 his
1086 5701 1226 5775 enim
1235 5701 1540 5775 tuebantur
1558 5701 1703 5770 regi-

144 5791 212 5832 na:
229 5778 291 5833 ad
310 5771 631 5834 avertendus
669 5777 1032 5846 suspiciones;
1059 5773 1201 5828 unde
1234 5771 1518 5828 Terentius
1543 5788 1555 5825 :

300 5871 582 5922 Eunuchum
607 5881 748 5934 porro
769 5868 893 5934 dixit
915 5866 1044 5934 velle
1069 5875 1140 5927 te,

306 5935 425 5992 Quia
447 5934 564 5987 solae
588 5929 788 5984 utuntur
806 5929 883 5981 his
901 5929 1116 5992 reginae;

1816 4777 1962 4849 enim
1983 4779 2037 4832 in
2059 4777 2338 4849 Scriptura
2357 4779 2499 4833 idem
2520 4776 2612 4846 qui
2631 4777 2902 4849 princeps,
2927 4786 2985 4831 ut
3005 4776 3193 4849 Daniel
3212 4776 3253 4830 l.
3274 4776 3414 4849 ll_inc

1817 4846 2199 4919 Putipharus;
2224 4849 2352 4906 licet
2398 4856 2696 4916 uxoratus,
2741 4847 2938 4903 dicitur
2975 4847 3254 4903 eunuchus
3298 4846 3411 4904 Ge-

1817 4935 1932 4974 nes.
1979 4938 2066 4976 XL.

1887 4992 1913 5029 δ
1955 4991 2243 5064 Αὲἰιιιὶορὶιε
2282 4993 2524 5064 reginam
2562 4990 2787 5064 et_illius
2819 4989 3224 5064 quzenfricana
3242 5003 3411 5064 voca-

1812 5062 1997 5134 batur,
2026 5059 2224 5120 docent
2264 5059 2398 5119 Acta
2419 5059 3002 5134 Apostolorum.:_Quid
3043 5061 3214 5126 ergo?
3241 5059 3401 5113 Num-

1813 5135 1942 5206 quid
1966 5133 2243 5206 Ethiopiia
2265 5135 2322 5189 in
2343 5131 2531 5189 India?
2552 5131 3086 5206 Hujusmodiliomen
3117 5145 3405 5206 usurpasse

1813 5200 2136 5277 crediderim
2156 5200 2576 5277 'Chrysologum,
2601 5219 2668 5258 eo
2687 5201 2832 5272 quod
2853 5200 3140 5270 JEthiopes
3161 5200 3409 5256 diceban-

1813 5282 1900 5329 tur
1941 5276 2112 5330 ultimi
2135 5276 2432 5331 hominum.

1886 5358 1908 5386 ο
1950 5345 2185 5403 Adverte
2215 5347 2396 5402 szeeuli
2434 5344 2791 5415 disciplinam,
2815 5357 3153 5415 qutearcana
3186 5342 3408 5410 religio-

1809 5418 1893 5473 nis
1907 5419 2307 5474 eatechumenis
2321 5419 2531 5489 aperire
2544 5412 2804 5477 vetuerat,
2821 5421 2878 5466 ut
2898 5413 3023 5466 alibi
3037 5412 3398 5468 observatum.
3419 5422 3438 5540 (

1881 5487 1908 5526 ά
1931 5490 2246 5540 Ambrosius
2268 5489 2321 5540 in
2343 5506 2462 5540 can.
2495 5504 2545 5540 v1
2574 5485 2733 5540 Luca:
2760 5484 2894 5540 dixit
2919 5501 2930 5536 :
2960 5482 3104 5538 Unus
3127 5482 3400 5540 Dominus.
3437 5502 3438 5505 ‘

1881 5487 1908 5526 ά
1931 5490 2246 5544 Ambrosius
2268 5489 2321 5543 in
2343 5482 2462 5559 cap.
2495 5504 2545 5543 v1
2574 5484 2894 5559 Luetedixit
2919 5501 2930 5536 :
2960 5482 3104 5538 Unus
3127 5482 3400 5559 Dominus,
3423 5482 3439 5540 ι

1811 5561 1932 5634 quia
1952 5578 2084 5614 unus
2107 5560 2246 5634 Deus
2269 5579 2286 5626 ;
2319 5568 2376 5615 et
2401 5554 2675 5629 quomodo
2704 5555 2756 5612 id
2786 5562 3090 5627 exponatur
3126 5554 3296 5610 habes
3325 5555 3405 5611 lo-

1813 5631 1878 5688 co
1906 5633 2091 5686 citato.
2127 5631 2263 5687 ΜιτΑ
2275 5673 2288 5686 .
3427 5659 3436 5692 ε

1887 5713 1910 5740 ε
1953 5702 2210 5773 Apposite
2234 5702 2293 5756 D.
2329 5701 2571 5773 Thomas
2583 5700 2637 5773 in
2666 5698 2836 5769 Epist.
2868 5697 2890 5752 Ι
2916 5698 2984 5773 _a_d
3005 5696 3254 5773 Corinth.
3275 5712 3398 5773 pag.
3433 5733 3441 5750 .

1809 5771 1880 5826 15
1907 5768 2052 5827 toni:
2073 5773 2140 5828 Vl
2168 5773 2331 5843 Oper.
2362 5786 2485 5843 pag.
2514 5768 2614 5825 195
2635 5768 2840 5843 recent.
2864 5769 2994 5825 edit.
3021 5768 3213 5843 Venet.
3241 5787 3254 5820 :
3281 5768 3378 5822 Eri
3412 5817 3424 5828 ,

1804 5844 1938 5970 ‘dens
1985 5845 2126 5900 enim
2163 5839 2602 5901 mortis—sianum
2640 5842 2862 5914 alicujus
2887 5882 2901 5910 ,
2952 5848 3030 5896 est
3076 5839 3213 5911 quod
3255 5854 3396 5912 sepe~

1827 5923 1980 5968 tatur.

1827 5916 1980 5968 iatur.
