3942 6348
511 386 604 442 371
1750 384 1805 439 S.
1850 380 2051 439 PETRI
2087 379 2509 436 (IlllWSillﬂCl

3668 386 3767 442 3ἲῖ

506 515 619 555 non
644 506 902 570 putantur
930 509 1050 551 esse
1077 502 1198 565 post
1225 502 1477 560 mortem,
1512 510 1650 565 quos
1669 498 1940 565 gentilitas
1969 494 2084 549 exi-
2113 492 2167 559 Α
2191 509 2254 547 ne
2281 492 2555 565 loquantur
2575 494 2771 549 dolum.
2798 494 2947 550 Sicut
2974 503 3155 551 autem
3177 495 3369 552 vitiant
3386 496 3612 552 crimina
3636 512 3765 553 cou-

500 594 689 650 stimat
713 590 941 665 periisse
965 604 1088 648 cun
1114 586 1332 646 aesculo.
1366 586 1535 643 Credo
1570 589 1627 643 in
1671 586 1926 660 Spiritum
1961 600 2086 643 san-

501 694 662 741 ctum.
697 681 771 740 Ut
796 684 854 740 ia
879 682 1047 739 Patre
1067 688 1125 738 es
1148 679 1318 749 Filio,
1358 688 1417 737 et
1452 679 1659 752 Spiritu
1695 688 1886 737 sancto
1924 696 2085 737 suam

492 776 695 834 credas
739 784 796 832 et
839 774 1111 844 intelligas
1147 786 1268 830 esse
1306 771 1584 829 deitatem.
1636 770 1801 828 Credo
1847 780 2084 829 sanctam

493 869 809 927 Ecclesium.
842 867 913 924 Ut
938 866 1249 925 conﬁtearis
1292 864 1590 922 Ecclesiam
1608 862 1809 923 Christi
1828 878 2083 937 sponsam

494 962 552 1018 in
600 966 865 1034 perpetua
889 958 1090 1016 Christi
1134 959 1396 1015 societate
1433 967 1763 1014 mammam.
1806 956 1971 1013 Credo
1998 974 2080 1013 re-

497 1055 797 1113 missionem
841 1062 1199 1127 peccatorum,
1248 1052 1424 1108 curitis
1470 1052 1917 1107 resurrectionem.
1977 1050 2082 1119 Qui

495 1150 873 1207 missionem
890 1153 1259 1219 peccatorum,
1287 1146 1382 1216 qui
1421 1145 1599 1202 carnis
1625 1144 2079 1202 resurrectionem

497 1256 611 1298 non
638 1240 827 1305 credit,
860 1238 1037 1296 aufert
1060 1238 1277 1294 veniam
1303 1237 1425 1305 sibi,
1449 1237 1566 1308 ipse
1595 1236 1863 1295 subtrahit
1890 1236 2075 1292 vitam.

495 1332 655 1401 Quod
682 1332 905 1388 audistis
932 1338 989 1386 et
1024 1328 1340 1397 credidistis,
1374 1328 1522 1400 quod
1547 1327 1779 1386 confessi
1806 1327 1955 1394 estis,
1985 1342 2083 1384 cor

494 1422 699 1480 habeat
719 1464 736 1489 ,
765 1422 1027 1478 memoria
1073 1427 1286 1490 teneat,
1334 1422 1522 1479 charta
1560 1422 1799 1486 nesciat,
1848 1418 2080 1489 scriptor

496 1517 729 1586 ignoret,
755 1533 822 1573 ne
841 1524 1236 1572 sacramentum
1257 1515 1380 1572 ﬁdei
1398 1514 1698 1585 divulgetur
1716 1515 1770 1571 in
1783 1514 2077 1586 publicum,

497 1624 570 1667 nc
613 1610 683 1665 ad
721 1608 991 1665 inﬁdelem
1031 1606 1153 1665 ﬁdei
1180 1608 1455 1665 derivetur
1480 1622 1754 1664 arcanum.
1799 1607 1941 1664 Deus
1984 1607 2079 1677 qui

500 1703 654 1759 vobis
697 1707 1093 1759 sacramentum
1123 1701 1245 1758 ﬁdei
1266 1711 1322 1757 et
1350 1700 1536 1758 audire
1562 1700 1728 1767 dedit,
1761 1709 1816 1755 et
1834 1700 2075 1767 credere,

498 1793 616 1866 ipse
641 1810 741 1851 vos
766 1801 1024 1849 aeternam
1049 1792 1333 1863 pervenire
1361 1791 1525 1848 faciat
1552 1791 1620 1847 ad
1647 1791 1893 1847 salutem.

1079 1882 1312 1940 SERMO
1348 1882 1483 1939 LXII

1166 1975 1234 2031 In
1253 1977 1409 2031 idem.

567 2080 592 2108 λ
622 2070 864 2125 Nutritor
890 2070 1011 2141 pius
1040 2070 1143 2124 nisi
1169 2077 1317 2124 totus
1344 2067 1501 2124 fuerit
1522 2066 1775 2123 redactus
1803 2068 1857 2122 in
1884 2083 2083 2138 parvu-

494 2162 605 2218 lum
628 2206 645 2227 ,
675 2178 969 2233 numquam
995 2162 1277 2233 parvulum
1304 2159 1603 2231 perfectum
1627 2161 1871 2232 perducit
1908 2161 1961 2215 in
1997 2162 2081 2216 vi-

495 2270 655 2320 rum;
686 2254 921 2324 denique
948 2262 1076 2309 tunc
1102 2268 1291 2309 vocem
1319 2260 1534 2318 tenuat,
1569 2253 1731 2308 verba
1759 2253 1942 2323 ponit,
1974 2254 2083 2321 agit

496 2350 735 2415 nutibus,
758 2364 947 2405 sensus
966 2348 1199 2418 seponit,
1221 2345 1452 2402 inﬁrmat
1471 2347 1694 2412 viscera,
1720 2345 1903 2415 abiicit
1920 2347 2080 2412 vires,

496 2441 740 2496 membra
768 2440 1037 2507 dissolvit,
1067 2452 1310 2509 gressum
1337 2438 1539 2504 tardat,
1569 2438 1732 2507 gestit
1758 2454 1866 2493 non
1894 2438 2083 2493 ambu-

496 2534 631 2603 lare,
658 2534 755 2591 sed
778 2548 968 2605 repere
995 2551 1008 2587 :
1039 2532 1217 2588 ridere
1242 2532 1486 2595 simulat,
1518 2532 1708 2587 timere
1748 2529 1925 2600 ﬁngit,
1956 2528 2085 2589 ﬁere

495 2628 780 2695 mentitur,
821 2628 946 2698 quia
989 2634 1072 2682 est
1110 2627 1165 2683 in
1206 2627 1298 2681 illo
1338 2626 1674 2682 mendacium
1702 2626 1907 2696 pietas,
1937 2625 2084 2681 desi-

494 2721 679 2790 puisse
707 2720 990 2791 prudentia
1016 2728 1131 2787 est,
1173 2727 1255 2775 est
1281 2716 1562 2775 inﬁrmitas
1589 2719 1777 2776 virtus.
1810 2717 1925 2775 Hoc
1960 2733 2085 2784 reor

496 2812 715 2867 beatum
746 2810 971 2867 Paulum
1000 2810 1212 2878 fecisse,
1242 2826 1365 2868 cum
1392 2811 1521 2868 dicit
1547 2829 1561 2864 :
1588 2809 1784 2867 Factus
1811 2828 1926 2866 sum
1957 2829 2075 2883 por-

497 2903 643 2959 vulus
678 2907 737 2960 in
771 2904 942 2960 medio
969 2906 1149 2969 vestri,
1182 2914 1443 2978 tamquam
1467 2905 1516 2959 si
1543 2906 1720 2960 nutris;
1754 2906 1922 2977 foueat
1946 2906 2084 2977 ﬁlios

495 3010 617 3050 suos
640 2994 683 3065 (l
714 2994 863 3050 Thes.
890 2994 970 3060 ιι).
996 2994 1103 3050 Sed
1128 2996 1266 3052 forte
1293 2996 1486 3065 aliquis
1505 3002 1738 3065 stupeat,
1763 3010 1885 3050 cum
1906 2995 2085 3051 videat

494 3086 819 3141 nutriculum
847 3086 949 3141 ista
977 3084 1264 3143 facientem
1290 3103 1303 3140 :
1330 3102 1439 3147 non
1467 3086 1655 3141 irridet
1681 3086 1726 3141 si
1755 3095 1838 3140 est
1863 3100 2079 3156 parens,

492 3177 542 3234 si
568 3184 723 3247 pater
748 3184 832 3233 est
860 3194 965 3233 non
994 3179 1222 3234 miratur
1258 3196 1271 3231 :
1303 3178 1408 3234 hoc
1445 3178 1725 3233 stultitiam
1765 3177 1945 3233 dicere
1974 3194 2082 3233 non

2187 584 2489 650 scientiam,
2518 586 2596 641 sic
2621 584 2778 642 dolus
2804 587 2947 643 labia
2973 587 3195 660 polluit,
3226 587 3465 659 linguam
3491 588 3766 651 maledicta

2186 678 2584 746 contaminant;
2615 695 2677 735 ac
2702 679 2782 736 sic
2824 680 2936 737 Deo
2969 679 3216 737 conﬁteri
3242 698 3351 738 non
3394 690 3579 754 potest

2186 769 2496 840 inquinatus
2516 781 2572 828 et
2600 772 2799 843 lingua.
2821 771 2891 827 Et
2916 773 3042 847 quia
3063 773 3217 831 corde
3243 773 3472 830 creditur
3509 774 3582 830 ad
3609 777 3763 848 justi-

2187 864 2333 930 tiam,
2354 880 2443 919 ore
2479 865 2733 937 confessio
2770 864 2832 936 ﬁt
2856 864 2926 919 ad
2951 865 3169 923 salutent
3210 865 3387 939 (Rom.
3416 867 3501 939 χ),
3531 867 3763 923 sanctiﬁ-

2185 964 2306 1011 cate
2334 955 2515 1023 corda,
2540 956 2792 1011 mundate
2814 956 2973 1022 labia,
2993 955 3284 1026 justiﬁcate
3304 958 3563 1028 linguam,
3588 969 3648 1015 ut
3669 977 3764 1021 vox

2186 1046 2311 1105 ﬁdei
2337 1049 2515 1119 bajnla
2542 1050 2611 1107 de
2638 1066 2774 1122 puro
2800 1058 3021 1121 pectore
3048 1059 3164 1107 toto
3192 1052 3493 1117 sanctitatis
3515 1053 3765 1124 procedat

2183 1143 2455 1215 exemplo.
2480 1140 2697 1211 Signate
2718 1160 2834 1200 vos.
2861 1141 3120 1201 Placitum
3150 1144 3233 1199 vel
3260 1153 3498 1215 pactum,
3525 1145 3673 1216 quod
3693 1147 3764 1203 lu-

2184 1236 2263 1293 cri
2304 1252 2455 1308 spem
2485 1236 2751 1292 venientis
2791 1238 3051 1302 continet,
3083 1238 3167 1295 vel
3195 1237 3377 1305 futuri,
3414 1249 3436 1278 α
3468 1239 3765 1311 symbolum

2183 1329 2480 1400 nuncupari
2508 1335 2791 1386 contractu
2818 1330 2981 1385 etiam
3005 1329 3265 1387 docemur
3288 1330 3529 1388 humano
3576 1350 3590 1386 :
3632 1331 3764 1403 quod

2182 1429 2364 1477 tamen
2393 1421 2695 1494 symbolum
2716 1422 2857 1477 inter
2875 1422 3010 1479 duos
3037 1420 3215 1477 ﬁrmat
3247 1438 3465 1492 semper
3501 1425 3765 1494 geminata

2182 1515 2529 1587 conscriptio,
2558 1523 2615 1572 et
2642 1514 2695 1571 in
2724 1515 3071 1586 stipulatione
3089 1524 3307 1572 cautum
3331 1516 3514 1571 reddit
3538 1516 3763 1573 humana

2181 1610 2420 1677 cautela,
2460 1625 2531 1664 ne
2557 1609 2645 1665 cui
2672 1617 2921 1680 surrepat
2941 1651 2957 1677 ,
2987 1625 3056 1664 ne
3084 1624 3243 1679 quem
3271 1608 3510 1681 decipiat
3550 1608 3763 1680 perﬁdia

2180 1702 2547 1759 contractibus
2567 1716 2782 1773 semper
2808 1702 3043 1756 inimica.
3073 1699 3178 1757 Sed
3208 1701 3313 1757 hoc
3332 1702 3479 1757 inter
3506 1701 3760 1767 homines,

2180 1796 2322 1851 inter
2344 1812 2483 1866 quos
2510 1794 2683 1861 fraus,
2715 1804 2809 1852 aut
2836 1812 2867 1851 a
2895 1812 3003 1866 quo
3031 1796 3171 1853 facta
3199 1805 3284 1852 est
3304 1838 3319 1864 ,
3367 1806 3465 1852 aut
3509 1798 3601 1854 cui
3641 1797 3767 1853 facta

2109 1888 2157 1950 B
2184 1896 2286 1956 est,
2315 1902 2530 1958 semper
2556 1888 2728 1955 laedit;
2759 1888 2900 1944 inter
2921 1888 3092 1944 Deum
3118 1904 3248 1944 vero
3277 1896 3334 1943 et
3360 1889 3617 1945 homines
3634 1905 3763 1963 sym-

2183 1978 2367 2035 bolum
2380 1977 2503 2034 ﬁdei
2522 1979 2639 2034 sola
2665 1978 2768 2034 ﬁde
2786 1976 3029 2034 ﬁrmatur
3054 1998 3068 2033 :
3093 1995 3200 2035 non
3224 1980 3438 2048 litterae,
3453 1980 3551 2035 sed
3571 1982 3764 2052 spiritui

2183 2071 2421 2128 creditur
2453 2090 2466 2125 :
2499 2082 2555 2127 et
2581 2072 2865 2128 mandatur
2900 2072 3083 2135 cordi,
3117 2088 3224 2128 non
3255 2073 3461 2129 charta:
3492 2092 3506 2130 :
3538 2075 3668 2145 quia
3693 2074 3762 2130 di-

2183 2163 2367 2219 vinum
2394 2163 2655 2219 creditum
2687 2164 2921 2220 humana
2957 2180 3065 2220 non
3096 2164 3299 2243 indiget
3332 2166 3615 2222 cautione.
3645 2166 3767 2221 Deus

2182 2256 2363 2313 facere
2384 2255 2624 2312 fraudem
2646 2259 2836 2326 nescit,
2849 2259 2961 2329 pati
2983 2274 3089 2313 non
3110 2266 3307 2330 potest,
3321 2260 3449 2330 quia
3466 2276 3579 2316 non
3600 2261 3765 2317 exclu-

2184 2349 2328 2405 ditur
2354 2359 2598 2421 tempore
2614 2391 2631 2416 ,
2662 2367 2770 2406 non
2797 2359 2957 2406 aetate
2980 2351 3232 2419 vincitur,
3275 2351 3649 2410 occultatione
3673 2370 3767 2409 non

2183 2440 2404 2507 fallitur,
2435 2442 2582 2498 videt
2608 2443 2943 2512 abscondita,
2970 2441 3149 2500 furata
3177 2453 3342 2511 tenet,
3367 2455 3568 2516 negata
3607 2448 3765 2517 possi-

2183 2533 2295 2589 det.
2324 2533 2439 2590 Deo
2464 2534 2613 2590 salva
2641 2542 2726 2590 est
2750 2535 2890 2591 ratio
2918 2550 3017 2591 sua
3044 2550 3281 2607 semper,
3309 2537 3441 2606 quia
3470 2536 3595 2605 ille,
3636 2537 3767 2609 quod

2183 2626 2431 2692 credidit,
2461 2626 2554 2683 ubi
2580 2635 2772 2698 pereat
2798 2644 2906 2684 non
2935 2635 3047 2696 est;
3078 2644 3145 2686 ac
3169 2629 3215 2685 si
3242 2630 3476 2696 homini,
3506 2647 3621 2687 non
3647 2631 3766 2699 Des,

2184 2719 2405 2787 neganti
2430 2720 2601 2790 perit,
2630 2736 2739 2776 non
2779 2721 2922 2792 perit
2961 2721 3246 2778 fencranti.
3298 2721 3409 2778 Sed
3448 2722 3589 2780 dicis
3632 2743 3646 2778 :
3679 2722 3769 2791 Qui

2183 2807 2296 2863 falli
2323 2824 2432 2864 non
2460 2817 2655 2880 potest,
2686 2810 2814 2881 quid
2843 2820 2945 2877 est,
2975 2812 3119 2883 quod
3148 2812 3315 2883 exigit
3327 2813 3630 2884 placitum?
3651 2815 3768 2886 quid

2182 2901 2485 2973 symbolum
2495 2903 2721 2972 quierit?
2748 2902 2951 2970 Quaerit
2975 2904 3065 2961 ille
3085 2912 3310 2977 propter
3335 2914 3412 2973 te,
3425 2922 3537 2961 non
3558 2916 3770 2979 propter

2182 3009 2243 3049 se
2257 3012 2273 3060 ;
2287 3010 2394 3050 non
2409 2996 2535 3065 quia
2552 2996 2643 3052 ille
2660 2997 2890 3065 dubitat,
2910 2997 3007 3053 sed
3028 3006 3087 3053 ut
3106 3005 3166 3053 tu
3184 2998 3377 3054 credas
3395 3017 3408 3052 :
3427 3000 3621 3069 quaerit
3632 3016 3767 3072 sym-

2182 3086 2387 3154 bolum,
2411 3088 2536 3156 quia
2564 3088 2655 3158 qui
2684 3088 2751 3143 ad
2780 3096 2927 3144 tuam
2956 3096 3157 3145 sortem
3184 3090 3367 3157 venit,
3395 3090 3463 3146 ad
3493 3099 3645 3146 tuum
3670 3106 3769 3149 non

2180 3176 2503 3245 dedignatur
2520 3179 2705 3235 venire
2722 3187 3086 3248 contractmn;
3107 3181 3298 3250 quaerit
3317 3181 3639 3254 symbolum,
3648 3183 3770 3251 quia

495 3277 675 3339 pOtest
699 3270 793 3339 qui
818 3270 918 3325 scit
939 3284 1142 3325 amare.
1174 3267 1330 3326 Unde
1355 3285 1454 3325 vos
1475 3268 1587 3337 jam
1608 3278 1808 3339 patres,
1834 3269 1949 3339 jam
1975 3268 2085 3324 for-
2111 3264 2155 3324 C
2188 3269 2282 3338 qui
2309 3284 2430 3325 ctun
2458 3278 2628 3325 totum
2658 3285 2872 3341 semper
2899 3271 3014 3341 ipse
3040 3272 3382 3338 commodat,
3412 3272 3512 3326 vult
3537 3272 3729 3327 deberi
3755 3289 3771 3339 ;

498 3369 597 3428 tes,
624 3361 736 3430 jam
766 3361 1057 3432 prudentes
1093 3361 1356 3433 deprecor
1390 3368 1451 3416 ut
1478 3375 1564 3416 me
1583 3361 1863 3431 patiamini
1884 3375 2084 3432 parvu-

496 3453 563 3507 lis
590 3452 805 3509 Domini
832 3454 937 3509 mei
964 3453 1273 3524 dependam
1298 3452 1494 3508 debita:
1520 3450 1549 3491 ιδ
1588 3452 1898 3508 nutritionis
1923 3454 2086 3509 obse-

497 3546 625 3614 quia
647 3563 661 3599 :
691 3555 747 3601 et
765 3546 1147 3602 blandimentis
1171 3545 1335 3602 hodie
1353 3544 1524 3614 magis
1545 3558 1784 3613 congrua
1802 3560 1965 3615 quam
1990 3561 2088 3617 pc-

472 3638 637 3693 .ritim
663 3637 829 3692 verba
854 3637 1204 3707 depromere;
1248 3652 1359 3692 non
1401 3635 1702 3705 quadrare,
1743 3635 1840 3691 sed
1881 3636 2088 3706 liquare

499 3744 810 3793 sermones,
853 3738 910 3785 et
947 3743 1043 3785 eos
1082 3729 1256 3784 adhuc
1286 3728 1489 3785 teneris
1514 3727 1757 3785 faucibus
1785 3729 1839 3784 in
1868 3730 2086 3786 modum

502 3825 658 3880 lactis
686 3823 959 3880 eﬂ'undere
977 3863 994 3890 ,
1024 3823 1250 3880 domate
1275 3820 1571 3894 Apostolo,
1602 3821 1711 3877 Lac
1745 3823 1884 3879 vobis
1912 3834 2086 3896 potum

501 3918 639 3986 dedi,
672 3935 776 3973 non
806 3932 979 3973 escam
1000 3915 1043 3988 (l
1063 3914 1182 3973 Cor.
1214 3917 1313 3989 tn),
1340 3924 1551 3974 mutare
1576 3930 1757 3984 voces,
1788 3932 1970 3974 amare
1994 3934 2086 3974 va-

501 4012 612 4068 rios
639 4009 860 4067 affectus
876 4050 893 4076 ,
923 4017 980 4066 et
1003 4009 1134 4079 quid
1159 4009 1352 4080 plura?
1378 4015 1591 4078 mente,
1623 4009 1803 4075 corde,
1833 4025 2083 4082 corpore,

402 4168 412 4178 _
501 4107 783 4163 imbecillis
820 4106 1171 4177 parvulorum
1214 4106 1485 4161 mentibus
1523 4105 1795 4176 occupari.
1827 4103 1935 4161 Sed
1973 4106 2086 4176 jam

469 4214 597 4254 -vos
623 4194 878 4253 Ecclesiae
905 4199 992 4269 pia
1017 4198 1260 4267 germina
1288 4197 1607 4268 prophetico
1644 4212 1894 4253 sermone
1938 4211 2088 4253 com-

471 4327 476 4331 -
499 4290 664 4359 pello.
696 4287 890 4357 Venite,
919 4289 1049 4361 ﬁlii;
1071 4288 1247 4343 audite
1265 4305 1348 4343 me
1367 4287 1539 4362 (Psal.
1561 4288 1772 4358 χχχιιι),
1804 4288 1967 4344 immo
1990 4303 2089 4359 per

469 4418 473 4423 .
499 4395 609 4444 me,
634 4389 690 4435 et
711 4396 809 4451 per
834 4395 1011 4437 meam
1040 4396 1249 4445 vocem,
1275 4381 1429 4450 jussa
1453 4382 1568 4438 veri
1596 4382 1857 4451 genitoris
1883 4381 2084 4447 audite,

501 4470 628 4540 quia
656 4485 753 4525 vos
778 4486 1009 4537 meoore
1031 4470 1173 4526 Deus
1197 4480 1378 4527 vocat.
1414 4470 1617 4535 Venite,
1646 4473 1764 4543 ﬁlii.
1789 4470 1908 4539 Quo
1935 4473 2088 4529 veni-

501 4565 595 4618 te?
622 4571 678 4619 et
699 4564 767 4620 ad
800 4565 962 4634 quid?
992 4564 1247 4620 Timorem
1270 4564 1513 4631 Domini,
1541 4566 1732 4634 inquit,
1765 4566 1951 4621 docebo
1979 4583 2085 4621 vos.

2190 3360 2383 3431 quaesit
2408 3360 2739 3433 symbolum,
2769 3362 2895 3431 quia
2924 3370 2977 3417 te
3005 3361 3166 3419 modo
3194 3378 3307 3418 non
3333 3362 3404 3417 ad
3429 3377 3535 3418 rem
3557 3377 3773 3418 convov

2187 3461 2309 3519 cat,
2339 3453 2433 3510 sed
2462 3454 2530 3509 ad
2557 3454 2717 3509 ﬁdem
2744 3462 2802 3511 et
2834 3470 2933 3526 per
2959 3455 3215 3526 placitum
3260 3471 3496 3527 presens
3538 3458 3773 3513 tutunuu

2186 3545 2454 3617 pertrabit
2480 3552 2537 3601 et
2573 3545 2767 3601 invitat
2810 3546 2878 3601 ad
2905 3546 3131 3602 lucrum.
3164 3545 3279 3602 Hoc
3307 3545 3597 3617 Apostolus
3625 3564 3771 3602 com-

2188 3645 2483 3703 memorat,
2515 3653 2637 3693 cum
2677 3637 2809 3695 dicit
2840 3656 2853 3693 :
2884 3636 2970 3693 Ex
2997 3638 3102 3709 ﬁde
3137 3640 3190 3695 in
3220 3638 3376 3709 ﬁdem
3408 3638 3581 3712 (Rom.
3619 3639 3681 3708 ι).
3712 3635 3771 3691 Et

2189 3729 2319 3784 alibi
2346 3748 2357 3783 :
2388 3728 2568 3784 Justus
2598 3747 2662 3787 ex
2689 3730 2793 3800 ﬁde
2820 3732 2939 3786 vivit
2980 3728 3166 3803 (Hebr.
3199 3730 3277 3801 ι).
3308 3731 3482 3787 Nemo
3521 3746 3654 3802 ergo
3684 3732 3773 3785 im.

2188 3838 2397 3879 memor
2426 3822 2653 3895 symboli
2680 3825 2782 3889 sit,
2813 3839 2974 3879 nemo
3002 3824 3121 3880 initi
3146 3839 3268 3879 cum
3317 3822 3430 3880 Deo
3478 3824 3667 3896 placiti
3712 3825 3774 3878 sit

2189 3914 2421 3982 oblitus;
2452 3929 2611 3969 nemo
2640 3929 2764 3970 cum
2791 3912 2951 3971 ﬁdem
2978 3914 3140 3994 modo
3176 3915 3504 3985 susceperit,
3544 3930 3668 3971 rem
3695 3931 3775 3969 re-

2188 4009 2396 4079 quirat;
2426 4024 2550 4063 cum
2579 4007 2648 4063 ad
2675 4023 2828 4078 spem
2867 4008 3109 4073 venerit,
3138 4022 3308 4078 quare
3335 4023 3447 4063 non
3486 4022 3615 4062 mox
3659 4021 3773 4079 spe-

2187 4107 2308 4155 rata
2353 4099 2619 4170 percipiat
2655 4107 3040 4168 conqueratur.
3072 4098 3209 4154 Audi
3236 4096 3557 4169 Apostolum
3596 4091 3778 4154 dicen-

2189 4201 2300 4249 tem
2331 4210 2345 4246 :
2379 4191 2486 4264 Spe
2525 4191 2656 4247 salvi
2685 4194 2812 4264 facti
2852 4208 3058 4257 sumus,
3089 4208 3203 4264 spes
3232 4200 3403 4246 autem
3443 4207 3557 4263 quer
3581 4190 3778 4245 tidem

2189 4303 2294 4342 non
2321 4295 2398 4341 est
2423 4302 2568 4357 spes;
2598 4284 2734 4358 quod
2761 4284 2897 4339 enim
2926 4284 3060 4340 uidet
3087 4285 3219 4358 quis,
3250 4282 3375 4357 quid
3403 4292 3574 4355 sperat
3600 4276 3774 4353 (Rom.

2190 4378 2338 4449 vui)?
2366 4377 2424 4433 Si
2449 4387 2631 4433 autem
2657 4376 2805 4447 quod
2833 4392 2942 4432 non
2970 4374 3211 4433 videmus
3240 4389 3539 4445 speramus,
3562 4388 3669 4443 per
3689 4388 3779 4444 pa-

2194 4469 2434 4527 tientiam
2464 4476 2856 4540 exspectamus.
2888 4464 3024 4537 Spes
3052 4466 3119 4521 ad
3166 4464 3342 4521 futura
3391 4463 3599 4529 tendit,
3657 4461 3779 4517 ﬁdes

2195 4561 2260 4616 ad
2290 4560 2552 4633 promissa
2583 4559 2922 4624 transmittit;
2953 4572 3074 4613 cum
3107 4572 3193 4612 res
3230 4555 3506 4619 venerint,
3550 4553 3781 4607 advene-

502 4656 571 4712 Et
597 4659 718 4728 quis
745 4659 924 4713 veniat
951 4658 1017 4713 ad
1046 4659 1329 4714 timorem?
1356 4659 1446 4713 ille
1478 4660 1569 4729 qui
1599 4660 1713 4714 vult
1753 4659 1916 4713 vitam
1941 4702 1955 4725 ,
2003 4659 2092 4714 ille
2123 4655 2168 4715 D
2194 4654 2304 4708 rint
2324 4662 2379 4708 et
2406 4653 2691 4723 promissa.
2723 4664 2847 4720 Spes
2873 4649 3086 4713 desinit.
3120 4647 3251 4703 ﬁdes
3272 4655 3467 4702 cessat
3501 4646 3689 4700 DulCiS
3707 4652 3779 4700 Si

502 4752 594 4821 qui
624 4752 770 4822 cupit
798 4751 979 4807 videre
1006 4750 1121 4807 dies
1145 4750 1353 4818 bonos;
1384 4747 1474 4807 ille
1510 4751 1602 4822 qui
1646 4750 1756 4806 vult
1784 4750 1983 4808 bonum
2013 4750 2091 4807 fa-

501 4857 647 4908 cere,
678 4843 858 4914 fugere
898 4845 1126 4911 malum;
1173 4844 1263 4899 ille
1302 4844 1394 4914 qui
1432 4853 1557 4915 post
1584 4846 1763 4900 carnis
1790 4845 2091 4914 etvspiritus

502 4935 808 4993 conﬂictum
838 4938 1073 5008 quietem
1114 4938 1307 4993 divinae
1346 4937 1495 5009 pacis
1524 4936 1794 4992 desiderat
1822 4936 2086 4992 obtinere.

510 5028 711 5094 Venite,
742 5028 872 5101 ﬁlii;
899 5029 1074 5084 audite
1100 5048 1181 5085 me
1201 5047 1219 5084 :
1249 5030 1479 5085 timorem
1505 5026 1736 5096 Domini,
1767 5027 1956 5098 inquit,
1990 5030 2086 5085 do-v

500 5120 620 5176 cebo
640 5137 742 5176 vos.
773 5118 901 5185 Quis
920 5132 996 5177 est
1024 5122 1175 5177 homo
1213 5123 1299 5195 qui
1319 5121 1425 5177 vult
1443 5122 1617 5187 vitam,
1644 5130 1694 5176 et
1720 5122 1859 5193 cupit
1879 5119 1985 5175 dies
2014 5120 2090 5175 ci-

464 5226 467 5229 '
500 5212 621 5269 dere
648 5212 841 5269 bonos?
861 5212 1090 5269 Prohibe
1106 5214 1339 5286 linguam
1360 5222 1500 5268 mons
1519 5226 1554 5267 α
1578 5210 1736 5282 malo,
1758 5222 1811 5268 et
1834 5212 1975 5268 labia
2000 5220 2087 5268 tua

572 5407 597 5436 η
629 5395 872 5461 Veteres,
901 5393 1180 5449 nutricium
1207 5390 1414 5449 dixere.
1448 5392 1759 5466 Inscriptio:

1036 5501 1242 5542 ΙΕΙΙΙΛ
1281 5501 1562 5541 τειτυιιι

1097 5572 1346 5614 1111⁸11010
1382 5572 1497 5613 SUO.

508 5664 698 5742 lustin.
719 5665 892 5742 lnstit.
916 5667 998 5722 tit.
1024 5668 1058 5721 6
1090 5667 1119 5742 ς
1150 5666 1227 5742 5_:
1257 5669 1362 5742 Aut
1393 5668 1750 5742 pwdagOQum,
1784 5677 1880 5742 aut
1920 5669 2087 5742 nutri-A

503 5738 660 5812 cium,
700 5747 789 5812 aut
823 5736 1165 5812 educatorem.
1198 5736 1407 5812 Laudat
1442 5736 1749 5812 verba'bmt:
1775 5736 2089 5812 Chrysologi

507 5804 790 5920 Piqnﬁrius
807 5807 874 5862 de
891 5806 1085 5876 Jernis,
1117 5825 1237 5895 pag.
1271 5811 1374 5868 582
1400 5822 1604 5871 recent.
1636 5811 1764 5869 edit.

685 5891 726 5920 ι-
753 5871 908 5920 (ἴτυς-
935 5879 1248 5920 ράιιινηιοηηη

630 5874 728 5941 Ms.
753 5871 911 5939 Cios"
935 5871 1267 5939 educationis.

2197 4746 2442 4818 epistola,
2475 4740 2569 4799 sed
2597 4757 2767 4812 usque
2794 4741 2920 4796 dum
2946 4741 3131 4796 veniat
3160 4741 3273 4809 ipse
3308 4738 3403 4810 qui
3448 4738 3593 4793 mit
3619 4755 3637 4801 ;
3690 4751 3780 4794 Isc-

2197 4838 2487 4901 cessarium
2518 4834 2950 4904 chirographum,
2981 4832 3077 4888 sed
3105 4846 3273 4901 usque
3302 4830 3368 4885 ad
3398 4829 3565 4885 debiti
3597 4826 3783 4885 reddi-

2196 4933 2428 4997 tionem;
2460 4930 2597 4999 grati
2626 4926 2805 4993 ﬂores,
2829 4927 2925 4983 sed
2953 4942 3123 4996 usque
3150 4926 3278 4981 dum
3305 4925 3556 4981 veniatur
3580 4922 3657 4978 ad
3686 4939 3783 4994 po-

2194 5040 2302 5081 ma.
2336 5024 2442 5081 Sed
2472 5022 2755 5096 praesentia
2785 5020 3069 5091 epistolam
3115 5018 3294 5083 delet,
3343 5018 3546 5088 rumpit
3581 5016 3783 5075 soluti)

2193 5117 2532 5180 cautionem,
2565 5111 2724 5168 ﬂores
2769 5118 3157 5167 consumuntur
3184 5124 3213 5163 a
3243 5109 3419 5180 pomis
3452 5126 3463 5162 :
3494 5115 3551 5163 et
3577 5108 3708 5162 ideo
3734 5114 3785 5163 te

2192 5210 2411 5282 superni
2434 5207 2609 5263 Patris
2629 5204 2815 5271 ﬁlium,
2840 5203 3108 5259 bmredem
3129 5200 3244 5268 Dei,
3267 5198 3603 5257 colunt-edem
3623 5196 3784 5254 ειη-ις

2267 5399 2289 5428 ο
2320 5385 2634 5460 Symbolum
2679 5386 2769 5460 hic
2815 5393 2897 5443 est
2941 5386 3203 5460 scriptura
3240 5399 3335 5460 seu
3364 5383 3785 5460 chier

2198 5457 2337 5522 inter
2363 5454 2518 5512 'dnos
2564 5457 2945 5511 contrahentes
2980 5454 3325 5527 factum;_vcl
3352 5465 3437 5510 est
3478 5454 3699 5527 pignus,
3722 5469 3786 5509 ex

2201 5539 2422 5598 utraque
2450 5529 2681 5599 partium
2709 5528 2912 5599 datum,
2944 5527 3119 5599 neab
3154 5525 3308 5579 initio
3354 5525 3637 5599 contractu
3686 5526 3784 5599 in:

2196 5592 2351 5671 pune'
2369 5592 2573 5671 resilire
2600 5598 2777 5671 liceat.
2815 5596 3213 5671 Min._Addam
3244 5603 3439 5671 testem
3466 5595 3691 5671 Suidasp
3721 5592 3787 5649 ad

2196 5667 2433 5726 tuentem
2460 5667 2814 5740 Chrysologi:
2850 5667 3130 5739 Symbola,
3167 5668 3449 5740 pactiones,
3491 5682 3620 5738 quas
3648 5667 3782 5720 iam

2162 5742 2250 5796 ’σε
2278 5741 2504 5793 civitates
2543 5737 2872 5811 pepigerunt,
2897 5737 2961 5792 ‘et
3001 5740 3108 5793 suis
3139 5737 3325 5811 ciuibus
3364 5737 3778 5811 praposrtermtt,

2193 5818 2473 5893 statuentes
2494 5808 2551 5862 ut
2569 5808 2686 5863 aliis
2710 5819 2952 5880 prmetent
2972 5826 3032 5863 ea
3052 5823 3166 5881 qua:
3178 5809 3327 5885 jussu
3346 5818 3485 5875 sunt,
3508 5819 3560 5862 et
3578 5808 3643 5860 ab
3664 5808 3762 5865 alii

2193 5889 2413 5939 vicissim
2434 5889 2722 5951 impetrent.
