3882 6356
152 385 255 444 373
1578 387 1710 445 SER

1837 388 1994 446 LXII.
3329 396 3389 448 τ’ιῖ
3403 394 3431 447 4

143 503 235 569 ssi,
266 502 589 573 participem
614 516 770 572 regni
794 500 1050 569 cmlestts,
1079 500 1447 559 confessorem
1473 502 1640 559 divini
1652 502 1742 574 ju-
1765 511 1817 575 Α
1844 504 2084 561 scient’m
2112 514 2217 561 tuae
2241 505 2414 574 vires;
2439 504 2698 577 quidquid
2726 504 2782 561 in
2808 512 2871 589 te
2890 504 3116 565 rationis
3143 513 3245 575 est,
3275 521 3434 563 exsu-

146 597 313 663 dieis,
343 596 469 653 coeli
499 596 731 653 incolam
749 638 765 663 ,
794 595 1030 668 paradisi
1054 610 1422 668 possessorem
1452 596 1616 652 modo
1640 595 1739 653 de-
1838 596 2006 662 scita,
2037 598 2313 665 examina,
2345 597 2581 665 discute,
2610 604 2979 670 perscrutare,
3011 604 3067 653 et
3094 613 3235 657 nunc
3263 608 3289 647 κ
3317 606 3433 655 stu~

146 690 417 761 signatum
444 698 502 747 te
528 688 635 746 fide
662 689 917 756 noveris;
943 688 1109 746 modo
1135 705 1233 761 spe
1252 730 1269 758 ,
1300 704 1411 745 non
1436 705 1497 746 re
1524 689 1740 747 noveris
1836 690 1989 763 penti
2015 690 2178 748 modo
2204 691 2351 748 solus
2375 691 2546 763 aperi
2571 690 2700 763 quid
2726 699 2810 748 est
2834 689 2983 761 quod
3010 686 3241 762 Spiritus
3265 703 3432 761 gene-

148 791 199 840 te
223 788 557 853 promotum.
588 779 657 837 Et
683 780 809 838 ideo
835 780 1092 852 suscipite
1119 777 1307 848 ﬁdem,
1336 787 1519 837 tenete
1563 795 1736 852 spem,

142 876 303 933 dicite
342 874 653 947 symbolum
674 915 691 942 ,
720 881 783 930 ut
808 873 879 930 ad
906 888 1022 929 rem
1049 882 1107 929 et
1131 873 1201 929 ad
1227 873 1318 929 illa
1343 873 1569 931 valeatis
1593 873 1737 930 bona

144 985 256 1040 quin
282 967 636 1039 prmdiximus
661 968 964 1039 pervenire.
997 966 1222 1038 Signata
1246 983 1364 1024 vos.
1397 966 1600 1035 Hodie,
1630 967 1735 1025 ho-

142 1076 243 1126 mo,
274 1068 671 1133 repraesentata
698 1070 783 1118 est
804 1062 917 1118 Deo
945 1062 1125 1119 anima
1146 1070 1259 1119 tua.
1286 1062 1451 1119 Credo
1470 1064 1525 1119 in
1544 1062 1730 1119 Deum.

141 1165 167 1194 ι
192 1154 323 1223 Qua:
349 1155 446 1211 diu
475 1164 606 1212 ante
630 1155 844 1212 dicebat
871 1155 1070 1222 Deum,
1102 1155 1197 1212 sed
1224 1156 1539 1223 nesciebat;
1566 1172 1733 1213 voca-

138 1248 225 1304 bat
260 1247 467 1315 Densa,
507 1248 605 1305 sed
642 1248 955 1319 ignorabat;
985 1248 1268 1319 ignorabat
1311 1249 1523 1319 utique,
1571 1264 1733 1319 quem

138 1339 311 1394 taliter
356 1354 462 1411 per
505 1339 713 1411 lapides
756 1347 815 1395 et
856 1339 1001 1409 ligna
1046 1338 1373 1409 requirebat.
1404 1338 1560 1395 Dicat
1602 1353 1731 1410 ergo

138 1431 308 1499 modo,
342 1433 497 1490 dicat
527 1452 543 1488 :
575 1432 740 1489 Credo
765 1434 823 1488 in
860 1431 1030 1488 Deum
1069 1433 1282 1487 Patrem
1310 1434 1725 1504 omnipotentem.

137 1521 164 1562 δ
172 1521 295 1590 Quae
303 1523 403 1579 diu
417 1540 543 1580 cum
554 1524 763 1580 videret
773 1523 998 1595 lapides,
1013 1524 1103 1581 cui
1112 1524 1361 1581 crederet
1372 1540 1478 1582 non
1489 1525 1725 1582 videbat:

136 1613 221 1671 sed
243 1623 329 1670 est
356 1629 489 1672 vere
508 1616 670 1682 Deus,
686 1617 781 1686 qui
800 1625 857 1673 te
882 1616 1130 1688 pra-stitit
1144 1632 1252 1672 non
1272 1617 1507 1675 videndo
1522 1618 1724 1686 videre,

136 1721 283 1776 quem
308 1707 555 1764 videndo
576 1708 652 1764 dii
677 1709 919 1778 gentium
946 1707 1191 1765 fecerant
1216 1725 1326 1765 non
1353 1710 1558 1768 videre.
1588 1710 1728 1768 Audi

136 1798 400 1855 dicentem
416 1801 732 1858 Dominum:
748 1799 817 1856 In
824 1801 1082 1874 judicium
1096 1803 1211 1858 veni
1224 1803 1280 1858 in
1296 1802 1432 1857 hunc
1453 1804 1721 1873 mundum,

1832 791 1942 851 rat,
1964 782 2133 857 Virgo
2154 785 2409 857 concipit,
2431 785 2597 856 Virgo
2620 785 2784 857 parit,
2813 792 3096 856 permanet
3119 782 3286 854 Virgo
3306 792 3432 857 post

1832 885 2079 950 partum;
2107 878 2559 950 quemadmodum
2595 877 2656 934 fit
2691 876 2925 935 Verbum
2950 892 3114 945 caro,
3142 876 3286 934 Deus
3328 877 3457 933 ho—'

1832 987 1945 1039 mo,
1975 972 2140 1029 homo
2169 971 2490 1030 transfertur
2518 973 2571 1029 in
2600 972 2802 1040 Deum;
2830 969 3283 1044 quemadmodum
3325 986 3426 1028 cu-

1834 1063 2029 1119 nabula
2057 1064 2280 1136 capiunt
2304 1079 2468 1136 quem
2495 1080 2607 1121 non
2634 1064 2779 1137 capit
2803 1064 3034 1131 callus;
3067 1062 3425 1134 quemadmo-

1833 1154 1959 1211 dum
2006 1164 2257 1226 portatur
2296 1156 2541 1212 humeris
2577 1156 2764 1212 orbem
2803 1155 2897 1226 qui
2943 1155 3174 1211 sustinet
3219 1162 3423 1224 totum;

1826 1262 1999 1319 quare
2027 1249 2141 1321 ipse
2167 1249 2260 1320 qui
2288 1249 2415 1305 fecit
2442 1248 2645 1315 omnia,
2674 1248 2903 1305 instituit
2926 1247 3197 1310 universa,
3226 1252 3425 1303 cuncta

1830 1339 2162 1409 moderatur,
2184 1340 2252 1398 de
2281 1348 2335 1397 te
2363 1341 2534 1406 nasci,
2558 1356 2591 1395 a
2620 1348 2674 1396 te
2702 1340 2817 1409 regi
2842 1340 3034 1408 voluit,
3064 1338 3296 1395 instituit
3321 1353 3424 1394 nu-

1828 1434 1975 1501 triri,
2021 1443 2079 1490 ut
2124 1443 2179 1491 te
2216 1443 2445 1505 parente
2470 1434 2713 1499 viveret,
2762 1432 2915 1504 cujus
2950 1440 3076 1489 ante
3102 1432 3426 1503 despexerat

1828 1527 2161 1583 servitutem.
2194 1526 2264 1582 Et
2288 1528 2333 1583 si
2361 1528 2467 1584 hoc
2500 1527 2740 1599 potueris
2767 1527 2836 1582 de
2863 1526 3104 1597 reposito
3128 1524 3424 1581 divinitatis

1826 1620 2090 1688 attingere
2118 1626 2174 1676 et
2197 1618 2445 1691 proferre
2463 1620 2531 1676 de
2558 1619 2774 1675 deitatis
2802 1634 3024 1685 arcano,
3050 1626 3177 1675 tunc
3196 1618 3423 1674 interius

1826 1710 2045 1779 accede,
2076 1711 2307 1769 ascende
2335 1712 2513 1777 altius,
2546 1712 2796 1768 licentius
2816 1712 3047 1779 intuere,
3077 1718 3135 1768 et
3160 1720 3289 1767 tunc
3317 1708 3423 1766 Pa-

1824 1804 1923 1860 tris
1952 1815 2215 1878 tempora,
2246 1806 2399 1861 initia
2426 1805 2568 1873 Filii,
2599 1805 2914 1878 explorator
2959 1821 3153 1871 novus,
3183 1804 3422 1875 singula-

136 1892 281 1965 atqui
307 1908 423 1947 non
442 1892 637 1961 vident,
659 1893 886 1960 videant,
908 1902 958 1948 et
976 1893 1205 1949 videntes
1235 1895 1357 1949 σιεσὶ
1385 1894 1518 1966 ﬁant
1539 1893 1718 1967 (Joan.
1752 1897 1800 1959 Β
1826 1894 1901 1950 ris
1928 1895 2196 1965 inventor,
2227 1896 2474 1969 proditor
2500 1896 2798 1953 divinitatis
2825 1911 3057 1967 expone.
3084 1894 3215 1951 Esto
3243 1894 3423 1966 major

136 1983 218 2054 ts).
240 1984 415 2042 Credo
440 1987 498 2040 in
534 1985 705 2042 Deum
744 1985 976 2042 Patrem.
1016 1985 1163 2043 Inest
1189 1987 1303 2044 Deo
1329 1988 1524 2059 pietas,
1556 1996 1640 2044 est
1665 1989 1722 2046 in

136 2073 232 2130 Deo
247 2090 474 2147 semper
493 2076 729 2142 affectio,
753 2077 1053 2147 paternitas
1071 2086 1356 2149 permanet
1374 2078 1516 2150 apud
1538 2079 1718 2150 illum;

132 2183 336 2239 smper
367 2183 503 2239 ergo
528 2170 722 2225 Filium
748 2168 915 2226 fuisse
940 2170 1151 2238 credas,
1174 2184 1244 2227 ne
1270 2169 1487 2227 Patrem
1506 2186 1721 2243 semper

134 2276 230 2316 non
253 2260 428 2318 fuisse
454 2263 814 2334 blasphemes.
865 2262 973 2319 Sed
1011 2263 1148 2320 dicis
1179 2282 1193 2319 :
1224 2262 1285 2320 Si
1310 2265 1498 2334 genuit
1518 2304 1536 2333 ,
1578 2280 1718 2336 quo-

132 2354 278 2412 modo
298 2371 527 2428 semper
572 2357 791 2413 habuit?
817 2357 1093 2428 quomodo
1119 2357 1347 2428 genuit?
1374 2355 1478 2426 Qui
1515 2358 1594 2415 sic
1630 2358 1714 2414 in~

136 2457 382 2521 turogas,
412 2449 576 2508 ﬁdem
603 2466 788 2522 negas,
818 2466 984 2522 quam
1009 2450 1214 2508 fateris.
1238 2450 1403 2508 Credo
1429 2452 1611 2508 dixisti
1633 2471 1649 2507 :
1670 2453 1719 2509 si

136 2543 323 2612 credis,
359 2545 502 2602 unde
528 2546 679 2601 venit
704 2546 1013 2615 quomodo?
1038 2546 1313 2616 quomodo
1341 2561 1521 2601 sermo
1559 2546 1714 2603 dubi-

134 2636 283 2692 tantis
306 2645 415 2704 est,
445 2652 558 2695 non
582 2637 872 2694 credentis.
906 2636 1073 2695 Credo
1098 2638 1280 2694 dixisti
1306 2640 1362 2693 in
1400 2637 1568 2695 Deum
1606 2639 1717 2695 Pa-

138 2738 253 2784 trem
267 2731 668 2802 omnipotentem
689 2747 708 2785 :
737 2731 783 2786 si
811 2737 912 2797 est,
941 2731 1087 2802 quod
1114 2747 1224 2787 non
1256 2741 1279 2771 ο
1308 2739 1510 2802 potest,
1540 2733 1716 2789 omni-

137 2828 313 2893 potens
338 2836 446 2877 non
473 2829 589 2889 est;
620 2822 715 2878 sed
745 2830 805 2878 tu
842 2823 991 2878 illum
1034 2823 1287 2893 genuisse
1313 2838 1383 2878 ex
1410 2823 1593 2892 aliquo
1619 2822 1712 2879 Fi-

136 2907 257 2965 lium
279 2920 451 2983 putas,
480 2927 649 2983 quem
674 2921 849 2971 totum
875 2913 1071 2971 fecisse
1115 2912 1389 2970 conﬁteris
1415 2929 1485 2970 ex
1512 2915 1708 2983 nihilo;

1821 1986 1980 2056 Isaia,
2011 1989 2103 2059 qui
2132 1989 2269 2044 dixit
2294 2007 2307 2043 :
2340 1988 2491 2045 Sicut
2517 1990 2622 2061 ovis
2669 1989 2740 2044 ad
2767 1990 3072 2046 occisionem
3098 1988 3280 2052 ductus
3318 1994 3416 2053 est,

1821 2087 1871 2133 et
1896 2080 2031 2134 sicut
2066 2096 2231 2153 agnus
2277 2097 2454 2135 coram
2493 2079 2733 2136 tondente
2770 2097 2826 2135 se
2861 2082 2974 2136 sine
3014 2096 3152 2147 voce,
3193 2079 3268 2134 sic
3310 2094 3417 2134 non

1822 2174 2108 2245 aperuitos
2139 2190 2318 2240 suum;
2365 2174 2421 2227 in
2468 2173 2758 2228 humilitate
2797 2172 3053 2246 judicium
3100 2174 3210 2244 ejus
3263 2170 3410 2225 abla-

1822 2273 1927 2320 tum
1981 2274 2058 2320 est
2082 2306 2099 2331 ,
2157 2267 2539 2338 generationem
2596 2267 2707 2337 ejus
2765 2267 2879 2339 quis
2937 2263 3201 2320 enarrabit
3261 2260 3409 2335 (Isa.

1819 2356 1995 2429 Lm)?
2040 2354 2240 2426 Cujus?
2277 2356 2448 2427 Hujus
2501 2358 2911 2427 generationem
2959 2356 3053 2427 qui
3104 2356 3244 2411 sicut
3296 2352 3415 2411 ovis

1817 2447 1886 2503 ad
1939 2447 2267 2504 occisionem
2319 2447 2512 2503 ductus
2568 2457 2670 2504 est.
2722 2447 2749 2485 ιι
2797 2444 2855 2504 Si
2916 2444 3116 2502 Christi
3178 2446 3415 2502 humana

1815 2541 2093 2610 generatio
2140 2541 2384 2609 exstitit,
2433 2542 2480 2598 si
2523 2541 2743 2608 divina;
2793 2550 2849 2597 et
2892 2542 2938 2596 si
2985 2548 3045 2596 ut
3086 2547 3409 2610 generatur,

1815 2635 2026 2691 narrari
2054 2651 2161 2691 non
2187 2642 2402 2707 potest,
2431 2650 2551 2706 qua:
2578 2645 2651 2702 te,
2683 2635 2866 2703 homo,
2898 2634 3071 2702 unda,
3102 2634 3196 2705 qui
3224 2640 3279 2689 te
3306 2629 3410 2691 ﬂu-

1814 2736 1965 2798 ctus,
1996 2730 2066 2786 ad
2093 2730 2235 2788 istud
2273 2730 2613 2801 naufragium
2639 2731 3012 2802 pertulerunt?
3039 2731 3134 2801 qui
3163 2737 3216 2786 te
3243 2729 3409 2801 spiri-

1813 2832 1899 2877 tus
1926 2836 2024 2893 per
2051 2835 2176 2877 aera
2203 2821 2433 2879 volitare
2472 2818 2684 2892 impulit
2715 2819 2784 2877 ad
2822 2814 3071 2876 ruinam?
3100 2817 3281 2888 Pater,
3310 2817 3407 2875 Fi-

1813 2915 1916 2972 lius
1953 2922 2010 2971 et
2047 2914 2278 2987 Spiritus
2304 2922 2529 2973 sanctus
2566 2931 2675 2971 una
2702 2913 2907 2982 deitas,
2938 2928 3047 2970 una
3075 2913 3265 2979 virtus,
3296 2926 3410 2969 una

142 3016 205 3057 ex
229 3002 397 3074 aliquo
420 3005 606 3075 utique
625 3045 641 3071 ,
691 3006 738 3061 si
783 3021 849 3061 ex
897 3014 1143 3078 tempore
1175 3024 1187 3060 :
1227 3006 1375 3076 quod
1418 3007 1466 3063 si
1493 3003 1521 3044 ἀ
1550 3005 1714 3065 Pater
1810 3009 2239 3079 sempiternitas,
2280 3008 2539 3079 majestas
2567 3023 2704 3063 una:
2735 3007 3000 3079 quidquid
3025 3015 3208 3063 autem
3235 3004 3405 3063 Filius

144 3104 347 3168 tenipns
386 3115 483 3155 non
527 3100 711 3171 capit,
759 3098 927 3155 Filius
952 3099 1162 3155 initium
1191 3100 1382 3157 nescit.
1413 3098 1520 3156 Sed
1547 3116 1710 3170 quam
1809 3099 2129 3167 minoratur,
2160 3100 2393 3171 accipit,
2431 3101 2448 3138 ί
2481 3099 2709 3166 crescit,
2740 3099 2849 3155 mei
2876 3106 2960 3154 est
2985 3097 3261 3169 corporis,
3293 3111 3404 3154 non

136 3190 393 3257 miserum,
424 3200 479 3248 ut
502 3201 565 3249 tu
591 3188 740 3251 illum
772 3193 940 3250 facias
968 3193 1344 3266 temporalem,
1366 3193 1460 3262 qui
1490 3200 1545 3249 te
1566 3209 1707 3263 prte-
1808 3193 2122 3249 substantiae
2149 3209 2278 3250 sum.
2322 3193 2429 3249 Aut
2467 3193 2681 3249 miraris
2707 3193 2872 3248 homo
2899 3190 3025 3261 quia
3055 3189 3271 3246 Patrem
3300 3203 3403 3244 vo-

136 3282 255 3337 stitit
277 3284 679 3355 sempiternum.
704 3284 823 3341 Non
844 3299 977 3354 ergo
994 3284 1353 3355 conceptione
1374 3292 1701 3355 temporum,
1731 3286 1776 3348 Ο
1807 3291 1897 3338 cat
1931 3284 1986 3338 in
2026 3286 2167 3341 coelo
2195 3285 2288 3355 qui
2328 3292 2558 3339 matrem
2597 3283 2798 3338 habere
2837 3282 3090 3351 dignatur
3127 3288 3183 3335 tn
3211 3288 3356 3335 terra
3376 3278 3403 3333 Ἰ

135 3389 229 3430 non
254 3377 503 3446 passione
531 3378 830 3445 viscerae,
871 3378 966 3439 sed
1012 3376 1175 3433 Pater
1202 3377 1397 3434 Filium
1442 3388 1702 3448 generat,
1811 3372 1913 3440 Qui
1958 3374 2052 3430 sub
2100 3374 2293 3431 Pontio
2340 3374 2517 3430 Pilato
2559 3374 2839 3446 cruciﬁxus
2885 3380 2998 3440 est,
3051 3380 3104 3427 et
3147 3369 3398 3443 sepultus.

136 3465 272 3521 nobis
294 3466 421 3523 dum
450 3469 677 3525 revelat.
710 3468 781 3524 Et
806 3471 863 3525 in
892 3468 1151 3526 Christum
1175 3469 1356 3527 Iesum
1375 3469 1424 3523 F
1428 3470 1576 3527 ilium
1592 3472 1705 3542 ejus

135 3561 317 3618 silicum
342 3561 624 3623 Donum
652 3574 906 3624 nostrum.
930 3565 1181 3630 Attende,
1204 3565 1388 3630 homo,
1411 3576 1519 3635 qua
1546 3579 1704 3621 reve-

135 3654 280 3711 rentia
308 3655 403 3713 tibi
434 3656 569 3713 ﬁdes
596 3658 897 3717 insinuatur
920 3665 979 3712 et
1005 3658 1234 3715 traditur
1264 3675 1278 3711 :
1311 3657 1438 3713 audi
1465 3656 1700 3726 Patrem,

134 3754 181 3801 st
201 3749 427 3814 sentias,
460 3750 757 3819 intelligas,
787 3750 1008 3817 eredas,
1038 3762 1147 3807 non
1182 3750 1441 3807 discutias
1470 3750 1700 3819 Filimn;

133 3846 176 3893 et
195 3840 310 3909 quia
338 3848 425 3897 est
451 3842 782 3908 confitearis,
806 3854 915 3897 neu
943 3842 1107 3908 unde,
1129 3850 1186 3897 et
1210 3842 1448 3912 quando,
1479 3850 1537 3898 et
1561 3858 1701 3913 quo.

132 3931 267 3987 modo
291 3934 383 4000 sit,
416 3935 737 3993 temerarius
761 3942 1133 4007 perscrutator
1152 3935 1412 4004 inquiras.
1437 3934 1575 3991 Hinc
1595 3944 1698 4002 est,

130 4025 249 4094 quod
306 4028 405 4084 tibi
464 4029 707 4085 emlestis
759 4044 947 4085 sermo
996 4035 1061 4083 ut
1110 4028 1395 4085 annuntiet
1446 4025 1696 4096 Patrem,

131 4130 231 4173 mox
257 4129 311 4175 te
338 4120 411 4176 ad
433 4119 731 4189 Clwistum,
775 4121 845 4181 ad
883 4121 1100 4188 Iesum,
1141 4122 1209 4179 ad
1238 4122 1452 4185 Filium,
1483 4123 1551 4179 ad
1579 4123 1702 4179 uni-

132 4226 226 4266 cum
268 4213 557 4270 Dominum
605 4224 851 4271 nostrum
901 4224 1014 4271 tota
1063 4224 1246 4271 mente
1273 4216 1607 4283 transmittit,
1638 4224 1700 4272 ut

132 4314 227 4357 tum
251 4304 450 4362 videris
477 4306 596 4376 ejus
640 4320 761 4377 qua:
806 4315 932 4363 sunt
978 4308 1234 4373 humana,
1272 4312 1324 4363 te
1353 4322 1454 4364 nec
1483 4310 1699 4377 assequi

132 4410 287 4466 posse,
316 4416 420 4457 nec
464 4402 764 4467 aestimare,
796 4417 897 4459 nec
923 4417 1149 4473 capere,
1180 4416 1288 4457 non
1334 4400 1535 4457 audeas
1579 4401 1698 4471 ejus

133 4503 225 4558 qua
247 4501 368 4548 sunt
393 4490 574 4549 divina
604 4496 938 4564 contingere.
965 4492 1103 4559 Quia
1130 4503 1286 4550 natus
1304 4494 1465 4551 estde
1492 4494 1696 4565 Spiritu

131 4590 279 4638 uncto
296 4601 361 4639 ea:
380 4580 562 4641 Har-ia
581 4587 793 4658 virgine.
819 4584 950 4655 Age,
974 4587 1156 4653 homo,
1184 4594 1209 4624 ε
1238 4586 1283 4640 si
1304 4594 1487 4641 tamen
1507 4587 1692 4654 homo,

1808 3466 2016 3535 Quare,
2047 3468 2245 3535 homo,
2277 3467 2370 3537 qui
2398 3467 2453 3521 in
2494 3481 2553 3522 se
2592 3467 2815 3536 aequalis
2843 3471 2929 3520 est
2954 3463 3135 3530 Patri,
3177 3462 3284 3518 hoc
3309 3478 3401 3518 so-

1807 3561 1937 3628 lum,
1969 3560 2117 3629 quod
2152 3558 2208 3615 in
2250 3566 2305 3614 te
2338 3558 2515 3614 minor
2551 3571 2671 3614 esse
2706 3556 2908 3624 voluit,
2951 3554 3208 3614 accusas?
3236 3568 3402 3623 quem

1805 3651 1960 3707 audis
1999 3651 2223 3709 sedente
2259 3651 2435 3706 Pilato
2474 3657 2683 3715 astare,
2715 3655 3081 3719 cognoscente
3107 3646 3285 3702 Pilato
3306 3646 3398 3717 ju-

1804 3746 2005 3812 dicari,
2035 3759 2206 3815 quare
2242 3745 2349 3801 hoc
2376 3744 2553 3801 solum
2580 3743 2782 3814 accipis
2810 3742 2990 3799 addici
3017 3739 3400 3801 accusantibus

1803 3838 2142 3904 criminosis,
2185 3852 2283 3893 reo
2320 3837 2709 3908 pronuntiante
2747 3836 3038 3893 damnari?
3078 3834 3186 3891 Sed
3212 3833 3304 3889 ille
3328 3832 3399 3893 de

1802 3947 1967 3988 carne
2007 3938 2099 3987 tua
2128 3931 2278 3987 nasci
2317 3931 2522 3996 voluit,
2566 3931 2673 3987 tuis
2708 3930 2880 3987 voluit
2930 3930 3186 3987 uberibus
3233 3942 3399 3985 occu—
3462 3947 3471 3960 ·

1799 4024 1939 4096 pari,
1964 4024 2149 4094 jacere
2176 4023 2231 4078 in
2256 4030 2351 4079 tuo
2378 4030 2619 4094 pectore,
2650 4023 2757 4079 tuis
2782 4022 2955 4080 voluit
2973 4021 3211 4078 humeris
3236 4019 3396 4091 Μαι

1800 4116 1919 4180 lari,
1950 4118 2043 4187 qui
2070 4132 2283 4186 semper
2310 4132 2342 4173 a
2371 4124 2425 4173 te
2464 4117 2634 4173 amari
2661 4117 2862 4184 voluit,
2894 4131 3002 4173 non
3029 4115 3229 4172 timeri.
3285 4113 3397 4171 Re-

1799 4209 1953 4277 quire
1992 4209 2123 4278 quid
2161 4209 2215 4263 in
2253 4209 2373 4279 lege
2413 4210 2751 4265 mandaverit
2788 4209 3052 4280 primum,
3095 4215 3151 4265 et
3175 4206 3308 4278 quid
3334 4207 3395 4261 in

1797 4302 2027 4371 gratiam
2064 4302 2339 4372 quaesierit
2378 4309 2507 4358 tunc
2542 4303 2769 4358 videbis.
2812 4301 3181 4371 Interrogatus
3206 4296 3394 4356 Domi-

1797 4412 1930 4462 nus,
1962 4395 2103 4453 sicut
2141 4395 2473 4465 evangelista
2513 4394 2679 4463 dixit,
2721 4395 2866 4466 quod
2906 4402 3048 4453 esset
3076 4392 3392 4451 mandatum

1795 4490 1853 4545 in
1878 4490 1997 4559 lege
2036 4489 2299 4561 primum,
2344 4489 2457 4544 ait:
2492 4487 2695 4561 Diliges
2721 4487 3002 4543 Dominum
3038 4485 3209 4542 Deum
3248 4494 3393 4542 tuum

1795 4598 1861 4637 ex
1907 4588 2012 4636 toto
2058 4580 2213 4636 corde
2259 4589 2364 4650 tuo,
2396 4590 2449 4635 et
2490 4596 2555 4636 ea:
2596 4588 2704 4636 tota
2740 4582 2918 4635 annua
2947 4587 3057 4647 tua,
3087 4588 3137 4634 et
3173 4595 3240 4634 ea:
3282 4586 3392 4634 tota

135 4673 426 4742 progredere
470 4676 634 4732 corde
663 4684 776 4741 tuo,
807 4690 1071 4747 consurge
1100 4682 1280 4733 mente
1310 4685 1428 4743 tua,
1461 4677 1689 4733 dilatare
1719 4679 1771 4743 Ι)
1792 4686 1959 4733 mente
1988 4685 2077 4732 tua
2104 4672 2317 4750 (Matth.
2344 4674 2512 4747 xxn);
2551 4676 2682 4733 hinc
2720 4681 2805 4732 est
2841 4674 2986 4746 quod
3015 4673 3085 4730 ad
3112 4688 3209 4731 cor
3235 4682 3391 4730 tuum

133 4766 341 4824 sensibus
388 4768 524 4835 tuis,
562 4769 580 4807 ί
612 4771 788 4841 arrige
816 4771 1015 4840 ingenii
1065 4772 1141 4827 tui
1186 4771 1463 4839 acumina,
1512 4772 1689 4829 excita

188 4922 316 4998 flia.
333 4923 570 4998 Essem,
593 4942 759 4998 apem.

186 4989 210 5030 δ
228 4993 317 5070 ξε.
338 4989 575 5070 C:_esen.,

190 5064 582 5139 fllsstCzesen.
611 5064 669 5139 et
698 5067 893 5134 Vatic.,
918 5069 1099 5139 possit.

189 5131 211 5170 ⁸
232 5134 321 5192 Ms.
341 5137 577 5203 Caesiam,
600 5138 832 5193 Patrem.

191 5204 299 5279 {Et
320 5225 431 5264 non
460 5211 630 5278 magis
656 5211 900 5279 angelus,
920 5215 981 5263 ut
1006 5209 1109 5263 ista
1137 5207 1433 5276 intelligas;
1463 5207 1549 5263 vel
1577 5206 1695 5279 ani-3

134 5275 221 5364 tua!
244 5279 448 5364 ratione
471 5275 699 5364 carens,
731 5275 839 5364 aut
865 5280 1112 5335 diabolus
1138 5275 1343 5334 malitia
1379 5286 1568 5345 utens,
1598 5277 1693 5347 qui

134 5352 306 5405 temere
334 5351 435 5406 ista
463 5351 737 5422 disquiris.
766 5351 931 5406 Μιτι.

193 5414 210 5456 ⁸
235 5417 305 5492 ita
334 5419 577 5492 Latinius
604 5432 658 5478 et
685 5438 786 5477 ms.
818 5419 1103 5488 Vallicellq
1135 5419 1284 5486 editi,
1308 5421 1481 5492 arripe

190 5496 213 5565 ξ
238 5487 325 5565 ys.
353 5490 589 5565 Cresco“
611 5493 888 5565 stupenda.

159 5556 213 5639 _‘
234 5558 561 5639 omnium
578 5556 827 5639 consului
847 5578 998 5639 mss,
1029 5564 1297 5633 generatio
1323 5562 1584 5639 exstitit‘si
1606 5559 1698 5615 Di-

133 5630 249 5684 vina.
286 5630 476 5706 Lectio
496 5635 597 5690 nisi
625 5643 750 5706 apte
775 5630 1139 5703 distinguatur
1178 5640 1255 5706 et;
1278 5632 1691 5706 pronuntietur,

137 5712 223 5755 non
247 5705 379 5774 parit
402 5705 511 5763 hoc
536 5702 674 5762 loco‘
687 5702 982 5774 congruam
1028 5702 1379 5769 sententiam;
1417 5718 1587 5772 quare
1616 5702 1695 5757 sic

135 5780 247 5847 illi“)
266 5773 543 5847 legendum
574 5795 588 5831 :
616 5779 667 5833 'si
707 5773 935 5831 humana
974 5774 1169 5830 Christi
1205 5775 1470 5847 generatio
1497 5774 1697 5847 exstitit

135 5851 173 5916 ςι
191 5844 379 5916 divina.
423 5846 535 5902 Hoc
575 5856 677 5911 est,
708 5850 754 5903 si
782 5857 1011 5916 utraque
1037 5844 1315 5914 generatio
1344 5845 1397 5899 in
1419 5859 1487 5899 eo
1516 5845 1691 5916 locum

137 5908 288 5981 hibet,
325 5924 380 5973 et
406 5918 461 5975 in
488 5933 599 5979 uno
624 5908 859 5989 Christo,
892 5908 1016 5980 cum
1040 5908 1111 5980 ad
1147 5916 1475 5979 occisionem
1502 5915 1695 5979 ductus

1796 4770 1980 4838 venit,
2016 4770 2033 4822 ι
2066 4776 2124 4827 et
2169 4768 2237 4824 ad
2282 4775 2521 4825 mentem
2567 4775 2747 4835 tuam,
2799 4770 2927 4838 quia
2966 4766 3168 4834 animo,
3200 4763 3387 4832 corde,

1795 4930 1898 5006 est,
1930 4922 2257 5006 tam‘djvina
2286 4937 2448 5006 quam
2485 4922 2723 5006 humana
2767 4923 3062 5006 reperitur;
3101 4929 3389 5006 utramque

1794 4993 2211 5050 inenarrabilem
2241 4993 2455 5049 vocavit
2480 4992 2665 5048 Isaias.
2692 4992 2878 5048 Lectio
2908 5009 3016 5047 non
3061 4997 3144 5048 est
3171 4999 3388 5046 mutan-s

1793 5064 1899 5125 da.
1948 5065 2047 5120 sed
2090 5070 2216 5133 apte
2260 5063 2657 5133 distinguenda.
2706 5062 2832 5120 Haec
2877 5063 3136 5118 Latinius.
3180 5060 3386 5133 Contra

1796 5135 1981 5208 Arium
2023 5142 2081 5208 et
2088 5131 2384 5208 _Eutychen
2415 5131 3247 5208 haeresiarchas,_nt_in_epistola
3275 5131 3389 5187 Au-

1794 5207 1962 5278 ctoris
1988 5207 2057 5278 ad
2085 5203 2383 5278 Eutychen,
2415 5215 2472 5261 et
2490 5206 2617 5278 infr.
2635 5221 2796 5278 serm,
2821 5203 2943 5259 145.
2962 5203 3126 5278 ψῃ.

1874 5276 1891 5315 ί
1934 5276 2149 5333 Adhaasi
2192 5273 2519 5333 correctioni
2569 5276 2907 5332 Meursianae.
2961 5273 3103 5328 Editi
3126 5314 3142 5338 ,
3197 5275 3381 5327 nescit.

1796 5345 2062 5403 Caeterum
2095 5348 2215 5403 loca
2245 5346 2537 5451 Scriptura:
2565 5345 2721 5402 Joan.
2754 5363 2841 5401 xiv
2873 5351 2929 5401 et
2958 5344 2979 5398 Ι
3008 5342 3255 5399 Corinth.
3289 5358 3429 5451 xv,\

1796 5427 1849 5451 nl
1879 5419 1921 5451 ni
1952 5433 2071 5451 num
2103 5418 2204 5451 alia
2270 5434 2372 5451 nvn
2399 5417 2585 5451 inn-11h
2617 5426 2740 5451 anns
2808 5416 2953 5451 nurui
2974 5414 3138 5451 Filium
3157 5413 3271 5451 cnh
3294 5428 3384 5451 να..

1796 5427 1851 5473 et
1879 5419 1924 5474 si
1951 5433 2071 5488 quae
2101 5418 2206 5472 alia
2222 5459 2238 5486 ,
2270 5413 2588 5489 explicanda
2617 5426 2773 5483 sunt,
2808 5416 2954 5489 quod
2973 5414 3140 5489 Filius
3157 5413 3273 5489 sola
3294 5428 3384 5467 ra-
3406 5413 3435 5473 ‘.

1796 5489 1945 5545 tione
1968 5481 2237 5545 'humanai
2288 5481 2495 5544 natura:
2531 5488 2601 5543 sit
2638 5481 3031 5543 minor'Patrc.
3091 5484 3171 5540 ita
3211 5481 3386 5554 Chry-

1797 5558 2356 5633 sostomus,_Cyril_lus
2380 5560 2480 5633 lib.
2499 5575 2544 5633 _n
2564 5557 2747 5633 Thes_.,
2774 5557 3053 5633 Augustin.
3088 5556 3181 5633 lib.
3214 5571 3257 5633 ιι
3272 5553 3388 5609 Tri-

1800 5631 1921 5697 nit.,
1946 5646 2068 5702 cap.
2095 5631 2146 5702 '1,
2170 5626 2226 5686 et
2245 5628 2578 5702 Gaudentius
2604 5632 2661 5702 in
2688 5628 2860 5702 Epist.
2893 5628 2962 5702 ad
2981 5626 3161 5694 Paul.,
3179 5626 3388 5702 rei???

1798 5697 2044 5757 veterum
2093 5700 2315 5756 Patrmu
2366 5697 2835 5771 explicatione’de
2862 5699 3075 5771 ratione
3107 5697 3383 5770 principii,

1800 5788 1908 5827 non
1934 5772 2001 5828 de
2032 5772 2245 5827 ratione
2278 5770 2499 5841 natium,
2520 5785 2567 5841 Va
2600 5784 2707 5839 qua
2740 5777 2930 5841 utpote
2948 5770 3131 5827 minus
3144 5780 3385 5840 congrua

1796 5843 1944 5914 resili
1952 5844 2056 5899 isse
2073 5842 2287 5914 videtur
2303 5840 2687 5914 Chrysalogm.

1874 5912 1901 5984 ig
1937 5913 2036 5971 Ms.
2059 5910 2314 5984 Caesonis,
2343 5910 2568 5993 micepit
2594 5912 2826 5973 uitiatum
2846 5921 3005 5973 aiant.
