3882 6356
164 377 262 437 επ
1581 368 1808 429 sentio
1842 367 2027 425 Lxut.
3337 371 3459 436 sas

164 486 399 546 divinum
423 487 532 556 sit,
574 492 599 526 ι
629 500 739 543 non
783 483 1095 562 humanum.
1158 481 1389 538 Tantum
1426 488 1607 539 autem
1634 480 1664 523 δ
1694 481 1750 539 ἰη
1777 488 1822 550 Α
1851 480 1898 538 si
1922 478 1943 520 ί
1967 480 2021 537 in
2042 480 2293 553 paradiso
2304 490 2381 549 tu,
2403 482 2614 552 mulier,
2632 497 2740 540 non
2761 479 2981 555 fuisses;
3002 485 3215 557 mulier,
3234 495 3447 562 tuqute-

164 581 281 640 loco
319 579 745 651 exspectatione
788 560 1249 643 mortis‘residet,
1300 584 1361 631 ut
1399 585 1454 632 et
1481 584 1755 633 mortuum

163 672 271 742 ipse
299 669 559 737 nuntiet,
610 677 667 726 et
711 677 843 726 tunc
881 668 951 725 ad
978 666 1238 723 Lazarum
1264 667 1545 724 denuntiet
1569 682 1628 724 se
1657 683 1753 723 ve-

163 766 289 820 nire.
331 760 428 818 Ait
456 763 631 828 enim,
664 760 899 818 Lazarus
928 771 1157 817 mortuus
1186 770 1281 828 est,
1310 771 1361 816 et
1388 762 1606 834 gaudeo.
1638 759 1754 819 Hoc

163 868 239 917 est
264 859 528 915 amasse?
567 858 836 931 gaudebat
860 855 1140 923 Christus,
1179 856 1305 925 quia
1334 870 1536 912 maeror
1563 856 1753 913 mortis

161 951 453 1010 vertendus
492 961 623 1009 mox
662 959 780 1008 erat
818 949 1232 1007 resurrectionis
1275 947 1329 1002 in
1369 947 1641 1017 gaudium.
1683 947 1754 1003 Et

161 1044 353 1122 gaudeo
404 1053 625 1118 propter
670 1060 777 1101 vos.
827 1042 1023 1113 Quare,
1072 1050 1298 1115 propter
1340 1043 1479 1098 vos?
1522 1042 1649 1111 quia
1695 1041 1751 1097 in

160 1147 330 1197 morte
368 1145 431 1193 et
475 1137 872 1194 resurrectione
912 1134 1101 1191 Lazari
1141 1133 1308 1205 figura
1336 1140 1452 1189 tota
1480 1134 1671 1189 mortis
1696 1141 1753 1189 et

160 1231 579 1290 resurrectionis
622 1230 908 1287 dominica:
952 1229 1300 1303 pingebatur;
1348 1236 1404 1284 et
1446 1227 1592 1299 quod
1633 1235 1752 1284 erat

161 1333 471 1383 secuturum
498 1340 623 1381 mox
653 1325 708 1380 in
737 1323 965 1379 Domino
988 1323 1100 1394 jam
1120 1322 1459 1395 pratcedebat
1488 1322 1542 1378 in
1570 1337 1745 1379 servo.

162 1416 378 1476 Dicebat
405 1417 583 1472 semel
611 1424 667 1472 et
693 1416 889 1473 iterum
918 1414 1196 1486 discipulis
1222 1415 1373 1471 suis:
1405 1414 1542 1470 Ecce
1570 1432 1751 1470 ascen-

163 1511 319 1567 dimus
351 1508 797 1580 Hierosolymam,
816 1518 866 1564 et
897 1507 945 1563 F
947 1509 1069 1564 ilius
1091 1508 1313 1564 hominis
1344 1507 1576 1564 tradetur
1598 1510 1747 1580 prin-

164 1600 347 1675 cipibus
374 1602 712 1657 sacerdotum
747 1609 798 1655 et
834 1599 1015 1657 scribis
1044 1617 1063 1655 :
1101 1610 1154 1656 et
1193 1600 1607 1656 condemnabam
1632 1618 1748 1656 eum

162 1703 344 1759 morte,
390 1703 446 1750 et
476 1693 681 1749 tradent
710 1710 824 1748 eum
864 1692 1097 1766 gentibus
1127 1693 1198 1748 ad
1225 1692 1544 1748 illudendam
1572 1702 1623 1749 et
1648 1694 1747 1763 ﬂa-

164 1785 491 1863 geuandum,
519 1796 573 1842 et
609 1785 680 1840 ad
705 1785 1109 1859 cruciﬁgendum
1147 1784 1362 1858 (Matth.
1394 1783 1509 1855 xx).
1550 1784 1617 1840 Et
1644 1785 1745 1841 ista

1855 572 1971 631 sisti
1993 573 2275 648 lacrymas,
2298 581 2356 630 tu
2388 575 2640 631 invenisti
2677 576 2927 644 gemitus,
2970 586 3030 635 tu
3047 595 3277 638 mortem
3303 584 3444 652 gulm

1853 670 2031 743 pretio
2055 670 2401 743 comparasti,
2426 679 2483 726 et
2506 686 2729 728 accusas
2752 671 3054 730 absentiam
3075 674 3200 743 Dei,
3223 678 3441 748 quando

1853 777 2070 819 causam
2098 762 2288 818 mortis
2319 761 2482 819 fuisse
2517 772 2664 819 tuam
2687 765 3028 835 praesentiam
3050 782 3158 823 non
3188 772 3442 827 recusas?

1852 852 1997 911 Mors
2015 854 2232 924 quando
2252 870 2282 910 a
2306 863 2359 911 te
2376 865 2400 903 ε
2418 856 2632 927 provisa
2648 865 2749 920 est,
2781 864 2908 913 tunc
2928 857 3255 916 lamentandi
3275 869 3443 918 mate-

1850 947 1932 1003 ria
1952 944 2081 1013 fuit;
2106 962 2246 1002 nunc
2263 962 2395 1002 vero
2418 944 2558 1003 facta
2578 955 2663 1003 est
2682 947 2893 1004 virtutis
2907 949 3142 1013 occasio,
3165 951 3289 1020 quia
3312 959 3442 1009 tunc

1851 1039 1918 1096 ad
1948 1055 2163 1112 poenam
2184 1041 2462 1112 peccantis
2481 1040 2605 1097 data
2625 1050 2727 1107 est,
2750 1057 2895 1100 nunc
2912 1044 3173 1114 permissa
3193 1051 3277 1099 est
3296 1060 3442 1102 resu-

1849 1132 2094 1189 scitantis
2113 1134 2183 1189 ad
2197 1133 2444 1203 gloriam;
2473 1142 2602 1190 tunc
2640 1142 2874 1190 tartarus
2901 1135 3105 1191 invenit
3132 1135 3404 1193 hominem
3419 1176 3436 1203 ,

1849 1242 1995 1283 nunc
2021 1226 2239 1282 amittit.
2270 1226 2377 1284 Sed
2402 1226 2511 1297 jam
2538 1243 2719 1298 quazre
2740 1243 2839 1299 per
2857 1226 3034 1296 fidem,
3058 1229 3269 1293 mulier,
3292 1230 3440 1302 quod

1847 1334 1948 1390 per
2005 1316 2284 1389 perfidiam
2340 1318 2639 1390 perdidisti.
2680 1317 2933 1388 Domine,
2985 1321 3033 1376 si
3084 1321 3268 1393 fuisses
3317 1321 3436 1391 hic,

1851 1414 2015 1485 frater
2040 1431 2183 1469 meus
2202 1430 2309 1469 non
2332 1416 2511 1487 fuisset
2531 1425 2793 1480 mortuus;
2815 1414 2907 1471 scd
2939 1424 2989 1470 et
3020 1432 3156 1471 nunc
3182 1418 3289 1472 scio
3315 1418 3438 1491 quia

1848 1522 2174 1580 quartumque
2193 1509 2400 1579 petieris
2428 1525 2461 1563 a
2481 1507 2610 1573 Deo,
2635 1508 2779 1564 dabit
2806 1508 2896 1564 tibi
2911 1507 3072 1566 Deus.
3095 1508 3223 1566 Haec
3243 1510 3439 1566 mulier

1850 1613 1958 1654 non
1986 1598 2187 1665 credit,
2229 1599 2325 1655 sed
2352 1600 2574 1657 credere
2600 1608 2845 1665 conatur,
2878 1600 3031 1672 cujus
3058 1601 3435 1658 credulitatem

1848 1689 2195 1747 incredulitas
2239 1690 2539 1748 confundit.
2595 1690 2940 1767 Quoscumque
2984 1695 3194 1767 petieris
3230 1712 3263 1749 a
3301 1694 3432 1764 Deo,

1850 1785 1993 1841 dabit
2020 1786 2111 1841 tibi
2128 1785 2290 1843 Deus.
2332 1786 2473 1843 Deus
2500 1803 2569 1843 ex
2596 1804 2657 1845 se
2683 1787 2797 1853 dat,
2828 1803 2937 1845 non
2965 1803 2996 1843 a
3020 1803 3082 1845 se
3107 1788 3265 1860 petit.
3296 1786 3436 1857 Quid

164 1882 370 1949 dicens,
414 1880 638 1937 videbat
674 1896 770 1936 eos
814 1878 931 1935 ﬁeri
977 1880 1107 1935 satis
1134 1878 1350 1945 dubios,
1382 1878 1513 1934 satis
1540 1879 1739 1944 tristes,
1776 1886 1819 1949 Β
1848 1877 2007 1936 all‘ers
2034 1896 2231 1948 moras,
2262 1881 2475 1949 mulier,
2505 1882 2860 1953 supplicandi,
2912 1897 3033 1939 cum
3057 1882 3169 1952 jam
3207 1890 3433 1954 praesta-

166 1973 282 2031 satis
300 1972 695 2029 consolationis
710 1980 956 2027 extorres
981 1989 993 2024 :
1017 1978 1073 2025 et
1094 1978 1320 2027 noverat
1338 1984 1435 2026 eos
1461 1970 1535 2024 ita
1558 1969 1745 2041 oppri-

165 2065 377 2123 mendos
406 2080 534 2122 esse
573 2066 692 2136 ipso
729 2064 972 2136 pondere
1007 2064 1303 2135 passionis,
1336 2070 1396 2118 ut
1425 2062 1556 2117 nihil
1584 2063 1638 2117 in
1666 2062 1747 2118 eis

168 2176 227 2217 ex
251 2160 361 2214 vita
383 2201 401 2226 ,
445 2159 581 2214 nihil
618 2158 673 2213 in
709 2158 789 2214 eis
825 2173 893 2214 ex
930 2156 1033 2213 ﬁde
1055 2198 1071 2223 ,
1112 2157 1245 2213 nihil
1274 2157 1329 2211 in
1357 2156 1437 2212 eis
1463 2170 1746 2212 remanere

166 2261 335 2327 posset
362 2267 437 2309 ex
467 2252 616 2319 luce,
646 2250 742 2308 sed
770 2258 884 2307 tota
913 2265 1053 2321 pene
1078 2248 1315 2322 perﬁdiae
1346 2257 1504 2304 nocte
1532 2246 1746 2305 fuscan-

169 2345 273 2402 dos.
309 2342 381 2400 Et
406 2344 532 2401 ideo
561 2352 788 2401 mortem
818 2341 1008 2399 Lazari
1036 2358 1206 2414 usque
1234 2341 1301 2397 ad
1329 2341 1746 2412 quatriduanum

171 2442 369 2509 tempus
394 2435 702 2509 protendit,
743 2449 915 2504 usque
950 2433 1018 2490 ad
1047 2433 1274 2489 fetorem
1303 2432 1596 2504 praevalere
1622 2448 1746 2504 per-

171 2527 348 2597 mittit,
379 2534 444 2583 ut
479 2526 724 2598 discipuli
760 2524 982 2581 dubium
1018 2540 1125 2580 non
1163 2523 1427 2579 haberent
1451 2538 1612 2595 posse
1640 2522 1748 2580 Do—

174 2619 357 2677 minum
391 2630 519 2693 post
559 2618 791 2674 triduum
827 2618 1002 2674 adhuc
1040 2624 1315 2674 recentem
1342 2620 1588 2686 surgere,
1620 2633 1744 2673 cum

175 2728 369 2770 servum
396 2713 659 2770 vidissent
684 2719 808 2783 post
826 2710 1169 2781 quatriduum
1196 2722 1418 2778 surgere
1440 2711 1552 2780 jam
1582 2708 1748 2764 feten-

181 2817 310 2875 tem;
337 2815 392 2863 et
416 2806 705 2863 crederent
731 2805 879 2860 illum
909 2801 1067 2860 facile
1100 2818 1264 2875 posse
1287 2802 1391 2857 sibi
1422 2802 1588 2857 vitam
1616 2800 1742 2857 red-

182 2899 324 2968 dere,
348 2902 437 2971 qui
464 2899 629 2955 alium
654 2898 837 2954 taliter
862 2904 1147 2953 revocarat
1174 2895 1243 2951 ad
1272 2895 1456 2950 vitam.
1498 2893 1637 2951 Hinc
1660 2902 1745 2950 est

189 2993 321 3065 quod
342 2993 493 3050 dicit:
529 2990 743 3048 Gaudeo
775 3000 984 3065 propter
1012 3007 1121 3055 vos,
1144 3000 1202 3045 ut
1221 2988 1463 3045 credatis.
1509 2987 1742 3060 Necesse

186 3101 306 3157 ergo
330 3096 434 3144 erat
455 3102 606 3143 mors
644 3085 862 3151 Lazari,
903 3093 963 3140 ut
991 3091 1048 3140 et
1072 3099 1195 3140 cum
1226 3082 1433 3138 Lazaro
1466 3093 1487 3121 ε
1514 3081 1627 3152 jam
1654 3082 1739 3138 di-

183 3181 482 3254 scipulorum
512 3179 648 3237 fides
675 3185 1024 3249 consurgeret
1050 3177 1284 3249 Sepulto.
1343 3173 1602 3241 Quoniam
1633 3192 1739 3232 non

1847 1978 1999 2026 turus
2019 1972 2273 2027 assistat:
2306 1971 2515 2040 Mulier,
2542 1973 2709 2044 judex
2731 1975 2846 2045 ipse
2872 1982 2975 2042 est,
3005 1989 3167 2044 quem
3196 1982 3255 2030 tu
3275 1971 3301 2013 ιι
3332 1974 3431 2031 de-

1844 2064 2052 2121 sideras
2080 2065 2434 2134 advocatum;
2466 2067 2519 2123 in
2549 2068 2656 2124 hoc
2694 2067 2871 2124 dantis
2904 2074 3148 2139 potestas
3182 2075 3292 2135 est,
3323 2083 3434 2125 non

1845 2156 2139 2213 necessitas
2167 2164 2250 2213 est
2275 2159 2534 2228 rogantis,
2566 2157 2710 2223 Scio,
2742 2159 2934 2229 inquit,
2965 2161 3087 2234 quia
3106 2176 3435 2234 quiscumque

1845 2251 2054 2321 petieris
2087 2266 2119 2304 α
2152 2248 2283 2317 Deo,
2317 2250 2462 2307 dabit
2493 2250 2581 2306 tibi
2615 2249 2776 2307 Deus.
2815 2249 3023 2317 Mulier,
3054 2251 3162 2308 hoc
3187 2251 3349 2307 crede
3372 2267 3430 2316 e,

1845 2358 1955 2397 non
2002 2350 2085 2399 est
2124 2343 2379 2410 credere;
2427 2343 2532 2399 hoc
2578 2343 2750 2410 scire,
2783 2342 2997 2399 nescire
3024 2347 3128 2398 est.
3176 2339 3436 2398 Probavit

1845 2434 1951 2491 hoc
1970 2433 2261 2506 Apostolus
2283 2476 2299 2501 ,
2345 2435 2472 2505 quia
2510 2435 2677 2490 homo
2715 2433 2937 2505 quando
2962 2450 3022 2491 se
3051 2441 3205 2504 putat
3231 2432 3436 2504 aliquid

1843 2528 2003 2596 scire,
2037 2537 2165 2585 tunc
2193 2528 2367 2585 nescit
2396 2528 2439 2601 (Ι
2468 2527 2587 2584 Cor.
2622 2527 2719 2601 si).
2752 2526 2861 2585 Sed
2882 2528 2994 2598 jam
3023 2527 3151 2599 quid
3178 2528 3435 2584 Dominus

1843 2620 2203 2692 responderit,
2236 2620 2537 2678 audiamus.
2572 2619 2823 2694 Resurget
2852 2622 3018 2694 frater
3039 2630 3171 2677 tuus.
3218 2619 3287 2676 Et
3311 2636 3433 2677 mu—

1842 2713 1981 2769 lier:
2014 2711 2139 2768 Scio
2163 2714 2287 2787 quia
2318 2722 2549 2785 resurget
2574 2714 2630 2767 in
2673 2713 3048 2769 resurrectione
3072 2714 3130 2769 in
3154 2713 3432 2769 nouissimo

1844 2805 1945 2860 die.
1996 2803 2223 2872 Martha,
2256 2805 2453 2861 iterum
2499 2804 2607 2861 scis
2644 2804 2791 2874 quod
2841 2794 3018 2862 nescis
3049 2822 3063 2859 :
3092 2804 3197 2861 scis
3222 2805 3349 2876 quia
3377 2805 3434 2862 in

1840 2898 2138 2954 novissimo
2183 2897 2272 2954 die
2319 2896 2337 2936 ί
2382 2897 2555 2970 possit
2598 2909 2882 2967 resurgere
2928 2896 3095 2953 frater
3135 2903 3290 2964 tuus,
3337 2895 3435 2956 sed

1842 2992 1989 3064 quod
2034 2999 2092 3048 et
2136 2992 2225 3049 hic
2268 2992 2462 3064 possit.
2485 2992 2691 3059 nescis;
2723 2999 2817 3046 aut
2852 2989 2990 3047 forte
3017 2990 3160 3047 Deus
3184 2990 3277 3061 qui
3304 2997 3433 3047 tunc

1839 3092 2024 3158 potest
2054 3086 2069 3138 i
2111 3084 2373 3141 suscitare
2401 3100 2618 3149 omnes,
2651 3100 2815 3140 unum
2844 3083 3008 3140 modo
3027 3090 3297 3139 mortuum
3322 3099 3433 3142 non

1841 3188 2023 3252 potest
2063 3180 2367 3237 suscitare?
2414 3177 2633 3246 Potest,
2664 3184 2845 3249 potest
2885 3177 3027 3234 Deus
3063 3176 3326 3234 suscitare
3364 3174 3434 3234 ad

180 3290 304 3329 «ain
321 3272 405 3329 ibi.
447 3272 519 3329 Et
561 3280 680 3329 erat
725 3272 876 3328 locus
921 3270 1012 3328 ubi
1060 3286 1170 3327 non
1215 3277 1333 3325 erat
1365 3267 1651 3325 Christus?
1686 3274 1814 3342 etc
1847 3275 2143 3346 temporale
2172 3275 2384 3343 signum
2421 3281 2692 3329 mortuum
2730 3287 2927 3339 unum,
2966 3271 3059 3341 qui
3087 3279 3217 3327 tunc
3244 3284 3434 3327 omnes

182 3365 424 3435 quomodo
462 3381 575 3421 non
610 3372 730 3420 erat
764 3364 865 3431 ibi,
896 3362 1039 3419 unde
1064 3369 1336 3419 mortuum
1364 3359 1624 3417 Lazarum
1652 3360 1738 3417 di-

183 3456 375 3528 scipulis
400 3456 719 3512 nuntiabat?
747 3455 992 3522 Fratres,
1032 3462 1151 3511 erat
1182 3454 1255 3511 ibi
1294 3452 1539 3510 Christus
1573 3453 1735 3523 Deus,

181 3548 259 3605 sed
284 3549 354 3604 ibi
379 3544 406 3585 δ
438 3563 548 3605 non
576 3555 697 3604 erat
730 3549 894 3603 homo
921 3546 1199 3613 Christus;
1243 3553 1363 3602 erat
1390 3546 1465 3601 ibi
1490 3543 1738 3604 Christus

181 3642 303 3699 Deus
320 3658 440 3701 cum
465 3650 772 3699 moreretur
801 3639 1051 3705 Lazarus,
1074 3638 1170 3695 sed
1198 3655 1341 3696 nunc
1368 3638 1436 3695 ad
1465 3648 1736 3695 mortuum

179 3744 409 3791 venturus
435 3742 554 3790 erat
588 3731 866 3799 Christus,
908 3731 1124 3801 quando
1166 3738 1286 3787 erat
1323 3738 1551 3786 mortem
1580 3729 1737 3787 Chri-

179 3834 276 3882 stus
319 3824 573 3881 Dominus
617 3823 889 3880 subiturus
921 3842 934 3877 :
976 3822 1193 3878 dicebat
1237 3823 1447 3892 itaque,
1482 3820 1740 3887 Quoniam

180 3934 265 3974 non
291 3935 426 3974 nam
461 3918 554 3972 ibi.
594 3915 709 3972 Hoc
736 3923 822 3972 est
850 3915 903 3970 in
931 3922 1135 3981 morte,
1175 3913 1229 3969 in
1265 3913 1542 3985 sepulcro,
1573 3914 1627 3969 in
1656 3914 1741 3969 in-

179 4010 310 4068 ferno
330 4054 345 4079 ,
384 4011 474 4067 ubi
514 4025 614 4082 per
646 4024 733 4065 me
768 4015 825 4064 et
861 4023 1039 4063 meam
1074 4013 1307 4063 mortem
1342 4014 1585 4078 potestas
1623 4013 1738 4063 tota

180 4105 351 4162 mortis
375 4113 457 4161 est
483 4102 808 4159 subruenda.
843 4099 1074 4168 Martha,
1101 4099 1293 4171 inquit,
1317 4109 1375 4155 ut
1394 4101 1591 4155 audivit
1616 4101 1737 4173 quia

178 4195 311 4252 Iesus
327 4197 475 4263 venit,
499 4195 728 4251 occurrit
744 4191 843 4259 illi,
876 4192 1068 4259 dicens,
1094 4190 1334 4261 Domine,
1357 4193 1404 4247 si
1424 4192 1507 4246 hic
1530 4192 1733 4264 fuisses,

178 4293 319 4364 frater
333 4307 470 4346 meus
491 4305 599 4344 non
619 4288 798 4362 fuisset
816 4296 1063 4342 mortuus.
1085 4285 1289 4353 Mulier,
1304 4295 1358 4343 et
1377 4295 1399 4323 '
1416 4286 1585 4341 Deum
1605 4300 1736 4340 con-

178 4381 322 4440 ﬁteris
346 4391 400 4439 et
441 4382 581 4439 dicis
602 4421 618 4449 ,
667 4380 714 4436 si
751 4380 839 4435 hic
865 4378 1092 4436 fuisses?
1120 4379 1290 4435 Deum
1318 4396 1421 4435 nec
1449 4380 1737 4435 absentant

177 4471 293 4541 loca,
316 4489 410 4531 nec
438 4481 683 4544 tempora
712 4479 1116 4541 repraesentant.
1149 4470 1269 4526 Non
1295 4479 1604 4527 moreretur
1630 4470 1734 4527 La-

177 4585 326 4637 zarus,
353 4570 399 4626 si
435 4568 698 4625 Dominus
735 4565 925 4621 fuisset
964 4564 1065 4633 ibi,
1096 4564 1192 4635 qui
1217 4574 1334 4620 erat
1362 4565 1435 4621 ibi
1461 4584 1473 4620 :
1506 4566 1730 4633 scilicet,

1845 3373 2091 3423 mortuos
2120 3366 2188 3422 ad
2205 3367 2372 3423 vitam
2400 3376 2680 3438 perpetem
2709 3364 3007 3421 suscitabit.
3041 3363 3164 3421 Scio
3184 3379 3435 3438 quacum-

1843 3477 1939 3533 que
1965 3459 2173 3533 petieris
2200 3476 2233 3513 a
2261 3457 2392 3525 Deo,
2425 3456 2568 3513 dabit
2589 3457 2677 3513 tibi
2706 3456 2864 3524 Deus,
2895 3466 2946 3512 et
2974 3458 3082 3512 scio
3113 3457 3236 3529 quia
3254 3471 3431 3511 resur-

1842 3560 1930 3625 get
1953 3552 2009 3606 in
2039 3551 2413 3607 resurrectione
2437 3551 2491 3605 in
2519 3552 2798 3606 novissimo
2832 3550 2933 3604 die.
2960 3548 3190 3614 Martha,
3222 3555 3349 3604 ante
3376 3554 3432 3605 te

1843 3652 1927 3701 est
1952 3643 2280 3699 resurrectio
2307 3659 2470 3714 quam
2499 3651 2608 3698 tam
2638 3644 2798 3713 longe
2824 3642 3012 3699 mittis.
3044 3640 3159 3715 Ego
3184 3658 3317 3709 sum,
3349 3642 3434 3697 in-

1841 3737 1977 3806 quit,
2010 3736 2331 3791 resurrectio.
2372 3732 2441 3788 Et
2467 3734 2596 3805 quid
2637 3742 2748 3803 est,
2781 3748 2882 3804 ego
2918 3749 3038 3790 sum
3068 3732 3432 3791 resurrectio?

1841 3836 1896 3884 et
1933 3844 2041 3883 non
2079 3841 2179 3896 ego
2209 3826 2520 3883 resuscito?
2555 3827 2686 3897 quid
2722 3827 2848 3883 est?
2891 3824 3028 3894 Quia
3065 3825 3304 3896 suscepit
3329 3824 3431 3881 ho-

1839 3922 2061 3989 minem,
2104 3921 2343 3992 suscepit
2380 3928 2724 3977 mortem:ut
2761 3921 2855 3991 qui
2881 3920 3169 3977 resuscitat
3189 3919 3428 3990 iubendo

1838 4028 2024 4080 unum,
2054 4012 2388 4082 resurgendo
2415 4012 2471 4068 in
2499 4027 2559 4068 se
2586 4013 2870 4069 resuscitet
2897 4027 3118 4079 omnes;
3148 4019 3205 4069 et
3231 4011 3428 4082 quibus

1838 4103 2009 4159 Adam
2037 4110 2232 4175 puteus
2259 4103 2450 4158 mortis
2483 4104 2726 4167 exstitit,
2779 4103 2862 4159 his
2889 4101 2916 4140 ιι
2945 4102 3071 4158 vitae
3111 4101 3166 4158 fo
3205 4116 3233 4157 s
3267 4100 3427 4158 Chri-

1838 4202 1953 4251 stus
1999 4195 2224 4261 existat;
2257 4201 2312 4250 et
2358 4194 2648 4266 impleatur
2692 4194 2821 4249 illud
2860 4193 3139 4259 Apostoli,
3194 4192 3344 4249 Sicut
3366 4194 3424 4249 in

1836 4286 2005 4342 Adam
2037 4304 2213 4342 omnes
2239 4288 2551 4354 moriuntur,
2580 4289 2656 4342 ita
2694 4295 2744 4341 et
2775 4287 2830 4341 in
2861 4283 3066 4341 Christo
3103 4302 3277 4342 omnes
3299 4287 3426 4342 vivi-

1834 4377 2129 4450 ﬁcabuntur
2157 4377 2202 4450 (Ι
2230 4377 2351 4433 Cor.
2378 4378 2476 4450 ιι).
2526 4376 2640 4450 Ego
2658 4394 2790 4445 sum,
2823 4377 3015 4447 inquit,
3048 4378 3352 4434 resurrectio
3373 4386 3425 4433 et

1833 4475 1938 4528 vita
1961 4490 1979 4527 :
2018 4474 2104 4546 qui
2133 4471 2297 4527 credit
2322 4473 2378 4528 in
2410 4488 2522 4539 me,
2557 4472 2760 4526 etiamsi
2795 4479 3029 4527 mortuus
3063 4472 3248 4546 fuerit,
3271 4473 3420 4541 vivet,

1834 4575 1885 4623 et
1910 4569 2077 4623 omnis
2116 4569 2203 4640 qui
2229 4567 2352 4623 vivit
2385 4574 2437 4622 et
2480 4565 2642 4621 credit
2685 4565 2741 4620 in
2778 4582 2897 4633 me,
2937 4581 3044 4621 non
3081 4566 3331 4622 morietur
3364 4566 3423 4621 in

232 4713 255 4742 ³
287 4702 432 4760 lianc
448 4701 698 4775 eamdem
717 4699 1058 4775 sententiam,
1079 4696 1354 4775 Christum
1374 4700 1598 4775 scilicet,
1630 4718 1729 4756 ex-
1757 4703 1806 4762 D
1831 4703 2071 4775 phetam,
2104 4702 2191 4758 cui
2220 4703 2289 4758 ab
2314 4701 2427 4757 Deo
2455 4708 2695 4775 potestas
2723 4701 2861 4757 facta
2901 4701 3061 4775 fuerit
3095 4702 3422 4775 impetrandi

175 4785 417 4845 spectasse
448 4773 628 4829 adhuc
643 4780 762 4845 ,__e_t
793 4771 972 4845 lpcum
1000 4769 1213 4825 dedisse
1251 4772 1581 4845 corruptioui
1606 4814 1622 4839 ,
1673 4779 1731 4827 ut

175 4838 347 4916 certior
363 4853 509 4916 esset
534 4838 768 4916 prodigii
807 4838 959 4916 fides,
981 4846 1236 4911 repetunt
1274 4840 1341 4916 a_d
1368 4838 1529 4916 hunc
1550 4838 1731 4916 locum

175 4915 391 4990 Cyrillus,
405 4908 809 4990 _Theodoretus,
822 4908 1258 4984 Chrysostomus,
1281 4909 1615 4984 Euthymius,
1632 4911 1727 4968 Al-

174 4988 350 5055 cuinus,
373 4988 593 5056 aliique.

229 5062 252 5100 δ
284 5054 639 5115 Mansit—enim
659 5054 974 5111 Bethabara:
1606 5098 1629 5117 ,

228 5142 249 5172 ε
283 5129 423 5187 Loco
443 5128 572 5184 huic
608 5127 665 5182 in
694 5125 970 5198 impressis
997 5133 1253 5197 corrupto
1273 5139 1342 5180 ex
1362 5139 1463 5181 ms.
1494 5121 1729 5182 Caesente

173 5201 405 5260 medelam
425 5198 604 5255 attuli.

225 5274 249 5314 ιι
280 5271 334 5327 ld
352 5282 455 5338 est,
496 5270 569 5325 ibi
592 5284 695 5338 non
717 5273 975 5324 eratcum
996 5282 1095 5322 sua
1113 5266 1465 5338 humanitate.

227 5356 248 5385 ι
280 5342 384 5399 Sed
405 5335 619 5423 infirma
647 5336 783 5423 ﬁde;
807 5354 914 5394 non
943 5353 1088 5395 enim
1116 5335 1332 5423 Christo
1355 5338 1456 5423 nisi
1468 5339 1730 5423 praesenti

169 5420 465 5487 potestatem
496 5411 761 5466 tribuerat
778 5423 953 5479 aegros
980 5407 1225 5469 sasandi,
1258 5416 1315 5462 ut
1349 5408 1551 5463 Auctor
1570 5407 1724 5463 infra.

227 5487 245 5527 τ
280 5485 334 5540 in
362 5483 522 5540 editis
543 5482 744 5554 legitur
763 5480 903 5554 :_qui
942 5488 1059 5534 erat
1081 5478 1174 5544 ibi,
1205 5478 1296 5554 sed
1324 5480 1369 5554 si
1397 5479 1453 5532 in
1482 5479 1728 5554 paradiso

168 5559 323 5613 mulier
341 5571 445 5610 non
466 5549 671 5625 fuisses.
712 5549 1056 5625 Subpbscuro
1083 5550 1263 5625 S_8ll8ll_i
1293 5549 1526 5618 aliquam
1546 5549 1730 5625 lucem

170 5626 334 5683 adet-re
352 5619 576 5681 conatus
595 5638 715 5678 sum
737 5638 804 5678 ex
824 5620 1057 5676 Latinio.
1101 5619 1360 5676 Dominus
1397 5627 1516 5674 erat
1544 5619 1635 5686 ibi,
1672 5628 1730 5676 et

1832 4770 2116 4846 prodigia,
2155 4770 2509 4845 quatcumque
2546 4773 2934 4846 eipplacerent.
2994 4770 3323 4846 Cupit_'ergo
3361 4784 3425 4833 ut

1833 4843 1978 4913 apud
2020 4858 2144 4899 eum
2174 4843 2241 4901 se
2267 4850 2438 4913 gerat,
2479 4859 2543 4899 ac
2580 4843 2845 4899 sifuisset
2884 4843 3415 4904 Lazari'advocatus.

1878 4913 2250 4998 hrxsostomus
2286 4914 2474 4998 homil.
2515 4913 2576 4998 (ξι
2613 4932 2626 4968 :
2670 4914 2852 4969 Adhuc
2889 4915 3027 4969 enim
3064 4915 3137 4982 ei,
3178 4913 3414 4984 Christo,

1831 4984 1982 5059 quasi
2002 4985 2198 5039 homini
2217 4984 2569 5040 intendebant.

1911 5054 1929 5093 ί
1965 5054 2126 5110 Putat
2152 5054 2370 5111 Grotius
2400 5055 2660 5110 Martham
2690 5070 2720 5110 a
2750 5053 3034 5111 Phariszeis
3062 5055 3263 5124 aliquid
3292 5056 3420 5112 sub-

1834 5128 2122 5201 obsc_u_rum
2143 5127 2212 5201 de
2238 5126 2633 5201 resurrectione
2656 5125 2922 5201 didicisse.
2954 5125 3021 5180 At
3061 5127 3416 5201 resurrectio-

1834 5199 1918 5253 nis
1948 5196 2105 5253 lidem
2136 5198 2298 5253 luisse
2324 5204 2450 5252 tunc
2480 5195 2737 5265 temporis
2775 5210 3115 5265 communem
3140 5196 3281 5265 apud
3318 5195 3416 5252 Ju-

1833 5269 1997 5332 daeos,
2041 5267 2267 5325 credunt
2313 5263 2675 5323 accuratiores
2713 5266 3052 5336 interpretes.
3097 5263 3232 5321 Vide
3277 5266 3419 5323 inter

1834 5354 1929 5395 eos
1950 5336 2250 5409 Calmetum
2272 5338 2326 5393 in
2347 5339 2538 5409 psalm.
2565 5354 2618 5403 ι,
2643 5354 2694 5403 v,
2719 5334 2917 5409 et‘in'll
2944 5334 3186 5409 Machab.
3212 5352 3305 5400 ιη,
3325 5337 3412 5393 45.

1910 5410 1925 5461 l
1964 5406 2192 5473 Similia,
2216 5410 2302 5464 vel
2330 5404 2537 5465 tantum
2565 5424 2671 5463 non
2701 5406 2908 5471 eadem,
2941 5404 3268 5476 Augustinus
3290 5409 3413 5465 hic:

1834 5478 1941 5534 Per
1960 5497 2109 5553 quem
2149 5489 2266 5535 tunc
2295 5488 2542 5553 resurget,
2571 5486 2739 5551 potest
2763 5485 2814 5532 et
2838 5475 3012 5544 modo,
3035 5478 3156 5553 quia
3183 5494 3276 5552 ego
3304 5496 3419 5536 sum

1835 5552 2158 5606 resurrectio.

1905 5621 1931 5660 ¹ί
1955 5622 2033 5677 Ita
2089 5621 2322 5692 explicat
2372 5619 2655 5695 Brugensis
2702 5618 2831 5675 illud
2856 5617 3216 5695 Evangelistte
3258 5639 3272 5676 :
3305 5620 3419 5695 Ego

170 5694 374 5786 Pares
405 5704 789 5786 ιειονιιξυξλιρξξ
822 5691 1030 5758 fuisse"
1062 5691 1109 5747 εί
1130 5688 1242 5747 Eva
1275 5691 1331 5747 ίιι
1352 5690 1603 5762 vitam
1626 5707 1730 5786 3'0-
1827 5688 3417 5786 anteemsiioaas-ziifiteuﬁeififalamuri-

171 5765 367 5839 luptatis
386 5780 493 5820 non
513 5773 811 5837 peccasset.

231 5851 252 5887 ε
285 5838 341 5896 id
358 5842 460 5899 est,
483 5836 748 5894 instructa
768 5834 837 5891 ad
865 5833 1188 5890 nocendum.

229 5906 254 5952 δ
286 5906 485 5969 Martha
506 5907 654 5966 enim
682 5903 956 5966 Christum
986 5903 1377 5977 deprecabatur
1406 5904 1570 5961 veluti
1598 5920 1728 5978 pro-

1830 5765 2026 5820 ctionis
2050 5771 2105 5834 et
2130 5764 2268 5818 vitae.
2302 5762 2481 5834 Solent
2508 5761 2727 5834 Hebraei
2747 5777 2938 5834 causas
2959 5778 3059 5834 per
3081 5761 3302 5820 effectus
3330 5779 3421 5819 no-

1828 5835 2053 5917 minare.
2086 5833 2202 5917 'l‘ali
2231 5832 2392 5917 modo
2418 5831 2663 5917 Christus
2700 5832 2897 5892 dicitur
2916 5831 3144 5911 justitia,
3176 5834 3419 5917 sanctifi-

1830 5907 1984 5973 catio,
2018 5905 2317 5982 redemptio,
2351 5903 2509 5973 salut,
2553 5914 2661 5965 etc.
