  <div class='ocr_page' id='page_1' title='image "/cluster/home/n/w/nwhite01/storage/ocr_20150623/52/hvd.32044015706419/195.png"; bbox 0 0 3942 6348; ppageno 0'>
   <div class='ocr_carea' id='block_1_1' title="bbox 443 398 553 464">
    <p class='ocr_par' dir='ltr' id='par_1_1' title="bbox 443 398 553 464">
     <span class='ocr_line' id='line_1_1' title="bbox 443 398 553 464; baseline 0 0"><span class='ocrx_word' id='word_1_1' title='bbox 443 398 553 464; x_wconf 75' lang='lat'><strong>388</strong></span> 
     </span>
    </p>
   </div>
   <div class='ocr_carea' id='block_1_2' title="bbox 1683 393 2460 457">
    <p class='ocr_par' dir='ltr' id='par_1_2' title="bbox 1683 393 2460 457">
     <span class='ocr_line' id='line_1_2' title="bbox 1683 393 2460 457; baseline 0.004 -3"><span class='ocrx_word' id='word_1_2' title='bbox 1683 397 1742 454; x_wconf 91' lang='lat' dir='ltr'><strong>S.</strong></span> <span class='ocrx_word' id='word_1_3' title='bbox 1781 393 1988 455; x_wconf 79' lang='lat' dir='ltr'><strong>PETRI</strong></span> <span class='ocrx_word' id='word_1_4' title='bbox 2023 396 2460 457; x_wconf 76' lang='lat' dir='ltr'><strong>CHRYSOLOCI</strong></span> 
     </span>
    </p>
   </div>
   <div class='ocr_carea' id='block_1_3' title="bbox 3614 396 3723 462">
    <p class='ocr_par' dir='ltr' id='par_1_3' title="bbox 3614 396 3723 462">
     <span class='ocr_line' id='line_1_3' title="bbox 3614 396 3723 462; baseline -0.028 0"><span class='ocrx_word' id='word_1_5' title='bbox 3614 396 3723 462; x_wconf 63' lang='lat'><strong>88$</strong></span> 
     </span>
    </p>
   </div>
   <div class='ocr_carea' id='block_1_4' title="bbox 439 513 3725 601">
    <p class='ocr_par' dir='ltr' id='par_1_4' title="bbox 439 513 3725 601">
     <span class='ocr_line' id='line_1_4' title="bbox 439 513 3725 601; baseline 0.003 -23"><span class='ocrx_word' id='word_1_6' title='bbox 439 519 679 596; x_wconf 78' lang='lat' dir='ltr'><strong>peccatis</strong></span> <span class='ocrx_word' id='word_1_7' title='bbox 707 518 924 589; x_wconf 75' lang='lat' dir='ltr'><strong>nostris,</strong></span> <span class='ocrx_word' id='word_1_8' title='bbox 964 525 1038 586; x_wconf 89' lang='lat' dir='ltr'><strong>et,</strong></span> <span class='ocrx_word' id='word_1_9' title='bbox 1068 515 1296 575; x_wconf 75' lang='lat' dir='ltr'><strong>mortuis</strong></span> <span class='ocrx_word' id='word_1_10' title='bbox 1323 522 1350 555; x_wconf 80' lang='grc' dir='ltr'>ι</span> <span class='ocrx_word' id='word_1_11' title='bbox 1376 529 1487 572; x_wconf 92' lang='lat' dir='ltr'><strong>non</strong></span> <span class='ocrx_word' id='word_1_12' title='bbox 1514 513 1877 582; x_wconf 76' lang='lat' dir='ltr'><strong>audientibus,</strong></span> <span class='ocrx_word' id='word_1_13' title='bbox 1908 532 2035 574; x_wconf 87' lang='lat' dir='ltr'><strong>cum</strong></span> <span class='ocrx_word' id='word_1_14' title='bbox 2060 520 2112 586; x_wconf 72' lang='grc' dir='ltr'><strong>Α</strong></span> <span class='ocrx_word' id='word_1_15' title='bbox 2136 520 2315 593; x_wconf 84' lang='lat' dir='ltr'><strong>spicit,</strong></span> <span class='ocrx_word' id='word_1_16' title='bbox 2338 522 2432 591; x_wconf 89' lang='lat' dir='ltr'><strong>qui</strong></span> <span class='ocrx_word' id='word_1_17' title='bbox 2450 533 2667 592; x_wconf 80' lang='lat' dir='ltr'><strong>semper</strong></span> <span class='ocrx_word' id='word_1_18' title='bbox 2685 530 2768 576; x_wconf 90' lang='lat' dir='ltr'><strong>est</strong></span> <span class='ocrx_word' id='word_1_19' title='bbox 2793 536 3003 578; x_wconf 80' lang='lat' dir='ltr'><strong>sursum</strong></span> <span class='ocrx_word' id='word_1_20' title='bbox 3032 539 3154 582; x_wconf 91' lang='lat' dir='ltr'><strong>cum</strong></span> <span class='ocrx_word' id='word_1_21' title='bbox 3175 522 3356 593; x_wconf 82' lang='lat' dir='ltr'><strong>Patre,</strong></span> <span class='ocrx_word' id='word_1_22' title='bbox 3384 541 3595 601; x_wconf 86' lang='lat' dir='ltr'><strong>semper</strong></span> <span class='ocrx_word' id='word_1_23' title='bbox 3620 529 3725 588; x_wconf 55' lang='lat' dir='ltr'><strong>Pa.</strong></span> 
     </span>
    </p>
   </div>
   <div class='ocr_carea' id='block_1_5' title="bbox 440 607 2033 687">
    <p class='ocr_par' dir='ltr' id='par_1_5' title="bbox 440 607 2033 687">
     <span class='ocr_line' id='line_1_5' title="bbox 440 607 2033 687; baseline -0.004 -15"><span class='ocrx_word' id='word_1_24' title='bbox 440 615 695 687; x_wconf 79' lang='lat' dir='ltr'><strong>gentibus</strong></span> <span class='ocrx_word' id='word_1_25' title='bbox 712 629 820 671; x_wconf 93' lang='lat' dir='ltr'><strong>non</strong></span> <span class='ocrx_word' id='word_1_26' title='bbox 841 613 1133 686; x_wconf 88' lang='lat' dir='ltr'><strong>ploremus.</strong></span> <span class='ocrx_word' id='word_1_27' title='bbox 1163 610 1252 666; x_wconf 80' lang='lat' dir='ltr'><strong>Ait</strong></span> <span class='ocrx_word' id='word_1_28' title='bbox 1272 607 1447 675; x_wconf 76' lang='lat' dir='ltr'><strong>Iesus,</strong></span> <span class='ocrx_word' id='word_1_29' title='bbox 1480 608 1644 666; x_wconf 90' lang='lat' dir='ltr'><strong>tollite</strong></span> <span class='ocrx_word' id='word_1_30' title='bbox 1670 608 1916 682; x_wconf 85' lang='lat' dir='ltr'><strong>lapidem.</strong></span> <span class='ocrx_word' id='word_1_31' title='bbox 1944 609 2033 666; x_wconf 88' lang='lat' dir='ltr'><strong>ln-</strong></span> 
     </span>
    </p>
   </div>
   <div class='ocr_carea' id='block_1_6' title="bbox 441 699 2038 773">
    <p class='ocr_par' dir='ltr' id='par_1_6' title="bbox 441 699 2038 773">
     <span class='ocr_line' id='line_1_6' title="bbox 441 699 2038 773; baseline -0.004 -8"><span class='ocrx_word' id='word_1_32' title='bbox 441 716 527 765; x_wconf 89' lang='lat' dir='ltr'><strong>ter</strong></span> <span class='ocrx_word' id='word_1_33' title='bbox 548 708 757 765; x_wconf 88' lang='lat' dir='ltr'><strong>divinas</strong></span> <span class='ocrx_word' id='word_1_34' title='bbox 786 708 1011 763; x_wconf 83' lang='lat' dir='ltr'><strong>virtutes</strong></span> <span class='ocrx_word' id='word_1_35' title='bbox 1040 705 1336 761; x_wconf 88' lang='lat' dir='ltr'><strong>humanum</strong></span> <span class='ocrx_word' id='word_1_36' title='bbox 1355 699 1605 760; x_wconf 83' lang='lat' dir='ltr'><strong>Christus</strong></span> <span class='ocrx_word' id='word_1_37' title='bbox 1629 703 1856 773; x_wconf 86' lang='lat' dir='ltr'><strong>requirit</strong></span> <span class='ocrx_word' id='word_1_38' title='bbox 1883 704 2038 760; x_wconf 83' lang='lat' dir='ltr'><strong>auxi-</strong></span> 
     </span>
    </p>
   </div>
   <div class='ocr_carea' id='block_1_7' title="bbox 440 797 2035 869">
    <p class='ocr_par' dir='ltr' id='par_1_7' title="bbox 440 797 2035 869">
     <span class='ocr_line' id='line_1_7' title="bbox 440 797 2035 869; baseline -0.003 -11"><span class='ocrx_word' id='word_1_39' title='bbox 440 802 611 859; x_wconf 80' lang='lat' dir='ltr'><strong>lium?</strong></span> <span class='ocrx_word' id='word_1_40' title='bbox 670 818 776 857; x_wconf 91' lang='lat' dir='ltr'><strong>non</strong></span> <span class='ocrx_word' id='word_1_41' title='bbox 833 798 1030 856; x_wconf 74' lang='lat' dir='ltr'><strong>sufﬁcit</strong></span> <span class='ocrx_word' id='word_1_42' title='bbox 1077 812 1333 854; x_wconf 84' lang='lat' dir='ltr'><strong>amovere</strong></span> <span class='ocrx_word' id='word_1_43' title='bbox 1376 797 1628 869; x_wconf 89' lang='lat' dir='ltr'><strong>lapidem,</strong></span> <span class='ocrx_word' id='word_1_44' title='bbox 1676 798 1768 867; x_wconf 87' lang='lat' dir='ltr'><strong>qui</strong></span> <span class='ocrx_word' id='word_1_45' title='bbox 1805 805 2035 854; x_wconf 90' lang='lat' dir='ltr'><strong>mortem</strong></span> 
     </span>
    </p>
   </div>
   <div class='ocr_carea' id='block_1_8' title="bbox 438 891 2031 964">
    <p class='ocr_par' dir='ltr' id='par_1_8' title="bbox 438 891 2031 964">
     <span class='ocr_line' id='line_1_8' title="bbox 438 891 2031 964; baseline -0.003 -13"><span class='ocrx_word' id='word_1_46' title='bbox 438 892 635 951; x_wconf 78' lang='lat' dir='ltr'><strong>sufﬁcit</strong></span> <span class='ocrx_word' id='word_1_47' title='bbox 662 892 898 963; x_wconf 80' lang='lat' dir='ltr'><strong>eti&#39;ugare</strong></span> <span class='ocrx_word' id='word_1_48' title='bbox 918 893 943 946; x_wconf 87' lang='lat'><strong>?</strong></span> <span class='ocrx_word' id='word_1_49' title='bbox 962 892 1194 964; x_wconf 85' lang='lat' dir='ltr'><strong>sepulcri</strong></span> <span class='ocrx_word' id='word_1_50' title='bbox 1212 891 1449 947; x_wconf 88' lang='lat' dir='ltr'><strong>claustra</strong></span> <span class='ocrx_word' id='word_1_51' title='bbox 1476 906 1722 947; x_wconf 87' lang='lat' dir='ltr'><strong>reserare</strong></span> <span class='ocrx_word' id='word_1_52' title='bbox 1742 908 1849 947; x_wconf 90' lang='lat' dir='ltr'><strong>non</strong></span> <span class='ocrx_word' id='word_1_53' title='bbox 1872 892 2031 959; x_wconf 91' lang='lat' dir='ltr'><strong>valet,</strong></span> 
     </span>
    </p>
   </div>
   <div class='ocr_carea' id='block_1_9' title="bbox 438 984 2033 1057">
    <p class='ocr_par' dir='ltr' id='par_1_9' title="bbox 438 984 2033 1057">
     <span class='ocr_line' id='line_1_9' title="bbox 438 984 2033 1057; baseline -0.001 -15"><span class='ocrx_word' id='word_1_54' title='bbox 438 987 531 1057; x_wconf 88' lang='lat' dir='ltr'><strong>qui</strong></span> <span class='ocrx_word' id='word_1_55' title='bbox 550 994 734 1057; x_wconf 89' lang='lat' dir='ltr'><strong>portas</strong></span> <span class='ocrx_word' id='word_1_56' title='bbox 763 986 952 1042; x_wconf 88' lang='lat' dir='ltr'><strong>tartari</strong></span> <span class='ocrx_word' id='word_1_57' title='bbox 971 985 1229 1057; x_wconf 68' lang='lat' dir='ltr'><strong>praevalet</strong></span> <span class='ocrx_word' id='word_1_58' title='bbox 1249 984 1500 1055; x_wconf 88' lang='lat' dir='ltr'><strong>aperire?</strong></span> <span class='ocrx_word' id='word_1_59' title='bbox 1529 984 1751 1040; x_wconf 82' lang='lat' dir='ltr'><strong>Dixerat</strong></span> <span class='ocrx_word' id='word_1_60' title='bbox 1777 1000 1876 1055; x_wconf 91' lang='lat' dir='ltr'><strong>per</strong></span> <span class='ocrx_word' id='word_1_61' title='bbox 1906 1002 2033 1056; x_wconf 88' lang='lat' dir='ltr'><strong>pro-</strong></span> 
     </span>
    </p>
   </div>
   <div class='ocr_carea' id='block_1_10' title="bbox 435 1077 2035 1151">
    <p class='ocr_par' dir='ltr' id='par_1_10' title="bbox 435 1077 2035 1151">
     <span class='ocr_line' id='line_1_10' title="bbox 435 1077 2035 1151; baseline 0 -17"><span class='ocrx_word' id='word_1_62' title='bbox 435 1080 655 1151; x_wconf 85' lang='lat' dir='ltr'><strong>phetam</strong></span> <span class='ocrx_word' id='word_1_63' title='bbox 673 1097 687 1134; x_wconf 88' lang='lat'><strong>:</strong></span> <span class='ocrx_word' id='word_1_64' title='bbox 711 1078 960 1151; x_wconf 81' lang='lat' dir='ltr'><strong>Auferam</strong></span> <span class='ocrx_word' id='word_1_65' title='bbox 976 1095 1066 1133; x_wconf 86' lang='lat' dir='ltr'><strong>cor</strong></span> <span class='ocrx_word' id='word_1_66' title='bbox 1084 1078 1346 1150; x_wconf 87' lang='lat' dir='ltr'><strong>lapideum</strong></span> <span class='ocrx_word' id='word_1_67' title='bbox 1366 1077 1429 1131; x_wconf 87' lang='lat' dir='ltr'><strong>de</strong></span> <span class='ocrx_word' id='word_1_68' title='bbox 1448 1094 1606 1132; x_wconf 86' lang='lat' dir='ltr'><strong>carne</strong></span> <span class='ocrx_word' id='word_1_69' title='bbox 1622 1095 1819 1144; x_wconf 88' lang='lat' dir='ltr'><strong>eorum,</strong></span> <span class='ocrx_word' id='word_1_70' title='bbox 1837 1087 1887 1132; x_wconf 88' lang='lat' dir='ltr'><strong>et</strong></span> <span class='ocrx_word' id='word_1_71' title='bbox 1901 1078 2035 1135; x_wconf 87' lang='lat' dir='ltr'><strong>dabo</strong></span> 
     </span>
    </p>
   </div>
   <div class='ocr_carea' id='block_1_11' title="bbox 434 1171 2036 1245">
    <p class='ocr_par' dir='ltr' id='par_1_11' title="bbox 434 1171 2036 1245">
     <span class='ocr_line' id='line_1_11' title="bbox 434 1171 2036 1245; baseline 0 -17"><span class='ocrx_word' id='word_1_72' title='bbox 434 1174 509 1228; x_wconf 86' lang='lat' dir='ltr'><strong>eis</strong></span> <span class='ocrx_word' id='word_1_73' title='bbox 529 1190 619 1228; x_wconf 88' lang='lat' dir='ltr'><strong>cor</strong></span> <span class='ocrx_word' id='word_1_74' title='bbox 663 1190 907 1228; x_wconf 85' lang='lat' dir='ltr'><strong>corneum</strong></span> <span class='ocrx_word' id='word_1_75' title='bbox 952 1171 1167 1245; x_wconf 79' lang='lat' dir='ltr'><strong>(Ezech.</strong></span> <span class='ocrx_word' id='word_1_76' title='bbox 1218 1171 1330 1242; x_wconf 79' lang='lat' dir='ltr'><strong>xr);</strong></span> <span class='ocrx_word' id='word_1_77' title='bbox 1361 1171 1605 1242; x_wconf 76' lang='lat' dir='ltr'><strong>prtecipit</strong></span> <span class='ocrx_word' id='word_1_78' title='bbox 1624 1185 1754 1241; x_wconf 87' lang='lat' dir='ltr'><strong>ergo</strong></span> <span class='ocrx_word' id='word_1_79' title='bbox 1784 1180 1842 1227; x_wconf 91' lang='lat' dir='ltr'><strong>ut</strong></span> <span class='ocrx_word' id='word_1_80' title='bbox 1866 1171 2036 1228; x_wconf 59' lang='lat' dir='ltr'><strong>Judaei</strong></span> 
     </span>
    </p>
   </div>
   <div class='ocr_carea' id='block_1_12' title="bbox 436 1266 2031 1338">
    <p class='ocr_par' dir='ltr' id='par_1_12' title="bbox 436 1266 2031 1338">
     <span class='ocr_line' id='line_1_12' title="bbox 436 1266 2031 1338; baseline -0.001 -14"><span class='ocrx_word' id='word_1_81' title='bbox 436 1283 500 1324; x_wconf 82' lang='lat' dir='ltr'><strong>ex</strong></span> <span class='ocrx_word' id='word_1_82' title='bbox 551 1283 582 1324; x_wconf 89' lang='lat' dir='ltr'><strong>e</strong></span> <span class='ocrx_word' id='word_1_83' title='bbox 604 1267 629 1306; x_wconf 71' lang='grc' dir='ltr'>δ</span> <span class='ocrx_word' id='word_1_84' title='bbox 651 1283 748 1324; x_wconf 89' lang='lat' dir='ltr'><strong>cor</strong></span> <span class='ocrx_word' id='word_1_85' title='bbox 772 1267 1040 1338; x_wconf 88' lang='lat' dir='ltr'><strong>lapideum</strong></span> <span class='ocrx_word' id='word_1_86' title='bbox 1063 1267 1274 1330; x_wconf 90' lang='lat' dir='ltr'><strong>tollant,</strong></span> <span class='ocrx_word' id='word_1_87' title='bbox 1297 1267 1547 1321; x_wconf 91' lang='lat' dir='ltr'><strong>evolvant</strong></span> <span class='ocrx_word' id='word_1_88' title='bbox 1567 1266 1804 1337; x_wconf 80' lang='lat' dir='ltr'><strong>perfidia:</strong></span> <span class='ocrx_word' id='word_1_89' title='bbox 1823 1283 2031 1335; x_wconf 83' lang='lat' dir='ltr'><strong>saxum,</strong></span> 
     </span>
    </p>
   </div>
   <div class='ocr_carea' id='block_1_13' title="bbox 434 1358 2033 1429">
    <p class='ocr_par' dir='ltr' id='par_1_13' title="bbox 434 1358 2033 1429">
     <span class='ocr_line' id='line_1_13' title="bbox 434 1358 2033 1429; baseline 0.001 -14"><span class='ocrx_word' id='word_1_90' title='bbox 434 1358 640 1415; x_wconf 83' lang='lat' dir='ltr'><strong>silicem</strong></span> <span class='ocrx_word' id='word_1_91' title='bbox 671 1359 817 1415; x_wconf 64' lang='lat' dir='ltr'><strong>dura:</strong></span> <span class='ocrx_word' id='word_1_92' title='bbox 859 1359 1248 1415; x_wconf 84' lang='lat' dir='ltr'><strong>incredulitatis</strong></span> <span class='ocrx_word' id='word_1_93' title='bbox 1285 1358 1592 1425; x_wconf 79' lang='lat' dir='ltr'><strong>excludant,</strong></span> <span class='ocrx_word' id='word_1_94' title='bbox 1624 1367 1889 1429; x_wconf 85' lang='lat' dir='ltr'><strong>quatenus</strong></span> <span class='ocrx_word' id='word_1_95' title='bbox 1918 1361 2033 1416; x_wconf 90' lang='lat' dir='ltr'><strong>ani-</strong></span> 
     </span>
    </p>
   </div>
   <div class='ocr_carea' id='block_1_14' title="bbox 438 1450 2035 1523">
    <p class='ocr_par' dir='ltr' id='par_1_14' title="bbox 438 1450 2035 1523">
     <span class='ocr_line' id='line_1_14' title="bbox 438 1450 2035 1523; baseline 0.003 -18"><span class='ocrx_word' id='word_1_96' title='bbox 438 1465 539 1505; x_wconf 78' lang='lat' dir='ltr'><strong>ma:</strong></span> <span class='ocrx_word' id='word_1_97' title='bbox 576 1467 673 1521; x_wconf 88' lang='lat' dir='ltr'><strong>per</strong></span> <span class='ocrx_word' id='word_1_98' title='bbox 711 1450 1082 1506; x_wconf 75' lang='lat' dir='ltr'><strong>inﬁdelitatem</strong></span> <span class='ocrx_word' id='word_1_99' title='bbox 1122 1457 1350 1507; x_wconf 75' lang='lat' dir='ltr'><strong>mortua:</strong></span> <span class='ocrx_word' id='word_1_100' title='bbox 1396 1450 1464 1507; x_wconf 91' lang='lat' dir='ltr'><strong>de</strong></span> <span class='ocrx_word' id='word_1_101' title='bbox 1504 1452 1751 1522; x_wconf 87' lang='lat' dir='ltr'><strong>sepulcro</strong></span> <span class='ocrx_word' id='word_1_102' title='bbox 1799 1453 2035 1523; x_wconf 86' lang='lat' dir='ltr'><strong>pectoris</strong></span> 
     </span>
    </p>
   </div>
   <div class='ocr_carea' id='block_1_15' title="bbox 435 1545 2035 1617">
    <p class='ocr_par' dir='ltr' id='par_1_15' title="bbox 435 1545 2035 1617">
     <span class='ocr_line' id='line_1_15' title="bbox 435 1545 2035 1617; baseline 0.001 -17"><span class='ocrx_word' id='word_1_103' title='bbox 435 1546 748 1617; x_wconf 88' lang='lat' dir='ltr'><strong>prosilirent</strong></span> <span class='ocrx_word' id='word_1_104' title='bbox 772 1563 785 1599; x_wconf 91' lang='lat'><strong>:</strong></span> <span class='ocrx_word' id='word_1_105' title='bbox 810 1554 866 1601; x_wconf 91' lang='lat' dir='ltr'><strong>et</strong></span> <span class='ocrx_word' id='word_1_106' title='bbox 882 1561 987 1601; x_wconf 92' lang='lat' dir='ltr'><strong>non</strong></span> <span class='ocrx_word' id='word_1_107' title='bbox 1013 1552 1220 1600; x_wconf 90' lang='lat' dir='ltr'><strong>tantum</strong></span> <span class='ocrx_word' id='word_1_108' title='bbox 1240 1546 1540 1601; x_wconf 88' lang='lat' dir='ltr'><strong>surrexisse</strong></span> <span class='ocrx_word' id='word_1_109' title='bbox 1560 1545 1839 1612; x_wconf 83' lang='lat' dir='ltr'><strong>Lazarum,</strong></span> <span class='ocrx_word' id='word_1_110' title='bbox 1862 1562 2035 1617; x_wconf 85' lang='lat' dir='ltr'><strong>quan-</strong></span> 
     </span>
    </p>
   </div>
   <div class='ocr_carea' id='block_1_16' title="bbox 438 1638 2034 1709">
    <p class='ocr_par' dir='ltr' id='par_1_16' title="bbox 438 1638 2034 1709">
     <span class='ocr_line' id='line_1_16' title="bbox 438 1638 2034 1709; baseline -0.001 -14"><span class='ocrx_word' id='word_1_111' title='bbox 438 1647 549 1695; x_wconf 88' lang='lat' dir='ltr'><strong>tum</strong></span> <span class='ocrx_word' id='word_1_112' title='bbox 572 1656 632 1696; x_wconf 90' lang='lat' dir='ltr'><strong>se</strong></span> <span class='ocrx_word' id='word_1_113' title='bbox 656 1638 859 1695; x_wconf 77' lang='lat' dir='ltr'><strong>Lazaro</strong></span> <span class='ocrx_word' id='word_1_114' title='bbox 898 1640 1301 1697; x_wconf 79' lang='lat' dir='ltr'><strong>consurrexisse</strong></span> <span class='ocrx_word' id='word_1_115' title='bbox 1327 1639 1640 1709; x_wconf 81' lang='lat' dir='ltr'><strong>gauderent.</strong></span> <span class='ocrx_word' id='word_1_116' title='bbox 1677 1652 1700 1679; x_wconf 78' lang='grc' dir='ltr'><strong><em>ο</em></strong></span> <span class='ocrx_word' id='word_1_117' title='bbox 1733 1640 1919 1697; x_wconf 79' lang='lat' dir='ltr'><strong>Tollite</strong></span> <span class='ocrx_word' id='word_1_118' title='bbox 1953 1641 2034 1695; x_wconf 87' lang='lat' dir='ltr'><strong>la-</strong></span> 
     </span>
    </p>
   </div>
   <div class='ocr_carea' id='block_1_17' title="bbox 436 1732 2033 1803">
    <p class='ocr_par' dir='ltr' id='par_1_17' title="bbox 436 1732 2033 1803">
     <span class='ocr_line' id='line_1_17' title="bbox 436 1732 2033 1803; baseline 0.001 -16"><span class='ocrx_word' id='word_1_119' title='bbox 436 1732 626 1803; x_wconf 85' lang='lat' dir='ltr'><strong>pidem.</strong></span> <span class='ocrx_word' id='word_1_120' title='bbox 649 1732 842 1787; x_wconf 86' lang='lat' dir='ltr'><strong>Tollite</strong></span> <span class='ocrx_word' id='word_1_121' title='bbox 864 1733 1071 1788; x_wconf 65' lang='lat' dir='ltr'><strong>miseras</strong></span> <span class='ocrx_word' id='word_1_122' title='bbox 1092 1732 1444 1787; x_wconf 87' lang='lat' dir='ltr'><strong>humanitatis</strong></span> <span class='ocrx_word' id='word_1_123' title='bbox 1464 1732 1801 1802; x_wconf 88' lang='lat' dir='ltr'><strong>obsequium,</strong></span> <span class='ocrx_word' id='word_1_124' title='bbox 1823 1740 1879 1787; x_wconf 91' lang='lat' dir='ltr'><strong>ut</strong></span> <span class='ocrx_word' id='word_1_125' title='bbox 1899 1733 2033 1788; x_wconf 54' lang='lat' dir='ltr'><strong>divi-</strong></span> 
     </span>
    </p>
   </div>
   <div class='ocr_carea' id='block_1_18' title="bbox 434 1820 2027 1896">
    <p class='ocr_par' dir='ltr' id='par_1_18' title="bbox 434 1820 2027 1896">
     <span class='ocr_line' id='line_1_18' title="bbox 434 1820 2027 1896; baseline 0 -17"><span class='ocrx_word' id='word_1_126' title='bbox 434 1824 623 1879; x_wconf 91' lang='lat' dir='ltr'><strong>nitatis</strong></span> <span class='ocrx_word' id='word_1_127' title='bbox 641 1824 811 1879; x_wconf 77' lang='lat' dir='ltr'><strong>beata:</strong></span> <span class='ocrx_word' id='word_1_128' title='bbox 832 1820 859 1862; x_wconf 74' lang='grc' dir='ltr'>ἀ</span> <span class='ocrx_word' id='word_1_129' title='bbox 881 1839 1044 1896; x_wconf 80' lang='lat' dir='ltr'><strong>Opera</strong></span> <span class='ocrx_word' id='word_1_130' title='bbox 1070 1839 1210 1879; x_wconf 91' lang='lat' dir='ltr'><strong>nunc</strong></span> <span class='ocrx_word' id='word_1_131' title='bbox 1229 1824 1548 1880; x_wconf 82' lang='lat' dir='ltr'><strong>clarescant.</strong></span> <span class='ocrx_word' id='word_1_132' title='bbox 1581 1824 1764 1879; x_wconf 79' lang='lat' dir='ltr'><strong>Tollite</strong></span> <span class='ocrx_word' id='word_1_133' title='bbox 1783 1824 2027 1895; x_wconf 86' lang='lat' dir='ltr'><strong>lapidem.</strong></span> 
     </span>
    </p>
   </div>
   <div class='ocr_carea' id='block_1_19' title="bbox 2138 612 3728 695">
    <p class='ocr_par' dir='ltr' id='par_1_19' title="bbox 2138 612 3728 695">
     <span class='ocr_line' id='line_1_19' title="bbox 2138 612 3728 695; baseline 0.009 -28"><span class='ocrx_word' id='word_1_134' title='bbox 2138 621 2224 668; x_wconf 87' lang='lat' dir='ltr'><strong>ter</strong></span> <span class='ocrx_word' id='word_1_135' title='bbox 2250 614 2302 668; x_wconf 90' lang='lat' dir='ltr'><strong>in</strong></span> <span class='ocrx_word' id='word_1_136' title='bbox 2329 612 2446 685; x_wconf 90' lang='lat' dir='ltr'><strong>ipso</strong></span> <span class='ocrx_word' id='word_1_137' title='bbox 2468 621 2570 680; x_wconf 88' lang='lat' dir='ltr'><strong>est,</strong></span> <span class='ocrx_word' id='word_1_138' title='bbox 2593 621 2651 670; x_wconf 89' lang='lat' dir='ltr'><strong>et</strong></span> <span class='ocrx_word' id='word_1_139' title='bbox 2680 615 2792 686; x_wconf 90' lang='lat' dir='ltr'><strong>ipse</strong></span> <span class='ocrx_word' id='word_1_140' title='bbox 2813 620 2896 672; x_wconf 88' lang='lat' dir='ltr'><strong>est</strong></span> <span class='ocrx_word' id='word_1_141' title='bbox 2921 631 3135 689; x_wconf 90' lang='lat' dir='ltr'><strong>semper</strong></span> <span class='ocrx_word' id='word_1_142' title='bbox 3161 618 3216 674; x_wconf 91' lang='lat' dir='ltr'><strong>in</strong></span> <span class='ocrx_word' id='word_1_143' title='bbox 3256 616 3450 677; x_wconf 83' lang='lat' dir='ltr'><strong>Patre:</strong></span> <span class='ocrx_word' id='word_1_144' title='bbox 3482 620 3615 695; x_wconf 78' lang='lat' dir='ltr'><strong>Ego,</strong></span> <span class='ocrx_word' id='word_1_145' title='bbox 3644 625 3728 681; x_wconf 78' lang='lat' dir='ltr'><strong>in-</strong></span> 
     </span>
    </p>
   </div>
   <div class='ocr_carea' id='block_1_20' title="bbox 2136 705 3722 791">
    <p class='ocr_par' dir='ltr' id='par_1_20' title="bbox 2136 705 3722 791">
     <span class='ocr_line' id='line_1_20' title="bbox 2136 705 3722 791; baseline 0.006 -29"><span class='ocrx_word' id='word_1_146' title='bbox 2136 706 2271 777; x_wconf 87' lang='lat' dir='ltr'><strong>quit,</strong></span> <span class='ocrx_word' id='word_1_147' title='bbox 2294 707 2350 761; x_wconf 90' lang='lat' dir='ltr'><strong>in</strong></span> <span class='ocrx_word' id='word_1_148' title='bbox 2370 705 2552 791; x_wconf 73' lang='lat' dir='ltr'><strong>Pqtre,</strong></span> <span class='ocrx_word' id='word_1_149' title='bbox 2575 715 2625 762; x_wconf 87' lang='lat' dir='ltr'><strong>et</strong></span> <span class='ocrx_word' id='word_1_150' title='bbox 2662 706 2825 763; x_wconf 88' lang='lat' dir='ltr'><strong>Pater</strong></span> <span class='ocrx_word' id='word_1_151' title='bbox 2856 710 2913 763; x_wconf 87' lang='lat' dir='ltr'><strong>in</strong></span> <span class='ocrx_word' id='word_1_152' title='bbox 2951 726 3032 765; x_wconf 87' lang='lat' dir='ltr'><strong>nte</strong></span> <span class='ocrx_word' id='word_1_153' title='bbox 3049 719 3127 765; x_wconf 89' lang='lat' dir='ltr'><strong>est</strong></span> <span class='ocrx_word' id='word_1_154' title='bbox 3165 710 3345 781; x_wconf 81' lang='lat' dir='ltr'><strong>(Joan.</strong></span> <span class='ocrx_word' id='word_1_155' title='bbox 3372 712 3510 784; x_wconf 75' lang='lat' dir='ltr'><strong>xw);</strong></span> <span class='ocrx_word' id='word_1_156' title='bbox 3544 714 3722 783; x_wconf 79' lang='lat' dir='ltr'><strong>Pater,</strong></span> 
     </span>
    </p>
   </div>
   <div class='ocr_carea' id='block_1_21' title="bbox 2137 798 3726 877">
    <p class='ocr_par' dir='ltr' id='par_1_21' title="bbox 2137 798 3726 877">
     <span class='ocr_line' id='line_1_21' title="bbox 2137 798 3726 877; baseline 0.006 -23"><span class='ocrx_word' id='word_1_157' title='bbox 2137 798 2330 868; x_wconf 86' lang='lat' dir='ltr'><strong>inquit,</strong></span> <span class='ocrx_word' id='word_1_158' title='bbox 2361 800 2559 872; x_wconf 81' lang='lat' dir='ltr'><strong>gratias</strong></span> <span class='ocrx_word' id='word_1_159' title='bbox 2598 798 2688 854; x_wconf 85' lang='lat' dir='ltr'><strong>tibi</strong></span> <span class='ocrx_word' id='word_1_160' title='bbox 2717 816 2836 873; x_wconf 89' lang='lat' dir='ltr'><strong>ago,</strong></span> <span class='ocrx_word' id='word_1_161' title='bbox 2865 803 2986 874; x_wconf 86' lang='lat' dir='ltr'><strong>quia</strong></span> <span class='ocrx_word' id='word_1_162' title='bbox 3024 803 3216 858; x_wconf 77' lang='lat' dir='ltr'><strong>audisti</strong></span> <span class='ocrx_word' id='word_1_163' title='bbox 3254 821 3352 859; x_wconf 83' lang='lat' dir='ltr'><strong>me.</strong></span> <span class='ocrx_word' id='word_1_164' title='bbox 3384 804 3459 861; x_wconf 86' lang='lat' dir='ltr'><strong>De</strong></span> <span class='ocrx_word' id='word_1_165' title='bbox 3488 808 3726 877; x_wconf 68' lang='lat' dir='ltr'><strong>pratstito</strong></span> 
     </span>
    </p>
   </div>
   <div class='ocr_carea' id='block_1_22' title="bbox 2136 891 3728 971">
    <p class='ocr_par' dir='ltr' id='par_1_22' title="bbox 2136 891 3728 971">
     <span class='ocr_line' id='line_1_22' title="bbox 2136 891 3728 971; baseline 0.005 -24"><span class='ocrx_word' id='word_1_166' title='bbox 2136 894 2246 962; x_wconf 90' lang='lat' dir='ltr'><strong>agit</strong></span> <span class='ocrx_word' id='word_1_167' title='bbox 2266 893 2492 960; x_wconf 77' lang='lat' dir='ltr'><strong>gratias;</strong></span> <span class='ocrx_word' id='word_1_168' title='bbox 2523 898 2580 947; x_wconf 89' lang='lat' dir='ltr'><strong>et</strong></span> <span class='ocrx_word' id='word_1_169' title='bbox 2597 892 2741 963; x_wconf 91' lang='lat' dir='ltr'><strong>quod</strong></span> <span class='ocrx_word' id='word_1_170' title='bbox 2763 891 2922 949; x_wconf 89' lang='lat' dir='ltr'><strong>Pater</strong></span> <span class='ocrx_word' id='word_1_171' title='bbox 2942 895 3189 960; x_wconf 88' lang='lat' dir='ltr'><strong>audierit,</strong></span> <span class='ocrx_word' id='word_1_172' title='bbox 3213 896 3318 953; x_wconf 91' lang='lat' dir='ltr'><strong>hoc</strong></span> <span class='ocrx_word' id='word_1_173' title='bbox 3335 897 3564 964; x_wconf 88' lang='lat' dir='ltr'><strong>dicitur;</strong></span> <span class='ocrx_word' id='word_1_174' title='bbox 3583 898 3728 971; x_wconf 88' lang='lat' dir='ltr'><strong>quod</strong></span> 
     </span>
    </p>
   </div>
   <div class='ocr_carea' id='block_1_23' title="bbox 2136 984 3728 1056">
    <p class='ocr_par' dir='ltr' id='par_1_23' title="bbox 2136 984 3728 1056">
     <span class='ocr_line' id='line_1_23' title="bbox 2136 984 3728 1056; baseline 0.004 -16"><span class='ocrx_word' id='word_1_175' title='bbox 2136 985 2303 1041; x_wconf 85' lang='lat' dir='ltr'><strong>Filius</strong></span> <span class='ocrx_word' id='word_1_176' title='bbox 2321 984 2558 1056; x_wconf 88' lang='lat' dir='ltr'><strong>petierit,</strong></span> <span class='ocrx_word' id='word_1_177' title='bbox 2589 985 2693 1040; x_wconf 91' lang='lat' dir='ltr'><strong>hoc</strong></span> <span class='ocrx_word' id='word_1_178' title='bbox 2713 991 2940 1041; x_wconf 88' lang='lat' dir='ltr'><strong>tacetur.</strong></span> <span class='ocrx_word' id='word_1_179' title='bbox 2973 984 3210 1053; x_wconf 80' lang='lat' dir='ltr'><strong>Fratres,</strong></span> <span class='ocrx_word' id='word_1_180' title='bbox 3251 987 3393 1043; x_wconf 90' lang='lat' dir='ltr'><strong>inter</strong></span> <span class='ocrx_word' id='word_1_181' title='bbox 3420 986 3639 1045; x_wconf 82' lang='lat' dir='ltr'><strong>Patrem</strong></span> <span class='ocrx_word' id='word_1_182' title='bbox 3678 996 3728 1046; x_wconf 82' lang='lat' dir='ltr'><strong>et</strong></span> 
     </span>
    </p>
   </div>
   <div class='ocr_carea' id='block_1_24' title="bbox 2136 1076 3727 1152">
    <p class='ocr_par' dir='ltr' id='par_1_24' title="bbox 2136 1076 3727 1152">
     <span class='ocr_line' id='line_1_24' title="bbox 2136 1076 3727 1152; baseline 0.002 -19"><span class='ocrx_word' id='word_1_183' title='bbox 2136 1077 2329 1133; x_wconf 87' lang='lat' dir='ltr'><strong>Filium</strong></span> <span class='ocrx_word' id='word_1_184' title='bbox 2358 1076 2612 1133; x_wconf 90' lang='lat' dir='ltr'><strong>audiendi</strong></span> <span class='ocrx_word' id='word_1_185' title='bbox 2637 1084 2721 1132; x_wconf 90' lang='lat' dir='ltr'><strong>est</strong></span> <span class='ocrx_word' id='word_1_186' title='bbox 2746 1077 2982 1144; x_wconf 74' lang='lat' dir='ltr'><strong>affectio,</strong></span> <span class='ocrx_word' id='word_1_187' title='bbox 3020 1094 3129 1135; x_wconf 85' lang='lat' dir='ltr'><strong>non</strong></span> <span class='ocrx_word' id='word_1_188' title='bbox 3157 1088 3242 1135; x_wconf 90' lang='lat' dir='ltr'><strong>est</strong></span> <span class='ocrx_word' id='word_1_189' title='bbox 3270 1081 3571 1136; x_wconf 81' lang='lat' dir='ltr'><strong>necessitas</strong></span> <span class='ocrx_word' id='word_1_190' title='bbox 3598 1096 3727 1152; x_wconf 86' lang='lat' dir='ltr'><strong>sup-</strong></span> 
     </span>
    </p>
   </div>
   <div class='ocr_carea' id='block_1_25' title="bbox 2133 1170 3731 1243">
    <p class='ocr_par' dir='ltr' id='par_1_25' title="bbox 2133 1170 3731 1243">
     <span class='ocr_line' id='line_1_25' title="bbox 2133 1170 3731 1243; baseline 0.003 -17"><span class='ocrx_word' id='word_1_191' title='bbox 2133 1170 2369 1243; x_wconf 88' lang='lat' dir='ltr'><strong>plicandi</strong></span> <span class='ocrx_word' id='word_1_192' title='bbox 2388 1187 2403 1237; x_wconf 92' lang='lat'><strong>;</strong></span> <span class='ocrx_word' id='word_1_193' title='bbox 2425 1170 2664 1226; x_wconf 88' lang='lat' dir='ltr'><strong>charitas</strong></span> <span class='ocrx_word' id='word_1_194' title='bbox 2684 1185 2940 1226; x_wconf 87' lang='lat' dir='ltr'><strong>assensus</strong></span> <span class='ocrx_word' id='word_1_195' title='bbox 2957 1179 3059 1237; x_wconf 90' lang='lat' dir='ltr'><strong>est,</strong></span> <span class='ocrx_word' id='word_1_196' title='bbox 3086 1187 3192 1227; x_wconf 92' lang='lat' dir='ltr'><strong>non</strong></span> <span class='ocrx_word' id='word_1_197' title='bbox 3216 1180 3302 1227; x_wconf 86' lang='lat' dir='ltr'><strong>est</strong></span> <span class='ocrx_word' id='word_1_198' title='bbox 3319 1174 3615 1229; x_wconf 82' lang='lat' dir='ltr'><strong>austeritas</strong></span> <span class='ocrx_word' id='word_1_199' title='bbox 3624 1173 3731 1243; x_wconf 68' lang='lat' dir='ltr'><strong>jus-</strong></span> 
     </span>
    </p>
   </div>
   <div class='ocr_carea' id='block_1_26' title="bbox 2133 1264 3730 1336">
    <p class='ocr_par' dir='ltr' id='par_1_26' title="bbox 2133 1264 3730 1336">
     <span class='ocr_line' id='line_1_26' title="bbox 2133 1264 3730 1336; baseline 0.003 -16"><span class='ocrx_word' id='word_1_200' title='bbox 2133 1264 2334 1331; x_wconf 89' lang='lat' dir='ltr'><strong>sionis;</strong></span> <span class='ocrx_word' id='word_1_201' title='bbox 2365 1265 2437 1320; x_wconf 89' lang='lat' dir='ltr'><strong>ibi</strong></span> <span class='ocrx_word' id='word_1_202' title='bbox 2467 1279 2652 1320; x_wconf 90' lang='lat' dir='ltr'><strong>amore</strong></span> <span class='ocrx_word' id='word_1_203' title='bbox 2677 1273 2938 1334; x_wconf 88' lang='lat' dir='ltr'><strong>geruntur</strong></span> <span class='ocrx_word' id='word_1_204' title='bbox 2958 1265 3159 1331; x_wconf 89' lang='lat' dir='ltr'><strong>omnia,</strong></span> <span class='ocrx_word' id='word_1_205' title='bbox 3183 1266 3273 1321; x_wconf 91' lang='lat' dir='ltr'><strong>ubi</strong></span> <span class='ocrx_word' id='word_1_206' title='bbox 3311 1282 3419 1323; x_wconf 93' lang='lat' dir='ltr'><strong>non</strong></span> <span class='ocrx_word' id='word_1_207' title='bbox 3461 1267 3730 1336; x_wconf 70' lang='lat' dir='ltr'><strong>indigeto!</strong></span> 
     </span>
    </p>
   </div>
   <div class='ocr_carea' id='block_1_27' title="bbox 2135 1356 3729 1431">
    <p class='ocr_par' dir='ltr' id='par_1_27' title="bbox 2135 1356 3729 1431">
     <span class='ocr_line' id='line_1_27' title="bbox 2135 1356 3729 1431; baseline 0 -15"><span class='ocrx_word' id='word_1_208' title='bbox 2135 1359 2415 1428; x_wconf 90' lang='lat' dir='ltr'><strong>obsequio.</strong></span> <span class='ocrx_word' id='word_1_209' title='bbox 2428 1358 2567 1414; x_wconf 90' lang='lat' dir='ltr'><strong>sicut</strong></span> <span class='ocrx_word' id='word_1_210' title='bbox 2579 1373 2647 1413; x_wconf 82' lang='lat' dir='ltr'><strong>ex</strong></span> <span class='ocrx_word' id='word_1_211' title='bbox 2666 1357 3019 1427; x_wconf 87' lang='lat' dir='ltr'><strong>sequentibus</strong></span> <span class='ocrx_word' id='word_1_212' title='bbox 3038 1357 3311 1413; x_wconf 78' lang='lat' dir='ltr'><strong>elucescit.</strong></span> <span class='ocrx_word' id='word_1_213' title='bbox 3328 1356 3512 1421; x_wconf 84' lang='lat' dir='ltr'><strong>Pater,</strong></span> <span class='ocrx_word' id='word_1_214' title='bbox 3531 1359 3729 1431; x_wconf 77' lang='lat' dir='ltr'><strong>gratias</strong></span> 
     </span>
    </p>
   </div>
   <div class='ocr_carea' id='block_1_28' title="bbox 2134 1448 3729 1526">
    <p class='ocr_par' dir='ltr' id='par_1_28' title="bbox 2134 1448 3729 1526">
     <span class='ocr_line' id='line_1_28' title="bbox 2134 1448 3729 1526; baseline -0.001 -19"><span class='ocrx_word' id='word_1_215' title='bbox 2134 1470 2233 1526; x_wconf 90' lang='lat' dir='ltr'><strong>ago</strong></span> <span class='ocrx_word' id='word_1_216' title='bbox 2255 1451 2363 1518; x_wconf 86' lang='lat' dir='ltr'><strong>tibi,</strong></span> <span class='ocrx_word' id='word_1_217' title='bbox 2396 1452 2518 1524; x_wconf 82' lang='lat' dir='ltr'><strong>quia</strong></span> <span class='ocrx_word' id='word_1_218' title='bbox 2538 1450 2729 1505; x_wconf 79' lang='lat' dir='ltr'><strong>audisti</strong></span> <span class='ocrx_word' id='word_1_219' title='bbox 2756 1466 2838 1504; x_wconf 86' lang='lat' dir='ltr'><strong>me</strong></span> <span class='ocrx_word' id='word_1_220' title='bbox 2858 1466 2876 1504; x_wconf 92' lang='lat'><em>:</em></span> <span class='ocrx_word' id='word_1_221' title='bbox 2896 1467 2991 1522; x_wconf 85' lang='lat' dir='ltr'><strong>ego</strong></span> <span class='ocrx_word' id='word_1_222' title='bbox 3014 1459 3184 1504; x_wconf 85' lang='lat' dir='ltr'><strong>autem</strong></span> <span class='ocrx_word' id='word_1_223' title='bbox 3203 1448 3430 1505; x_wconf 77' lang='lat' dir='ltr'><strong>sciebant</strong></span> <span class='ocrx_word' id='word_1_224' title='bbox 3457 1452 3583 1523; x_wconf 83' lang='lat' dir='ltr'><strong>quia</strong></span> <span class='ocrx_word' id='word_1_225' title='bbox 3598 1466 3729 1506; x_wconf 69' lang='lat' dir='ltr'><strong>sem-</strong></span> 
     </span>
    </p>
   </div>
   <div class='ocr_carea' id='block_1_29' title="bbox 2134 1540 3728 1618">
    <p class='ocr_par' dir='ltr' id='par_1_29' title="bbox 2134 1540 3728 1618">
     <span class='ocr_line' id='line_1_29' title="bbox 2134 1540 3728 1618; baseline 0 -19"><span class='ocrx_word' id='word_1_226' title='bbox 2134 1563 2224 1618; x_wconf 86' lang='lat' dir='ltr'><strong>per</strong></span> <span class='ocrx_word' id='word_1_227' title='bbox 2243 1562 2325 1599; x_wconf 89' lang='lat' dir='ltr'><strong>me</strong></span> <span class='ocrx_word' id='word_1_228' title='bbox 2344 1543 2513 1598; x_wconf 85' lang='lat' dir='ltr'><strong>audis.</strong></span> <span class='ocrx_word' id='word_1_229' title='bbox 2547 1542 2717 1598; x_wconf 81' lang='lat' dir='ltr'><strong>Vocat</strong></span> <span class='ocrx_word' id='word_1_230' title='bbox 2756 1541 3041 1597; x_wconf 84' lang='lat' dir='ltr'><strong>invocandi</strong></span> <span class='ocrx_word' id='word_1_231' title='bbox 3069 1556 3219 1608; x_wconf 84' lang='lat' dir='ltr'><strong>cura,</strong></span> <span class='ocrx_word' id='word_1_232' title='bbox 3244 1542 3337 1596; x_wconf 89' lang='lat' dir='ltr'><strong>ubi</strong></span> <span class='ocrx_word' id='word_1_233' title='bbox 3372 1540 3569 1597; x_wconf 81' lang='lat' dir='ltr'><strong>ﬁducia</strong></span> <span class='ocrx_word' id='word_1_234' title='bbox 3587 1550 3728 1599; x_wconf 76' lang='lat' dir='ltr'><strong>certa</strong></span> 
     </span>
    </p>
   </div>
   <div class='ocr_carea' id='block_1_30' title="bbox 2133 1632 3729 1705">
    <p class='ocr_par' dir='ltr' id='par_1_30' title="bbox 2133 1632 3729 1705">
     <span class='ocr_line' id='line_1_30' title="bbox 2133 1632 3729 1705; baseline 0 -13"><span class='ocrx_word' id='word_1_235' title='bbox 2133 1645 2216 1693; x_wconf 92' lang='lat' dir='ltr'><strong>est</strong></span> <span class='ocrx_word' id='word_1_236' title='bbox 2247 1636 2523 1692; x_wconf 88' lang='lat' dir='ltr'><strong>audiendi.</strong></span> <span class='ocrx_word' id='word_1_237' title='bbox 2552 1635 2659 1690; x_wconf 87' lang='lat' dir='ltr'><strong>Aut</strong></span> <span class='ocrx_word' id='word_1_238' title='bbox 2686 1635 2816 1705; x_wconf 90' lang='lat' dir='ltr'><strong>quid</strong></span> <span class='ocrx_word' id='word_1_239' title='bbox 2863 1635 2934 1689; x_wconf 91' lang='lat' dir='ltr'><strong>ibi</strong></span> <span class='ocrx_word' id='word_1_240' title='bbox 2984 1634 3110 1688; x_wconf 85' lang='lat' dir='ltr'><strong>fat-it</strong></span> <span class='ocrx_word' id='word_1_241' title='bbox 3156 1634 3375 1705; x_wconf 78' lang='lat' dir='ltr'><strong>petendi</strong></span> <span class='ocrx_word' id='word_1_242' title='bbox 3411 1633 3602 1700; x_wconf 86' lang='lat' dir='ltr'><strong>labor,</strong></span> <span class='ocrx_word' id='word_1_243' title='bbox 3641 1632 3729 1692; x_wconf 72' lang='lat' dir='ltr'><strong>nh&#39;</strong></span> 
     </span>
    </p>
   </div>
   <div class='ocr_carea' id='block_1_31' title="bbox 2132 1726 3730 1802">
    <p class='ocr_par' dir='ltr' id='par_1_31' title="bbox 2132 1726 3730 1802">
     <span class='ocr_line' id='line_1_31' title="bbox 2132 1726 3730 1802; baseline -0.001 -17"><span class='ocrx_word' id='word_1_244' title='bbox 2132 1729 2421 1802; x_wconf 72' lang='lat' dir='ltr'><strong>praestandi</strong></span> <span class='ocrx_word' id='word_1_245' title='bbox 2445 1737 2529 1785; x_wconf 91' lang='lat' dir='ltr'><strong>est</strong></span> <span class='ocrx_word' id='word_1_246' title='bbox 2558 1743 2719 1784; x_wconf 91' lang='lat' dir='ltr'><strong>causa</strong></span> <span class='ocrx_word' id='word_1_247' title='bbox 2757 1728 3091 1782; x_wconf 78' lang='lat' dir='ltr'><strong>communis?</strong></span> <span class='ocrx_word' id='word_1_248' title='bbox 3133 1727 3297 1783; x_wconf 87' lang='lat' dir='ltr'><strong>Nemo</strong></span> <span class='ocrx_word' id='word_1_249' title='bbox 3323 1740 3456 1796; x_wconf 87' lang='lat' dir='ltr'><strong>ergo</strong></span> <span class='ocrx_word' id='word_1_250' title='bbox 3488 1739 3513 1775; x_wconf 79' lang='grc' dir='ltr'><strong>ις</strong></span> <span class='ocrx_word' id='word_1_251' title='bbox 3535 1729 3618 1783; x_wconf 89' lang='lat' dir='ltr'><strong>sic</strong></span> <span class='ocrx_word' id='word_1_252' title='bbox 3641 1726 3730 1783; x_wconf 61' lang='lat' dir='ltr'><strong>Pio</strong></span> 
     </span>
    </p>
   </div>
   <div class='ocr_carea' id='block_1_32' title="bbox 2132 1819 3731 1892">
    <p class='ocr_par' dir='ltr' id='par_1_32' title="bbox 2132 1819 3731 1892">
     <span class='ocr_line' id='line_1_32' title="bbox 2132 1819 3731 1892; baseline -0.001 -14"><span class='ocrx_word' id='word_1_253' title='bbox 2132 1823 2263 1879; x_wconf 89' lang='lat' dir='ltr'><strong>lium</strong></span> <span class='ocrx_word' id='word_1_254' title='bbox 2284 1824 2516 1877; x_wconf 89' lang='lat' dir='ltr'><strong>minoret</strong></span> <span class='ocrx_word' id='word_1_255' title='bbox 2542 1822 2811 1892; x_wconf 87' lang='lat' dir='ltr'><strong>precibus,</strong></span> <span class='ocrx_word' id='word_1_256' title='bbox 2845 1836 2912 1875; x_wconf 90' lang='lat' dir='ltr'><strong>ne</strong></span> <span class='ocrx_word' id='word_1_257' title='bbox 2935 1821 2959 1858; x_wconf 77' lang='grc' dir='ltr'>ιι</span> <span class='ocrx_word' id='word_1_258' title='bbox 2982 1819 3195 1876; x_wconf 63' lang='lat' dir='ltr'><strong>Patrem</strong></span> <span class='ocrx_word' id='word_1_259' title='bbox 3216 1821 3359 1876; x_wconf 88' lang='lat' dir='ltr'><strong>circa</strong></span> <span class='ocrx_word' id='word_1_260' title='bbox 3381 1821 3621 1877; x_wconf 87' lang='lat' dir='ltr'><strong>salutem</strong></span> <span class='ocrx_word' id='word_1_261' title='bbox 3635 1821 3731 1877; x_wconf 84' lang='lat' dir='ltr'><strong>ho-</strong></span> 
     </span>
    </p>
   </div>
   <div class='ocr_carea' id='block_1_33' title="bbox 436 1914 3726 1988">
    <p class='ocr_par' dir='ltr' id='par_1_33' title="bbox 436 1914 3726 1988">
     <span class='ocr_line' id='line_1_33' title="bbox 436 1914 3726 1988; baseline 0 -18"><span class='ocrx_word' id='word_1_262' title='bbox 436 1914 604 1983; x_wconf 92' lang='lat' dir='ltr'><strong>Quem</strong></span> <span class='ocrx_word' id='word_1_263' title='bbox 653 1916 908 1987; x_wconf 88' lang='lat' dir='ltr'><strong>posuistis</strong></span> <span class='ocrx_word' id='word_1_264' title='bbox 946 1931 1060 1981; x_wconf 85' lang='lat' dir='ltr'><strong>vos,</strong></span> <span class='ocrx_word' id='word_1_265' title='bbox 1104 1923 1163 1970; x_wconf 90' lang='lat' dir='ltr'><strong>ut</strong></span> <span class='ocrx_word' id='word_1_266' title='bbox 1203 1916 1476 1971; x_wconf 89' lang='lat' dir='ltr'><strong>hominem</strong></span> <span class='ocrx_word' id='word_1_267' title='bbox 1520 1931 1682 1985; x_wconf 86' lang='lat' dir='ltr'><strong>quem</strong></span> <span class='ocrx_word' id='word_1_268' title='bbox 1712 1931 1812 1985; x_wconf 84' lang='lat' dir='ltr'><strong>ego</strong></span> <span class='ocrx_word' id='word_1_269' title='bbox 1851 1917 2027 1988; x_wconf 84' lang='lat' dir='ltr'><strong>posui,</strong></span> <span class='ocrx_word' id='word_1_270' title='bbox 2061 1925 2109 1987; x_wconf 79' lang='grc' dir='ltr'><strong>Β</strong></span> <span class='ocrx_word' id='word_1_271' title='bbox 2134 1918 2337 1972; x_wconf 88' lang='lat' dir='ltr'><strong>minum</strong></span> <span class='ocrx_word' id='word_1_272' title='bbox 2358 1917 2436 1972; x_wconf 91' lang='lat' dir='ltr'><strong>sic</strong></span> <span class='ocrx_word' id='word_1_273' title='bbox 2454 1916 2708 1971; x_wconf 91' lang='lat' dir='ltr'><strong>minoret.</strong></span> <span class='ocrx_word' id='word_1_274' title='bbox 2748 1915 2929 1982; x_wconf 84' lang='lat' dir='ltr'><strong>Quare</strong></span> <span class='ocrx_word' id='word_1_275' title='bbox 2958 1923 3137 1969; x_wconf 67' lang='lat' dir='ltr'><strong>autem</strong></span> <span class='ocrx_word' id='word_1_276' title='bbox 3167 1915 3246 1970; x_wconf 89' lang='lat' dir='ltr'><strong>sic</strong></span> <span class='ocrx_word' id='word_1_277' title='bbox 3266 1915 3525 1984; x_wconf 88' lang='lat' dir='ltr'><strong>loquatur</strong></span> <span class='ocrx_word' id='word_1_278' title='bbox 3546 1914 3726 1984; x_wconf 76' lang='lat' dir='ltr'><strong>Filius,</strong></span> 
     </span>
    </p>
   </div>
   <div class='ocr_carea' id='block_1_34' title="bbox 435 2005 2027 2079">
    <p class='ocr_par' dir='ltr' id='par_1_34' title="bbox 435 2005 2027 2079">
     <span class='ocr_line' id='line_1_34' title="bbox 435 2005 2027 2079; baseline 0.002 -18"><span class='ocrx_word' id='word_1_279' title='bbox 435 2022 577 2062; x_wconf 92' lang='lat' dir='ltr'><strong>nunc</strong></span> <span class='ocrx_word' id='word_1_280' title='bbox 598 2022 877 2078; x_wconf 53' lang='lat' dir='ltr'><strong>reponam.</strong></span> <span class='ocrx_word' id='word_1_281' title='bbox 910 2006 1192 2077; x_wconf 83' lang='lat' dir='ltr'><strong>Respondit</strong></span> <span class='ocrx_word' id='word_1_282' title='bbox 1214 2005 1425 2061; x_wconf 78' lang='lat' dir='ltr'><strong>Martha</strong></span> <span class='ocrx_word' id='word_1_283' title='bbox 1449 2025 1466 2062; x_wconf 93' lang='lat'><strong>:</strong></span> <span class='ocrx_word' id='word_1_284' title='bbox 1493 2006 1617 2061; x_wconf 80' lang='lat' dir='ltr'><strong>lam</strong></span> <span class='ocrx_word' id='word_1_285' title='bbox 1652 2011 1791 2079; x_wconf 89' lang='lat' dir='ltr'><strong>fetet.</strong></span> <span class='ocrx_word' id='word_1_286' title='bbox 1819 2007 2027 2076; x_wconf 85' lang='lat' dir='ltr'><strong>Mulier,</strong></span> 
     </span>
    </p>
   </div>
   <div class='ocr_carea' id='block_1_35' title="bbox 431 2098 2033 2172">
    <p class='ocr_par' dir='ltr' id='par_1_35' title="bbox 431 2098 2033 2172">
     <span class='ocr_line' id='line_1_35' title="bbox 431 2098 2033 2172; baseline 0.002 -18"><span class='ocrx_word' id='word_1_287' title='bbox 431 2104 487 2154; x_wconf 90' lang='lat' dir='ltr'><strong>et</strong></span> <span class='ocrx_word' id='word_1_288' title='bbox 514 2098 658 2167; x_wconf 88' lang='lat' dir='ltr'><strong>quod</strong></span> <span class='ocrx_word' id='word_1_289' title='bbox 682 2098 813 2154; x_wconf 81' lang='lat' dir='ltr'><strong>fetet</strong></span> <span class='ocrx_word' id='word_1_290' title='bbox 852 2098 1004 2166; x_wconf 87' lang='lat' dir='ltr'><strong>cujus</strong></span> <span class='ocrx_word' id='word_1_291' title='bbox 1042 2100 1164 2153; x_wconf 89' lang='lat' dir='ltr'><strong>est?</strong></span> <span class='ocrx_word' id='word_1_292' title='bbox 1190 2098 1313 2153; x_wconf 76' lang='lat' dir='ltr'><strong>Iam</strong></span> <span class='ocrx_word' id='word_1_293' title='bbox 1336 2102 1477 2172; x_wconf 87' lang='lat' dir='ltr'><strong>fetet.</strong></span> <span class='ocrx_word' id='word_1_294' title='bbox 1506 2099 1665 2155; x_wconf 84' lang='lat' dir='ltr'><strong>Modo</strong></span> <span class='ocrx_word' id='word_1_295' title='bbox 1686 2101 1752 2155; x_wconf 91' lang='lat' dir='ltr'><strong>ad</strong></span> <span class='ocrx_word' id='word_1_296' title='bbox 1784 2109 1837 2156; x_wconf 91' lang='lat' dir='ltr'><strong>te</strong></span> <span class='ocrx_word' id='word_1_297' title='bbox 1862 2103 2033 2172; x_wconf 85' lang='lat' dir='ltr'><strong>perti-</strong></span> 
     </span>
    </p>
   </div>
   <div class='ocr_carea' id='block_1_36' title="bbox 431 2190 2031 2262">
    <p class='ocr_par' dir='ltr' id='par_1_36' title="bbox 431 2190 2031 2262">
     <span class='ocr_line' id='line_1_36' title="bbox 431 2190 2031 2262; baseline 0.003 -17"><span class='ocrx_word' id='word_1_298' title='bbox 431 2200 544 2255; x_wconf 90' lang='lat' dir='ltr'><strong>net,</strong></span> <span class='ocrx_word' id='word_1_299' title='bbox 574 2191 719 2260; x_wconf 91' lang='lat' dir='ltr'><strong>quod</strong></span> <span class='ocrx_word' id='word_1_300' title='bbox 745 2207 775 2245; x_wconf 91' lang='lat' dir='ltr'><strong>a</strong></span> <span class='ocrx_word' id='word_1_301' title='bbox 817 2199 870 2246; x_wconf 93' lang='lat' dir='ltr'><strong>te</strong></span> <span class='ocrx_word' id='word_1_302' title='bbox 889 2191 1075 2246; x_wconf 85' lang='lat' dir='ltr'><strong>venit:</strong></span> <span class='ocrx_word' id='word_1_303' title='bbox 1109 2190 1175 2245; x_wconf 90' lang='lat' dir='ltr'><strong>ad</strong></span> <span class='ocrx_word' id='word_1_304' title='bbox 1204 2191 1510 2262; x_wconf 89' lang='lat' dir='ltr'><strong>sepulcrum</strong></span> <span class='ocrx_word' id='word_1_305' title='bbox 1555 2208 1661 2246; x_wconf 91' lang='lat' dir='ltr'><strong>non</strong></span> <span class='ocrx_word' id='word_1_306' title='bbox 1700 2194 1932 2249; x_wconf 84' lang='lat' dir='ltr'><strong>sentires</strong></span> <span class='ocrx_word' id='word_1_307' title='bbox 1950 2192 2031 2250; x_wconf 83' lang='lat' dir='ltr'><strong>fe-</strong></span> 
     </span>
    </p>
   </div>
   <div class='ocr_carea' id='block_1_37' title="bbox 434 2282 2032 2353">
    <p class='ocr_par' dir='ltr' id='par_1_37' title="bbox 434 2282 2032 2353">
     <span class='ocr_line' id='line_1_37' title="bbox 434 2282 2032 2353; baseline 0.003 -16"><span class='ocrx_word' id='word_1_308' title='bbox 434 2291 627 2347; x_wconf 90' lang='lat' dir='ltr'><strong>torem,</strong></span> <span class='ocrx_word' id='word_1_309' title='bbox 655 2282 703 2337; x_wconf 90' lang='lat' dir='ltr'><strong>si</strong></span> <span class='ocrx_word' id='word_1_310' title='bbox 734 2283 785 2337; x_wconf 92' lang='lat' dir='ltr'><strong>in</strong></span> <span class='ocrx_word' id='word_1_311' title='bbox 807 2282 1060 2353; x_wconf 87' lang='lat' dir='ltr'><strong>paradiso</strong></span> <span class='ocrx_word' id='word_1_312' title='bbox 1087 2298 1365 2338; x_wconf 84' lang='lat' dir='ltr'><strong>suasorem</strong></span> <span class='ocrx_word' id='word_1_313' title='bbox 1391 2283 1654 2339; x_wconf 88' lang='lat' dir='ltr'><strong>noluisses</strong></span> <span class='ocrx_word' id='word_1_314' title='bbox 1682 2285 1886 2341; x_wconf 91' lang='lat' dir='ltr'><strong>audire.</strong></span> <span class='ocrx_word' id='word_1_315' title='bbox 1907 2285 2032 2341; x_wconf 78' lang='lat' dir='ltr'><strong>Iam</strong></span> 
     </span>
    </p>
   </div>
   <div class='ocr_carea' id='block_1_38' title="bbox 432 2370 2032 2452">
    <p class='ocr_par' dir='ltr' id='par_1_38' title="bbox 432 2370 2032 2452">
     <span class='ocr_line' id='line_1_38' title="bbox 432 2370 2032 2452; baseline 0.004 -25"><span class='ocrx_word' id='word_1_316' title='bbox 432 2375 576 2447; x_wconf 80' lang='lat' dir='ltr'><strong>fetet.</strong></span> <span class='ocrx_word' id='word_1_317' title='bbox 608 2370 763 2441; x_wconf 83' lang='lat' dir='ltr'><strong>Quod</strong></span> <span class='ocrx_word' id='word_1_318' title='bbox 788 2373 1045 2443; x_wconf 81' lang='lat' dir='ltr'><strong>perdituri</strong></span> <span class='ocrx_word' id='word_1_319' title='bbox 1068 2374 1198 2431; x_wconf 80' lang='lat' dir='ltr'><strong>fetet</strong></span> <span class='ocrx_word' id='word_1_320' title='bbox 1227 2392 1333 2430; x_wconf 90' lang='lat' dir='ltr'><strong>non</strong></span> <span class='ocrx_word' id='word_1_321' title='bbox 1356 2375 1486 2431; x_wconf 83' lang='lat' dir='ltr'><strong>fetet</strong></span> <span class='ocrx_word' id='word_1_322' title='bbox 1504 2374 1769 2432; x_wconf 83' lang='lat' dir='ltr'><strong>Creatori.</strong></span> <span class='ocrx_word' id='word_1_323' title='bbox 1800 2377 1923 2433; x_wconf 77' lang='lat' dir='ltr'><strong>1am</strong></span> <span class='ocrx_word' id='word_1_324' title='bbox 1953 2382 2032 2452; x_wconf 81' lang='lat' dir='ltr'><strong>fe-</strong></span> 
     </span>
    </p>
   </div>
   <div class='ocr_carea' id='block_1_39' title="bbox 431 2464 2033 2541">
    <p class='ocr_par' dir='ltr' id='par_1_39' title="bbox 431 2464 2033 2541">
     <span class='ocr_line' id='line_1_39' title="bbox 431 2464 2033 2541; baseline 0.004 -21"><span class='ocrx_word' id='word_1_325' title='bbox 431 2474 520 2520; x_wconf 85' lang='lat' dir='ltr'><strong>tet.</strong></span> <span class='ocrx_word' id='word_1_326' title='bbox 545 2464 702 2533; x_wconf 90' lang='lat' dir='ltr'><strong>Quod</strong></span> <span class='ocrx_word' id='word_1_327' title='bbox 718 2465 904 2521; x_wconf 89' lang='lat' dir='ltr'><strong>horret</strong></span> <span class='ocrx_word' id='word_1_328' title='bbox 924 2466 1085 2521; x_wconf 87' lang='lat' dir='ltr'><strong>alieni</strong></span> <span class='ocrx_word' id='word_1_329' title='bbox 1108 2466 1288 2537; x_wconf 91' lang='lat' dir='ltr'><strong>operis</strong></span> <span class='ocrx_word' id='word_1_330' title='bbox 1310 2482 1551 2533; x_wconf 82' lang='lat' dir='ltr'><strong>eversor,</strong></span> <span class='ocrx_word' id='word_1_331' title='bbox 1576 2476 1787 2524; x_wconf 86' lang='lat' dir='ltr'><strong>amator</strong></span> <span class='ocrx_word' id='word_1_332' title='bbox 1805 2470 1887 2525; x_wconf 90' lang='lat' dir='ltr'><strong>sui</strong></span> <span class='ocrx_word' id='word_1_333' title='bbox 1908 2486 2033 2541; x_wconf 88' lang='lat' dir='ltr'><strong>ope-</strong></span> 
     </span>
    </p>
   </div>
   <div class='ocr_carea' id='block_1_40' title="bbox 429 2558 2026 2631">
    <p class='ocr_par' dir='ltr' id='par_1_40' title="bbox 429 2558 2026 2631">
     <span class='ocr_line' id='line_1_40' title="bbox 429 2558 2026 2631; baseline 0.003 -17"><span class='ocrx_word' id='word_1_334' title='bbox 429 2558 507 2614; x_wconf 89' lang='lat' dir='ltr'><strong>ris</strong></span> <span class='ocrx_word' id='word_1_335' title='bbox 535 2574 640 2615; x_wconf 91' lang='lat' dir='ltr'><strong>non</strong></span> <span class='ocrx_word' id='word_1_336' title='bbox 679 2558 956 2615; x_wconf 83' lang='lat' dir='ltr'><strong>abhorret.</strong></span> <span class='ocrx_word' id='word_1_337' title='bbox 986 2558 1090 2615; x_wconf 89' lang='lat' dir='ltr'><strong>Sed</strong></span> <span class='ocrx_word' id='word_1_338' title='bbox 1132 2560 1364 2616; x_wconf 90' lang='lat' dir='ltr'><strong>dicendo</strong></span> <span class='ocrx_word' id='word_1_339' title='bbox 1384 2562 1480 2624; x_wconf 90' lang='lat' dir='ltr'><strong>sic,</strong></span> <span class='ocrx_word' id='word_1_340' title='bbox 1521 2562 1737 2618; x_wconf 74' lang='lat' dir='ltr'><strong>testaris</strong></span> <span class='ocrx_word' id='word_1_341' title='bbox 1776 2569 2026 2631; x_wconf 89' lang='lat' dir='ltr'><strong>mortem,</strong></span> 
     </span>
    </p>
   </div>
   <div class='ocr_carea' id='block_1_41' title="bbox 425 2650 2030 2726">
    <p class='ocr_par' dir='ltr' id='par_1_41' title="bbox 425 2650 2030 2726">
     <span class='ocr_line' id='line_1_41' title="bbox 425 2650 2030 2726; baseline 0.003 -21"><span class='ocrx_word' id='word_1_342' title='bbox 425 2663 589 2720; x_wconf 89' lang='lat' dir='ltr'><strong>quam</strong></span> <span class='ocrx_word' id='word_1_343' title='bbox 617 2656 697 2714; x_wconf 91' lang='lat' dir='ltr'><strong>tu,</strong></span> <span class='ocrx_word' id='word_1_344' title='bbox 739 2650 949 2718; x_wconf 89' lang='lat' dir='ltr'><strong>mulier,</strong></span> <span class='ocrx_word' id='word_1_345' title='bbox 982 2651 1243 2719; x_wconf 88' lang='lat' dir='ltr'><strong>intulisti;</strong></span> <span class='ocrx_word' id='word_1_346' title='bbox 1286 2652 1512 2707; x_wconf 85' lang='lat' dir='ltr'><strong>fetorem</strong></span> <span class='ocrx_word' id='word_1_347' title='bbox 1533 2653 1735 2709; x_wconf 88' lang='lat' dir='ltr'><strong>clamas</strong></span> <span class='ocrx_word' id='word_1_348' title='bbox 1752 2696 1767 2721; x_wconf 94' lang='lat'><strong>,</strong></span> <span class='ocrx_word' id='word_1_349' title='bbox 1790 2664 1851 2709; x_wconf 89' lang='lat' dir='ltr'><strong>ut</strong></span> <span class='ocrx_word' id='word_1_350' title='bbox 1871 2654 2030 2726; x_wconf 91' lang='lat' dir='ltr'><strong>plena</strong></span> 
     </span>
    </p>
   </div>
   <div class='ocr_carea' id='block_1_42' title="bbox 426 2743 2030 2818">
    <p class='ocr_par' dir='ltr' id='par_1_42' title="bbox 426 2743 2030 2818">
     <span class='ocr_line' id='line_1_42' title="bbox 426 2743 2030 2818; baseline 0.003 -19"><span class='ocrx_word' id='word_1_351' title='bbox 426 2756 576 2800; x_wconf 90' lang='lat' dir='ltr'><strong>mors</strong></span> <span class='ocrx_word' id='word_1_352' title='bbox 595 2743 936 2800; x_wconf 84' lang='lat' dir='ltr'><strong>audientibus</strong></span> <span class='ocrx_word' id='word_1_353' title='bbox 973 2745 1295 2810; x_wconf 89' lang='lat' dir='ltr'><strong>innotescat,</strong></span> <span class='ocrx_word' id='word_1_354' title='bbox 1319 2755 1588 2816; x_wconf 85' lang='lat' dir='ltr'><strong>quatenus</strong></span> <span class='ocrx_word' id='word_1_355' title='bbox 1615 2747 1757 2816; x_wconf 81' lang='lat' dir='ltr'><strong>quod</strong></span> <span class='ocrx_word' id='word_1_356' title='bbox 1788 2756 2030 2818; x_wconf 79' lang='lat' dir='ltr'><strong>resurget</strong></span> 
     </span>
    </p>
   </div>
   <div class='ocr_carea' id='block_1_43' title="bbox 427 2833 2029 2908">
    <p class='ocr_par' dir='ltr' id='par_1_43' title="bbox 427 2833 2029 2908">
     <span class='ocr_line' id='line_1_43' title="bbox 427 2833 2029 2908; baseline 0.003 -18"><span class='ocrx_word' id='word_1_357' title='bbox 427 2833 685 2902; x_wconf 85' lang='lat' dir='ltr'><strong>Lazarus,</strong></span> <span class='ocrx_word' id='word_1_358' title='bbox 725 2835 1003 2892; x_wconf 88' lang='lat' dir='ltr'><strong>redeuntis</strong></span> <span class='ocrx_word' id='word_1_359' title='bbox 1029 2838 1101 2892; x_wconf 90' lang='lat' dir='ltr'><strong>sit</strong></span> <span class='ocrx_word' id='word_1_360' title='bbox 1128 2837 1368 2908; x_wconf 87' lang='lat' dir='ltr'><strong>spiritus,</strong></span> <span class='ocrx_word' id='word_1_361' title='bbox 1409 2853 1517 2893; x_wconf 91' lang='lat' dir='ltr'><strong>non</strong></span> <span class='ocrx_word' id='word_1_362' title='bbox 1561 2839 1795 2895; x_wconf 92' lang='lat' dir='ltr'><strong>latentis.</strong></span> <span class='ocrx_word' id='word_1_363' title='bbox 1829 2839 2029 2896; x_wconf 66' lang='lat' dir='ltr'><strong>Divinas</strong></span> 
     </span>
    </p>
   </div>
   <div class='ocr_carea' id='block_1_44' title="bbox 426 2927 2029 3003">
    <p class='ocr_par' dir='ltr' id='par_1_44' title="bbox 426 2927 2029 3003">
     <span class='ocr_line' id='line_1_44' title="bbox 426 2927 2029 3003; baseline 0.002 -18"><span class='ocrx_word' id='word_1_364' title='bbox 426 2927 641 2985; x_wconf 86' lang='lat' dir='ltr'><strong>virtutis</strong></span> <span class='ocrx_word' id='word_1_365' title='bbox 660 2928 748 2995; x_wconf 87' lang='lat' dir='ltr'><strong>sit,</strong></span> <span class='ocrx_word' id='word_1_366' title='bbox 788 2945 895 2985; x_wconf 91' lang='lat' dir='ltr'><strong>non</strong></span> <span class='ocrx_word' id='word_1_367' title='bbox 933 2930 1005 2985; x_wconf 88' lang='lat' dir='ltr'><strong>sit</strong></span> <span class='ocrx_word' id='word_1_368' title='bbox 1029 2931 1159 2985; x_wconf 87' lang='lat' dir='ltr'><strong>artis</strong></span> <span class='ocrx_word' id='word_1_369' title='bbox 1188 2929 1468 2998; x_wconf 69' lang='lat' dir='ltr'><strong>humanm;</strong></span> <span class='ocrx_word' id='word_1_370' title='bbox 1512 2947 1687 3002; x_wconf 86' lang='lat' dir='ltr'><strong>neque</strong></span> <span class='ocrx_word' id='word_1_371' title='bbox 1716 2930 1905 3000; x_wconf 73' lang='lat' dir='ltr'><strong>Judtci,</strong></span> <span class='ocrx_word' id='word_1_372' title='bbox 1936 2934 2029 3003; x_wconf 91' lang='lat' dir='ltr'><strong>qui</strong></span> 
     </span>
    </p>
   </div>
   <div class='ocr_carea' id='block_1_45' title="bbox 426 3019 2025 3097">
    <p class='ocr_par' dir='ltr' id='par_1_45' title="bbox 426 3019 2025 3097">
     <span class='ocr_line' id='line_1_45' title="bbox 426 3019 2025 3097; baseline 0.003 -21"><span class='ocrx_word' id='word_1_373' title='bbox 426 3035 529 3078; x_wconf 88' lang='lat' dir='ltr'><strong>nos</strong></span> <span class='ocrx_word' id='word_1_374' title='bbox 557 3019 745 3077; x_wconf 89' lang='lat' dir='ltr'><strong>dicunt</strong></span> <span class='ocrx_word' id='word_1_375' title='bbox 769 3021 827 3077; x_wconf 87' lang='lat' dir='ltr'><strong>in</strong></span> <span class='ocrx_word' id='word_1_376' title='bbox 872 3022 1109 3094; x_wconf 80' lang='lat' dir='ltr'><strong>principe</strong></span> <span class='ocrx_word' id='word_1_377' title='bbox 1145 3022 1517 3078; x_wconf 70' lang='lat' dir='ltr'><strong>dwmuniorum</strong></span> <span class='ocrx_word' id='word_1_378' title='bbox 1543 3024 1731 3097; x_wconf 83' lang='lat' dir='ltr'><strong>ejicere</strong></span> <span class='ocrx_word' id='word_1_379' title='bbox 1771 3023 2025 3081; x_wconf 65' lang='lat' dir='ltr'><strong>daemones</strong></span> 
     </span>
    </p>
   </div>
   <div class='ocr_carea' id='block_1_46' title="bbox 426 3109 2027 3187">
    <p class='ocr_par' dir='ltr' id='par_1_46' title="bbox 426 3109 2027 3187">
     <span class='ocr_line' id='line_1_46' title="bbox 426 3109 2027 3187; baseline 0.004 -21"><span class='ocrx_word' id='word_1_380' title='bbox 426 3109 641 3185; x_wconf 76' lang='lat' dir='ltr'><strong>(Matth.</strong></span> <span class='ocrx_word' id='word_1_381' title='bbox 685 3112 761 3184; x_wconf 75' lang='lat' dir='ltr'><strong>ts)</strong></span> <span class='ocrx_word' id='word_1_382' title='bbox 802 3113 999 3169; x_wconf 89' lang='lat' dir='ltr'><strong>iterum</strong></span> <span class='ocrx_word' id='word_1_383' title='bbox 1037 3113 1221 3170; x_wconf 88' lang='lat' dir='ltr'><strong>dicant</strong></span> <span class='ocrx_word' id='word_1_384' title='bbox 1262 3130 1362 3171; x_wconf 90' lang='lat' dir='ltr'><strong>nos</strong></span> <span class='ocrx_word' id='word_1_385' title='bbox 1389 3131 1498 3171; x_wconf 87' lang='lat' dir='ltr'><strong>non</strong></span> <span class='ocrx_word' id='word_1_386' title='bbox 1529 3116 1757 3187; x_wconf 90' lang='lat' dir='ltr'><strong>imperio</strong></span> <span class='ocrx_word' id='word_1_387' title='bbox 1782 3117 1895 3183; x_wconf 89' lang='lat' dir='ltr'><strong>Dei,</strong></span> <span class='ocrx_word' id='word_1_388' title='bbox 1931 3116 2027 3173; x_wconf 86' lang='lat' dir='ltr'><strong>sed</strong></span> 
     </span>
    </p>
   </div>
   <div class='ocr_carea' id='block_1_47' title="bbox 423 3203 2024 3283">
    <p class='ocr_par' dir='ltr' id='par_1_47' title="bbox 423 3203 2024 3283">
     <span class='ocr_line' id='line_1_47' title="bbox 423 3203 2024 3283; baseline 0.004 -24"><span class='ocrx_word' id='word_1_389' title='bbox 423 3203 661 3260; x_wconf 91' lang='lat' dir='ltr'><strong>humano</strong></span> <span class='ocrx_word' id='word_1_390' title='bbox 680 3205 931 3276; x_wconf 76' lang='lat' dir='ltr'><strong>przesidio</strong></span> <span class='ocrx_word' id='word_1_391' title='bbox 950 3214 1195 3263; x_wconf 89' lang='lat' dir='ltr'><strong>mortuos</strong></span> <span class='ocrx_word' id='word_1_392' title='bbox 1215 3208 1496 3264; x_wconf 88' lang='lat' dir='ltr'><strong>suscitare.</strong></span> <span class='ocrx_word' id='word_1_393' title='bbox 1512 3208 1636 3263; x_wconf 80' lang='lat' dir='ltr'><strong>Jan:</strong></span> <span class='ocrx_word' id='word_1_394' title='bbox 1658 3211 1798 3282; x_wconf 88' lang='lat' dir='ltr'><strong>fetet,</strong></span> <span class='ocrx_word' id='word_1_395' title='bbox 1821 3212 2024 3283; x_wconf 83' lang='lat' dir='ltr'><strong>quatri-</strong></span> 
     </span>
    </p>
   </div>
   <div class='ocr_carea' id='block_1_48' title="bbox 2133 2006 3732 2081">
    <p class='ocr_par' dir='ltr' id='par_1_48' title="bbox 2133 2006 3732 2081">
     <span class='ocr_line' id='line_1_48' title="bbox 2133 2006 3732 2081; baseline -0.001 -16"><span class='ocrx_word' id='word_1_396' title='bbox 2133 2011 2249 2081; x_wconf 89' lang='lat' dir='ltr'><strong>ipse</strong></span> <span class='ocrx_word' id='word_1_397' title='bbox 2279 2010 2473 2080; x_wconf 85' lang='lat' dir='ltr'><strong>aperit,</strong></span> <span class='ocrx_word' id='word_1_398' title='bbox 2509 2011 2589 2063; x_wconf 90' lang='lat' dir='ltr'><strong>sic</strong></span> <span class='ocrx_word' id='word_1_399' title='bbox 2624 2007 2856 2063; x_wconf 90' lang='lat' dir='ltr'><strong>dicendo</strong></span> <span class='ocrx_word' id='word_1_400' title='bbox 2881 2025 2895 2060; x_wconf 90' lang='lat'><strong>:</strong></span> <span class='ocrx_word' id='word_1_401' title='bbox 2928 2006 3108 2071; x_wconf 79' lang='lat' dir='ltr'><strong>Pater,</strong></span> <span class='ocrx_word' id='word_1_402' title='bbox 3132 2009 3332 2078; x_wconf 84' lang='lat' dir='ltr'><strong>gratias</strong></span> <span class='ocrx_word' id='word_1_403' title='bbox 3353 2024 3454 2078; x_wconf 89' lang='lat' dir='ltr'><strong>ago</strong></span> <span class='ocrx_word' id='word_1_404' title='bbox 3479 2006 3595 2073; x_wconf 85' lang='lat' dir='ltr'><strong>tibi,</strong></span> <span class='ocrx_word' id='word_1_405' title='bbox 3618 2010 3732 2081; x_wconf 69' lang='lat' dir='ltr'><strong>quis</strong></span> 
     </span>
    </p>
   </div>
   <div class='ocr_carea' id='block_1_49' title="bbox 2134 2099 3731 2173">
    <p class='ocr_par' dir='ltr' id='par_1_49' title="bbox 2134 2099 3731 2173">
     <span class='ocr_line' id='line_1_49' title="bbox 2134 2099 3731 2173; baseline -0.003 -15"><span class='ocrx_word' id='word_1_406' title='bbox 2134 2103 2326 2158; x_wconf 82' lang='lat' dir='ltr'><strong>audisti</strong></span> <span class='ocrx_word' id='word_1_407' title='bbox 2345 2119 2427 2157; x_wconf 86' lang='lat' dir='ltr'><strong>me</strong></span> <span class='ocrx_word' id='word_1_408' title='bbox 2448 2118 2465 2155; x_wconf 94' lang='lat'><strong>:</strong></span> <span class='ocrx_word' id='word_1_409' title='bbox 2500 2117 2594 2173; x_wconf 89' lang='lat' dir='ltr'><strong>ego</strong></span> <span class='ocrx_word' id='word_1_410' title='bbox 2615 2110 2787 2153; x_wconf 89' lang='lat' dir='ltr'><strong>autem</strong></span> <span class='ocrx_word' id='word_1_411' title='bbox 2806 2101 3028 2153; x_wconf 76' lang='lat' dir='ltr'><strong>sciebam</strong></span> <span class='ocrx_word' id='word_1_412' title='bbox 3067 2100 3186 2171; x_wconf 88' lang='lat' dir='ltr'><strong>quia</strong></span> <span class='ocrx_word' id='word_1_413' title='bbox 3207 2115 3411 2170; x_wconf 78' lang='lat' dir='ltr'><strong>semper</strong></span> <span class='ocrx_word' id='word_1_414' title='bbox 3443 2116 3527 2154; x_wconf 85' lang='lat' dir='ltr'><strong>me</strong></span> <span class='ocrx_word' id='word_1_415' title='bbox 3547 2099 3731 2165; x_wconf 63' lang='lat' dir='ltr'><strong>audis;</strong></span> 
     </span>
    </p>
   </div>
   <div class='ocr_carea' id='block_1_50' title="bbox 2131 2190 3732 2267">
    <p class='ocr_par' dir='ltr' id='par_1_50' title="bbox 2131 2190 3732 2267">
     <span class='ocr_line' id='line_1_50' title="bbox 2131 2190 3732 2267; baseline -0.002 -16"><span class='ocrx_word' id='word_1_416' title='bbox 2131 2196 2223 2251; x_wconf 87' lang='lat' dir='ltr'><strong>sed</strong></span> <span class='ocrx_word' id='word_1_417' title='bbox 2242 2202 2455 2267; x_wconf 84' lang='lat' dir='ltr'><strong>propter</strong></span> <span class='ocrx_word' id='word_1_418' title='bbox 2474 2191 2721 2265; x_wconf 86' lang='lat' dir='ltr'><strong>populum</strong></span> <span class='ocrx_word' id='word_1_419' title='bbox 2741 2191 2872 2255; x_wconf 73' lang='lat' dir='ltr'><strong>dixi,</strong></span> <span class='ocrx_word' id='word_1_420' title='bbox 2896 2193 2981 2264; x_wconf 86' lang='lat' dir='ltr'><strong>qui</strong></span> <span class='ocrx_word' id='word_1_421' title='bbox 3025 2192 3343 2245; x_wconf 82' lang='lat' dir='ltr'><strong>circumstat.</strong></span> <span class='ocrx_word' id='word_1_422' title='bbox 3380 2190 3594 2247; x_wconf 82' lang='lat' dir='ltr'><strong>Videtis</strong></span> <span class='ocrx_word' id='word_1_423' title='bbox 3611 2193 3732 2262; x_wconf 74' lang='lat' dir='ltr'><strong>quia</strong></span> 
     </span>
    </p>
   </div>
   <div class='ocr_carea' id='block_1_51' title="bbox 2131 2282 3729 2357">
    <p class='ocr_par' dir='ltr' id='par_1_51' title="bbox 2131 2282 3729 2357">
     <span class='ocr_line' id='line_1_51' title="bbox 2131 2282 3729 2357; baseline 0 -15"><span class='ocrx_word' id='word_1_424' title='bbox 2131 2287 2403 2357; x_wconf 86' lang='lat' dir='ltr'><strong>loquendo</strong></span> <span class='ocrx_word' id='word_1_425' title='bbox 2423 2286 2549 2340; x_wconf 89' lang='lat' dir='ltr'><strong>talia</strong></span> <span class='ocrx_word' id='word_1_426' title='bbox 2572 2300 2727 2340; x_wconf 89' lang='lat' dir='ltr'><strong>suum</strong></span> <span class='ocrx_word' id='word_1_427' title='bbox 2760 2284 3043 2353; x_wconf 87' lang='lat' dir='ltr'><strong>Patrisque</strong></span> <span class='ocrx_word' id='word_1_428' title='bbox 3066 2282 3315 2339; x_wconf 71' lang='lat' dir='ltr'><strong>affectum</strong></span> <span class='ocrx_word' id='word_1_429' title='bbox 3349 2285 3511 2351; x_wconf 90' lang='lat' dir='ltr'><strong>tollit,</strong></span> <span class='ocrx_word' id='word_1_430' title='bbox 3534 2285 3729 2357; x_wconf 86' lang='lat' dir='ltr'><strong>prodit,</strong></span> 
     </span>
    </p>
   </div>
   <div class='ocr_carea' id='block_1_52' title="bbox 2129 2374 3734 2451">
    <p class='ocr_par' dir='ltr' id='par_1_52' title="bbox 2129 2374 3734 2451">
     <span class='ocr_line' id='line_1_52' title="bbox 2129 2374 3734 2451; baseline 0 -18"><span class='ocrx_word' id='word_1_431' title='bbox 2129 2379 2319 2451; x_wconf 88' lang='lat' dir='ltr'><strong>pandit</strong></span> <span class='ocrx_word' id='word_1_432' title='bbox 2339 2379 2586 2446; x_wconf 88' lang='lat' dir='ltr'><strong>gratiam,</strong></span> <span class='ocrx_word' id='word_1_433' title='bbox 2617 2376 2635 2415; x_wconf 81' lang='grc' dir='ltr'><strong>ί</strong></span> <span class='ocrx_word' id='word_1_434' title='bbox 2660 2377 2902 2446; x_wconf 88' lang='lat' dir='ltr'><strong>loquitur</strong></span> <span class='ocrx_word' id='word_1_435' title='bbox 2922 2377 3206 2432; x_wconf 89' lang='lat' dir='ltr'><strong>unitatem.</strong></span> <span class='ocrx_word' id='word_1_436' title='bbox 3240 2376 3467 2433; x_wconf 86' lang='lat' dir='ltr'><strong>Dixerat</strong></span> <span class='ocrx_word' id='word_1_437' title='bbox 3494 2395 3510 2432; x_wconf 93' lang='lat'><strong>:</strong></span> <span class='ocrx_word' id='word_1_438' title='bbox 3544 2374 3734 2433; x_wconf 76' lang='lat' dir='ltr'><strong>Omnis</strong></span> 
     </span>
    </p>
   </div>
   <div class='ocr_carea' id='block_1_53' title="bbox 2129 2467 3734 2544">
    <p class='ocr_par' dir='ltr' id='par_1_53' title="bbox 2129 2467 3734 2544">
     <span class='ocr_line' id='line_1_53' title="bbox 2129 2467 3734 2544; baseline 0.001 -19"><span class='ocrx_word' id='word_1_439' title='bbox 2129 2487 2246 2544; x_wconf 70' lang='lat' dir='ltr'><strong>qua:</strong></span> <span class='ocrx_word' id='word_1_440' title='bbox 2264 2470 2415 2525; x_wconf 83' lang='lat' dir='ltr'><strong>habet</strong></span> <span class='ocrx_word' id='word_1_441' title='bbox 2457 2469 2632 2536; x_wconf 91' lang='lat' dir='ltr'><strong>Pater,</strong></span> <span class='ocrx_word' id='word_1_442' title='bbox 2673 2486 2787 2523; x_wconf 88' lang='lat' dir='ltr'><strong>mea</strong></span> <span class='ocrx_word' id='word_1_443' title='bbox 2807 2481 2930 2524; x_wconf 87' lang='lat' dir='ltr'><strong>sunt</strong></span> <span class='ocrx_word' id='word_1_444' title='bbox 2951 2467 3132 2541; x_wconf 82' lang='lat' dir='ltr'><strong>(Joan.</strong></span> <span class='ocrx_word' id='word_1_445' title='bbox 3162 2469 3306 2540; x_wconf 82' lang='lat' dir='ltr'><strong>xvr);</strong></span> <span class='ocrx_word' id='word_1_446' title='bbox 3337 2480 3395 2525; x_wconf 90' lang='lat' dir='ltr'><strong>et</strong></span> <span class='ocrx_word' id='word_1_447' title='bbox 3421 2471 3468 2525; x_wconf 88' lang='lat' dir='ltr'><strong>si</strong></span> <span class='ocrx_word' id='word_1_448' title='bbox 3489 2486 3591 2526; x_wconf 82' lang='lat' dir='ltr'><strong>sua</strong></span> <span class='ocrx_word' id='word_1_449' title='bbox 3612 2477 3734 2527; x_wconf 82' lang='lat' dir='ltr'><strong>sunt</strong></span> 
     </span>
    </p>
   </div>
   <div class='ocr_carea' id='block_1_54' title="bbox 2131 2561 3732 2635">
    <p class='ocr_par' dir='ltr' id='par_1_54' title="bbox 2131 2561 3732 2635">
     <span class='ocr_line' id='line_1_54' title="bbox 2131 2561 3732 2635; baseline -0.001 -14"><span class='ocrx_word' id='word_1_450' title='bbox 2131 2566 2332 2631; x_wconf 90' lang='lat' dir='ltr'><strong>omnia,</strong></span> <span class='ocrx_word' id='word_1_451' title='bbox 2359 2563 2635 2635; x_wconf 88' lang='lat' dir='ltr'><strong>quomodo</strong></span> <span class='ocrx_word' id='word_1_452' title='bbox 2659 2563 2828 2635; x_wconf 82' lang='lat' dir='ltr'><strong>petit?</strong></span> <span class='ocrx_word' id='word_1_453' title='bbox 2847 2561 2949 2629; x_wconf 85' lang='lat' dir='ltr'><strong>Qui</strong></span> <span class='ocrx_word' id='word_1_454' title='bbox 2986 2562 3055 2617; x_wconf 90' lang='lat' dir='ltr'><strong>de</strong></span> <span class='ocrx_word' id='word_1_455' title='bbox 3096 2578 3197 2617; x_wconf 93' lang='lat' dir='ltr'><strong>suo</strong></span> <span class='ocrx_word' id='word_1_456' title='bbox 3219 2562 3372 2633; x_wconf 89' lang='lat' dir='ltr'><strong>petit,</strong></span> <span class='ocrx_word' id='word_1_457' title='bbox 3403 2563 3557 2633; x_wconf 86' lang='lat' dir='ltr'><strong>quod</strong></span> <span class='ocrx_word' id='word_1_458' title='bbox 3581 2564 3732 2634; x_wconf 86' lang='lat' dir='ltr'><strong>petit,</strong></span> 
     </span>
    </p>
   </div>
   <div class='ocr_carea' id='block_1_55' title="bbox 2130 2657 3733 2742">
    <p class='ocr_par' dir='ltr' id='par_1_55' title="bbox 2130 2657 3733 2742">
     <span class='ocr_line' id='line_1_55' title="bbox 2130 2657 3733 2742; baseline -0.001 -26"><span class='ocrx_word' id='word_1_459' title='bbox 2130 2677 2238 2716; x_wconf 91' lang='lat' dir='ltr'><strong>non</strong></span> <span class='ocrx_word' id='word_1_460' title='bbox 2260 2660 2599 2716; x_wconf 87' lang='lat' dir='ltr'><strong>necessitatis</strong></span> <span class='ocrx_word' id='word_1_461' title='bbox 2619 2667 2720 2727; x_wconf 91' lang='lat' dir='ltr'><strong>est,</strong></span> <span class='ocrx_word' id='word_1_462' title='bbox 2738 2659 2831 2715; x_wconf 88' lang='lat' dir='ltr'><strong>sed</strong></span> <span class='ocrx_word' id='word_1_463' title='bbox 2847 2659 3065 2714; x_wconf 89' lang='lat' dir='ltr'><strong>amoris.</strong></span> <span class='ocrx_word' id='word_1_464' title='bbox 3082 2657 3262 2725; x_wconf 88' lang='lat' dir='ltr'><strong>Pater,</strong></span> <span class='ocrx_word' id='word_1_465' title='bbox 3280 2660 3484 2731; x_wconf 84' lang='lat' dir='ltr'><strong>gratias</strong></span> <span class='ocrx_word' id='word_1_466' title='bbox 3503 2676 3607 2731; x_wconf 81' lang='lat' dir='ltr'><strong>ago</strong></span> <span class='ocrx_word' id='word_1_467' title='bbox 3628 2658 3733 2742; x_wconf 54' lang='lat' dir='ltr'><strong>tibi,</strong></span> 
     </span>
    </p>
   </div>
   <div class='ocr_carea' id='block_1_56' title="bbox 2129 2748 3735 2825">
    <p class='ocr_par' dir='ltr' id='par_1_56' title="bbox 2129 2748 3735 2825">
     <span class='ocr_line' id='line_1_56' title="bbox 2129 2748 3735 2825; baseline -0.001 -19"><span class='ocrx_word' id='word_1_468' title='bbox 2129 2753 2251 2825; x_wconf 87' lang='lat' dir='ltr'><strong>quia</strong></span> <span class='ocrx_word' id='word_1_469' title='bbox 2271 2751 2464 2806; x_wconf 85' lang='lat' dir='ltr'><strong>audisti</strong></span> <span class='ocrx_word' id='word_1_470' title='bbox 2483 2768 2565 2807; x_wconf 89' lang='lat' dir='ltr'><strong>me</strong></span> <span class='ocrx_word' id='word_1_471' title='bbox 2586 2768 2604 2807; x_wconf 91' lang='lat'><em>:</em></span> <span class='ocrx_word' id='word_1_472' title='bbox 2625 2769 2719 2824; x_wconf 87' lang='lat' dir='ltr'><strong>ego</strong></span> <span class='ocrx_word' id='word_1_473' title='bbox 2740 2761 2912 2806; x_wconf 90' lang='lat' dir='ltr'><strong>autem</strong></span> <span class='ocrx_word' id='word_1_474' title='bbox 2931 2748 3153 2805; x_wconf 84' lang='lat' dir='ltr'><strong>sciebam</strong></span> <span class='ocrx_word' id='word_1_475' title='bbox 3174 2751 3297 2824; x_wconf 84' lang='lat' dir='ltr'><strong>quia</strong></span> <span class='ocrx_word' id='word_1_476' title='bbox 3315 2766 3524 2823; x_wconf 83' lang='lat' dir='ltr'><strong>semper</strong></span> <span class='ocrx_word' id='word_1_477' title='bbox 3539 2768 3631 2807; x_wconf 74' lang='lat' dir='ltr'><strong>me</strong></span> <span class='ocrx_word' id='word_1_478' title='bbox 3646 2767 3735 2805; x_wconf 50' lang='lat' dir='ltr'><strong>at»</strong></span> 
     </span>
    </p>
   </div>
   <div class='ocr_carea' id='block_1_57' title="bbox 2130 2843 3733 2917">
    <p class='ocr_par' dir='ltr' id='par_1_57' title="bbox 2130 2843 3733 2917">
     <span class='ocr_line' id='line_1_57' title="bbox 2130 2843 3733 2917; baseline -0.001 -18"><span class='ocrx_word' id='word_1_479' title='bbox 2130 2845 2244 2910; x_wconf 85' lang='lat' dir='ltr'><strong>dis;</strong></span> <span class='ocrx_word' id='word_1_480' title='bbox 2278 2843 2372 2898; x_wconf 85' lang='lat' dir='ltr'><strong>sed</strong></span> <span class='ocrx_word' id='word_1_481' title='bbox 2389 2853 2600 2916; x_wconf 88' lang='lat' dir='ltr'><strong>propter</strong></span> <span class='ocrx_word' id='word_1_482' title='bbox 2619 2844 2864 2917; x_wconf 85' lang='lat' dir='ltr'><strong>papulum</strong></span> <span class='ocrx_word' id='word_1_483' title='bbox 2896 2843 3036 2908; x_wconf 73' lang='lat' dir='ltr'><strong>dixi,</strong></span> <span class='ocrx_word' id='word_1_484' title='bbox 3083 2844 3169 2916; x_wconf 88' lang='lat' dir='ltr'><strong>qui</strong></span> <span class='ocrx_word' id='word_1_485' title='bbox 3190 2844 3513 2909; x_wconf 84' lang='lat' dir='ltr'><strong>circumstat,</strong></span> <span class='ocrx_word' id='word_1_486' title='bbox 3543 2853 3607 2897; x_wconf 76' lang='lat' dir='ltr'><strong>stt</strong></span> <span class='ocrx_word' id='word_1_487' title='bbox 3626 2861 3733 2898; x_wconf 83' lang='lat' dir='ltr'><strong>cre-</strong></span> 
     </span>
    </p>
   </div>
   <div class='ocr_carea' id='block_1_58' title="bbox 2129 2933 3734 3008">
    <p class='ocr_par' dir='ltr' id='par_1_58' title="bbox 2129 2933 3734 3008">
     <span class='ocr_line' id='line_1_58' title="bbox 2129 2933 3734 3008; baseline 0.002 -19"><span class='ocrx_word' id='word_1_488' title='bbox 2129 2935 2259 2990; x_wconf 86' lang='lat' dir='ltr'><strong>dant</strong></span> <span class='ocrx_word' id='word_1_489' title='bbox 2294 2937 2416 3008; x_wconf 86' lang='lat' dir='ltr'><strong>quia</strong></span> <span class='ocrx_word' id='word_1_490' title='bbox 2457 2946 2507 2989; x_wconf 90' lang='lat' dir='ltr'><strong>tu</strong></span> <span class='ocrx_word' id='word_1_491' title='bbox 2547 2953 2628 2990; x_wconf 88' lang='lat' dir='ltr'><strong>me</strong></span> <span class='ocrx_word' id='word_1_492' title='bbox 2664 2936 2871 2990; x_wconf 86' lang='lat' dir='ltr'><strong>misisti.</strong></span> <span class='ocrx_word' id='word_1_493' title='bbox 2916 2933 3137 2989; x_wconf 88' lang='lat' dir='ltr'><strong>Missum</strong></span> <span class='ocrx_word' id='word_1_494' title='bbox 3175 2949 3236 2990; x_wconf 90' lang='lat' dir='ltr'><strong>se</strong></span> <span class='ocrx_word' id='word_1_495' title='bbox 3263 2934 3421 3002; x_wconf 78' lang='lat' dir='ltr'><strong>dixit,</strong></span> <span class='ocrx_word' id='word_1_496' title='bbox 3453 2935 3734 3006; x_wconf 84' lang='lat' dir='ltr'><strong>utpoan</strong></span> 
     </span>
    </p>
   </div>
   <div class='ocr_carea' id='block_1_59' title="bbox 2127 3023 3734 3093">
    <p class='ocr_par' dir='ltr' id='par_1_59' title="bbox 2127 3023 3734 3093">
     <span class='ocr_line' id='line_1_59' title="bbox 2127 3023 3734 3093; baseline 0 -10"><span class='ocrx_word' id='word_1_497' title='bbox 2127 3028 2302 3083; x_wconf 88' lang='lat' dir='ltr'><strong>sciant</strong></span> <span class='ocrx_word' id='word_1_498' title='bbox 2340 3027 2407 3082; x_wconf 87' lang='lat' dir='ltr'><strong>de</strong></span> <span class='ocrx_word' id='word_1_499' title='bbox 2446 3026 2587 3083; x_wconf 83' lang='lat' dir='ltr'><strong>coelo</strong></span> <span class='ocrx_word' id='word_1_500' title='bbox 2625 3027 2839 3081; x_wconf 87' lang='lat' dir='ltr'><strong>venisse</strong></span> <span class='ocrx_word' id='word_1_501' title='bbox 2860 3023 3151 3093; x_wconf 88' lang='lat' dir='ltr'><strong>Christum,</strong></span> <span class='ocrx_word' id='word_1_502' title='bbox 3194 3041 3304 3081; x_wconf 91' lang='lat' dir='ltr'><strong>non</strong></span> <span class='ocrx_word' id='word_1_503' title='bbox 3340 3027 3642 3084; x_wconf 87' lang='lat' dir='ltr'><strong>recessisse</strong></span> <span class='ocrx_word' id='word_1_504' title='bbox 3669 3028 3734 3083; x_wconf 83' lang='lat' dir='ltr'><strong>de</strong></span> 
     </span>
    </p>
   </div>
   <div class='ocr_carea' id='block_1_60' title="bbox 2128 3119 3735 3192">
    <p class='ocr_par' dir='ltr' id='par_1_60' title="bbox 2128 3119 3735 3192">
     <span class='ocr_line' id='line_1_60' title="bbox 2128 3119 3735 3192; baseline 0 -15"><span class='ocrx_word' id='word_1_505' title='bbox 2128 3122 2285 3177; x_wconf 87' lang='lat' dir='ltr'><strong>coelo.</strong></span> <span class='ocrx_word' id='word_1_506' title='bbox 2319 3119 2409 3176; x_wconf 90' lang='lat' dir='ltr'><strong>Sic</strong></span> <span class='ocrx_word' id='word_1_507' title='bbox 2429 3134 2559 3188; x_wconf 85' lang='lat' dir='ltr'><strong>ergo</strong></span> <span class='ocrx_word' id='word_1_508' title='bbox 2579 3120 2827 3186; x_wconf 90' lang='lat' dir='ltr'><strong>mittitur,</strong></span> <span class='ocrx_word' id='word_1_509' title='bbox 2842 3121 2921 3176; x_wconf 88' lang='lat' dir='ltr'><strong>sic</strong></span> <span class='ocrx_word' id='word_1_510' title='bbox 2943 3128 2997 3175; x_wconf 93' lang='lat' dir='ltr'><strong>et</strong></span> <span class='ocrx_word' id='word_1_511' title='bbox 3016 3121 3163 3190; x_wconf 91' lang='lat' dir='ltr'><strong>quod</strong></span> <span class='ocrx_word' id='word_1_512' title='bbox 3181 3120 3349 3177; x_wconf 89' lang='lat' dir='ltr'><strong>habet</strong></span> <span class='ocrx_word' id='word_1_513' title='bbox 3368 3122 3580 3192; x_wconf 88' lang='lat' dir='ltr'><strong>accipit,</strong></span> <span class='ocrx_word' id='word_1_514' title='bbox 3595 3137 3735 3192; x_wconf 81' lang='lat' dir='ltr'><strong>quo-</strong></span> 
     </span>
    </p>
   </div>
   <div class='ocr_carea' id='block_1_61' title="bbox 2127 3212 3733 3284">
    <p class='ocr_par' dir='ltr' id='par_1_61' title="bbox 2127 3212 3733 3284">
     <span class='ocr_line' id='line_1_61' title="bbox 2127 3212 3733 3284; baseline 0.001 -15"><span class='ocrx_word' id='word_1_515' title='bbox 2127 3214 2290 3269; x_wconf 88' lang='lat' dir='ltr'><strong>modo</strong></span> <span class='ocrx_word' id='word_1_516' title='bbox 2316 3213 2327 3263; x_wconf 88' lang='lat' dir='ltr'><strong>i</strong></span> <span class='ocrx_word' id='word_1_517' title='bbox 2363 3212 2503 3267; x_wconf 88' lang='lat' dir='ltr'><strong>unde</strong></span> <span class='ocrx_word' id='word_1_518' title='bbox 2524 3221 2748 3267; x_wconf 86' lang='lat' dir='ltr'><strong>venerat</strong></span> <span class='ocrx_word' id='word_1_519' title='bbox 2770 3228 2879 3267; x_wconf 87' lang='lat' dir='ltr'><strong>non</strong></span> <span class='ocrx_word' id='word_1_520' title='bbox 2906 3214 3166 3281; x_wconf 90' lang='lat' dir='ltr'><strong>recessit;</strong></span> <span class='ocrx_word' id='word_1_521' title='bbox 3209 3214 3290 3270; x_wconf 91' lang='lat' dir='ltr'><strong>sic</strong></span> <span class='ocrx_word' id='word_1_522' title='bbox 3310 3227 3440 3284; x_wconf 86' lang='lat' dir='ltr'><strong>ergo</strong></span> <span class='ocrx_word' id='word_1_523' title='bbox 3464 3224 3516 3270; x_wconf 90' lang='lat' dir='ltr'><strong>et</strong></span> <span class='ocrx_word' id='word_1_524' title='bbox 3549 3213 3733 3270; x_wconf 79' lang='lat' dir='ltr'><strong>Filius</strong></span> 
     </span>
    </p>
   </div>
   <div class='ocr_carea' id='block_1_62' title="bbox 425 3295 3725 3377">
    <p class='ocr_par' dir='ltr' id='par_1_62' title="bbox 425 3295 3725 3377">
     <span class='ocr_line' id='line_1_62' title="bbox 425 3295 3725 3377; baseline 0.004 -26"><span class='ocrx_word' id='word_1_525' title='bbox 425 3295 630 3352; x_wconf 85' lang='lat' dir='ltr'><strong>duanus</strong></span> <span class='ocrx_word' id='word_1_526' title='bbox 648 3306 744 3352; x_wconf 89' lang='lat' dir='ltr'><strong>est.</strong></span> <span class='ocrx_word' id='word_1_527' title='bbox 774 3297 912 3354; x_wconf 91' lang='lat' dir='ltr'><strong>Dicit</strong></span> <span class='ocrx_word' id='word_1_528' title='bbox 940 3306 997 3354; x_wconf 91' lang='lat' dir='ltr'><strong>et</strong></span> <span class='ocrx_word' id='word_1_529' title='bbox 1024 3307 1256 3371; x_wconf 75' lang='lat' dir='ltr'><strong>tempus,</strong></span> <span class='ocrx_word' id='word_1_530' title='bbox 1288 3308 1348 3355; x_wconf 91' lang='lat' dir='ltr'><strong>ut</strong></span> <span class='ocrx_word' id='word_1_531' title='bbox 1369 3302 1544 3357; x_wconf 88' lang='lat' dir='ltr'><strong>sciant</strong></span> <span class='ocrx_word' id='word_1_532' title='bbox 1572 3303 1697 3373; x_wconf 90' lang='lat' dir='ltr'><strong>quia</strong></span> <span class='ocrx_word' id='word_1_533' title='bbox 1728 3310 1921 3358; x_wconf 86' lang='lat' dir='ltr'><strong>auctor</strong></span> <span class='ocrx_word' id='word_1_534' title='bbox 1939 3309 2022 3358; x_wconf 90' lang='lat' dir='ltr'><strong>est</strong></span> <span class='ocrx_word' id='word_1_535' title='bbox 2048 3310 2095 3374; x_wconf 79' lang='grc' dir='ltr'>ο</span> <span class='ocrx_word' id='word_1_536' title='bbox 2124 3306 2268 3377; x_wconf 87' lang='lat' dir='ltr'><strong>quod</strong></span> <span class='ocrx_word' id='word_1_537' title='bbox 2297 3305 2461 3361; x_wconf 86' lang='lat' dir='ltr'><strong>habet</strong></span> <span class='ocrx_word' id='word_1_538' title='bbox 2485 3304 2700 3374; x_wconf 87' lang='lat' dir='ltr'><strong>accipit,</strong></span> <span class='ocrx_word' id='word_1_539' title='bbox 2719 3311 2775 3359; x_wconf 87' lang='lat' dir='ltr'><strong>et</strong></span> <span class='ocrx_word' id='word_1_540' title='bbox 2794 3302 2959 3359; x_wconf 89' lang='lat' dir='ltr'><strong>Pater</strong></span> <span class='ocrx_word' id='word_1_541' title='bbox 2976 3304 3122 3375; x_wconf 84' lang='lat' dir='ltr'><strong>quod</strong></span> <span class='ocrx_word' id='word_1_542' title='bbox 3141 3303 3355 3359; x_wconf 89' lang='lat' dir='ltr'><strong>dederit</strong></span> <span class='ocrx_word' id='word_1_543' title='bbox 3376 3320 3474 3360; x_wconf 89' lang='lat' dir='ltr'><strong>non</strong></span> <span class='ocrx_word' id='word_1_544' title='bbox 3492 3304 3725 3364; x_wconf 86' lang='lat' dir='ltr'><strong>amittit.</strong></span> 
     </span>
    </p>
   </div>
   <div class='ocr_carea' id='block_1_63' title="bbox 425 3390 2024 3467">
    <p class='ocr_par' dir='ltr' id='par_1_63' title="bbox 425 3390 2024 3467">
     <span class='ocr_line' id='line_1_63' title="bbox 425 3390 2024 3467; baseline 0.003 -23"><span class='ocrx_word' id='word_1_545' title='bbox 425 3396 748 3459; x_wconf 88' lang='lat' dir='ltr'><strong>temporum,</strong></span> <span class='ocrx_word' id='word_1_546' title='bbox 775 3390 862 3446; x_wconf 91' lang='lat' dir='ltr'><strong>cui</strong></span> <span class='ocrx_word' id='word_1_547' title='bbox 891 3400 1137 3462; x_wconf 89' lang='lat' dir='ltr'><strong>tempora</strong></span> <span class='ocrx_word' id='word_1_548' title='bbox 1164 3393 1309 3447; x_wconf 89' lang='lat' dir='ltr'><strong>nulla</strong></span> <span class='ocrx_word' id='word_1_549' title='bbox 1342 3394 1715 3464; x_wconf 81' lang='lat' dir='ltr'><strong>prtescribunt.</strong></span> <span class='ocrx_word' id='word_1_550' title='bbox 1738 3393 1862 3449; x_wconf 77' lang='lat' dir='ltr'><strong>lam</strong></span> <span class='ocrx_word' id='word_1_551' title='bbox 1884 3397 2024 3467; x_wconf 89' lang='lat' dir='ltr'><strong>fetet,</strong></span> 
     </span>
    </p>
   </div>
   <div class='ocr_carea' id='block_1_64' title="bbox 424 3483 2029 3559">
    <p class='ocr_par' dir='ltr' id='par_1_64' title="bbox 424 3483 2029 3559">
     <span class='ocr_line' id='line_1_64' title="bbox 424 3483 2029 3559; baseline 0.004 -23"><span class='ocrx_word' id='word_1_552' title='bbox 424 3483 799 3556; x_wconf 85' lang='lat' dir='ltr'><strong>quatriduanus</strong></span> <span class='ocrx_word' id='word_1_553' title='bbox 819 3494 913 3539; x_wconf 87' lang='lat' dir='ltr'><strong>est.</strong></span> <span class='ocrx_word' id='word_1_554' title='bbox 938 3484 1178 3541; x_wconf 89' lang='lat' dir='ltr'><strong>Dicendo</strong></span> <span class='ocrx_word' id='word_1_555' title='bbox 1206 3487 1304 3552; x_wconf 90' lang='lat' dir='ltr'><strong>sic,</strong></span> <span class='ocrx_word' id='word_1_556' title='bbox 1331 3497 1354 3524; x_wconf 74' lang='grc' dir='ltr'>ε</span> <span class='ocrx_word' id='word_1_557' title='bbox 1377 3496 1669 3556; x_wconf 79' lang='lat' dir='ltr'><strong>exaggerat</strong></span> <span class='ocrx_word' id='word_1_558' title='bbox 1696 3487 2029 3559; x_wconf 78' lang='lat' dir='ltr'><strong>desperatio-</strong></span> 
     </span>
    </p>
   </div>
   <div class='ocr_carea' id='block_1_65' title="bbox 425 3575 2028 3649">
    <p class='ocr_par' dir='ltr' id='par_1_65' title="bbox 425 3575 2028 3649">
     <span class='ocr_line' id='line_1_65' title="bbox 425 3575 2028 3649; baseline 0.003 -20"><span class='ocrx_word' id='word_1_559' title='bbox 425 3589 571 3642; x_wconf 89' lang='lat' dir='ltr'><strong>nem,</strong></span> <span class='ocrx_word' id='word_1_560' title='bbox 603 3583 662 3630; x_wconf 90' lang='lat' dir='ltr'><strong>ut</strong></span> <span class='ocrx_word' id='word_1_561' title='bbox 681 3575 774 3645; x_wconf 87' lang='lat' dir='ltr'><strong>qui</strong></span> <span class='ocrx_word' id='word_1_562' title='bbox 804 3576 1002 3631; x_wconf 90' lang='lat' dir='ltr'><strong>adsunt</strong></span> <span class='ocrx_word' id='word_1_563' title='bbox 1031 3577 1252 3632; x_wconf 86' lang='lat' dir='ltr'><strong>videant</strong></span> <span class='ocrx_word' id='word_1_564' title='bbox 1288 3580 1414 3648; x_wconf 91' lang='lat' dir='ltr'><strong>quia</strong></span> <span class='ocrx_word' id='word_1_565' title='bbox 1437 3578 1577 3634; x_wconf 86' lang='lat' dir='ltr'><strong>Deus</strong></span> <span class='ocrx_word' id='word_1_566' title='bbox 1605 3585 1707 3641; x_wconf 90' lang='lat' dir='ltr'><strong>est,</strong></span> <span class='ocrx_word' id='word_1_567' title='bbox 1736 3579 1829 3649; x_wconf 88' lang='lat' dir='ltr'><strong>qui</strong></span> <span class='ocrx_word' id='word_1_568' title='bbox 1849 3579 1929 3633; x_wconf 91' lang='lat' dir='ltr'><strong>sic</strong></span> <span class='ocrx_word' id='word_1_569' title='bbox 1947 3579 2028 3634; x_wconf 89' lang='lat' dir='ltr'><strong>vi-</strong></span> 
     </span>
    </p>
   </div>
   <div class='ocr_carea' id='block_1_66' title="bbox 427 3668 2026 3741">
    <p class='ocr_par' dir='ltr' id='par_1_66' title="bbox 427 3668 2026 3741">
     <span class='ocr_line' id='line_1_66' title="bbox 427 3668 2026 3741; baseline 0.003 -19"><span class='ocrx_word' id='word_1_570' title='bbox 427 3674 538 3722; x_wconf 88' lang='lat' dir='ltr'><strong>tam</strong></span> <span class='ocrx_word' id='word_1_571' title='bbox 568 3669 797 3724; x_wconf 90' lang='lat' dir='ltr'><strong>mortuis</strong></span> <span class='ocrx_word' id='word_1_572' title='bbox 834 3668 1134 3741; x_wconf 88' lang='lat' dir='ltr'><strong>desperatis</strong></span> <span class='ocrx_word' id='word_1_573' title='bbox 1172 3670 1422 3735; x_wconf 90' lang='lat' dir='ltr'><strong>salutem,</strong></span> <span class='ocrx_word' id='word_1_574' title='bbox 1454 3668 1746 3727; x_wconf 84' lang='lat' dir='ltr'><strong>fetentibus</strong></span> <span class='ocrx_word' id='word_1_575' title='bbox 1764 3671 1856 3726; x_wconf 92' lang='lat' dir='ltr'><strong>dat</strong></span> <span class='ocrx_word' id='word_1_576' title='bbox 1875 3673 2026 3740; x_wconf 86' lang='lat' dir='ltr'><strong>vigo-</strong></span> 
     </span>
    </p>
   </div>
   <div class='ocr_carea' id='block_1_67' title="bbox 423 3758 2024 3834">
    <p class='ocr_par' dir='ltr' id='par_1_67' title="bbox 423 3758 2024 3834">
     <span class='ocr_line' id='line_1_67' title="bbox 423 3758 2024 3834; baseline 0.002 -18"><span class='ocrx_word' id='word_1_577' title='bbox 423 3775 561 3816; x_wconf 85' lang='lat' dir='ltr'><strong>rem.</strong></span> <span class='ocrx_word' id='word_1_578' title='bbox 615 3758 865 3829; x_wconf 79' lang='lat' dir='ltr'><strong>Elevatis,</strong></span> <span class='ocrx_word' id='word_1_579' title='bbox 909 3763 1100 3834; x_wconf 87' lang='lat' dir='ltr'><strong>inquit,</strong></span> <span class='ocrx_word' id='word_1_580' title='bbox 1149 3763 1313 3818; x_wconf 90' lang='lat' dir='ltr'><strong>oculis</strong></span> <span class='ocrx_word' id='word_1_581' title='bbox 1350 3779 1572 3819; x_wconf 87' lang='lat' dir='ltr'><strong>sursum.</strong></span> <span class='ocrx_word' id='word_1_582' title='bbox 1616 3762 1806 3819; x_wconf 89' lang='lat' dir='ltr'><strong>Elevat</strong></span> <span class='ocrx_word' id='word_1_583' title='bbox 1834 3763 2024 3820; x_wconf 91' lang='lat' dir='ltr'><strong>oculos</strong></span> 
     </span>
    </p>
   </div>
   <div class='ocr_carea' id='block_1_68' title="bbox 423 3854 2021 3928">
    <p class='ocr_par' dir='ltr' id='par_1_68' title="bbox 423 3854 2021 3928">
     <span class='ocr_line' id='line_1_68' title="bbox 423 3854 2021 3928; baseline 0.004 -19"><span class='ocrx_word' id='word_1_584' title='bbox 423 3868 656 3921; x_wconf 88' lang='lat' dir='ltr'><strong>sursum,</strong></span> <span class='ocrx_word' id='word_1_585' title='bbox 682 3861 742 3909; x_wconf 91' lang='lat' dir='ltr'><strong>ut</strong></span> <span class='ocrx_word' id='word_1_586' title='bbox 781 3855 939 3911; x_wconf 91' lang='lat' dir='ltr'><strong>nobis</strong></span> <span class='ocrx_word' id='word_1_587' title='bbox 960 3854 1186 3912; x_wconf 80' lang='lat' dir='ltr'><strong>formam</strong></span> <span class='ocrx_word' id='word_1_588' title='bbox 1224 3857 1558 3928; x_wconf 89' lang='lat' dir='ltr'><strong>supplicandi</strong></span> <span class='ocrx_word' id='word_1_589' title='bbox 1591 3858 1830 3925; x_wconf 90' lang='lat' dir='ltr'><strong>tribuat,</strong></span> <span class='ocrx_word' id='word_1_590' title='bbox 1869 3857 1888 3897; x_wconf 69' lang='grc' dir='ltr'><strong>ί</strong></span> <span class='ocrx_word' id='word_1_591' title='bbox 1914 3874 2021 3915; x_wconf 91' lang='lat' dir='ltr'><strong>non</strong></span> 
     </span>
    </p>
   </div>
   <div class='ocr_carea' id='block_1_69' title="bbox 422 3945 2023 4024">
    <p class='ocr_par' dir='ltr' id='par_1_69' title="bbox 422 3945 2023 4024">
     <span class='ocr_line' id='line_1_69' title="bbox 422 3945 2023 4024; baseline 0.004 -21"><span class='ocrx_word' id='word_1_592' title='bbox 422 3945 527 4003; x_wconf 82' lang='lat' dir='ltr'><strong>sibi</strong></span> <span class='ocrx_word' id='word_1_593' title='bbox 562 3947 705 4004; x_wconf 88' lang='lat' dir='ltr'><strong>viam</strong></span> <span class='ocrx_word' id='word_1_594' title='bbox 730 3955 1000 4022; x_wconf 65' lang='lat' dir='ltr'><strong>prmparet</strong></span> <span class='ocrx_word' id='word_1_595' title='bbox 1037 3948 1358 4024; x_wconf 84' lang='lat' dir='ltr'><strong>impetrandi</strong></span> <span class='ocrx_word' id='word_1_596' title='bbox 1388 3968 1400 4004; x_wconf 92' lang='lat'><strong>:</strong></span> <span class='ocrx_word' id='word_1_597' title='bbox 1428 3965 1659 4022; x_wconf 89' lang='lat' dir='ltr'><strong>namque</strong></span> <span class='ocrx_word' id='word_1_598' title='bbox 1695 3966 1906 4009; x_wconf 88' lang='lat' dir='ltr'><strong>sursum</strong></span> <span class='ocrx_word' id='word_1_599' title='bbox 1938 3967 2023 4009; x_wconf 88' lang='lat' dir='ltr'><strong>re-</strong></span> 
     </span>
    </p>
   </div>
   <div class='ocr_carea' id='block_1_70' title="bbox 496 4214 1685 4281">
    <p class='ocr_par' dir='ltr' id='par_1_70' title="bbox 496 4214 1685 4281">
     <span class='ocr_line' id='line_1_70' title="bbox 496 4214 1685 4281; baseline -0.001 -9"><span class='ocrx_word' id='word_1_600' title='bbox 496 4227 523 4258; x_wconf 79' lang='grc' dir='ltr'>ι</span> <span class='ocrx_word' id='word_1_601' title='bbox 556 4217 656 4279; x_wconf 85' lang='lat' dir='ltr'><strong>Ms.</strong></span> <span class='ocrx_word' id='word_1_602' title='bbox 687 4215 896 4274; x_wconf 72' lang='lat' dir='ltr'><strong>Caesen.</strong></span> <span class='ocrx_word' id='word_1_603' title='bbox 931 4223 986 4272; x_wconf 91' lang='lat' dir='ltr'><strong>et</strong></span> <span class='ocrx_word' id='word_1_604' title='bbox 1006 4214 1207 4281; x_wconf 81' lang='lat' dir='ltr'><strong>Vatic.,</strong></span> <span class='ocrx_word' id='word_1_605' title='bbox 1238 4216 1314 4270; x_wconf 87' lang='lat' dir='ltr'><strong>nil</strong></span> <span class='ocrx_word' id='word_1_606' title='bbox 1341 4216 1685 4271; x_wconf 84' lang='lat' dir='ltr'><strong>audientibus.</strong></span> 
     </span>
    </p>
   </div>
   <div class='ocr_carea' id='block_1_71' title="bbox 492 4284 2009 4357">
    <p class='ocr_par' dir='ltr' id='par_1_71' title="bbox 492 4284 2009 4357">
     <span class='ocr_line' id='line_1_71' title="bbox 492 4284 2009 4357; baseline -0.003 -12"><span class='ocrx_word' id='word_1_607' title='bbox 492 4289 520 4330; x_wconf 76' lang='grc' dir='ltr'><strong>ι’</strong></span> <span class='ocrx_word' id='word_1_608' title='bbox 553 4289 867 4345; x_wconf 90' lang='lat' dir='ltr'><strong>Consonant</strong></span> <span class='ocrx_word' id='word_1_609' title='bbox 881 4288 970 4342; x_wconf 90' lang='lat' dir='ltr'><strong>alii</strong></span> <span class='ocrx_word' id='word_1_610' title='bbox 1002 4284 1221 4342; x_wconf 89' lang='lat' dir='ltr'><strong>Patres:</strong></span> <span class='ocrx_word' id='word_1_611' title='bbox 1245 4286 1482 4343; x_wconf 86' lang='lat' dir='ltr'><strong>Isidorus</strong></span> <span class='ocrx_word' id='word_1_612' title='bbox 1503 4289 1593 4342; x_wconf 91' lang='lat' dir='ltr'><strong>lib.</strong></span> <span class='ocrx_word' id='word_1_613' title='bbox 1619 4304 1671 4342; x_wconf 85' lang='lat' dir='ltr'><strong>tv</strong></span> <span class='ocrx_word' id='word_1_614' title='bbox 1694 4286 1849 4357; x_wconf 89' lang='lat' dir='ltr'><strong>epist.</strong></span> <span class='ocrx_word' id='word_1_615' title='bbox 1877 4285 2009 4353; x_wconf 86' lang='lat' dir='ltr'><strong>l60;</strong></span> 
     </span>
    </p>
   </div>
   <div class='ocr_carea' id='block_1_72' title="bbox 419 4356 2007 4429">
    <p class='ocr_par' dir='ltr' id='par_1_72' title="bbox 419 4356 2007 4429">
     <span class='ocr_line' id='line_1_72' title="bbox 419 4356 2007 4429; baseline -0.004 -10"><span class='ocrx_word' id='word_1_616' title='bbox 419 4360 792 4420; x_wconf 79' lang='lat' dir='ltr'><strong>Theodoretus</strong></span> <span class='ocrx_word' id='word_1_617' title='bbox 835 4360 891 4415; x_wconf 90' lang='lat' dir='ltr'><strong>in</strong></span> <span class='ocrx_word' id='word_1_618' title='bbox 938 4357 1208 4415; x_wconf 81' lang='lat' dir='ltr'><strong>Ezechiel.</strong></span> <span class='ocrx_word' id='word_1_619' title='bbox 1258 4374 1352 4425; x_wconf 75' lang='lat' dir='ltr'><strong>x1;</strong></span> <span class='ocrx_word' id='word_1_620' title='bbox 1405 4356 1663 4429; x_wconf 88' lang='lat' dir='ltr'><strong>Origenes</strong></span> <span class='ocrx_word' id='word_1_621' title='bbox 1708 4356 1777 4413; x_wconf 84' lang='lat' dir='ltr'><strong>ad</strong></span> <span class='ocrx_word' id='word_1_622' title='bbox 1821 4357 2007 4413; x_wconf 85' lang='lat' dir='ltr'><strong>Matth.</strong></span> 
     </span>
    </p>
   </div>
   <div class='ocr_carea' id='block_1_73' title="bbox 421 4441 2015 4572">
    <p class='ocr_par' dir='ltr' id='par_1_73' title="bbox 421 4441 2015 4572">
     <span class='ocr_line' id='line_1_73' title="bbox 421 4441 2015 4572; baseline -0.003 -14"><span class='ocrx_word' id='word_1_623' title='bbox 421 4450 520 4544; x_wconf 48' lang='lat' dir='ltr'><strong>mi</strong></span> <span class='ocrx_word' id='word_1_624' title='bbox 739 4515 955 4571; x_wconf 89' lang='lat' dir='ltr'><strong>quoque</strong></span> <span class='ocrx_word' id='word_1_625' title='bbox 982 4516 1101 4572; x_wconf 65' lang='lat' dir='ltr'><strong>qua;</strong></span> <span class='ocrx_word' id='word_1_626' title='bbox 1148 4498 1411 4557; x_wconf 86' lang='lat' dir='ltr'><strong>defunctis</strong></span> <span class='ocrx_word' id='word_1_627' title='bbox 1448 4500 1731 4556; x_wconf 88' lang='lat' dir='ltr'><strong>solvuntur</strong></span> <span class='ocrx_word' id='word_1_628' title='bbox 1773 4500 2015 4572; x_wconf 79' lang='lat' dir='ltr'><strong>obsequia</strong></span> 
     </span>
    </p>
   </div>
   <div class='ocr_carea' id='block_1_74' title="bbox 2130 3394 3734 3466">
    <p class='ocr_par' dir='ltr' id='par_1_74' title="bbox 2130 3394 3734 3466">
     <span class='ocr_line' id='line_1_74' title="bbox 2130 3394 3734 3466; baseline 0.001 -13"><span class='ocrx_word' id='word_1_629' title='bbox 2130 3397 2368 3463; x_wconf 87' lang='lat' dir='ltr'><strong>Fratres,</strong></span> <span class='ocrx_word' id='word_1_630' title='bbox 2412 3404 2465 3452; x_wconf 92' lang='lat' dir='ltr'><strong>et</strong></span> <span class='ocrx_word' id='word_1_631' title='bbox 2499 3395 2644 3466; x_wconf 91' lang='lat' dir='ltr'><strong>quod</strong></span> <span class='ocrx_word' id='word_1_632' title='bbox 2685 3394 2918 3461; x_wconf 90' lang='lat' dir='ltr'><strong>auditur,</strong></span> <span class='ocrx_word' id='word_1_633' title='bbox 2950 3404 3006 3451; x_wconf 88' lang='lat' dir='ltr'><strong>et</strong></span> <span class='ocrx_word' id='word_1_634' title='bbox 3043 3394 3187 3465; x_wconf 86' lang='lat' dir='ltr'><strong>quod</strong></span> <span class='ocrx_word' id='word_1_635' title='bbox 3226 3396 3471 3461; x_wconf 89' lang='lat' dir='ltr'><strong>mittitur,</strong></span> <span class='ocrx_word' id='word_1_636' title='bbox 3492 3395 3734 3465; x_wconf 81' lang='lat' dir='ltr'><strong>etquod</strong></span> 
     </span>
    </p>
   </div>
   <div class='ocr_carea' id='block_1_75' title="bbox 2127 3489 3731 3561">
    <p class='ocr_par' dir='ltr' id='par_1_75' title="bbox 2127 3489 3731 3561">
     <span class='ocr_line' id='line_1_75' title="bbox 2127 3489 3731 3561; baseline 0 -15"><span class='ocrx_word' id='word_1_637' title='bbox 2127 3492 2293 3555; x_wconf 88' lang='lat' dir='ltr'><strong>venit,</strong></span> <span class='ocrx_word' id='word_1_638' title='bbox 2317 3498 2371 3545; x_wconf 88' lang='lat' dir='ltr'><strong>et</strong></span> <span class='ocrx_word' id='word_1_639' title='bbox 2398 3489 2543 3560; x_wconf 92' lang='lat' dir='ltr'><strong>quod</strong></span> <span class='ocrx_word' id='word_1_640' title='bbox 2565 3489 2780 3558; x_wconf 84' lang='lat' dir='ltr'><strong>accipit,</strong></span> <span class='ocrx_word' id='word_1_641' title='bbox 2804 3490 3023 3559; x_wconf 83' lang='lat' dir='ltr'><strong>etquod</strong></span> <span class='ocrx_word' id='word_1_642' title='bbox 3057 3489 3314 3557; x_wconf 83' lang='lat' dir='ltr'><strong>nascitur,</strong></span> <span class='ocrx_word' id='word_1_643' title='bbox 3338 3498 3393 3546; x_wconf 90' lang='lat' dir='ltr'><strong>et</strong></span> <span class='ocrx_word' id='word_1_644' title='bbox 3414 3489 3556 3560; x_wconf 89' lang='lat' dir='ltr'><strong>quod</strong></span> <span class='ocrx_word' id='word_1_645' title='bbox 3576 3492 3731 3561; x_wconf 84' lang='lat' dir='ltr'><strong>pati-</strong></span> 
     </span>
    </p>
   </div>
   <div class='ocr_carea' id='block_1_76' title="bbox 2130 3580 3729 3651">
    <p class='ocr_par' dir='ltr' id='par_1_76' title="bbox 2130 3580 3729 3651">
     <span class='ocr_line' id='line_1_76' title="bbox 2130 3580 3729 3651; baseline 0.001 -12"><span class='ocrx_word' id='word_1_646' title='bbox 2130 3592 2233 3648; x_wconf 89' lang='lat' dir='ltr'><strong>tur,</strong></span> <span class='ocrx_word' id='word_1_647' title='bbox 2265 3589 2320 3638; x_wconf 89' lang='lat' dir='ltr'><strong>et</strong></span> <span class='ocrx_word' id='word_1_648' title='bbox 2348 3581 2493 3651; x_wconf 83' lang='lat' dir='ltr'><strong>quod</strong></span> <span class='ocrx_word' id='word_1_649' title='bbox 2534 3581 2782 3647; x_wconf 88' lang='lat' dir='ltr'><strong>moritur,</strong></span> <span class='ocrx_word' id='word_1_650' title='bbox 2806 3587 2861 3635; x_wconf 90' lang='lat' dir='ltr'><strong>et</strong></span> <span class='ocrx_word' id='word_1_651' title='bbox 2898 3580 3045 3650; x_wconf 81' lang='lat' dir='ltr'><strong>quod</strong></span> <span class='ocrx_word' id='word_1_652' title='bbox 3083 3582 3334 3650; x_wconf 89' lang='lat' dir='ltr'><strong>resurgit,</strong></span> <span class='ocrx_word' id='word_1_653' title='bbox 3375 3598 3482 3638; x_wconf 88' lang='lat' dir='ltr'><strong>non</strong></span> <span class='ocrx_word' id='word_1_654' title='bbox 3507 3589 3593 3638; x_wconf 74' lang='lat' dir='ltr'><strong>est</strong></span> <span class='ocrx_word' id='word_1_655' title='bbox 3624 3582 3729 3640; x_wconf 80' lang='lat' dir='ltr'><strong>hoc</strong></span> 
     </span>
    </p>
   </div>
   <div class='ocr_carea' id='block_1_77' title="bbox 2126 3672 3730 3740">
    <p class='ocr_par' dir='ltr' id='par_1_77' title="bbox 2126 3672 3730 3740">
     <span class='ocr_line' id='line_1_77' title="bbox 2126 3672 3730 3740; baseline 0 -8"><span class='ocrx_word' id='word_1_656' title='bbox 2126 3675 2422 3732; x_wconf 84' lang='lat' dir='ltr'><strong>divinitatis</strong></span> <span class='ocrx_word' id='word_1_657' title='bbox 2449 3688 2579 3740; x_wconf 67' lang='lat' dir='ltr'><strong>suae,</strong></span> <span class='ocrx_word' id='word_1_658' title='bbox 2603 3672 2932 3728; x_wconf 79' lang='lat' dir='ltr'><strong>inﬁrmitatis</strong></span> <span class='ocrx_word' id='word_1_659' title='bbox 2952 3673 3055 3729; x_wconf 91' lang='lat' dir='ltr'><strong>hoc</strong></span> <span class='ocrx_word' id='word_1_660' title='bbox 3077 3680 3273 3729; x_wconf 78' lang='lat' dir='ltr'><strong>nostrze</strong></span> <span class='ocrx_word' id='word_1_661' title='bbox 3294 3683 3397 3740; x_wconf 88' lang='lat' dir='ltr'><strong>est,</strong></span> <span class='ocrx_word' id='word_1_662' title='bbox 3421 3683 3627 3733; x_wconf 61' lang='lat' dir='ltr'><strong>nostra</strong></span> <span class='ocrx_word' id='word_1_663' title='bbox 3646 3680 3730 3732; x_wconf 84' lang='lat' dir='ltr'><strong>est</strong></span> 
     </span>
    </p>
   </div>
   <div class='ocr_carea' id='block_1_78' title="bbox 2124 3764 3728 3834">
    <p class='ocr_par' dir='ltr' id='par_1_78' title="bbox 2124 3764 3728 3834">
     <span class='ocr_line' id='line_1_78' title="bbox 2124 3764 3728 3834; baseline 0.001 -11"><span class='ocrx_word' id='word_1_664' title='bbox 2124 3768 2231 3823; x_wconf 84' lang='lat' dir='ltr'><strong>hoc</strong></span> <span class='ocrx_word' id='word_1_665' title='bbox 2262 3772 2466 3821; x_wconf 77' lang='lat' dir='ltr'><strong>naturae</strong></span> <span class='ocrx_word' id='word_1_666' title='bbox 2491 3782 2504 3818; x_wconf 90' lang='lat'><strong>:</strong></span> <span class='ocrx_word' id='word_1_667' title='bbox 2528 3764 2674 3834; x_wconf 89' lang='lat' dir='ltr'><strong>quod</strong></span> <span class='ocrx_word' id='word_1_668' title='bbox 2704 3772 2877 3820; x_wconf 91' lang='lat' dir='ltr'><strong>totum</strong></span> <span class='ocrx_word' id='word_1_669' title='bbox 2898 3780 3058 3820; x_wconf 89' lang='lat' dir='ltr'><strong>causa</strong></span> <span class='ocrx_word' id='word_1_670' title='bbox 3101 3765 3268 3821; x_wconf 88' lang='lat' dir='ltr'><strong>nostri</strong></span> <span class='ocrx_word' id='word_1_671' title='bbox 3306 3766 3430 3821; x_wconf 87' lang='lat' dir='ltr'><strong>tulit</strong></span> <span class='ocrx_word' id='word_1_672' title='bbox 3457 3768 3512 3823; x_wconf 87' lang='lat' dir='ltr'><strong>in</strong></span> <span class='ocrx_word' id='word_1_673' title='bbox 3534 3777 3728 3825; x_wconf 68' lang='lat' dir='ltr'><strong>nosne</strong></span> 
     </span>
    </p>
   </div>
   <div class='ocr_carea' id='block_1_79' title="bbox 2126 3856 3724 3930">
    <p class='ocr_par' dir='ltr' id='par_1_79' title="bbox 2126 3856 3724 3930">
     <span class='ocr_line' id='line_1_79' title="bbox 2126 3856 3724 3930; baseline 0 -15"><span class='ocrx_word' id='word_1_674' title='bbox 2126 3873 2377 3930; x_wconf 87' lang='lat' dir='ltr'><strong>corpore,</strong></span> <span class='ocrx_word' id='word_1_675' title='bbox 2412 3872 2517 3912; x_wconf 89' lang='lat' dir='ltr'><strong>non</strong></span> <span class='ocrx_word' id='word_1_676' title='bbox 2554 3861 2779 3927; x_wconf 79' lang='lat' dir='ltr'><strong>propter</strong></span> <span class='ocrx_word' id='word_1_677' title='bbox 2817 3870 2877 3911; x_wconf 88' lang='lat' dir='ltr'><strong>se</strong></span> <span class='ocrx_word' id='word_1_678' title='bbox 2917 3856 2968 3909; x_wconf 86' lang='lat' dir='ltr'><strong>in</strong></span> <span class='ocrx_word' id='word_1_679' title='bbox 3008 3871 3104 3911; x_wconf 90' lang='lat' dir='ltr'><strong>sua</strong></span> <span class='ocrx_word' id='word_1_680' title='bbox 3145 3856 3366 3927; x_wconf 88' lang='lat' dir='ltr'><strong>pertulit</strong></span> <span class='ocrx_word' id='word_1_681' title='bbox 3412 3856 3724 3928; x_wconf 81' lang='lat' dir='ltr'><strong>majestate.</strong></span> 
     </span>
    </p>
   </div>
   <div class='ocr_carea' id='block_1_80' title="bbox 2126 3945 3732 4023">
    <p class='ocr_par' dir='ltr' id='par_1_80' title="bbox 2126 3945 3732 4023">
     <span class='ocr_line' id='line_1_80' title="bbox 2126 3945 3732 4023; baseline -0.002 -16"><span class='ocrx_word' id='word_1_682' title='bbox 2126 3950 2234 4007; x_wconf 88' lang='lat' dir='ltr'><strong>Sed</strong></span> <span class='ocrx_word' id='word_1_683' title='bbox 2255 3948 2324 4005; x_wconf 90' lang='lat' dir='ltr'><strong>ad</strong></span> <span class='ocrx_word' id='word_1_684' title='bbox 2351 3947 2629 4023; x_wconf 86' lang='lat' dir='ltr'><strong>pr0posita</strong></span> <span class='ocrx_word' id='word_1_685' title='bbox 2660 3946 2962 4004; x_wconf 88' lang='lat' dir='ltr'><strong>redeamus.</strong></span> <span class='ocrx_word' id='word_1_686' title='bbox 2985 3945 3126 4014; x_wconf 88' lang='lat' dir='ltr'><strong>Quid</strong></span> <span class='ocrx_word' id='word_1_687' title='bbox 3147 3956 3231 4005; x_wconf 90' lang='lat' dir='ltr'><strong>est</strong></span> <span class='ocrx_word' id='word_1_688' title='bbox 3266 3947 3415 4019; x_wconf 90' lang='lat' dir='ltr'><strong>quod</strong></span> <span class='ocrx_word' id='word_1_689' title='bbox 3437 3948 3588 4017; x_wconf 87' lang='lat' dir='ltr'><strong>dicit,</strong></span> <span class='ocrx_word' id='word_1_690' title='bbox 3615 3948 3732 4004; x_wconf 76' lang='lat' dir='ltr'><strong>Pa-</strong></span> 
     </span>
    </p>
   </div>
   <div class='ocr_carea' id='block_1_81' title="bbox 2117 4214 3729 4289">
    <p class='ocr_par' dir='ltr' id='par_1_81' title="bbox 2117 4214 3729 4289">
     <span class='ocr_line' id='line_1_81' title="bbox 2117 4214 3729 4289; baseline 0.008 -20"><span class='ocrx_word' id='word_1_691' title='bbox 2117 4214 2225 4270; x_wconf 90' lang='lat' dir='ltr'><strong>lem</strong></span> <span class='ocrx_word' id='word_1_692' title='bbox 2268 4230 2377 4271; x_wconf 91' lang='lat' dir='ltr'><strong>non</strong></span> <span class='ocrx_word' id='word_1_693' title='bbox 2418 4216 2786 4289; x_wconf 70' lang='lat' dir='ltr'><strong>esse__c:eteris</strong></span> <span class='ocrx_word' id='word_1_694' title='bbox 2814 4216 3093 4289; x_wconf 85' lang='lat' dir='ltr'><strong>prophetis</strong></span> <span class='ocrx_word' id='word_1_695' title='bbox 3118 4217 3314 4288; x_wconf 90' lang='lat' dir='ltr'><strong>quibus</strong></span> <span class='ocrx_word' id='word_1_696' title='bbox 3344 4232 3568 4276; x_wconf 67' lang='lat' dir='ltr'><strong>necesse</strong></span> <span class='ocrx_word' id='word_1_697' title='bbox 3604 4234 3729 4283; x_wconf 74' lang='lat' dir='ltr'><strong>ent</strong></span> 
     </span>
    </p>
   </div>
   <div class='ocr_carea' id='block_1_82' title="bbox 2120 4286 2789 4359">
    <p class='ocr_par' dir='ltr' id='par_1_82' title="bbox 2120 4286 2789 4359">
     <span class='ocr_line' id='line_1_82' title="bbox 2120 4286 2789 4359; baseline -0.001 -17"><span class='ocrx_word' id='word_1_698' title='bbox 2120 4302 2286 4359; x_wconf 67' lang='lat' dir='ltr'><strong>orare</strong></span> <span class='ocrx_word' id='word_1_699' title='bbox 2308 4294 2366 4359; x_wconf 86' lang='lat' dir='ltr'><strong>ut</strong></span> <span class='ocrx_word' id='word_1_700' title='bbox 2387 4286 2789 4359; x_wconf 45' lang='lat' dir='ltr'><strong>“audirentur.</strong></span> 
     </span>
    </p>
   </div>
   <div class='ocr_carea' id='block_1_83' title="bbox 2193 4356 3730 4427">
    <p class='ocr_par' dir='ltr' id='par_1_83' title="bbox 2193 4356 3730 4427">
     <span class='ocr_line' id='line_1_83' title="bbox 2193 4356 3730 4427; baseline 0.01 -22"><span class='ocrx_word' id='word_1_701' title='bbox 2193 4368 2218 4405; x_wconf 84' lang='lat' dir='ltr'><strong>s</strong></span> <span class='ocrx_word' id='word_1_702' title='bbox 2245 4356 2325 4412; x_wconf 80' lang='lat' dir='ltr'><strong>Ex</strong></span> <span class='ocrx_word' id='word_1_703' title='bbox 2347 4356 2652 4427; x_wconf 57' lang='lat' dir='ltr'><strong>ltujusmodi</strong></span> <span class='ocrx_word' id='word_1_704' title='bbox 2690 4359 2835 4413; x_wconf 88' lang='lat' dir='ltr'><strong>enim</strong></span> <span class='ocrx_word' id='word_1_705' title='bbox 2868 4357 3142 4427; x_wconf 85' lang='lat' dir='ltr'><strong>Evangelii</strong></span> <span class='ocrx_word' id='word_1_706' title='bbox 3169 4360 3349 4415; x_wconf 82' lang='lat' dir='ltr'><strong>verbis</strong></span> <span class='ocrx_word' id='word_1_707' title='bbox 3376 4361 3730 4421; x_wconf 79' lang='lat' dir='ltr'><strong>deducebant</strong></span> 
     </span>
    </p>
   </div>
   <div class='ocr_carea' id='block_1_84' title="bbox 2120 4426 3729 4497">
    <p class='ocr_par' dir='ltr' id='par_1_84' title="bbox 2120 4426 3729 4497">
     <span class='ocr_line' id='line_1_84' title="bbox 2120 4426 3729 4497; baseline 0.006 -14"><span class='ocrx_word' id='word_1_708' title='bbox 2120 4427 2440 4484; x_wconf 82' lang='lat' dir='ltr'><strong>Arianorum</strong></span> <span class='ocrx_word' id='word_1_709' title='bbox 2464 4426 2555 4481; x_wconf 84' lang='lat' dir='ltr'><strong>lilii</strong></span> <span class='ocrx_word' id='word_1_710' title='bbox 2589 4436 2982 4497; x_wconf 88' lang='lat' dir='ltr'><strong>argumentum,</strong></span> <span class='ocrx_word' id='word_1_711' title='bbox 3008 4426 3066 4485; x_wconf 83' lang='lat' dir='ltr'><strong>ut</strong></span> <span class='ocrx_word' id='word_1_712' title='bbox 3094 4429 3282 4485; x_wconf 84' lang='lat' dir='ltr'><strong>Filium</strong></span> <span class='ocrx_word' id='word_1_713' title='bbox 3313 4431 3407 4487; x_wconf 88' lang='lat' dir='ltr'><strong>Dei</strong></span> <span class='ocrx_word' id='word_1_714' title='bbox 3436 4431 3607 4489; x_wconf 76' lang='lat' dir='ltr'><strong>Patne</strong></span> <span class='ocrx_word' id='word_1_715' title='bbox 3622 4438 3729 4492; x_wconf 85' lang='lat' dir='ltr'><strong>mi-</strong></span> 
     </span>
    </p>
   </div>
   <div class='ocr_carea' id='block_1_85' title="bbox 2122 4498 3729 4589">
    <p class='ocr_par' dir='ltr' id='par_1_85' title="bbox 2122 4498 3729 4589">
     <span class='ocr_line' id='line_1_85' title="bbox 2122 4498 3729 4589; baseline 0.002 -35"><span class='ocrx_word' id='word_1_716' title='bbox 2122 4515 2308 4589; x_wconf 70' lang='lat' dir='ltr'><strong>porem</strong></span> <span class='ocrx_word' id='word_1_717' title='bbox 2339 4507 2663 4589; x_wconf 43' lang='lat' dir='ltr'><strong>ajstruerettt.</strong></span> <span class='ocrx_word' id='word_1_718' title='bbox 2707 4498 3019 4589; x_wconf 28' lang='lat' dir='ltr'><strong>Quis‘enim</strong></span> <span class='ocrx_word' id='word_1_719' title='bbox 3039 4543 3054 4568; x_wconf 96' lang='lat'><strong>,</strong></span> <span class='ocrx_word' id='word_1_720' title='bbox 3084 4501 3318 4567; x_wconf 85' lang='lat' dir='ltr'><strong>aiebant,</strong></span> <span class='ocrx_word' id='word_1_721' title='bbox 3343 4502 3575 4589; x_wconf 47' lang='lat' dir='ltr'><strong>&quot;aliquid</strong></span> <span class='ocrx_word' id='word_1_722' title='bbox 3625 4522 3729 4589; x_wconf 74' lang='lat' dir='ltr'><strong>pe-</strong></span> 
     </span>
    </p>
   </div>
   <div class='ocr_carea' id='block_1_86' title="bbox 420 4570 3730 4652">
    <p class='ocr_par' dir='ltr' id='par_1_86' title="bbox 420 4570 3730 4652">
     <span class='ocr_line' id='line_1_86' title="bbox 420 4570 3730 4652; baseline 0.001 -22"><span class='ocrx_word' id='word_1_723' title='bbox 420 4587 681 4652; x_wconf 75' lang='lat' dir='ltr'><strong>postrema</strong></span> <span class='ocrx_word' id='word_1_724' title='bbox 708 4570 860 4652; x_wconf 68' lang='lat' dir='ltr'><strong>dicta</strong></span> <span class='ocrx_word' id='word_1_725' title='bbox 878 4580 1021 4627; x_wconf 89' lang='lat' dir='ltr'><strong>sunt.</strong></span> <span class='ocrx_word' id='word_1_726' title='bbox 1052 4571 1150 4652; x_wconf 75' lang='lat' dir='ltr'><strong>llic</strong></span> <span class='ocrx_word' id='word_1_727' title='bbox 1174 4587 1273 4643; x_wconf 91' lang='lat' dir='ltr'><strong>pro</strong></span> <span class='ocrx_word' id='word_1_728' title='bbox 1312 4572 1551 4645; x_wconf 87' lang='lat' dir='ltr'><strong>obsequio</strong></span> <span class='ocrx_word' id='word_1_729' title='bbox 1585 4579 1781 4627; x_wconf 61' lang='lat' dir='ltr'><strong>nostrae</strong></span> <span class='ocrx_word' id='word_1_730' title='bbox 1826 4570 2017 4625; x_wconf 82' lang='lat' dir='ltr'><strong>huina-</strong></span> <span class='ocrx_word' id='word_1_731' title='bbox 2045 4643 2083 4652; x_wconf 76' lang='lat'><strong><em>_</em></strong></span> <span class='ocrx_word' id='word_1_732' title='bbox 2120 4578 2243 4652; x_wconf 89' lang='lat' dir='ltr'><strong>tens</strong></span> <span class='ocrx_word' id='word_1_733' title='bbox 2281 4570 2516 4652; x_wconf 84' lang='lat' dir='ltr'><strong>auditur,</strong></span> <span class='ocrx_word' id='word_1_734' title='bbox 2565 4570 2746 4627; x_wconf 83' lang='lat' dir='ltr'><strong>minor</strong></span> <span class='ocrx_word' id='word_1_735' title='bbox 2785 4578 2869 4627; x_wconf 89' lang='lat' dir='ltr'><strong>est</strong></span> <span class='ocrx_word' id='word_1_736' title='bbox 2915 4586 2982 4628; x_wconf 88' lang='lat' dir='ltr'><strong>eo</strong></span> <span class='ocrx_word' id='word_1_737' title='bbox 3037 4586 3068 4626; x_wconf 89' lang='lat' dir='ltr'><strong>a</strong></span> <span class='ocrx_word' id='word_1_738' title='bbox 3114 4587 3225 4642; x_wconf 90' lang='lat' dir='ltr'><strong>quo</strong></span> <span class='ocrx_word' id='word_1_739' title='bbox 3255 4570 3476 4629; x_wconf 74' lang='lat' dir='ltr'><strong>auditur</strong></span> <span class='ocrx_word' id='word_1_740' title='bbox 3515 4581 3574 4630; x_wconf 84' lang='lat' dir='ltr'><strong>et</strong></span> <span class='ocrx_word' id='word_1_741' title='bbox 3620 4570 3730 4633; x_wconf 76' lang='lat' dir='ltr'><strong>im-</strong></span> 
     </span>
    </p>
   </div>
   <div class='ocr_carea' id='block_1_87' title="bbox 424 4643 1295 4714">
    <p class='ocr_par' dir='ltr' id='par_1_87' title="bbox 424 4643 1295 4714">
     <span class='ocr_line' id='line_1_87' title="bbox 424 4643 1295 4714; baseline -0.01 -8"><span class='ocrx_word' id='word_1_742' title='bbox 424 4643 612 4709; x_wconf 74' lang='lat' dir='ltr'><strong>bitatis</strong></span> <span class='ocrx_word' id='word_1_743' title='bbox 641 4643 954 4714; x_wconf 89' lang='lat' dir='ltr'><strong>intelligitur</strong></span> <span class='ocrx_word' id='word_1_744' title='bbox 974 4644 1295 4714; x_wconf 86' lang='lat' dir='ltr'><strong>sepulcrum.</strong></span> 
     </span>
    </p>
   </div>
   <div class='ocr_carea' id='block_1_88' title="bbox 486 4713 2009 4783">
    <p class='ocr_par' dir='ltr' id='par_1_88' title="bbox 486 4713 2009 4783">
     <span class='ocr_line' id='line_1_88' title="bbox 486 4713 2009 4783; baseline -0.003 -12"><span class='ocrx_word' id='word_1_745' title='bbox 486 4716 512 4756; x_wconf 71' lang='grc' dir='ltr'><em>δ</em></span> <span class='ocrx_word' id='word_1_746' title='bbox 552 4714 820 4771; x_wconf 91' lang='lat' dir='ltr'><strong>Christum</strong></span> <span class='ocrx_word' id='word_1_747' title='bbox 864 4713 1099 4771; x_wconf 90' lang='lat' dir='ltr'><strong>voluisse</strong></span> <span class='ocrx_word' id='word_1_748' title='bbox 1145 4722 1384 4769; x_wconf 88' lang='lat' dir='ltr'><strong>astantes</strong></span> <span class='ocrx_word' id='word_1_749' title='bbox 1422 4715 1612 4768; x_wconf 89' lang='lat' dir='ltr'><strong>omnes</strong></span> <span class='ocrx_word' id='word_1_750' title='bbox 1640 4713 1749 4767; x_wconf 90' lang='lat' dir='ltr'><strong>suis</strong></span> <span class='ocrx_word' id='word_1_751' title='bbox 1770 4713 2009 4783; x_wconf 90' lang='lat' dir='ltr'><strong>ipsorum</strong></span> 
     </span>
    </p>
   </div>
   <div class='ocr_carea' id='block_1_89' title="bbox 424 4784 2005 4857">
    <p class='ocr_par' dir='ltr' id='par_1_89' title="bbox 424 4784 2005 4857">
     <span class='ocr_line' id='line_1_89' title="bbox 424 4784 2005 4857; baseline -0.004 -15"><span class='ocrx_word' id='word_1_752' title='bbox 424 4786 599 4844; x_wconf 88' lang='lat' dir='ltr'><strong>oculis</strong></span> <span class='ocrx_word' id='word_1_753' title='bbox 636 4785 987 4857; x_wconf 76' lang='lat' dir='ltr'><strong>perspexisse</strong></span> <span class='ocrx_word' id='word_1_754' title='bbox 1014 4784 1293 4857; x_wconf 82' lang='lat' dir='ltr'><strong>Lazarum,</strong></span> <span class='ocrx_word' id='word_1_755' title='bbox 1324 4801 1432 4839; x_wconf 82' lang='lat' dir='ltr'><strong>non</strong></span> <span class='ocrx_word' id='word_1_756' title='bbox 1473 4793 1745 4857; x_wconf 77' lang='lat' dir='ltr'><strong>mortuum</strong></span> <span class='ocrx_word' id='word_1_757' title='bbox 1779 4792 2005 4857; x_wconf 82' lang='lat' dir='ltr'><strong>tantum,</strong></span> 
     </span>
    </p>
   </div>
   <div class='ocr_carea' id='block_1_90' title="bbox 422 4854 2011 4921">
    <p class='ocr_par' dir='ltr' id='par_1_90' title="bbox 422 4854 2011 4921">
     <span class='ocr_line' id='line_1_90' title="bbox 422 4854 2011 4921; baseline -0.003 -7"><span class='ocrx_word' id='word_1_758' title='bbox 422 4858 519 4915; x_wconf 89' lang='lat' dir='ltr'><strong>sed</strong></span> <span class='ocrx_word' id='word_1_759' title='bbox 549 4854 789 4921; x_wconf 77' lang='lat' dir='ltr'><strong>fetidum,</strong></span> <span class='ocrx_word' id='word_1_760' title='bbox 822 4864 883 4910; x_wconf 92' lang='lat' dir='ltr'><strong>ut</strong></span> <span class='ocrx_word' id='word_1_761' title='bbox 919 4854 1233 4910; x_wconf 89' lang='lat' dir='ltr'><strong>miraculum</strong></span> <span class='ocrx_word' id='word_1_762' title='bbox 1255 4855 1665 4910; x_wconf 88' lang='lat' dir='ltr'><strong>resurrectionis</strong></span> <span class='ocrx_word' id='word_1_763' title='bbox 1688 4854 2011 4909; x_wconf 89' lang='lat' dir='ltr'><strong>luculentius</strong></span> 
     </span>
    </p>
   </div>
   <div class='ocr_carea' id='block_1_91' title="bbox 423 4923 2010 4994">
    <p class='ocr_par' dir='ltr' id='par_1_91' title="bbox 423 4923 2010 4994">
     <span class='ocr_line' id='line_1_91' title="bbox 423 4923 2010 4994; baseline -0.004 -8"><span class='ocrx_word' id='word_1_764' title='bbox 423 4930 765 4994; x_wconf 84' lang='lat' dir='ltr'><strong>claresceret,</strong></span> <span class='ocrx_word' id='word_1_765' title='bbox 798 4925 910 4981; x_wconf 87' lang='lat' dir='ltr'><strong>fere</strong></span> <span class='ocrx_word' id='word_1_766' title='bbox 930 4942 1117 4981; x_wconf 90' lang='lat' dir='ltr'><strong>omnes</strong></span> <span class='ocrx_word' id='word_1_767' title='bbox 1143 4927 1466 4994; x_wconf 88' lang='lat' dir='ltr'><strong>interpretes</strong></span> <span class='ocrx_word' id='word_1_768' title='bbox 1486 4927 1698 4981; x_wconf 88' lang='lat' dir='ltr'><strong>docent.</strong></span> <span class='ocrx_word' id='word_1_769' title='bbox 1726 4924 1855 4979; x_wconf 82' lang='lat' dir='ltr'><strong>Vide</strong></span> <span class='ocrx_word' id='word_1_770' title='bbox 1883 4923 2010 4979; x_wconf 89' lang='lat' dir='ltr'><strong>Am-</strong></span> 
     </span>
    </p>
   </div>
   <div class='ocr_carea' id='block_1_92' title="bbox 420 4994 2011 5067">
    <p class='ocr_par' dir='ltr' id='par_1_92' title="bbox 420 4994 2011 5067">
     <span class='ocr_line' id='line_1_92' title="bbox 420 4994 2011 5067; baseline -0.004 -11"><span class='ocrx_word' id='word_1_771' title='bbox 420 4999 664 5057; x_wconf 87' lang='lat' dir='ltr'><strong>brosium</strong></span> <span class='ocrx_word' id='word_1_772' title='bbox 704 4999 795 5053; x_wconf 91' lang='lat' dir='ltr'><strong>lib.</strong></span> <span class='ocrx_word' id='word_1_773' title='bbox 837 5014 856 5053; x_wconf 82' lang='grc' dir='ltr'><strong>ι</strong></span> <span class='ocrx_word' id='word_1_774' title='bbox 894 4995 1082 5051; x_wconf 80' lang='lat' dir='ltr'><strong>Exam.</strong></span> <span class='ocrx_word' id='word_1_775' title='bbox 1125 5012 1243 5067; x_wconf 91' lang='lat' dir='ltr'><strong>cap.</strong></span> <span class='ocrx_word' id='word_1_776' title='bbox 1280 4994 1365 5063; x_wconf 79' lang='lat'><strong>75,</strong></span> <span class='ocrx_word' id='word_1_777' title='bbox 1407 5004 1462 5051; x_wconf 91' lang='lat' dir='ltr'><strong>et</strong></span> <span class='ocrx_word' id='word_1_778' title='bbox 1500 5004 1637 5051; x_wconf 88' lang='lat' dir='ltr'><strong>orat.</strong></span> <span class='ocrx_word' id='word_1_779' title='bbox 1669 4995 1736 5050; x_wconf 89' lang='lat' dir='ltr'><strong>de</strong></span> <span class='ocrx_word' id='word_1_780' title='bbox 1766 4994 1893 5050; x_wconf 84' lang='lat' dir='ltr'><strong>Fide</strong></span> <span class='ocrx_word' id='word_1_781' title='bbox 1910 5011 2011 5067; x_wconf 62' lang='lat' dir='ltr'><strong>re-</strong></span> 
     </span>
    </p>
   </div>
   <div class='ocr_carea' id='block_1_93' title="bbox 423 5065 2012 5138">
    <p class='ocr_par' dir='ltr' id='par_1_93' title="bbox 423 5065 2012 5138">
     <span class='ocr_line' id='line_1_93' title="bbox 423 5065 2012 5138; baseline -0.003 -11"><span class='ocrx_word' id='word_1_782' title='bbox 423 5078 675 5138; x_wconf 87' lang='lat' dir='ltr'><strong>surrect.;</strong></span> <span class='ocrx_word' id='word_1_783' title='bbox 711 5068 1078 5125; x_wconf 88' lang='lat' dir='ltr'><strong>Maldonatum</strong></span> <span class='ocrx_word' id='word_1_784' title='bbox 1125 5065 1274 5135; x_wconf 80' lang='lat' dir='ltr'><strong>item,</strong></span> <span class='ocrx_word' id='word_1_785' title='bbox 1318 5075 1373 5123; x_wconf 88' lang='lat' dir='ltr'><strong>et</strong></span> <span class='ocrx_word' id='word_1_786' title='bbox 1401 5067 1762 5136; x_wconf 85' lang='lat' dir='ltr'><strong>Brugensem,</strong></span> <span class='ocrx_word' id='word_1_787' title='bbox 1812 5080 1880 5122; x_wconf 80' lang='lat' dir='ltr'><strong>ex</strong></span> <span class='ocrx_word' id='word_1_788' title='bbox 1908 5065 2012 5122; x_wconf 89' lang='lat' dir='ltr'><strong>Eu-</strong></span> 
     </span>
    </p>
   </div>
   <div class='ocr_carea' id='block_1_94' title="bbox 423 5142 649 5197">
    <p class='ocr_par' dir='ltr' id='par_1_94' title="bbox 423 5142 649 5197">
     <span class='ocr_line' id='line_1_94' title="bbox 423 5142 649 5197; baseline -0.009 0"><span class='ocrx_word' id='word_1_789' title='bbox 423 5142 649 5197; x_wconf 87' lang='lat' dir='ltr'><strong>thvmio.</strong></span> 
     </span>
    </p>
   </div>
   <div class='ocr_carea' id='block_1_95' title="bbox 487 5158 2011 5283">
    <p class='ocr_par' dir='ltr' id='par_1_95' title="bbox 487 5158 2011 5283">
     <span class='ocr_line' id='line_1_95' title="bbox 487 5158 649 5214; baseline -0.012 -17"><span class='ocrx_word' id='word_1_790' title='bbox 487 5158 649 5214; x_wconf 84' lang='lat' dir='ltr'><strong>ymto.</strong></span> 
     </span>
     <span class='ocr_line' id='line_1_96' title="bbox 499 5206 2011 5283; baseline -0.005 -13"><span class='ocrx_word' id='word_1_791' title='bbox 499 5212 533 5251; x_wconf 75' lang='grc' dir='ltr'><strong>ε’</strong></span> <span class='ocrx_word' id='word_1_792' title='bbox 551 5212 714 5283; x_wconf 88' lang='lat' dir='ltr'><strong>Spem</strong></span> <span class='ocrx_word' id='word_1_793' title='bbox 744 5209 1306 5283; x_wconf 83' lang='lat' dir='ltr'><strong>ob_rei_difficultate_m</strong></span> <span class='ocrx_word' id='word_1_794' title='bbox 1328 5225 1434 5264; x_wconf 91' lang='lat' dir='ltr'><strong>non</strong></span> <span class='ocrx_word' id='word_1_795' title='bbox 1455 5210 1752 5264; x_wconf 89' lang='lat' dir='ltr'><strong>retinuerat</strong></span> <span class='ocrx_word' id='word_1_796' title='bbox 1771 5206 1818 5260; x_wconf 83' lang='grc' dir='ltr'><strong>Μ</strong></span> <span class='ocrx_word' id='word_1_797' title='bbox 1825 5207 2011 5283; x_wconf 82' lang='lat' dir='ltr'><strong>artha;</strong></span> 
     </span>
    </p>
   </div>
   <div class='ocr_carea' id='block_1_96' title="bbox 419 5280 2017 5355">
    <p class='ocr_par' dir='ltr' id='par_1_96' title="bbox 419 5280 2017 5355">
     <span class='ocr_line' id='line_1_97' title="bbox 419 5280 2017 5355; baseline -0.003 -16"><span class='ocrx_word' id='word_1_798' title='bbox 419 5299 530 5355; x_wconf 69' lang='lat' dir='ltr'><strong>3am</strong></span> <span class='ocrx_word' id='word_1_799' title='bbox 553 5280 697 5341; x_wconf 84' lang='lat' dir='ltr'><strong>enim</strong></span> <span class='ocrx_word' id='word_1_800' title='bbox 729 5283 781 5337; x_wconf 90' lang='lat' dir='ltr'><strong>in</strong></span> <span class='ocrx_word' id='word_1_801' title='bbox 810 5280 974 5355; x_wconf 85' lang='lat' dir='ltr'><strong>fetido</strong></span> <span class='ocrx_word' id='word_1_802' title='bbox 997 5289 1051 5355; x_wconf 81' lang='lat' dir='ltr'><strong>ct</strong></span> <span class='ocrx_word' id='word_1_803' title='bbox 1071 5280 1429 5355; x_wconf 87' lang='lat' dir='ltr'><strong>quatriduano</strong></span> <span class='ocrx_word' id='word_1_804' title='bbox 1450 5295 1821 5355; x_wconf 77' lang='lat' dir='ltr'><strong>corporespes</strong></span> <span class='ocrx_word' id='word_1_805' title='bbox 1841 5281 2017 5334; x_wconf 90' lang='lat' dir='ltr'><strong>omnis</strong></span> 
     </span>
    </p>
   </div>
   <div class='ocr_carea' id='block_1_97' title="bbox 426 5349 2014 5421">
    <p class='ocr_par' dir='ltr' id='par_1_97' title="bbox 426 5349 2014 5421">
     <span class='ocr_line' id='line_1_98' title="bbox 426 5349 2014 5421; baseline -0.003 -11"><span class='ocrx_word' id='word_1_806' title='bbox 426 5349 615 5411; x_wconf 73' lang='lat' dir='ltr'><strong>aberat</strong></span> <span class='ocrx_word' id='word_1_807' title='bbox 644 5352 1067 5410; x_wconf 86' lang='lat' dir='ltr'><strong>resurrectionis.</strong></span> <span class='ocrx_word' id='word_1_808' title='bbox 1090 5349 1277 5421; x_wconf 32' lang='lat' dir='ltr'><strong>’Atque</strong></span> <span class='ocrx_word' id='word_1_809' title='bbox 1316 5366 1383 5405; x_wconf 92' lang='lat' dir='ltr'><strong>co</strong></span> <span class='ocrx_word' id='word_1_810' title='bbox 1414 5349 1584 5418; x_wconf 85' lang='lat' dir='ltr'><strong>magis</strong></span> <span class='ocrx_word' id='word_1_811' title='bbox 1609 5393 1623 5417; x_wconf 92' lang='lat'><strong>,</strong></span> <span class='ocrx_word' id='word_1_812' title='bbox 1654 5351 1698 5405; x_wconf 90' lang='lat' dir='ltr'><strong>si</strong></span> <span class='ocrx_word' id='word_1_813' title='bbox 1742 5349 1853 5418; x_wconf 87' lang='lat' dir='ltr'><strong>jam</strong></span> <span class='ocrx_word' id='word_1_814' title='bbox 1902 5358 2014 5405; x_wconf 92' lang='lat' dir='ltr'><strong>tum</strong></span> 
     </span>
    </p>
   </div>
   <div class='ocr_carea' id='block_1_98' title="bbox 426 5421 2017 5493">
    <p class='ocr_par' dir='ltr' id='par_1_98' title="bbox 426 5421 2017 5493">
     <span class='ocr_line' id='line_1_99' title="bbox 426 5421 2017 5493; baseline -0.003 -13"><span class='ocrx_word' id='word_1_815' title='bbox 426 5425 741 5481; x_wconf 88' lang='lat' dir='ltr'><strong>invaluissct</strong></span> <span class='ocrx_word' id='word_1_816' title='bbox 754 5433 906 5480; x_wconf 90' lang='lat' dir='ltr'><strong>vetus</strong></span> <span class='ocrx_word' id='word_1_817' title='bbox 926 5438 1112 5493; x_wconf 88' lang='lat' dir='ltr'><strong>eorum</strong></span> <span class='ocrx_word' id='word_1_818' title='bbox 1128 5422 1329 5493; x_wconf 90' lang='lat' dir='ltr'><strong>opinio,</strong></span> <span class='ocrx_word' id='word_1_819' title='bbox 1354 5421 1585 5475; x_wconf 90' lang='lat' dir='ltr'><strong>animam</strong></span> <span class='ocrx_word' id='word_1_820' title='bbox 1614 5421 1819 5493; x_wconf 70' lang='lat' dir='ltr'><strong>scilicet</strong></span> <span class='ocrx_word' id='word_1_821' title='bbox 1834 5421 2017 5493; x_wconf 76' lang='lat' dir='ltr'><strong>vagari</strong></span> 
     </span>
    </p>
   </div>
   <div class='ocr_carea' id='block_1_99' title="bbox 425 5490 2013 5569">
    <p class='ocr_par' dir='ltr' id='par_1_99' title="bbox 425 5490 2013 5569">
     <span class='ocr_line' id='line_1_100' title="bbox 425 5490 2013 5569; baseline -0.006 -17"><span class='ocrx_word' id='word_1_822' title='bbox 425 5497 567 5552; x_wconf 80' lang='lat' dir='ltr'><strong>circa</strong></span> <span class='ocrx_word' id='word_1_823' title='bbox 597 5512 825 5569; x_wconf 63' lang='lat' dir='ltr'><strong>corpus,</strong></span> <span class='ocrx_word' id='word_1_824' title='bbox 857 5496 1032 5569; x_wconf 70' lang='lat' dir='ltr'><strong>donec</strong></span> <span class='ocrx_word' id='word_1_825' title='bbox 1057 5490 1225 5569; x_wconf 74' lang='lat' dir='ltr'><strong>facies</strong></span> <span class='ocrx_word' id='word_1_826' title='bbox 1256 5500 1610 5569; x_wconf 77' lang='lat' dir='ltr'><strong>_et_aspcctu_s</strong></span> <span class='ocrx_word' id='word_1_827' title='bbox 1647 5490 1882 5569; x_wconf 64' lang='lat' dir='ltr'><strong>deluzzgti</strong></span> <span class='ocrx_word' id='word_1_828' title='bbox 1913 5491 2013 5544; x_wconf 79' lang='lat' dir='ltr'><strong>im-</strong></span> 
     </span>
    </p>
   </div>
   <div class='ocr_carea' id='block_1_100' title="bbox 424 5560 2012 5634">
    <p class='ocr_par' dir='ltr' id='par_1_100' title="bbox 424 5560 2012 5634">
     <span class='ocr_line' id='line_1_101' title="bbox 424 5560 2012 5634; baseline -0.003 -12"><span class='ocrx_word' id='word_1_829' title='bbox 424 5576 678 5623; x_wconf 89' lang='lat' dir='ltr'><strong>mutetur.</strong></span> <span class='ocrx_word' id='word_1_830' title='bbox 696 5560 946 5622; x_wconf 60' lang='lat' dir='ltr'><strong>&#39;Beresch</strong></span> <span class='ocrx_word' id='word_1_831' title='bbox 978 5564 1160 5620; x_wconf 82' lang='lat' dir='ltr'><strong>Rabba</strong></span> <span class='ocrx_word' id='word_1_832' title='bbox 1201 5564 1291 5619; x_wconf 83' lang='lat' dir='ltr'><strong>fol.</strong></span> <span class='ocrx_word' id='word_1_833' title='bbox 1327 5560 1437 5616; x_wconf 69' lang='grc' dir='ltr'><strong>1η</strong></span> <span class='ocrx_word' id='word_1_834' title='bbox 1466 5563 1605 5634; x_wconf 85' lang='lat' dir='ltr'><strong>apud</strong></span> <span class='ocrx_word' id='word_1_835' title='bbox 1645 5560 2012 5630; x_wconf 83' lang='lat' dir='ltr'><strong>Lightfootum</strong></span> 
     </span>
    </p>
   </div>
   <div class='ocr_carea' id='block_1_101' title="bbox 425 5633 2015 5707">
    <p class='ocr_par' dir='ltr' id='par_1_101' title="bbox 425 5633 2015 5707">
     <span class='ocr_line' id='line_1_102' title="bbox 425 5633 2015 5707; baseline -0.004 -15"><span class='ocrx_word' id='word_1_836' title='bbox 425 5638 479 5693; x_wconf 89' lang='lat' dir='ltr'><strong>iu</strong></span> <span class='ocrx_word' id='word_1_837' title='bbox 506 5639 644 5693; x_wconf 89' lang='lat' dir='ltr'><strong>notis</strong></span> <span class='ocrx_word' id='word_1_838' title='bbox 668 5657 681 5692; x_wconf 90' lang='lat'><strong>:</strong></span> <span class='ocrx_word' id='word_1_839' title='bbox 708 5635 890 5692; x_wconf 86' lang='lat' dir='ltr'><strong>Tribus</strong></span> <span class='ocrx_word' id='word_1_840' title='bbox 903 5633 1079 5691; x_wconf 84' lang='lat' dir='ltr'><strong>diebus</strong></span> <span class='ocrx_word' id='word_1_841' title='bbox 1102 5636 1281 5690; x_wconf 89' lang='lat' dir='ltr'><strong>anima</strong></span> <span class='ocrx_word' id='word_1_842' title='bbox 1300 5633 1516 5707; x_wconf 84' lang='lat' dir='ltr'><strong>vagatur</strong></span> <span class='ocrx_word' id='word_1_843' title='bbox 1536 5635 1675 5707; x_wconf 81' lang='lat' dir='ltr'><strong>circa</strong></span> <span class='ocrx_word' id='word_1_844' title='bbox 1696 5649 1898 5707; x_wconf 76' lang='lat' dir='ltr'><strong>corpus,</strong></span> <span class='ocrx_word' id='word_1_845' title='bbox 1923 5649 2015 5686; x_wconf 73' lang='lat' dir='ltr'><strong>ex-</strong></span> 
     </span>
    </p>
   </div>
   <div class='ocr_carea' id='block_1_102' title="bbox 422 5703 2015 5781">
    <p class='ocr_par' dir='ltr' id='par_1_102' title="bbox 422 5703 2015 5781">
     <span class='ocr_line' id='line_1_103' title="bbox 422 5703 2015 5781; baseline -0.005 -16"><span class='ocrx_word' id='word_1_846' title='bbox 422 5718 662 5781; x_wconf 82' lang='lat' dir='ltr'><strong>spectans</strong></span> <span class='ocrx_word' id='word_1_847' title='bbox 682 5717 737 5763; x_wconf 88' lang='lat' dir='ltr'><strong>ut</strong></span> <span class='ocrx_word' id='word_1_848' title='bbox 751 5707 925 5763; x_wconf 85' lang='lat' dir='ltr'><strong>redeat</strong></span> <span class='ocrx_word' id='word_1_849' title='bbox 942 5709 999 5781; x_wconf 79' lang='lat' dir='ltr'><strong>in</strong></span> <span class='ocrx_word' id='word_1_850' title='bbox 1020 5722 1233 5781; x_wconf 80' lang='lat' dir='ltr'><strong>corpus;</strong></span> <span class='ocrx_word' id='word_1_851' title='bbox 1256 5703 1507 5781; x_wconf 54' lang='lat' dir='ltr'><strong>cum&#39;uero</strong></span> <span class='ocrx_word' id='word_1_852' title='bbox 1528 5704 1663 5781; x_wconf 78' lang='lat' dir='ltr'><strong>ridet</strong></span> <span class='ocrx_word' id='word_1_853' title='bbox 1683 5703 1816 5778; x_wconf 87' lang='lat' dir='ltr'><strong>quod</strong></span> <span class='ocrx_word' id='word_1_854' title='bbox 1836 5704 2015 5758; x_wconf 87' lang='lat' dir='ltr'><strong>immu-</strong></span> 
     </span>
    </p>
   </div>
   <div class='ocr_carea' id='block_1_103' title="bbox 426 5778 1812 5853">
    <p class='ocr_par' dir='ltr' id='par_1_103' title="bbox 426 5778 1812 5853">
     <span class='ocr_line' id='line_1_104' title="bbox 426 5778 1812 5853; baseline -0.004 -18"><span class='ocrx_word' id='word_1_855' title='bbox 426 5778 821 5853; x_wconf 24' lang='lat' dir='ltr'><strong>tatur‘aspectus</strong></span> <span class='ocrx_word' id='word_1_856' title='bbox 850 5779 1022 5853; x_wconf 84' lang='lat' dir='ltr'><strong>faciei,</strong></span> <span class='ocrx_word' id='word_1_857' title='bbox 1046 5778 1236 5832; x_wconf 79' lang='lat' dir='ltr'><strong>recedit</strong></span> <span class='ocrx_word' id='word_1_858' title='bbox 1262 5787 1320 5853; x_wconf 63' lang='lat' dir='ltr'><strong>et</strong></span> <span class='ocrx_word' id='word_1_859' title='bbox 1340 5778 1582 5853; x_wconf 64' lang='lat' dir='ltr'><strong>relinquit</strong></span> <span class='ocrx_word' id='word_1_860' title='bbox 1611 5792 1812 5853; x_wconf 78' lang='lat' dir='ltr'><strong>corpus.</strong></span> 
     </span>
    </p>
   </div>
   <div class='ocr_carea' id='block_1_104' title="bbox 499 5845 2015 5923">
    <p class='ocr_par' dir='ltr' id='par_1_104' title="bbox 499 5845 2015 5923">
     <span class='ocr_line' id='line_1_105' title="bbox 499 5845 2015 5923; baseline -0.005 -15"><span class='ocrx_word' id='word_1_861' title='bbox 499 5848 521 5892; x_wconf 74' lang='grc'><strong><em>⁸</em></strong></span> <span class='ocrx_word' id='word_1_862' title='bbox 556 5845 821 5923; x_wconf 80' lang='lat' dir='ltr'><strong>Superius</strong></span> <span class='ocrx_word' id='word_1_863' title='bbox 840 5845 1245 5923; x_wconf 75' lang='lat' dir='ltr'><strong>gratiasegerat</strong></span> <span class='ocrx_word' id='word_1_864' title='bbox 1262 5845 1508 5923; x_wconf 71' lang='lat' dir='ltr'><strong>Christus</strong></span> <span class='ocrx_word' id='word_1_865' title='bbox 1537 5845 1686 5902; x_wconf 89' lang='lat' dir='ltr'><strong>Patri</strong></span> <span class='ocrx_word' id='word_1_866' title='bbox 1703 5845 1805 5901; x_wconf 76' lang='lat' dir='ltr'><strong>Suo</strong></span> <span class='ocrx_word' id='word_1_867' title='bbox 1822 5887 1837 5913; x_wconf 96' lang='lat'><strong>,</strong></span> <span class='ocrx_word' id='word_1_868' title='bbox 1868 5845 2015 5923; x_wconf 79' lang='lat' dir='ltr'><strong>quod</strong></span> 
     </span>
    </p>
   </div>
   <div class='ocr_carea' id='block_1_105' title="bbox 423 5917 2014 5990">
    <p class='ocr_par' dir='ltr' id='par_1_105' title="bbox 423 5917 2014 5990">
     <span class='ocr_line' id='line_1_106' title="bbox 423 5917 2014 5990; baseline -0.004 -8"><span class='ocrx_word' id='word_1_869' title='bbox 423 5917 664 5982; x_wconf 80' lang='lat' dir='ltr'><strong>nondum</strong></span> <span class='ocrx_word' id='word_1_870' title='bbox 684 5917 930 5981; x_wconf 78' lang='lat' dir='ltr'><strong>orantem</strong></span> <span class='ocrx_word' id='word_1_871' title='bbox 955 5918 1218 5981; x_wconf 78' lang='lat' dir='ltr'><strong>audierat,</strong></span> <span class='ocrx_word' id='word_1_872' title='bbox 1249 5927 1307 5975; x_wconf 87' lang='lat' dir='ltr'><strong>ut</strong></span> <span class='ocrx_word' id='word_1_873' title='bbox 1335 5919 1694 5990; x_wconf 77' lang='lat' dir='ltr'><strong>intelligerent</strong></span> <span class='ocrx_word' id='word_1_874' title='bbox 1720 5932 1843 5973; x_wconf 83' lang='lat' dir='ltr'><strong>eum</strong></span> <span class='ocrx_word' id='word_1_875' title='bbox 1873 5917 2014 5975; x_wconf 80' lang='lat' dir='ltr'><strong>simi-</strong></span> 
     </span>
    </p>
   </div>
   <div class='ocr_carea' id='block_1_106' title="bbox 2045 4643 2314 4713">
    <p class='ocr_par' dir='ltr' id='par_1_106' title="bbox 2045 4643 2314 4713">
     <span class='ocr_line' id='line_1_107' title="bbox 2045 4643 2314 4713; baseline -0.004 -17"><span class='ocrx_word' id='word_1_876' title='bbox 2045 4643 2093 4706; x_wconf 87' lang='lat' dir='ltr'><strong>D</strong></span> <span class='ocrx_word' id='word_1_877' title='bbox 2119 4650 2314 4713; x_wconf 78' lang='lat' dir='ltr'><strong>petrat.</strong></span> 
     </span>
    </p>
   </div>
   <div class='ocr_carea' id='block_1_107' title="bbox 2188 4709 3725 4787">
    <p class='ocr_par' dir='ltr' id='par_1_107' title="bbox 2188 4709 3725 4787">
     <span class='ocr_line' id='line_1_108' title="bbox 2188 4709 3725 4787; baseline 0.008 -23"><span class='ocrx_word' id='word_1_878' title='bbox 2188 4709 2217 4787; x_wconf 55' lang='grc' dir='ltr'>ιδ</span> <span class='ocrx_word' id='word_1_879' title='bbox 2256 4711 2334 4767; x_wconf 87' lang='lat' dir='ltr'><strong>Ac</strong></span> <span class='ocrx_word' id='word_1_880' title='bbox 2352 4709 2582 4787; x_wconf 79' lang='lat' dir='ltr'><strong>siPater</strong></span> <span class='ocrx_word' id='word_1_881' title='bbox 2600 4712 2667 4787; x_wconf 78' lang='lat' dir='ltr'><strong>ad</strong></span> <span class='ocrx_word' id='word_1_882' title='bbox 2704 4713 2953 4787; x_wconf 80' lang='lat' dir='ltr'><strong>homines</strong></span> <span class='ocrx_word' id='word_1_883' title='bbox 2973 4712 3328 4771; x_wconf 89' lang='lat' dir='ltr'><strong>sublevandos</strong></span> <span class='ocrx_word' id='word_1_884' title='bbox 3366 4731 3474 4772; x_wconf 93' lang='lat' dir='ltr'><strong>non</strong></span> <span class='ocrx_word' id='word_1_885' title='bbox 3503 4730 3725 4787; x_wconf 83' lang='lat' dir='ltr'><strong>posset,</strong></span> 
     </span>
    </p>
   </div>
   <div class='ocr_carea' id='block_1_108' title="bbox 2116 4782 2958 4852">
    <p class='ocr_par' dir='ltr' id='par_1_108' title="bbox 2116 4782 2958 4852">
     <span class='ocr_line' id='line_1_109' title="bbox 2116 4782 2958 4852; baseline 0.002 -15"><span class='ocrx_word' id='word_1_886' title='bbox 2116 4783 2219 4837; x_wconf 91' lang='lat' dir='ltr'><strong>nisi</strong></span> <span class='ocrx_word' id='word_1_887' title='bbox 2242 4782 2447 4851; x_wconf 86' lang='lat' dir='ltr'><strong>magnis</strong></span> <span class='ocrx_word' id='word_1_888' title='bbox 2468 4784 2719 4852; x_wconf 88' lang='lat' dir='ltr'><strong>precibus</strong></span> <span class='ocrx_word' id='word_1_889' title='bbox 2746 4785 2958 4840; x_wconf 90' lang='lat' dir='ltr'><strong>adduci.</strong></span> 
     </span>
    </p>
   </div>
   <div class='ocr_carea' id='block_1_109' title="bbox 2195 4852 3724 4938">
    <p class='ocr_par' dir='ltr' id='par_1_109' title="bbox 2195 4852 3724 4938">
     <span class='ocr_line' id='line_1_110' title="bbox 2195 4852 3724 4938; baseline 0.007 -32"><span class='ocrx_word' id='word_1_890' title='bbox 2195 4852 2212 4891; x_wconf 77' lang='grc' dir='ltr'>ί</span> <span class='ocrx_word' id='word_1_891' title='bbox 2252 4852 2498 4938; x_wconf 61' lang='lat' dir='ltr'><strong>Ciristus</strong></span> <span class='ocrx_word' id='word_1_892' title='bbox 2519 4855 2661 4909; x_wconf 90' lang='lat' dir='ltr'><strong>enim</strong></span> <span class='ocrx_word' id='word_1_893' title='bbox 2684 4856 2738 4910; x_wconf 91' lang='lat' dir='ltr'><strong>in</strong></span> <span class='ocrx_word' id='word_1_894' title='bbox 2761 4855 2887 4909; x_wconf 89' lang='lat' dir='ltr'><strong>illud</strong></span> <span class='ocrx_word' id='word_1_895' title='bbox 2905 4857 3179 4938; x_wconf 66' lang='lat' dir='ltr'><strong>praecipue</strong></span> <span class='ocrx_word' id='word_1_896' title='bbox 3210 4871 3425 4927; x_wconf 85' lang='lat' dir='ltr'><strong>semper</strong></span> <span class='ocrx_word' id='word_1_897' title='bbox 3442 4858 3724 4938; x_wconf 70' lang='lat' dir='ltr'><strong>incubuit,</strong></span> 
     </span>
    </p>
   </div>
   <div class='ocr_carea' id='block_1_110' title="bbox 2116 4926 3729 4995">
    <p class='ocr_par' dir='ltr' id='par_1_110' title="bbox 2116 4926 3729 4995">
     <span class='ocr_line' id='line_1_111' title="bbox 2116 4926 3729 4995; baseline 0.005 -17"><span class='ocrx_word' id='word_1_898' title='bbox 2116 4933 2175 4995; x_wconf 83' lang='lat' dir='ltr'><strong>ut</strong></span> <span class='ocrx_word' id='word_1_899' title='bbox 2196 4926 2425 4995; x_wconf 83' lang='lat' dir='ltr'><strong>pepulus</strong></span> <span class='ocrx_word' id='word_1_900' title='bbox 2446 4939 2735 4994; x_wconf 91' lang='lat' dir='ltr'><strong>numquam</strong></span> <span class='ocrx_word' id='word_1_901' title='bbox 2772 4940 2838 4980; x_wconf 84' lang='lat' dir='ltr'><strong>ex</strong></span> <span class='ocrx_word' id='word_1_902' title='bbox 2868 4926 2987 4995; x_wconf 88' lang='lat' dir='ltr'><strong>ejus</strong></span> <span class='ocrx_word' id='word_1_903' title='bbox 3006 4926 3183 4984; x_wconf 80' lang='lat' dir='ltr'><strong>verbis</strong></span> <span class='ocrx_word' id='word_1_904' title='bbox 3210 4944 3271 4984; x_wconf 92' lang='lat' dir='ltr'><strong>se</strong></span> <span class='ocrx_word' id='word_1_905' title='bbox 3297 4926 3418 4984; x_wconf 80' lang='lat' dir='ltr'><strong>esse</strong></span> <span class='ocrx_word' id='word_1_906' title='bbox 3442 4929 3729 4987; x_wconf 79' lang='lat' dir='ltr'><strong>minorem</strong></span> 
     </span>
    </p>
   </div>
   <div class='ocr_carea' id='block_1_111' title="bbox 2117 4994 3731 5067">
    <p class='ocr_par' dir='ltr' id='par_1_111' title="bbox 2117 4994 3731 5067">
     <span class='ocr_line' id='line_1_112' title="bbox 2117 4994 3731 5067; baseline 0.006 -18"><span class='ocrx_word' id='word_1_907' title='bbox 2117 4994 2281 5051; x_wconf 85' lang='lat' dir='ltr'><strong>Patre</strong></span> <span class='ocrx_word' id='word_1_908' title='bbox 2326 5004 2509 5067; x_wconf 85' lang='lat' dir='ltr'><strong>posset</strong></span> <span class='ocrx_word' id='word_1_909' title='bbox 2547 5011 2758 5051; x_wconf 86' lang='lat' dir='ltr'><strong>eruere.</strong></span> <span class='ocrx_word' id='word_1_910' title='bbox 2789 4994 2915 5053; x_wconf 85' lang='lat' dir='ltr'><strong>[deo</strong></span> <span class='ocrx_word' id='word_1_911' title='bbox 2953 5014 3075 5054; x_wconf 90' lang='lat' dir='ltr'><strong>cum</strong></span> <span class='ocrx_word' id='word_1_912' title='bbox 3114 5008 3251 5066; x_wconf 88' lang='lat' dir='ltr'><strong>orat,</strong></span> <span class='ocrx_word' id='word_1_913' title='bbox 3303 5008 3431 5055; x_wconf 92' lang='lat' dir='ltr'><strong>tunc</strong></span> <span class='ocrx_word' id='word_1_914' title='bbox 3466 5001 3620 5056; x_wconf 84' lang='lat' dir='ltr'><strong>enim</strong></span> <span class='ocrx_word' id='word_1_915' title='bbox 3665 5013 3731 5059; x_wconf 81' lang='lat' dir='ltr'><strong>ut</strong></span> 
     </span>
    </p>
   </div>
   <div class='ocr_carea' id='block_1_112' title="bbox 2117 5067 3731 5141">
    <p class='ocr_par' dir='ltr' id='par_1_112' title="bbox 2117 5067 3731 5141">
     <span class='ocr_line' id='line_1_113' title="bbox 2117 5067 3731 5141; baseline 0.004 -19"><span class='ocrx_word' id='word_1_916' title='bbox 2117 5067 2280 5141; x_wconf 84' lang='lat' dir='ltr'><strong>homo</strong></span> <span class='ocrx_word' id='word_1_917' title='bbox 2295 5067 2560 5141; x_wconf 67' lang='lat' dir='ltr'><strong>loquitur,</strong></span> <span class='ocrx_word' id='word_1_918' title='bbox 2574 5081 2788 5137; x_wconf 88' lang='lat' dir='ltr'><strong>semper</strong></span> <span class='ocrx_word' id='word_1_919' title='bbox 2807 5069 3010 5141; x_wconf 85' lang='lat' dir='ltr'><strong>aliquid</strong></span> <span class='ocrx_word' id='word_1_920' title='bbox 3029 5069 3306 5136; x_wconf 90' lang='lat' dir='ltr'><strong>admiscet,</strong></span> <span class='ocrx_word' id='word_1_921' title='bbox 3337 5071 3420 5126; x_wconf 89' lang='lat' dir='ltr'><strong>vel</strong></span> <span class='ocrx_word' id='word_1_922' title='bbox 3440 5079 3565 5141; x_wconf 88' lang='lat' dir='ltr'><strong>post</strong></span> <span class='ocrx_word' id='word_1_923' title='bbox 3585 5088 3731 5128; x_wconf 74' lang='lat' dir='ltr'><strong>ora-</strong></span> 
     </span>
    </p>
   </div>
   <div class='ocr_carea' id='block_1_113' title="bbox 2118 5136 3727 5213">
    <p class='ocr_par' dir='ltr' id='par_1_113' title="bbox 2118 5136 3727 5213">
     <span class='ocr_line' id='line_1_114' title="bbox 2118 5136 3727 5213; baseline 0.009 -27"><span class='ocrx_word' id='word_1_924' title='bbox 2118 5138 2320 5213; x_wconf 81' lang='lat' dir='ltr'><strong>tionem</strong></span> <span class='ocrx_word' id='word_1_925' title='bbox 2363 5136 2816 5213; x_wconf 36' lang='lat' dir='ltr'><strong>aliquidusemper</strong></span> <span class='ocrx_word' id='word_1_926' title='bbox 2854 5136 3021 5213; x_wconf 71' lang='lat' dir='ltr'><strong>gerit,</strong></span> <span class='ocrx_word' id='word_1_927' title='bbox 3053 5155 3163 5211; x_wconf 88' lang='lat' dir='ltr'><strong>quo</strong></span> <span class='ocrx_word' id='word_1_928' title='bbox 3202 5142 3368 5213; x_wconf 87' lang='lat' dir='ltr'><strong>ipsius</strong></span> <span class='ocrx_word' id='word_1_929' title='bbox 3395 5136 3520 5197; x_wconf 78' lang='lat' dir='ltr'><strong>cum</strong></span> <span class='ocrx_word' id='word_1_930' title='bbox 3547 5140 3727 5202; x_wconf 69' lang='lat' dir='ltr'><strong>Patre</strong></span> 
     </span>
    </p>
   </div>
   <div class='ocr_carea' id='block_1_114' title="bbox 2117 5208 3041 5278">
    <p class='ocr_par' dir='ltr' id='par_1_114' title="bbox 2117 5208 3041 5278">
     <span class='ocr_line' id='line_1_115' title="bbox 2117 5208 3041 5278; baseline 0.002 -15"><span class='ocrx_word' id='word_1_931' title='bbox 2117 5209 2297 5263; x_wconf 88' lang='lat' dir='ltr'><strong>unitas</strong></span> <span class='ocrx_word' id='word_1_932' title='bbox 2324 5217 2379 5262; x_wconf 89' lang='lat' dir='ltr'><strong>ct</strong></span> <span class='ocrx_word' id='word_1_933' title='bbox 2406 5208 2683 5278; x_wconf 69' lang='lat' dir='ltr'><strong>aequalitas</strong></span> <span class='ocrx_word' id='word_1_934' title='bbox 2711 5211 3041 5265; x_wconf 89' lang='lat' dir='ltr'><strong>ostendatur.</strong></span> 
     </span>
    </p>
   </div>
   <div class='ocr_carea' id='block_1_115' title="bbox 2194 5278 3727 5356">
    <p class='ocr_par' dir='ltr' id='par_1_115' title="bbox 2194 5278 3727 5356">
     <span class='ocr_line' id='line_1_116' title="bbox 2194 5278 3727 5356; baseline 0.007 -26"><span class='ocrx_word' id='word_1_935' title='bbox 2194 5284 2208 5330; x_wconf 85' lang='lat' dir='ltr'><strong>t</strong></span> <span class='ocrx_word' id='word_1_936' title='bbox 2239 5278 2294 5334; x_wconf 92' lang='lat' dir='ltr'><strong>S.</strong></span> <span class='ocrx_word' id='word_1_937' title='bbox 2331 5278 2657 5356; x_wconf 75' lang='lat' dir='ltr'><strong>Augustinus</strong></span> <span class='ocrx_word' id='word_1_938' title='bbox 2703 5288 2867 5356; x_wconf 61' lang='lat' dir='ltr'><strong>tract.</strong></span> <span class='ocrx_word' id='word_1_939' title='bbox 2896 5280 3013 5356; x_wconf 61' lang='lat' dir='ltr'><strong>ll,</strong></span> <span class='ocrx_word' id='word_1_940' title='bbox 3038 5282 3090 5356; x_wconf 85' lang='lat' dir='ltr'><strong>in</strong></span> <span class='ocrx_word' id='word_1_941' title='bbox 3122 5281 3280 5339; x_wconf 85' lang='lat' dir='ltr'><strong>Joan.</strong></span> <span class='ocrx_word' id='word_1_942' title='bbox 3306 5301 3321 5337; x_wconf 86' lang='lat'><strong>:</strong></span> <span class='ocrx_word' id='word_1_943' title='bbox 3359 5281 3543 5356; x_wconf 82' lang='lat' dir='ltr'><strong>Neque</strong></span> <span class='ocrx_word' id='word_1_944' title='bbox 3569 5287 3727 5356; x_wconf 60' lang='lat' dir='ltr'><strong>enim</strong></span> 
     </span>
    </p>
   </div>
   <div class='ocr_carea' id='block_1_116' title="bbox 2118 5348 3727 5427">
    <p class='ocr_par' dir='ltr' id='par_1_116' title="bbox 2118 5348 3727 5427">
     <span class='ocr_line' id='line_1_117' title="bbox 2118 5348 3727 5427; baseline 0.006 -24"><span class='ocrx_word' id='word_1_945' title='bbox 2118 5360 2388 5427; x_wconf 88' lang='lat' dir='ltr'><strong>propterea</strong></span> <span class='ocrx_word' id='word_1_946' title='bbox 2419 5348 2564 5427; x_wconf 72' lang='lat' dir='ltr'><strong>debet</strong></span> <span class='ocrx_word' id='word_1_947' title='bbox 2590 5351 2897 5427; x_wconf 70' lang='lat' dir='ltr'><strong>incredibile</strong></span> <span class='ocrx_word' id='word_1_948' title='bbox 2928 5353 3109 5427; x_wconf 77' lang='lat' dir='ltr'><strong>rideri,</strong></span> <span class='ocrx_word' id='word_1_949' title='bbox 3134 5356 3254 5427; x_wconf 86' lang='lat' dir='ltr'><strong>quia</strong></span> <span class='ocrx_word' id='word_1_950' title='bbox 3273 5357 3351 5427; x_wconf 83' lang='lat' dir='ltr'><strong>s_ic</strong></span> <span class='ocrx_word' id='word_1_951' title='bbox 3370 5356 3441 5408; x_wconf 90' lang='lat' dir='ltr'><strong>ad</strong></span> <span class='ocrx_word' id='word_1_952' title='bbox 3457 5348 3727 5413; x_wconf 60' lang='lat' dir='ltr'><strong>mm</strong></span> 
     </span>
    </p>
   </div>
   <div class='ocr_carea' id='block_1_117' title="bbox 2116 5420 3727 5491">
    <p class='ocr_par' dir='ltr' id='par_1_117' title="bbox 2116 5420 3727 5491">
     <span class='ocr_line' id='line_1_118' title="bbox 2116 5420 3727 5491; baseline 0.006 -18"><span class='ocrx_word' id='word_1_953' title='bbox 2116 5420 2321 5474; x_wconf 73' lang='lat' dir='ltr'><strong>ueniens</strong></span> <span class='ocrx_word' id='word_1_954' title='bbox 2354 5421 2481 5491; x_wconf 63' lang='lat' dir='ltr'><strong>eajit</strong></span> <span class='ocrx_word' id='word_1_955' title='bbox 2518 5437 2550 5473; x_wconf 93' lang='lat' dir='ltr'><strong>a</strong></span> <span class='ocrx_word' id='word_1_956' title='bbox 2582 5420 2762 5487; x_wconf 84' lang='lat' dir='ltr'><strong>Patre,</strong></span> <span class='ocrx_word' id='word_1_957' title='bbox 2786 5433 2963 5476; x_wconf 89' lang='lat' dir='ltr'><strong>utnon</strong></span> <span class='ocrx_word' id='word_1_958' title='bbox 2997 5420 3249 5479; x_wconf 77' lang='lat' dir='ltr'><strong>desereret</strong></span> <span class='ocrx_word' id='word_1_959' title='bbox 3282 5424 3531 5491; x_wconf 83' lang='lat' dir='ltr'><strong>Patrem;</strong></span> <span class='ocrx_word' id='word_1_960' title='bbox 3562 5436 3618 5479; x_wconf 84' lang='lat' dir='ltr'><strong>et</strong></span> <span class='ocrx_word' id='word_1_961' title='bbox 3640 5431 3727 5483; x_wconf 80' lang='lat' dir='ltr'><strong>sic</strong></span> 
     </span>
    </p>
   </div>
   <div class='ocr_carea' id='block_1_118' title="bbox 2116 5489 3726 5559">
    <p class='ocr_par' dir='ltr' id='par_1_118' title="bbox 2116 5489 3726 5559">
     <span class='ocr_line' id='line_1_119' title="bbox 2116 5489 3726 5559; baseline 0.006 -15"><span class='ocrx_word' id='word_1_962' title='bbox 2116 5492 2257 5545; x_wconf 85' lang='lat' dir='ltr'><strong>vadit</strong></span> <span class='ocrx_word' id='word_1_963' title='bbox 2294 5491 2365 5545; x_wconf 90' lang='lat' dir='ltr'><strong>ad</strong></span> <span class='ocrx_word' id='word_1_964' title='bbox 2384 5489 2617 5555; x_wconf 84' lang='lat' dir='ltr'><strong>Patrem,</strong></span> <span class='ocrx_word' id='word_1_965' title='bbox 2642 5494 2819 5547; x_wconf 82' lang='lat' dir='ltr'><strong>relicto</strong></span> <span class='ocrx_word' id='word_1_966' title='bbox 2846 5494 3058 5559; x_wconf 86' lang='lat' dir='ltr'><strong>mundo,</strong></span> <span class='ocrx_word' id='word_1_967' title='bbox 3099 5503 3155 5548; x_wconf 85' lang='lat' dir='ltr'><strong>ut</strong></span> <span class='ocrx_word' id='word_1_968' title='bbox 3182 5511 3285 5549; x_wconf 85' lang='lat' dir='ltr'><strong>non</strong></span> <span class='ocrx_word' id='word_1_969' title='bbox 3316 5489 3523 5551; x_wconf 82' lang='lat' dir='ltr'><strong>deserat</strong></span> <span class='ocrx_word' id='word_1_970' title='bbox 3556 5514 3726 5554; x_wconf 73' lang='lat' dir='ltr'><strong>m-</strong></span> 
     </span>
    </p>
   </div>
   <div class='ocr_carea' id='block_1_119' title="bbox 2120 5561 3724 5637">
    <p class='ocr_par' dir='ltr' id='par_1_119' title="bbox 2120 5561 3724 5637">
     <span class='ocr_line' id='line_1_120' title="bbox 2120 5561 3724 5637; baseline 0.005 -23"><span class='ocrx_word' id='word_1_971' title='bbox 2120 5562 2257 5637; x_wconf 79' lang='lat' dir='ltr'><strong>dum.</strong></span> <span class='ocrx_word' id='word_1_972' title='bbox 2306 5561 2449 5637; x_wconf 71' lang='lat' dir='ltr'><strong>Eaiit</strong></span> <span class='ocrx_word' id='word_1_973' title='bbox 2468 5564 2607 5637; x_wconf 81' lang='lat' dir='ltr'><strong>enim</strong></span> <span class='ocrx_word' id='word_1_974' title='bbox 2635 5580 2666 5615; x_wconf 88' lang='lat' dir='ltr'><strong>a</strong></span> <span class='ocrx_word' id='word_1_975' title='bbox 2700 5562 2878 5637; x_wconf 80' lang='lat' dir='ltr'><strong>Patre,</strong></span> <span class='ocrx_word' id='word_1_976' title='bbox 2903 5566 3022 5637; x_wconf 88' lang='lat' dir='ltr'><strong>quia</strong></span> <span class='ocrx_word' id='word_1_977' title='bbox 3057 5565 3121 5620; x_wconf 85' lang='lat' dir='ltr'><strong>de</strong></span> <span class='ocrx_word' id='word_1_978' title='bbox 3156 5564 3316 5619; x_wconf 86' lang='lat' dir='ltr'><strong>Patre</strong></span> <span class='ocrx_word' id='word_1_979' title='bbox 3334 5576 3446 5629; x_wconf 85' lang='lat' dir='ltr'><strong>est;</strong></span> <span class='ocrx_word' id='word_1_980' title='bbox 3479 5569 3724 5622; x_wconf 70' lang='lat' dir='ltr'><strong>inmatu-</strong></span> 
     </span>
    </p>
   </div>
   <div class='ocr_carea' id='block_1_120' title="bbox 2119 5632 3725 5709">
    <p class='ocr_par' dir='ltr' id='par_1_120' title="bbox 2119 5632 3725 5709">
     <span class='ocr_line' id='line_1_121' title="bbox 2119 5632 3725 5709; baseline 0.006 -23"><span class='ocrx_word' id='word_1_981' title='bbox 2119 5633 2239 5709; x_wconf 67' lang='lat' dir='ltr'><strong>dum</strong></span> <span class='ocrx_word' id='word_1_982' title='bbox 2258 5634 2413 5709; x_wconf 62' lang='lat' dir='ltr'><strong>renit,</strong></span> <span class='ocrx_word' id='word_1_983' title='bbox 2437 5634 2557 5706; x_wconf 83' lang='lat' dir='ltr'><strong>quia</strong></span> <span class='ocrx_word' id='word_1_984' title='bbox 2590 5632 2960 5709; x_wconf 59' lang='lat' dir='ltr'><strong>mundo__sttuin</strong></span> <span class='ocrx_word' id='word_1_985' title='bbox 2995 5653 3176 5709; x_wconf 84' lang='lat' dir='ltr'><strong>corpus</strong></span> <span class='ocrx_word' id='word_1_986' title='bbox 3209 5638 3466 5709; x_wconf 72' lang='lat' dir='ltr'><strong>ostendit,</strong></span> <span class='ocrx_word' id='word_1_987' title='bbox 3484 5641 3626 5709; x_wconf 81' lang='lat' dir='ltr'><strong>quod</strong></span> <span class='ocrx_word' id='word_1_988' title='bbox 3650 5640 3725 5695; x_wconf 79' lang='lat' dir='ltr'><strong>de</strong></span> 
     </span>
    </p>
   </div>
   <div class='ocr_carea' id='block_1_121' title="bbox 2122 5703 3722 5778">
    <p class='ocr_par' dir='ltr' id='par_1_121' title="bbox 2122 5703 3722 5778">
     <span class='ocr_line' id='line_1_122' title="bbox 2122 5703 3722 5778; baseline 0.005 -21"><span class='ocrx_word' id='word_1_989' title='bbox 2122 5703 2680 5778; x_wconf 57' lang='lat' dir='ltr'><strong>if&#39;irgine_nss&#39;ttmpsit._</strong></span> <span class='ocrx_word' id='word_1_990' title='bbox 2700 5704 2920 5778; x_wconf 61' lang='lat' dir='ltr'><strong>Reliquit</strong></span> <span class='ocrx_word' id='word_1_991' title='bbox 2950 5703 3195 5761; x_wconf 87' lang='lat' dir='ltr'><strong>mundum</strong></span> <span class='ocrx_word' id='word_1_992' title='bbox 3226 5707 3483 5778; x_wconf 77' lang='lat' dir='ltr'><strong>corporali</strong></span> <span class='ocrx_word' id='word_1_993' title='bbox 3497 5703 3722 5765; x_wconf 69' lang='grc' dir='ltr'><strong>’ἀίει-α-</strong></span> 
     </span>
    </p>
   </div>
   <div class='ocr_carea' id='block_1_122' title="bbox 2112 5773 3762 5846">
    <p class='ocr_par' dir='ltr' id='par_1_122' title="bbox 2112 5773 3762 5846">
     <span class='ocr_line' id='line_1_123' title="bbox 2112 5773 3762 5846; baseline 0.005 -17"><span class='ocrx_word' id='word_1_994' title='bbox 2112 5773 2278 5846; x_wconf 79' lang='lat' dir='ltr'><strong>siene.</strong></span> <span class='ocrx_word' id='word_1_995' title='bbox 2330 5773 2573 5829; x_wconf 77' lang='lat' dir='ltr'><strong>Perrexit</strong></span> <span class='ocrx_word' id='word_1_996' title='bbox 2611 5775 2680 5828; x_wconf 86' lang='lat' dir='ltr'><strong>ad</strong></span> <span class='ocrx_word' id='word_1_997' title='bbox 2726 5773 2936 5830; x_wconf 73' lang='lat' dir='ltr'><strong>Patrem</strong></span> <span class='ocrx_word' id='word_1_998' title='bbox 2976 5777 3198 5831; x_wconf 80' lang='lat' dir='ltr'><strong>hominis</strong></span> <span class='ocrx_word' id='word_1_999' title='bbox 3245 5773 3569 5846; x_wconf 70' lang='lat' dir='ltr'><strong>ascensione,</strong></span> <span class='ocrx_word' id='word_1_1000' title='bbox 3610 5797 3762 5843; x_wconf 64' lang='lat' dir='ltr'><strong>nec;</strong></span> 
     </span>
    </p>
   </div>
   <div class='ocr_carea' id='block_1_123' title="bbox 2113 5845 3762 5920">
    <p class='ocr_par' dir='ltr' id='par_1_123' title="bbox 2113 5845 3762 5920">
     <span class='ocr_line' id='line_1_124' title="bbox 2113 5845 3762 5920; baseline 0.004 -19"><span class='ocrx_word' id='word_1_1001' title='bbox 2113 5845 2360 5901; x_wconf 77' lang='lat' dir='ltr'><strong>mundum</strong></span> <span class='ocrx_word' id='word_1_1002' title='bbox 2382 5845 2606 5902; x_wconf 71' lang='lat' dir='ltr'><strong>deseruit</strong></span> <span class='ocrx_word' id='word_1_1003' title='bbox 2624 5849 2866 5920; x_wconf 59' lang='lat' dir='ltr'><strong>presenti</strong></span> <span class='ocrx_word' id='word_1_1004' title='bbox 2885 5848 3269 5920; x_wconf 86' lang='lat' dir='ltr'><strong>gubernatione.</strong></span> <span class='ocrx_word' id='word_1_1005' title='bbox 3295 5849 3458 5907; x_wconf 78' lang='lat' dir='ltr'><strong>Mm.</strong></span> <span class='ocrx_word' id='word_1_1006' title='bbox 3556 5845 3561 5846; x_wconf 27' lang='grc' dir='ltr'>ί</span> <span class='ocrx_word' id='word_1_1007' title='bbox 3728 5852 3762 5920; x_wconf 71' lang='lat'><strong><em>_&#39;</em></strong></span> 
     </span>
    </p>
   </div>
  </div>
