3882 6356
155 418 251 482 ω
1545 405 1776 463 saturo
1812 405 1996 463 var.
3301 412 3409 468 ssc

155 544 236 597 ur,
273 525 596 601 gratiasago
632 522 741 588 tibi,
782 537 902 594 quia
941 521 1133 573 audisti
1155 520 1276 572 me?
1305 516 1439 586 Quid
1461 518 1586 572 est?
1619 515 1720 572 Ubi
1751 523 1794 580 Α
1823 515 1998 573 Patris
2025 517 2300 588 respondit
2330 535 2344 571 :
2368 516 2544 582 Pater,
2563 516 2769 587 justum
2789 523 2874 574 est
2891 523 2951 573 ut
2969 532 3154 574 carcer
3178 535 3282 576 non
3321 521 3410 577 ἰησ-

153 620 376 677 Christus
414 617 576 688 ccepit
605 625 631 652 ει
671 612 829 669 inferi
869 611 1086 683 pulsare
1125 609 1286 672 fores,
1311 620 1497 680 portas
1537 611 1723 666 tartari

152 714 469 775 submovere,
492 709 688 778 januas
716 705 932 778 aperire
971 703 1182 772 mortis,
1223 704 1481 772 gehenna:
1514 703 1724 760 solvere

153 806 305 872 legem
330 807 618 866 vetustam,
641 799 933 856 deturbare
974 797 1406 867 antiquissimum
1420 797 1512 865 jus
1532 813 1721 866 poena-

153 911 270 961 rum,
301 909 589 965 reposcere
627 891 816 947 Lazari
845 891 1101 956 animam,
1129 890 1196 945 ab
1219 888 1404 945 inferis
1425 889 1560 942 viam
1583 889 1724 944 redi-

153 998 226 1044 tus
257 988 532 1051 innovare,
556 986 789 1042 occurrit
809 985 861 1040 ei
899 984 1090 1039 tartari
1113 990 1224 1038 tota
1255 983 1438 1038 furens
1462 991 1720 1053 potestas,

152 1079 418 1157 praeferens
474 1081 709 1136 edictum
749 1079 970 1150 superni
1012 1077 1290 1148 principis,
1344 1077 1544 1131 excelsi
1585 1076 1725 1145 regis

152 1181 351 1246 portans
369 1171 668 1236 decretum,
691 1178 910 1240 gestans
938 1170 1102 1224 latam
1136 1176 1217 1224 tot
1245 1169 1455 1223 saeculis
1497 1168 1608 1222 Deo
1644 1168 1726 1223 lo-

153 1271 331 1338 quente
357 1264 718 1329 sententiam;
749 1270 805 1318 et
825 1262 1012 1318 videns
1045 1261 1320 1316 hominem
1348 1260 1727 1318 sciscitabatur

154 1362 257 1432 quis
282 1360 381 1416 iste
400 1366 570 1426 esset,
591 1359 722 1430 quid
751 1358 995 1423 auderet,
1019 1357 1148 1427 quid
1187 1357 1288 1412 sibi
1311 1357 1490 1422 vellet,
1515 1372 1611 1411 cur
1637 1371 1727 1411 so.

155 1453 240 1518 lus,
278 1452 514 1508 autsine
556 1460 794 1508 tremore
833 1450 1142 1506 tremendos
1187 1450 1376 1504 mortis
1419 1449 1648 1506 lacessat
1672 1455 1728 1504 et

155 1546 362 1602 incessat
379 1559 655 1602 accessus.
678 1543 778 1598 Cui
796 1543 996 1599 dicenti
1015 1543 1135 1612 quis
1155 1552 1315 1610 esset,
1334 1541 1728 1614 responderunt

153 1634 440 1709 prophetica
473 1650 628 1700 voce,
656 1633 888 1688 ministri
918 1634 1350 1699 resurrectionis,
1373 1633 1574 1702 angeli.
1607 1632 1730 1703 Ipse

153 1739 216 1784 est
239 1745 323 1783 rea:
355 1729 565 1800 glorior,
597 1729 706 1799 ipse
732 1737 809 1782 est
837 1728 988 1799 fortis
1019 1734 1069 1781 et
1100 1736 1279 1798 potens
1318 1728 1372 1780 in
1394 1726 1572 1798 prarlio
1595 1723 1722 1797 (Ps.

155 1820 303 1893 nm).
334 1819 442 1876 Sed
475 1819 644 1876 refert
675 1828 940 1875 tartarus:
973 1819 1086 1888 Ego
1120 1833 1302 1889 regem
1331 1819 1518 1889 gloriae
1546 1820 1598 1873 in
1620 1834 1729 1874 cur

1825 617 2083 664 noce:.tes
2110 617 2311 675 teneat,
2334 609 2429 664 sed
2453 618 2736 676 nocentes;
2766 626 2926 681 plena
2963 627 3068 667 non
3085 610 3261 681 justos
3288 628 3412 670 cru-

1825 701 1951 766 ciet,
1983 701 2076 757 sed
2111 699 2353 769 injustas.
2387 699 2648 767 Quamdiu
2675 702 2776 757 sub
2797 703 2955 760 unius
2982 703 3215 760 hominis
3233 705 3408 777 culpa,

1824 804 2047 866 pr0pter
2073 792 2200 848 Adae
2238 794 2406 850 solius
2443 810 2659 862 noxam,
2699 795 3052 868 patriarchas,
3099 799 3410 872 prophetas,

1825 896 2108 959 martyres,
2140 887 2497 952 confessores,
2533 889 2788 958 virgines,
2825 891 3031 958 viduas,
3074 892 3126 946 in
3163 896 3414 950 castitate

1825 997 1907 1035 co:
1926 979 2058 1050 jugii
2071 991 2468 1050 permanentes,
2483 996 2572 1036 om
2611 997 2670 1036 es
2681 991 2885 1048 anates,
2904 992 3188 1054 utrumque
3201 1000 3410 1055 sexum,

1825 1082 1972 1128 certe
1996 1073 2019 1109 δ
2042 1073 2292 1143 parvulos
2315 1075 2616 1130 nescientes
2637 1074 2831 1130 bonum
2853 1076 2940 1131 vel
2959 1076 3175 1142 malum,
3189 1077 3275 1133 hic
3296 1092 3414 1134 tar-

1826 1166 1970 1222 nifrx
1998 1166 2067 1221 ad
2095 1182 2154 1222 se
2194 1167 2409 1222 trahere
2437 1166 2642 1221 crudeli
2681 1165 3022 1224 infestatione
3059 1184 3169 1225 non
3199 1169 3415 1226 cessat?

1827 1258 2006 1326 Pater,
2030 1275 2130 1330 ego
2160 1261 2380 1326 moriar,
2416 1270 2479 1316 ut
2507 1276 2617 1316 non
2646 1261 2943 1316 moriantur
2969 1278 3190 1330 omnes;
3231 1261 3410 1329 Pater,

1827 1370 1927 1423 ego
1955 1355 2084 1410 Adae
2111 1355 2348 1411 debitum
2388 1357 2615 1420 solvam,
2640 1365 2700 1412 ut
2725 1373 2823 1428 per
2853 1373 2941 1414 me
2977 1357 3075 1413 tibi
3101 1359 3285 1414 vivant
3323 1359 3416 1430 qui

1826 1465 1925 1522 per
1946 1449 2115 1505 Adam
2136 1450 2438 1506 moriuntur
2470 1450 2712 1517 inferno;
2738 1449 2914 1520 Pater,
2950 1462 3172 1524 propter
3201 1463 3417 1510 senten-

1829 1543 1957 1598 tiam
1987 1553 2130 1598 tuam
2161 1555 2261 1612 ego
2291 1560 2467 1599 meum
2503 1545 2818 1613 sanguinem
2842 1545 3079 1611 fundam,
3105 1553 3312 1602 tantum
3333 1555 3418 1605 est

1827 1643 1883 1690 ut
1906 1635 1972 1690 ad
1988 1644 2039 1689 te
2062 1644 2149 1690 tua
2167 1637 2350 1692 redeat
2371 1645 2639 1702 creatura,
2663 1637 2896 1708 pretium
2917 1638 3066 1694 chari
3090 1638 3180 1693 tibi
3202 1639 3419 1710 sangui-

1831 1726 1913 1782 nis
1941 1728 2044 1781 mei
2086 1726 2387 1798 redemptio
2419 1728 2490 1783 sit
2528 1729 2765 1785 omnium
2813 1738 3164 1787 mortuorum.
3196 1731 3275 1786 Ad
3303 1732 3419 1790 huic

1829 1818 1994 1873 totius
2016 1817 2292 1872 Trinitatis
2311 1834 2625 1884 consensus,
2650 1829 2706 1875 et
2724 1819 2984 1876 Lazarum
3005 1821 3421 1893 przecepitexire

157 1913 349 1970 lcstibus
368 1913 485 1968 scio
519 1912 769 1968 omnibus
797 1911 1154 1981 potestatibus
1183 1911 1386 1966 cmlicis
1414 1911 1720 1982 pmsidere,
1755 1916 1801 1976 Β
1826 1920 1882 1966 et
1903 1920 2133 1967 tartarus
2153 1913 2222 1968 ad
2243 1912 2546 1969 reddendos
2583 1929 2773 1970 omnes
2799 1923 3045 1970 mortuos
3064 1912 3280 1970 Christo
3302 1915 3420 1986 jus-

158 2007 284 2078 cujus
315 2016 512 2062 nutum
545 2014 662 2062 tota
696 2005 919 2061 sufferre
941 2022 1046 2061 non
1076 2013 1256 2076 potest
1275 2014 1554 2070 creatura;
1587 2006 1728 2062 hunc

159 2108 312 2156 autem
337 2098 502 2154 video
532 2098 600 2154 de
621 2099 850 2154 terrenis
880 2114 1065 2160 unum,
1098 2109 1410 2153 concretum
1433 2097 1581 2160 limo,
1614 2114 1729 2153 cor-

158 2206 268 2264 pore
293 2190 512 2246 mortali
541 2197 774 2259 septum,
807 2196 862 2244 et
903 2189 956 2243 in
993 2189 1108 2259 ipso
1137 2189 1321 2243 habitu
1354 2189 1606 2252 hominis,
1631 2188 1730 2243 bo-

161 2284 368 2340 miuibus
394 2282 670 2344 viliorem,
695 2290 750 2337 et
781 2281 850 2337 ad
871 2296 1134 2336 summam
1162 2281 1269 2335 cito
1298 2280 1532 2336 dandum
1552 2281 1729 2350 sepul-

159 2394 252 2443 cro,
271 2376 611 2433 subdendum
641 2392 774 2432 mea:
804 2376 1050 2446 protinus
1082 2389 1202 2431 esse
1229 2374 1438 2430 ditioni.
1465 2373 1571 2429 Sed
1609 2389 1731 2444 per—

161 2469 438 2526 sistentibus
467 2469 681 2538 angelis
709 2476 764 2523 et
794 2467 1198 2537 repetentibus:
1226 2465 1348 2537 Ipse
1374 2475 1451 2520 est
1477 2464 1730 2519 Dominus

161 2563 392 2626 virtutum,
419 2563 540 2632 ipse
569 2570 644 2616 est
672 2576 764 2614 rea:
791 2559 1006 2631 gloriw;
1038 2559 1153 2628 ipse
1191 2557 1312 2614 cmli
1349 2557 1574 2628 pnesul,
1618 2557 1732 2626 ipse

164 2663 356 2712 creator
391 2655 607 2719 mundi,
633 2654 746 2724 ipse
774 2653 1010 2708 salvator
1043 2651 1240 2713 saeculi,
1277 2651 1392 2720 ipse
1423 2650 1735 2719 redemptor

168 2748 398 2810 omnium,
421 2755 484 2802 et
525 2745 592 2800 de
613 2760 716 2814 qua
740 2744 870 2799 furis
893 2752 970 2807 tu,
995 2743 1136 2798 lator
1157 2743 1270 2812 ipse
1299 2742 1594 2803 sententiae,
1620 2740 1735 2810 ipse

169 2848 295 2895 tuum
328 2839 633 2894 calcaturus
653 2845 835 2908 caput,
869 2837 983 2906 ipse
1015 2845 1164 2890 tuum
1199 2835 1529 2890 contriturus
1569 2834 1737 2903 impe-

168 2931 313 2997 rium,
345 2931 454 3001 ipse
481 2939 539 2986 te
559 2946 659 2985 suo
675 2928 877 2998 judicio
907 2928 1248 2998 perditurus;
1289 2927 1380 2997 qui
1401 2942 1522 2982 reos
1555 2926 1737 2996 jussus

173 3036 356 3092 capere,
385 3022 619 3077 attrahis
659 3022 990 3085 innocentes,
1028 3028 1244 3075 sanctos
1273 3020 1478 3090 diripis,
1511 3020 1612 3090 ipsi
1641 3019 1738 3074 Dei

178 3111 296 3168 Filio
319 3114 672 3170 comminaris.
701 3113 882 3168 Redde
904 3128 1033 3182 ergo
1062 3129 1244 3178 unum,
1270 3113 1581 3183 priusquam
1609 3113 1741 3167 mul-

173 3212 246 3261 tos
272 3206 466 3275 cogaris
512 3205 811 3261 exsolvere.
849 3204 955 3259 Sed
989 3213 1222 3258 tartarus
1275 3204 1448 3259 adhuc
1489 3205 1590 3259 ista
1629 3220 1738 3260 non

1828 2020 1918 2060 sus
1939 2013 2023 2060 est
2042 2005 2261 2060 obedire
2295 2023 2307 2058 :
2341 2006 2466 2062 hinc
2498 2015 2584 2062 est
2619 2007 2764 2076 quod
2799 2007 2964 2063 Filius
2978 2008 3210 2064 clamat:
3236 2007 3414 2076 Pater,

1827 2100 2024 2170 gratias
2067 2099 2155 2152 tibi
2184 2116 2301 2170 ago,
2335 2099 2456 2170 quia
2495 2098 2688 2153 audisti
2712 2098 2999 2170 me(ﬂebr.
3039 2101 3134 2172 tv).
3169 2100 3421 2157 Testatur

1827 2189 2119 2261 Apostolus
2157 2191 2302 2260 quod
2339 2190 2584 2246 Christus
2613 2191 2906 2248 advocatus
2946 2201 3132 2248 noster
3167 2193 3238 2248 sit
3282 2192 3422 2266 apud

1830 2282 2082 2349 Patrem;
2133 2285 2364 2354 denique
2415 2285 2633 2354 quando
2671 2285 2854 2350 sedet,
2897 2285 3205 2356 conjudicat
3241 2287 3420 2355 Patri;

1830 2377 2049 2448 quando
2069 2385 2194 2438 stat,
2227 2376 2403 2432 ollicio
2433 2376 2668 2447 fungitur
2695 2377 2958 2435 advocati.
2992 2378 3140 2435 Tunc
3158 2378 3420 2446 Christus,

1830 2477 2048 2540 peracta
2096 2468 2470 2531 advocatione,
2490 2469 2683 2523 clamat
2721 2485 2856 2524 voce
2895 2483 3088 2538 magna
3133 2488 3147 2523 :
3198 2468 3420 2538 Lazare,

1831 2561 1946 2614 veni
1969 2562 2127 2631 foras.
2155 2559 2304 2615 Tunc
2333 2567 2586 2626 tartarus,
2617 2560 2790 2628 ligatis
2823 2561 3068 2616 manibus
3094 2569 3150 2617 et
3178 2561 3420 2633 pedibus,

1834 2651 2096 2706 Lazarum
2127 2651 2312 2706 retulit
2343 2651 2409 2706 ad
2447 2667 2677 2722 superna
2712 2670 2723 2703 :
2758 2652 2954 2708 timens
2985 2661 3041 2708 et
3070 2661 3322 2719 tremens,
3357 2668 3426 2710 ne

1834 2744 1961 2798 dum
1983 2743 2162 2804 solvit,
2190 2759 2256 2798 ne
2275 2743 2400 2798 dum
2432 2759 2610 2799 moras
2630 2742 2775 2807 facit,
2800 2759 2867 2800 ne
2887 2744 3011 2800 dum
3033 2745 3236 2801 tardius
3261 2743 3428 2801 refert

1833 2851 2021 2901 unum,
2039 2852 2227 2892 omnes
2247 2845 2530 2905 cogeretur
2551 2835 2760 2892 afferre.
2785 2835 2874 2892 Sic
2889 2824 3060 2892 factus
3081 2845 3164 2892 est
3179 2837 3426 2892 vivorum

1836 2931 2059 2994 relator,
2076 2931 2166 3000 qui
2197 2940 2382 3001 raptor
2399 2947 2518 2986 esse
2538 2939 2894 2987 consueverat
2913 2939 3268 2987 mortuorum.
3293 2928 3428 2986 Nam

1838 3038 2005 3093 quare
2042 3023 2284 3078 Christus
2331 3024 2537 3079 vincula
2586 3024 2777 3079 inferni
2824 3023 3042 3095 dirupit,
3081 3024 3268 3079 mortis
3295 3023 3430 3093 liga-

1839 3123 2021 3170 menta
2050 3114 2312 3179 dissolvit,
2340 3116 2440 3170 nisi
2470 3124 2530 3170 ut
2571 3116 2724 3170 nobis
2752 3123 3078 3170 monstraret
3099 3115 3288 3171 inferni
3322 3123 3429 3171 tre-

1841 3207 2089 3261 mendam
2111 3208 2463 3261 servitutem?
2485 3207 2614 3260 Nam
2645 3207 2691 3261 si
2712 3207 2778 3261 de
2807 3206 2976 3277 Moysi
2995 3221 3224 3277 corpore
3251 3205 3431 3262 diabo-

170 3297 381 3359 credens.
399 3313 504 3368 per
525 3305 814 3353 consuetos
831 3297 1045 3351 nuntios
1065 3297 1293 3352 recurrit
1308 3298 1375 3352 ad
1397 3298 1610 3364 coelum,
1628 3298 1741 3355 haec
1765 3298 1811 3362 C
1841 3298 1926 3353 lus
1954 3299 2146 3367 angelo
2166 3298 2508 3364 contradixit,
2525 3299 2798 3367 quomodo
2829 3314 2934 3354 non
2963 3307 3196 3354 tartarus
3214 3297 3430 3354 Christo

169 3388 400 3445 invidiosa
431 3390 873 3460 interpellatione
887 3389 1200 3460 deploratus
1225 3409 1238 3443 :
1270 3389 1402 3459 Ego,
1420 3390 1665 3456 Domine,
1689 3399 1746 3445 et

170 3483 210 3539 si
230 3493 494 3539 extremus
524 3491 786 3538 creatura:
809 3491 932 3544 tum,
970 3491 1024 3536 et
1049 3483 1095 3538 si
1125 3482 1265 3537 tristi
1302 3481 1520 3537 servitio
1543 3483 1746 3538 manci-

169 3581 300 3646 patus
323 3584 600 3646 pnecepta
634 3583 722 3630 tua
759 3573 1051 3628 inviolabili
1089 3573 1206 3642 lege
1235 3589 1427 3639 servo,
1459 3574 1742 3644 pervigilo,

171 3683 228 3723 ne
250 3669 361 3738 quis
385 3669 682 3725 sententiae
704 3677 808 3723 tua:
831 3677 1099 3723 vetustum
1116 3667 1223 3738 jus,
1255 3683 1427 3723 novus
1455 3676 1750 3724 temerator

171 3760 426 3827 immutet,
481 3760 581 3817 sed
622 3761 871 3832 apparuit
911 3760 1092 3826 homo,
1129 3759 1222 3829 qui
1254 3759 1448 3815 dicitur
1479 3758 1744 3824 Christus,

171 3857 299 3905 tuum
315 3865 372 3906 se
399 3849 604 3905 Filium
620 3849 850 3920 jactans,
876 3850 1186 3906 sacerdotes
1212 3859 1332 3906 tuos
1352 3859 1524 3918 notat,
1544 3852 1749 3908 scribas

172 3949 276 3997 tuos
292 3943 497 4013 arguit,
522 3943 746 3998 sabbata
769 3952 858 3999 tua
886 3943 1087 4008 violat,
1118 3944 1290 4014 legem
1311 3953 1458 4000 tuam
1485 3945 1664 4012 solvit,
1695 3954 1754 4000 ct

173 4036 350 4092 animas
369 4045 660 4108 exemptas
688 4053 870 4106 carne,
902 4046 958 4092 et
976 4053 1148 4109 pinnae
1166 4037 1277 4108 jam
1309 4054 1551 4109 measque
1577 4047 1754 4095 custo-

173 4125 256 4182 dize
279 4129 590 4200 deputatas,
621 4130 686 4184 ad
712 4146 960 4201 corpora,
998 4131 1051 4186 in
1079 4130 1275 4200 quibus
1307 4132 1569 4187 scelerate
1597 4131 1751 4187 vixe-

171 4227 292 4285 rant,
315 4220 499 4277 redire
520 4222 826 4292 compellit;
857 4231 913 4278 et
938 4222 1102 4278 tantis
1125 4222 1365 4291 quotidie
1384 4223 1633 4295 procedit
1651 4239 1750 4278 au-

173 4309 316 4376 sibus,
354 4323 416 4368 ut
459 4311 725 4368 Lazarum
759 4312 872 4382 jam
899 4329 1118 4369 carcere
1140 4323 1326 4370 nostro
1353 4315 1613 4380 clausum,
1639 4314 1752 4385 jam

174 4401 274 4473 lege
291 4413 478 4462 nostra
501 4405 883 4475 vinctum,jam
903 4405 1025 4475 jure
1047 4415 1232 4462 nostro
1249 4415 1577 4473 manentem,
1595 4405 1754 4462 effra-

175 4494 260 4550 ctis
277 4496 529 4552 claustris
564 4496 718 4552 inferi
747 4505 974 4553 conetur
1000 4514 1192 4555 eruere
1218 4519 1230 4553 :
1257 4508 1350 4555 aut
1369 4500 1479 4555 cito
1507 4499 1750 4565 subveni,

176 4593 256 4640 aut
269 4587 312 4642 si
339 4588 662 4658 patefecerit
698 4589 864 4646 semel
893 4589 1109 4659 januas,
1145 4607 1353 4656 omnes,
1385 4607 1524 4662 quos
1555 4600 1636 4646 tot
1654 4605 1755 4647 sae-

1845 3390 1912 3445 de
1934 3390 2038 3444 vita
2061 3400 2115 3444 et
2139 3391 2205 3446 de
2228 3392 2618 3446 resurrectione
2648 3389 2831 3445 Lazari
2852 3389 3219 3446 rontradicet?
3245 3387 3428 3458 Orate,

1844 3481 2055 3545 fratres,
2090 3491 2146 3536 ut
2189 3484 2280 3550 qui
2319 3489 2531 3550 gustum
2579 3481 2987 3538 resurrectionis
3017 3479 3218 3536 Lazaro
3245 3481 3432 3552 propi-

1846 3587 2010 3630 nante
2031 3576 2377 3645 suscepimus,
2403 3576 2660 3630 redeunte
2677 3575 2892 3632 Christo
2915 3574 3229 3632 universalis
3253 3589 3432 3631 resur-

1846 3667 2102 3723 rectionis
2121 3684 2282 3724 voces
2305 3683 2611 3724 mereamur
2629 3668 2834 3725 audire.

2417 3800 2650 3858 SERMO
2677 3801 2854 3860 LXVI.

2347 3916 2428 3973 De
2455 3918 2610 3973 divite
2636 3928 2688 3973 et
2708 3917 2930 3974 Lazaro.

1988 4031 2132 4088 Duas
2160 4031 2321 4088 hodie
2347 4048 2378 4087 a
2405 4031 2616 4088 duobus
2644 4030 2986 4102 evangelistis
3012 4029 3202 4097 editas,
3244 4031 3316 4087 ita
3342 4046 3433 4089 re-

1850 4123 2005 4180 citari
2029 4123 2248 4179 fecimus
2269 4123 2548 4188 lectiones,
2580 4131 2640 4178 ut
2676 4123 2912 4180 sermoni
2935 4133 3118 4179 nostro
3141 4132 3320 4180 vester
3345 4125 3432 4180 in-

1851 4219 2099 4274 tellectus
2118 4227 2448 4284 occurreret,
2489 4224 2742 4287 paterent
2777 4215 2977 4271 abdita.
3023 4215 3207 4271 Lazari
3247 4231 3430 4273 resur-

1851 4311 2025 4378 gentis
2048 4311 2280 4370 occasio.
2325 4326 2421 4365 cur
2448 4307 2475 4346 ά
2506 4309 2727 4364 alterius
2754 4324 2854 4364 nos
2891 4307 3080 4363 Lazari
3116 4309 3440 4380 compulerit

1851 4401 2030 4458 facere
2075 4403 2426 4466 mentionem,
2459 4416 2526 4456 ex
2571 4401 2920 4470 sequentibus
2959 4400 3232 4457 audietis:
3273 4401 3437 4458 modo

1851 4494 2126 4550 inhumani
2151 4492 2330 4548 divitis
2358 4501 2414 4548 et
2433 4492 2622 4548 Lazari
2645 4492 2894 4562 pauzteris
2939 4491 3234 4562 stupendas
3269 4492 3436 4558 vices,
3526 4503 3546 4515 ‘

1850 4586 2127 4660 pavendas
2147 4585 2536 4648 successiones,
2563 4585 2901 4641 conditiones
2921 4583 3207 4640 admodum
3237 4583 3442 4638 lamen-

176 4677 290 4734 culis
314 4681 673 4747 servavimus,
697 4696 840 4737 nunc
860 4681 1080 4739 amittis.
1113 4681 1195 4737 Ad
1224 4682 1338 4738 haec
1356 4681 1524 4739 Filius
1542 4683 1610 4738 de
1637 4683 1758 4738 sinu
1785 4671 1832 4732 Ι)
1859 4678 2051 4735 tandas
2070 4679 2123 4733 in
2144 4676 2378 4734 medium
2398 4677 2699 4750 producere
2726 4683 2781 4732 et
2800 4675 2994 4731 afferre
3013 4675 3290 4745 gestimus,
3313 4675 3441 4746 quia

238 4863 261 4892 ⁸
287 4854 606 4930 Elegantius
625 4856 1002 4930 dictumrquam
1033 4857 1256 4930 In[erni,
1282 4860 1490 4916 notavit
1510 4859 1758 4917 Barthius

177 4924 376 5000 advers.
393 4924 500 4982 lib.
528 4945 637 4982 xxu
659 4945 778 5000 cap.
813 4924 879 4984 10
899 4931 1003 4985 col.
1036 4924 1191 4984 1090.

239 4997 262 5035 δ
299 4995 550 5070 Lirnbum
579 4995 742 5068 queui
767 5009 978 5065 vocant,
1011 5015 1300 5070 puerorum
1321 5017 1460 5067 esse,
1491 5011 1552 5057 ut
1575 5004 1650 5058 ait
1671 5002 1760 5058 hic

178 5065 530 5139 Chrysologus
551 5109 567 5134 ,
596 5065 750 5139 apud
788 5071 803 5124 i
833 5065 1028 5134 feros,—
1061 5080 1285 5127 tenuere
1319 5065 1508 5129 Patres
1545 5073 1759 5130 concilii

177 5134 484 5204 Floreiitiiri,
518 5139 608 5193 ubi
631 5134 763 5196 sess.
789 5141 973 5195 ultima
1008 5141 1208 5197 diserte
1228 5141 1499 5208 deﬁnitur,
1535 5153 1642 5198 tam
1663 5159 1760 5199 eos

178 5209 492 5283 quimortali
515 5223 740 5283 peccato
762 5211 1000 5283 obstricti
1022 5226 1182 5280 quam
1211 5228 1306 5268 eos
1333 5215 1424 5282 qui
1458 5214 1574 5268 solo
1595 5215 1760 5283 origi-

181 5278 276 5332 nali
297 5296 423 5353 mox
472 5278 524 5334 in
553 5282 818 5337 infernum
858 5278 1209 5353 desceédunt,
1242 5278 1414 5353 pretiis
1449 5293 1655 5338 tantum
1677 5278 1758 5339 di-

181 5350 416 5422 sparibus
473 5353 774 5422 puniendos
837 5368 975 5408 esse.
1041 5350 1396 5409 Nihilominus
1461 5356 1759 5410 communis

180 5419 627 5494 scholasticorum
645 5425 908 5479 sententia
929 5432 1031 5487 est,
1055 5438 1215 5493 quam
1237 5425 1479 5494 sequitur
1505 5423 1755 5480 Innocen-

183 5489 279 5575 tius
307 5490 390 5557 lll,
430 5508 547 5575 cap:
576 5493 822 5575 Majores,
850 5510 914 5549 ex
938 5489 1094 5549 tract.
1118 5495 1185 5550 de
1214 5489 1509 5566 Baptismo,
1538 5496 1759 5551 limbum

182 5574 463 5629 puerorum
494 5563 675 5620 altiori
707 5563 824 5619 ιοοι
853 5575 1222 5621 constitutum.

251 5642 272 5669 ο
314 5633 616 5702 Antequam
646 5649 822 5706 sermo
849 5637 915 5689 ad
958 5636 1212 5706 pupulum
1262 5637 1567 5702 haberetur,
1615 5638 1757 5693 reci-

185 5699 434 5773 tabantur
460 5699 644 5758 coram
671 5699 1086 5773 Evangelidruin
1110 5707 1390 5773 lectiones,
1437 5709 1517 5762 \el
1549 5699 1636 5762 illa
1669 5724 1758 5763 sa-

185 5785 282 5852 era;
301 5772 592 5852 Scriptum
615 5776 752 5852 loco,
780 5772 847 5852 de
867 5778 1062 5852 quibus
1083 5772 1431 5852 sermocinari
1453 5780 1758 5852 oportebat.

185 5839 311 5897 Vide
332 5839 971 5920 Acthru,_l4;Auctor
1015 5847 1244 5903 Constit.
1293 5839 1506 5920 Apost:
1537 5851 1626 5905 lib.
1677 5866 1752 5916 χι,

187 5925 298 5986 cap.
327 5913 428 5984 ιη
452 5915 672 5975 Tertull.
707 5919 761 5976 in
787 5920 943 5990 Apol.
977 5935 1094 5989 cap.
1131 5920 1216 5987 59,
1268 5913 1493 5979 ct'alibi
1533 5913 1752 5991 passim.

1858 4858 2002 4915 Duas
2019 4857 2182 4914 etiam
2203 4855 2463 4912 lectiones
2489 4855 2813 4926 quandoque
2850 4855 3121 4926 recitatas,
3143 4853 3307 4911 fuisse
3350 4854 3441 4912 do-

1859 4939 1948 4987 cet
1977 4929 2304 4998 Augustinus
2323 4943 2486 4983 serm.
2510 4925 2652 4992 7121,
2694 4937 2762 4982 oe
2793 4926 3024 4981 Diversis
3048 4925 3163 4998 ._In
3192 4927 3440 4998 memoria

1859 4994 2136 5057 retinentes
2185 4999 2613 5070 pollicitationem
2648 5008 2899 5070 nostram
2938 5013 3004 5051 ea:
3062 4994 3345 5068 Evangelia
3389 5003 3442 5049 et

1859 5073 2111 5144 Apostolo
2141 5066 2354 5142 fecimus
2397 5069 2612 5122 recitare
2638 5066 2898 5144 lectiones.

1933 5141 1960 5179 ἀ
1999 5139 2224 5196 Certant
2251 5152 2464 5194 veteres
2504 5139 2939 5206 recentiorcsque
2977 5144 3338 5199 enarratores,
3370 5151 3440 5192 an

1861 5214 1979 5268 haec
2003 5213 2070 5268 de
2100 5211 2302 5266 Lazaro
2331 5211 2382 5265 hi
2416 5210 2553 5264 toria
2581 5209 2669 5274 sit,
2701 5224 2766 5261 an
2797 5209 3082 5278 parabola,
3115 5207 3199 5278 vel
3227 5207 3442 5262 demum

1861 5283 2102 5338 historiis
2142 5298 2206 5338 ac
2252 5281 2525 5352 parabolis
2563 5277 2811 5352 immixta
2851 5279 3108 5332 narratio.
3150 5277 3443 5352 Historiam

1863 5369 1982 5409 eam
2012 5348 2300 5408 credidisse
2341 5353 2551 5420 videtur
2587 5348 2966 5420 Chrysologus,
2989 5364 3110 5420 cum
3159 5348 3444 5404 Ambrosio

1862 5425 1956 5479 lib.
1997 5440 2108 5489 vm,
2157 5423 2225 5478 de
2255 5422 2446 5478 Divite.
2507 5416 3445 5491 Parabolamu'alii.Chrysostomus

1863 5495 2008 5550 hom.
2036 5487 2104 5550 de
2131 5493 2296 5548 divite
2317 5502 2372 5547 et
2396 5491 2600 5546 Lazaro
2632 5508 2646 5552 ;
2694 5487 2927 5560 Cyrillus
2966 5487 3360 5560 Alexandrinus
3387 5489 3443 5544 in

1862 5563 2054 5620 Caten.
2083 5563 2390 5620 Graecorum
2421 5561 2545 5626 PP.,
2569 5560 2658 5614 ubi
2681 5559 2898 5614 notatur
2923 5575 2988 5615 ex
3009 5559 3312 5614 Judaeorum
3333 5567 3446 5615 tra-

1863 5635 2068 5691 ditione
2097 5635 2396 5690 mendicum
2426 5631 2709 5703 quemdam
2742 5639 2866 5685 tunc
2914 5630 3093 5703 fuisse,
3129 5629 3444 5703 Hierosoly-

1862 5711 1983 5769 niis,
2019 5707 2234 5761 nomine
2269 5703 2547 5767 Lazarum,
2592 5701 2726 5755 satis
2761 5710 2967 5767 notum,
3009 5701 3163 5770 cuius
3199 5701 3444 5758 meminit

1862 5723 1983 5769 nns,
2019 5717 2234 5761 nomine
2269 5717 2547 5767 Lazarum,
2592 5717 2726 5755 satis
2761 5717 2967 5767 notum,
3009 5717 3163 5827 cupis
3199 5717 3439 5758 meminit

1861 5777 2120 5833 Dominus
2179 5777 2245 5830 ad
2305 5773 2561 5843 majorem
2621 5776 2886 5832 sermonis
2931 5776 3076 5830 mani
3100 5779 3439 5834 estationem.

1860 5848 2096 5906 Consule
2125 5847 2603 5918 Theophylactum.
