3942 6348
569 311 673 369 391

1831 305 1887 362 S.
1930 303 2133 362 PETRI
2172 302 2603 363 CHRYSOLOGI
3671 314 3743 373 392

564 422 698 496 quid
724 423 1032 497 petentibus
1058 437 1119 480 se
1139 436 1248 479 non
1276 420 1457 485 dabit,
1483 418 1578 491 qui
1603 418 1841 489 seipsum
1867 429 1893 459 α
1925 437 2032 477 non
2060 436 2158 492 pe-
2183 426 2234 486 Α
2259 419 2557 491 sphematur
2575 420 2629 473 in
2648 416 2883 491 gentibus
2915 415 3094 489 (Rom.
3124 417 3207 489 ιι).
3238 417 3416 477 Veniat
3432 440 3611 497 regnum
3630 436 3738 487 tuum.

564 519 807 576 tentibus
835 519 1020 576 dedit?
1049 517 1153 573 Aut
1195 517 1249 572 in
1278 514 1657 587 respondendo
1685 530 1849 585 quam
1894 514 2022 572 facit
2050 531 2163 571 mo-

564 626 700 678 ram,
732 611 825 683 qui
875 612 928 665 in
956 609 1223 667 dictandis
1271 608 1522 681 precibus
1558 614 1687 663 vota
1727 607 2030 679 supplicum
2080 606 2160 663 sic

563 722 575 767 ι
602 705 866 761 rmvenit?
895 702 1068 758 Hodie
1094 702 1241 772 quod
1270 701 1506 757 audituri
1548 701 1682 757 estis
1709 708 1930 772 stupent
1958 701 2156 770 angeli,

562 797 794 851 miratur
820 794 1036 861 coelum,
1086 803 1250 865 pavet
1279 803 1422 851 terra
1445 836 1460 860 ,
1494 810 1623 851 caro
1654 810 1761 850 non
1790 794 1913 861 fert,
1944 794 2160 850 auditus

562 904 673 943 non
702 887 865 958 capit,
899 903 1006 943 non
1037 887 1254 957 attingit
1283 903 1456 952 mens,
1489 895 1604 943 tota
1634 886 1904 943 sustinere
1926 902 2034 942 non
2060 902 2160 958 po-

561 985 668 1035 test
713 987 1007 1036 creatura:
1041 994 1143 1050 ego
1190 980 1373 1036 dicere
1420 996 1527 1035 non
1571 980 1783 1044 audeo,
1827 987 2009 1035 tacere
2048 994 2157 1034 non

558 1087 800 1144 possum.
835 1071 978 1128 Deus
1006 1071 1099 1127 det
1144 1080 1201 1126 ut
1247 1081 1303 1127 et
1343 1088 1443 1127 vos
1488 1072 1676 1127 audire
1703 1071 1942 1142 possitis,
1974 1079 2030 1127 et
2056 1084 2158 1140 ego

559 1164 765 1221 dicere.
794 1163 937 1233 Quid
985 1173 1070 1220 est
1108 1165 1281 1235 magis
1322 1166 1663 1220 tremendum
1686 1204 1703 1228 ,
1751 1164 1895 1234 quod
1924 1178 1983 1218 se
2009 1162 2160 1219 dedit

557 1259 721 1315 terris
750 1258 912 1323 Deus,
947 1267 1040 1313 aut
1065 1259 1212 1328 quod
1257 1274 1358 1314 vos
1401 1258 1493 1313 dat
1535 1259 1716 1325 caelo;
1745 1258 1894 1328 quod
1920 1258 2157 1314 societa-

557 1358 670 1407 tem
686 1351 1049 1407 carnisintrat
1078 1351 1212 1421 ipse,
1246 1360 1339 1406 aut
1365 1350 1509 1420 quod
1541 1366 1639 1407 vos
1668 1349 1796 1407 facit
1822 1352 2157 1407 consortium

557 1443 856 1499 divinitatis
905 1444 1137 1509 intrare;
1186 1443 1328 1513 quod
1395 1453 1625 1500 mortem
1674 1444 1839 1498 sumit
1879 1444 2015 1515 ipse,
2064 1453 2160 1500 aut

558 1534 707 1605 quod
736 1551 834 1591 vos
864 1536 1090 1591 resumit
1128 1551 1196 1591 ex
1236 1543 1445 1602 morte;
1477 1536 1622 1606 quod
1664 1536 1781 1605 ipse
1828 1537 1882 1591 in
1919 1546 2156 1592 vestram

558 1625 800 1684 nascitur
824 1627 1159 1692 servitutem,
1199 1637 1294 1682 aut
1320 1628 1467 1697 quod
1494 1643 1592 1684 vos
1618 1628 1721 1683 sibi
1748 1628 1916 1698 gignit
1937 1629 1989 1683 in
2018 1629 2156 1684 libe-

558 1734 683 1789 ros;
730 1721 874 1792 quod
920 1722 1143 1792 suscipit
1171 1730 1543 1793 paupertatem
1592 1730 1855 1788 vestram,
1888 1722 2157 1792 autquod

2260 512 2329 568 Et
2356 513 2571 584 quando
2601 528 2710 569 non
2738 513 2983 582 regnavit
3008 513 3193 569 Deus?
3230 512 3455 573 Petimus
3489 533 3598 590 ergo
3620 532 3664 576 ut
3681 528 3741 593 qui

2259 606 2362 661 sibi
2386 606 2633 675 regnavit
2659 621 2876 676 semper
2895 645 2911 671 ,
2939 605 3104 662 modo
3132 602 3160 643 ά
3190 616 3375 676 regnet
3392 608 3441 664 in
3469 610 3628 677 nobis,
3646 624 3688 670 ut
3705 626 3741 672 et

2258 714 2362 755 nos
2405 702 2459 754 in
2514 699 2608 754 illo
2651 712 2884 769 regnare
2929 701 3218 770 possimus.
3265 699 3509 770 Regnavit
3538 703 3739 773 diabolus.

2258 791 2505 862 regnavit
2531 800 2834 863 peccatum,
2856 792 3103 862 regnavit
3122 807 3288 859 mors,
3313 802 3365 849 et
3384 794 3477 851 fuit
3499 795 3577 852 diu
3594 801 3740 869 captiva

2257 886 2596 941 mortalitas:
2629 886 2865 957 petimus
2906 900 3037 957 ergo
3068 894 3160 955 ut,
3192 896 3439 957 regnante
3468 889 3590 958 Deo,
3614 904 3739 962 pereat

2258 977 2524 1042 diabolus,
2563 988 2586 1015 ο
2609 976 2825 1033 deficiat
2845 985 3148 1048 peccatum,
3180 978 3433 1034 moriatur
3456 996 3607 1048 mors,
3627 985 3742 1054 capti-

2256 1072 2397 1127 vitas
2422 1072 2759 1143 captivetur,
2792 1078 2852 1127 ut
2880 1088 2979 1128 nos
3018 1071 3175 1127 liberi
3213 1080 3509 1143 perpetuam
3537 1089 3740 1145 regnemus

2260 1167 2316 1223 in
2344 1168 2531 1224 vitam.
2565 1166 2689 1222 Fiat
2732 1166 2970 1222 voluntas
3002 1176 3088 1221 tua
3115 1167 3248 1222 sicut
3273 1168 3327 1221 in
3360 1166 3476 1223 caelo
3502 1178 3545 1222 et
3576 1169 3621 1222 in
3637 1180 3739 1225 terra.

2258 1259 2375 1316 Hoc
2401 1268 2486 1316 est
2512 1274 2738 1330 regnum
2768 1259 2894 1324 Dei,
2927 1259 3146 1329 quando
3174 1265 3231 1314 et
3257 1259 3310 1314 in
3343 1259 3503 1325 cmlo,
3525 1268 3569 1315 et
3587 1261 3628 1315 iu
3648 1269 3740 1315 terra

2258 1351 2358 1407 Dei
2383 1352 2633 1408 voluntas
2660 1360 2745 1408 est
2771 1352 2906 1418 sola,
2937 1350 3154 1422 quando
3183 1351 3235 1406 in
3265 1351 3500 1407 omnibus
3521 1352 3740 1407 hominibus

2263 1444 2284 1485 ¹
2317 1447 2461 1502 Deus
2488 1462 2644 1503 mens
2666 1455 2769 1511 est,
2802 1447 2945 1502 Deus
2964 1446 3117 1508 vivit,
3141 1445 3283 1501 Deus
3310 1446 3431 1514 agit,
3462 1446 3583 1502 Deus
3598 1455 3737 1516 regnat,

2260 1538 2402 1594 Deus
2424 1545 2509 1596 est
2528 1546 2721 1604 totum,
2734 1546 2796 1593 ut
2804 1537 2958 1607 juxta
2970 1536 3101 1591 illud
3115 1535 3359 1607 Apostoli
3381 1554 3393 1589 :
3413 1535 3491 1592 Sit
3505 1535 3617 1592 Deus
3626 1539 3739 1591 mia

2258 1634 2313 1688 in
2339 1633 2573 1689 omnibus
2595 1632 2736 1689 vobis
2755 1631 2799 1703 (l
2821 1630 2942 1686 Cor.
2965 1630 3079 1702 xv).
3099 1629 3299 1685 Partem
3319 1640 3533 1686 nostrum
3565 1630 3739 1702 quotidie

2258 1742 2382 1780 num
2404 1725 2472 1779 da
2498 1724 2645 1780 nobis
2656 1723 2825 1778 hodie.
2839 1721 2942 1790 Qui
2963 1730 3171 1793 patrem
3196 1736 3256 1778 se
3275 1722 3426 1779 nobis
3449 1721 3591 1787 dedit,
3603 1722 3669 1792 qui
3678 1720 3739 1776 sibi

558 1826 658 1871 vos
684 1815 785 1870 sibi
807 1814 936 1871 facit
958 1814 1233 1881 hteredes,
1266 1815 1345 1870 sui
1379 1815 1521 1870 unici
1551 1814 1901 1871 colueredes?
1920 1813 2017 1870 Est
2046 1815 2152 1870 uti-
2188 1817 2231 1877 Β
2257 1834 2359 1875 nos
2372 1817 2649 1889 adoptavit
2662 1817 2713 1871 in
2728 1815 2884 1881 ﬁlios,
2901 1815 2993 1885 qui
3014 1830 3193 1871 rerum
3218 1830 3318 1870 nos
3334 1813 3455 1870 fecit
3466 1813 3673 1876 heredes,
3684 1811 3738 1882 qui

557 1920 666 1977 que
694 1906 989 1963 terribilius
1015 1907 1160 1977 quod
1193 1916 1337 1963 terra
1369 1906 1692 1962 transfertur
1719 1908 1772 1962 in
1802 1908 2021 1974 coelum,
2048 1908 2151 1964 bo-

556 2012 649 2054 mo
678 1997 879 2054 deitate
908 2007 1166 2065 mutatur,
1198 1999 1471 2054 servitutis
1492 2014 1612 2054 sors
1626 1998 2011 2053 dominationis
2027 1998 2152 2068 jura

557 2090 803 2147 sortitur.
820 2090 930 2146 Sed
949 2090 1056 2146 hoc
1076 2091 1321 2160 quamvis
1338 2090 1687 2146 metuendum
1708 2092 1799 2157 sit,
1825 2100 2003 2146 tamen
2024 2092 2152 2161 quia

557 2197 726 2239 causa
755 2198 862 2237 non
886 2181 1172 2238 docentem
1203 2183 1442 2253 respicit,
1474 2183 1569 2238 sed
1583 2182 1895 2253 jubentem,
1929 2184 2155 2239 acceda-

563 2288 704 2339 mus,
740 2272 908 2339 iilioli,
940 2288 1049 2343 quo
1068 2280 1232 2329 vocat
1251 2274 1503 2341 charitas,
1540 2274 1703 2329 trahit
1732 2290 1918 2341 amor,
1964 2275 2156 2330 invitat

561 2364 780 2421 aﬁ‘ectio
812 2383 826 2417 :
859 2364 1024 2420 Deum
1054 2374 1265 2436 patrem
1296 2366 1503 2422 viscera
1525 2367 1785 2431 sentiant,
1817 2383 1924 2422 vox
1963 2383 2154 2438 perso-

562 2464 674 2521 net,
701 2456 953 2526 loquatur
981 2456 1181 2527 lingua,
1225 2458 1447 2528 spiritus
1477 2458 1694 2524 clamet,
1723 2468 1780 2513 et
1808 2465 1982 2514 totum
2010 2459 2157 2529 quod

561 2559 648 2606 est
673 2550 726 2605 in
752 2551 925 2614 nobis,
955 2552 1279 2621 respondeat
1306 2552 1511 2621 gratiae,
1543 2568 1649 2607 non
1682 2552 1893 2617 timori;
1917 2553 2042 2621 quia
2062 2552 2157 2621 qui

560 2641 797 2715 iudicem
827 2645 1054 2699 mutavit
1083 2644 1135 2698 in
1158 2652 1390 2714 patrem,
1418 2646 1585 2699 amari
1606 2646 1792 2709 voluit,
1817 2662 1925 2699 non
1956 2646 2155 2701 timeri.

562 2732 727 2789 Patr
754 2745 929 2790 noster
955 2736 1042 2807 qui
1071 2751 1125 2789 es
1152 2736 1207 2788 in
1237 2736 1374 2790 coriis
1398 2734 1612 2805 (Matth.
1649 2753 1695 2791 vi
1714 2735 1753 2807 ).
1781 2735 1896 2791 Hoc
1925 2752 2047 2792 cum
2076 2737 2158 2791 (li-

563 2825 662 2892 cis,
697 2843 805 2882 non
833 2828 913 2883 sic
938 2829 1173 2895 habeas,
1204 2829 1361 2898 quasi
1389 2845 1493 2883 non
1523 2830 1593 2884 sit
1621 2831 1674 2884 in
1715 2834 1872 2885 terris
1897 2848 1911 2896 ;
1949 2847 2058 2886 non
2080 2831 2160 2887 sic

564 2921 835 2992 accipias,
867 2922 1022 2991 quasi
1051 2924 1121 2977 sit
1161 2924 1281 2979 loco
1310 2924 1523 2979 clausus
1546 2964 1561 2988 ,
1591 2925 1683 2995 qui
1713 2925 1917 2980 claudit
1943 2926 2121 2981 omnia
2139 2967 2157 2994 ,

563 3012 660 3070 red
681 3013 920 3083 intellige
949 3030 1068 3069 esse
1098 3015 1192 3070 tibi
1216 3028 1389 3084 genus
1416 3032 1448 3072 e
1476 3018 1617 3073 caelo
1635 3059 1650 3083 ,
1690 3017 1844 3088 cujus
1867 3016 2029 3074 Pater
2057 3019 2157 3074 ha-

562 3100 723 3161 betur
744 3105 796 3160 in
824 3106 1004 3173 cmlo;
1036 3113 1090 3162 et
1119 3122 1219 3176 age
1251 3117 1328 3174 ut,
1364 3109 1592 3163 vivendo
1618 3119 1821 3177 sancte,
1854 3121 2043 3167 sancto
2072 3126 2160 3167 re-

2256 1927 2357 1968 nos
2386 1910 2607 1966 nomine
2627 1907 2953 1973 sublimavit,
2976 1907 3069 1978 qui
3093 1923 3194 1963 nos
3222 1923 3321 1963 suo
3349 1914 3403 1962 et
3431 1906 3611 1961 honore
3629 1903 3738 1960 dom-

2253 2004 2333 2058 vit
2359 2011 2414 2059 et
2437 2017 2603 2073 regno
2621 2044 2637 2068 ,
2676 2001 2790 2072 ipse
2817 2015 2918 2056 nos
2946 2010 3007 2055 ut
3037 2014 3234 2070 panem
3259 1997 3599 2069 quotidianum
3619 2002 3738 2065 postu-

2253 2097 2425 2153 lemus
2465 2096 2688 2151 addixit.
2728 2092 2788 2148 ln
2825 2106 2993 2163 regno
3023 2092 3140 2157 Dei,
3187 2092 3330 2148 inter
3358 2105 3561 2146 munera
3597 2087 3737 2149 divina,

2253 2189 2382 2261 quid
2408 2190 2599 2259 quaerit
2620 2197 2907 2260 paupertas
2922 2185 3194 2242 humana?
3222 2192 3331 2240 tam
3351 2184 3528 2247 bonus,
3543 2189 3630 2235 tam
3651 2178 3736 2250 plus.

2254 2294 2365 2341 tam
2390 2284 2569 2352 largus
2593 2282 2757 2338 Pater
2782 2296 2980 2354 panem
3009 2278 3132 2334 ﬁliis
3162 2293 3271 2334 non
3297 2276 3397 2333 nisi
3424 2273 3671 2347 postulatus
3687 2271 3739 2324 in-

2259 2377 2490 2445 dulget?
2533 2374 2601 2429 Et
2648 2374 2741 2429 ubi
2786 2382 2871 2428 est
2898 2371 3029 2428 illud
3057 2389 3071 2423 :
3105 2366 3289 2424 Nolite
3323 2368 3518 2424 solliciti
3557 2380 3642 2420 esse
3665 2358 3740 2434 quid

2256 2470 2608 2535 manducetis,
2653 2476 2743 2522 aut
2790 2465 2915 2540 quid
2963 2462 3189 2527 bibatis,
3240 2473 3331 2515 aut
3374 2459 3489 2533 quid
3543 2452 3739 2513 aestiuum

2260 2562 2475 2636 (Matth.
2507 2561 2621 2629 vi)?
2643 2559 2760 2616 Hoc
2787 2567 2977 2629 petere
3000 2556 3156 2627 jubet
3189 2564 3215 2602 Β
3245 2552 3387 2623 quod
3415 2548 3625 2622 prohibet
3649 2542 3740 2610 cogi-

2257 2661 2395 2721 tare,
2427 2661 2695 2722 quatenus
2722 2648 2960 2707 caelestis
2987 2656 3144 2718 pater
3164 2645 3195 2683 ιι
3216 2645 3479 2702 caelestem
3493 2653 3659 2711 panem,
3674 2648 3740 2689 uti

2258 2746 2423 2802 lestes
2452 2744 2545 2800 ﬁlii
2584 2753 2646 2799 ut
2681 2742 3048 2814 postulemus,
3076 2739 3345 2795 hortatur.
3374 2736 3485 2806 Ipse
3517 2731 3627 2789 dixit
3647 2725 3740 2797 τεῳ

2258 2856 2373 2895 sum
2406 2838 2588 2909 panis,
2622 2836 2707 2908 qui
2738 2834 2803 2890 de
2839 2834 2965 2891 caelo
2987 2831 3230 2888 descendi
3261 2830 3441 2902 (Joan.
3472 2823 3740 2918 v1).lpseetl

2259 2930 2434 3001 panis,
2459 2928 2552 2998 qui
2581 2936 2732 2983 satus
2754 2927 2806 2981 in
2836 2924 3090 2993 Virgine,
3114 2922 3462 2979 fermentatus
3489 2919 3535 2973 in
3556 2923 3739 3001 carpent

2259 2999 2512 3094 passione
2532 3019 2829 3084 confectus,
2856 3018 2910 3072 in
2932 3017 3153 3072 fornace
3182 3024 3377 3073 coctus
3395 3009 3608 3083 sepulcri,
3630 3005 3668 3060 in
3682 2999 3741 3056 Eo

2262 3116 2441 3173 clesiis
2483 3113 2755 3178 conditus,
2806 3112 2989 3167 illatus
3035 3110 3330 3175 altaribus,
3371 3107 3605 3165 ctelestem
3625 3100 3742 3155 cibum

563 3198 832 3269 tpondeas
869 3196 1034 3255 Patri.
1074 3200 1169 3255 Dei
1212 3200 1378 3256 lilium
1409 3202 1497 3257 ille
1531 3218 1591 3259 se
1626 3204 1845 3274 probat,
1886 3204 1980 3274 qui
2016 3205 2158 3259 vitiis
2188 3211 2232 3276 ο
2262 3206 2503 3278 quotidie
2532 3204 2779 3260 ﬁdelibus
2805 3203 3205 3259 subministrat.
3252 3200 3325 3255 Et
3357 3201 3532 3254 dimitte
3550 3192 3657 3248 κοόίε
3684 3187 3744 3241 ἀε-

565 3308 675 3350 non
705 3291 1029 3348 obscuratur
1058 3293 1324 3359 humanis,
1357 3295 1447 3363 qui
1476 3294 1671 3350 divinis
1708 3296 1994 3351 virtutibus
2035 3297 2156 3352 elu-

566 3386 753 3442 cescit.
780 3385 807 3425 ι)
832 3385 1203 3456 Sancti/icetur
1241 3404 1429 3442 nomen
1475 3399 1635 3443 tuum.
1666 3389 1832 3457 Cujus
1860 3404 2028 3458 genus
2066 3406 2159 3445 su-

568 3495 709 3545 mus,
758 3478 876 3549 ejus
921 3495 1205 3536 censemur
1251 3490 1306 3535 et
1351 3481 1605 3536 nomine:
1658 3496 1910 3549 rogamus
1938 3496 2068 3551 ergo
2103 3490 2161 3537 ut

572 3586 772 3627 nomen
802 3570 919 3640 ejus
947 3572 1094 3641 quod
1121 3571 1174 3626 in
1203 3587 1263 3627 se
1291 3580 1347 3627 et
1368 3587 1465 3643 per
1491 3588 1550 3627 se
1578 3583 1824 3629 sanctum
1852 3582 1936 3628 est
1961 3574 2162 3629 sancti-

571 3662 765 3721 ﬁcetur
790 3665 845 3720 in
873 3666 1066 3733 nobis;
1089 3681 1285 3723 nomen
1315 3667 1459 3722 enim
1486 3668 1583 3723 Dei
1612 3675 1704 3723 aut
1726 3668 2026 3725 honoratur
2048 3681 2071 3709 ιτ
2095 3686 2163 3725 ex

571 3765 764 3814 nostro
792 3765 937 3823 actu,
988 3766 1083 3813 aut
1122 3774 1191 3815 ex
1233 3761 1432 3816 nostris
1484 3762 1692 3818 actibus
1739 3762 2160 3833 blasphematur.

574 3846 715 3905 Audi
741 3847 1060 3921 Apostolum
1096 3849 1366 3907 dicentem
1398 3870 1411 3905 :
1445 3850 1651 3908 Nomen
1679 3852 1779 3908 Dei
1813 3871 1905 3926 per
1938 3871 2024 3910 vos
2053 3854 2168 3911 bla-

647 3994 674 4024 ⁸
703 3984 943 4062 S_c_ilicet_
959 3986 1233 4062 gentibus,
1247 3987 1527 4062 quasillum
1548 3989 1858 4062 neutiquam
1877 3990 2152 4062 petebant.

571 4053 708 4111 Nam
736 4055 946 4112 Hebraei
967 4053 1030 4113 in
1059 4058 1177 4128 lege
1205 4053 1349 4115 docti
1377 4058 1646 4116 Christum
1692 4053 1760 4115 ad
1790 4053 2033 4117 homines
2061 4079 2157 4118 ve-

573 4128 692 4185 nire
717 4129 945 4203 orabant
966 4128 1087 4203 dic_e
1106 4138 1237 4203 nes:
1260 4129 1425 4203 Mitte,
1461 4128 1709 4195 Domine,
1734 4148 1882 4203 quem
1910 4135 2157 4188 missurus

573 4213 650 4262 es,
675 4205 812 4263 etc.;
850 4198 996 4260 Veni,
1032 4198 1269 4265 Domine,
1304 4202 1410 4255 noli
1433 4202 1661 4266 tardare,
1686 4198 1791 4257 etc.
1826 4202 1989 4259 Mm.

646 4268 1042 4340 {Maldonatus
1060 4280 1117 4326 et
1159 4271 1462 4340 Brugeisis,
1488 4273 1682 4328 celebre
1710 4273 1985 4340 reddatur;
2016 4274 2160 4330 Beda

573 4345 634 4394 et
655 4338 999 4407 Metl'lChillS,
1041 4351 1242 4397 ametur
1273 4338 1329 4396 et
1368 4345 1635 4409 timeatur;
1675 4338 2075 4400 Tertullianus:
2109 4348 2162 4399 in

576 4410 814 4487 omnibus
826 4414 1197 4487 perfectissime
1219 4425 1394 4483 regnet
1414 4432 1505 4485 per
1523 4416 1787 4487 gratiam“;
1811 4416 2158 4487 Ailgustinus,

577 4495 742 4537 scrin.
766 4482 929 4536 olim.
946 4482 1014 4536 48
1040 4483 1107 4538 de
1127 4482 1294 4552 Temp
1318 4482 1560 4550 ir.,'nun'c
1582 4484 1650 4539 56
1671 4495 1726 4540 et
1741 4485 1833 4539 57:

576 4561 635 4628 ut
654 4551 791 4628 quod
816 4569 1019 4617 semper
1044 4565 1280 4628 sanctum
1306 4564 1414 4620 est,
1442 4557 1496 4610 in
1516 4575 1600 4621 se,
1632 4558 1988 4628 sanctiﬁcatur
2005 4551 2066 4613 in
2091 4551 2157 4612 te.

582 4622 645 4698 ρ.
670 4621 908 4689 Thom“
940 4625 1171 4698 esposit.
1230 4627 1289 4698 in
1326 4628 1659 4698 0i‘ili._DJ-Il.
1715 4621 1924 4698 petitio.
1954 4628 1974 4680 1
2008 4645 2060 4698 p.
2095 4628 2163 4683 50

581 4690 755 4771 Ορεξις.Δ
780 4703 908 4750 tom.
947 4690 1064 4771 Vill
1083 4695 1213 4771 edit.
1247 4695 1381 4750 Ven.
1411 4716 1423 4749 :
1450 4696 1534 4752 Ne
1564 4690 1753 4753 nomen
1791 4700 1902 4771 ejus
1933 4700 1989 4753 in
2008 4690 2162 4755 nobis

579 4765 942 4888 mangestetur
960 4776 1010 4821 et
1029 4766 1333 4821 declaretur.

656 4848 676 4871 ε’
753 4838 926 4888 rusius
954 4853 1019 4888 ex
1067 4837 1191 4888 divo
1229 4837 1323 4888 Hie

656 4848 676 4871 ε·
708 4837 926 4913 Drusius
954 4853 1030 4913 es
1067 4837 1191 4913 divo
1222 4837 1323 4913 _Hie
1345 4854 1552 4913 onymo
1586 4860 1597 4894 :
1632 4841 1993 4913 Sanctiﬁcatt'o
2028 4843 2164 4897 enim

580 4916 631 4962 et
654 4906 871 4982 pollutio
891 4908 1112 4982 nominis
1140 4908 1233 4963 Dei
1254 4906 1445 4981 pendei
1457 4929 1523 4965 ex
1549 4913 1788 4982 operibus
1815 4906 2026 4969 nostris.

584 5045 597 5060 ο
652 4976 678 5060 ἦ
712 4977 809 5044 Eo,
842 4980 1076 5060 scilicet,
1103 4976 1299 5049 regno,
1319 4996 1431 5060 quo
1453 4976 1594 5037 Deus
1614 4992 1803 5053 regnat
1830 4984 1883 5060 in
1912 4983 2166 5060 cordibus

579 5051 845 5123 iustorum
866 5051 1045 5123 :quod
1068 5065 1160 5123 reg
1184 5067 1289 5106 ium
1318 5051 1410 5105 Dei
1431 5069 1557 5109 vere
1578 5051 1803 5109 vocatur
1816 5056 1885 5108 ab
1907 5053 2167 5123 Apostolo

584 5121 651 5196 ad
676 5120 830 5178 Rom.
850 5120 957 5187 m,
992 5121 1069 5196 lii.
1091 5122 1426 5189 Ambrosius,
1445 5123 1696 5196 Hilarius,
1714 5120 2027 5196 Gregorius,
2048 5124 2169 5196 Mal-

583 5190 833 5267 donatus,
859 5197 948 5250 alii
978 5195 1137 5267 aliter
1164 5195 1457 5267 explicant1
1480 5194 1782 5267 Cyprianus
1801 5190 2037 5267 deOrat.
2065 5195 2170 5251 Do-

586 5215 833 5259 untlauh,
859 5215 948 5250 am
978 5215 1137 5250 auter
1164 5215 1230 5250 ex
1252 5215 1454 5249 meant.
1480 5215 1782 5267 Cyprianus
1801 5215 1869 5253 ne
1888 5215 2037 5251 urat.
2065 5215 2170 5251 uo-

586 5263 765 5336 minic.
804 5282 979 5321 sermo
1004 5264 1038 5319 6
1082 5278 1201 5336 pag.
1238 5215 1338 5317 E58
1372 5285 1383 5319 :
1421 5264 1521 5331 Qui
1548 5284 1605 5322 se
1631 5265 1741 5322 Deo
1772 5278 1823 5322 et
1852 5266 2055 5323 Christo
2078 5267 2170 5321 de-

586 5333 744 5400 dicat,
777 5353 881 5391 non
912 5333 1134 5401 terrena,
1158 5333 1250 5391 sed
1274 5336 1497 5407 calestia
1524 5355 1687 5407 regna
1716 5338 1994 5393 desiderat.
2025 5337 2170 5392 Con-

585 5408 844 5475 sentiunt,
867 5408 1139 5470 Sedulius,
1174 5408 1263 5461 lib.
1297 5423 1385 5471 tv;
1415 5405 1834 5475 Chrysostomus
1869 5411 1920 5463 in
1948 5408 2166 5475 Matth.;

589 5472 936 5544 Augustinus,
963 5494 1051 5547 ep.
1078 5479 1204 5533 olim
1235 5477 1323 5543 2|,
1351 5496 1492 5535 nunc
1524 5472 1625 5533 151)
1664 5480 1710 5533 «(1
1735 5479 1987 5543 Probam,
2006 5494 2052 5535 c.
2082 5472 2166 5534 ll.

673 5557 694 5583 θ
716 5551 781 5623 _D.
814 5549 1068 5623 Thomas,
1101 5549 1219 5605 loco
1244 5551 1337 5605 cit.
1369 5566 1486 5618 pag.
1512 5550 1580 5604 52
1610 5570 1622 5603 μ
1657 5549 1783 5605 Cum
1804 5568 1925 5623 ergo
1956 5552 2171 5621 petimus

591 5618 726 5695 quod
758 5622 926 5674 ueniat
953 5637 1165 5695 regnum
1190 5623 1304 5695 ejus
1322 5662 1349 5695 ,_
1374 5638 1580 5695 oramus
1608 5623 1745 5695 quod
1773 5618 1877 5677 non
1913 5618 2084 5695 regnet
2115 5625 2171 5676 in

594 5691 739 5755 nobis
756 5691 1041 5779 pacatum:
1071 5693 1167 5779 sed
1181 5691 1291 5779 ipse
1314 5691 1811 5779 Deuskémbrosius
1838 5695 1905 5750 de
1926 5691 2167 5752 Sacram.

594 5779 713 5833 cap.
746 5762 778 5814 4
804 5776 922 5832 pag.
942 5762 1038 5817 5M
1064 5765 1193 5817 edit.
1218 5762 1389 5819 Paris.
1430 5763 1578 5819 l55l.

670 5834 691 5878 ΐ
714 5832 877 5899 Editi,
902 5849 1210 5901 perperam,
1241 5834 1379 5891 Deus
1406 5854 1547 5894 meus
1576 5846 1669 5894 est.

1910 4504 2167 4571 ρονρσγεν·
2195 4514 2240 4571 ι)

2264 3300 2372 3355 bita
2394 3308 2591 3363 nostra,
2615 3299 2748 3353 sicut
2766 3306 2817 3351 et
2837 3312 2931 3351 nos
2959 3295 3270 3350 dimittimus
3305 3290 3572 3349 debitoribus
3590 3282 3743 3339 nostril-

2266 3394 2461 3459 Homo,
2485 3390 2502 3430 ί
2533 3391 2580 3447 si
2603 3392 2721 3446 sine
2739 3397 2965 3461 peccato
2984 3403 3104 3443 esse
3126 3402 3239 3443 non
3268 3395 3438 3458 potes,
3465 3381 3745 3442 etvissempet

2263 3484 2458 3541 dimitti
2484 3484 2579 3539 tibi
2611 3490 2811 3548 totum,
2841 3481 3053 3536 dimitte
3084 3495 3336 3551 semper;
3365 3484 3588 3550 quantum
3611 3468 3672 3524 vis
3688 3464 3740 3518 di-

2267 3577 2406 3634 mitti
2440 3576 2552 3641 tibi,
2583 3575 2794 3631 dimitte
2824 3581 3062 3640 tantum;
3083 3573 3303 3643 quoties
3329 3561 3741 3627 visdimittitibi,to-

2272 3671 2373 3727 ties
2393 3677 2452 3724 tu
2470 3668 2711 3734 dimitte;
2733 3666 2899 3722 immo
2912 3665 3039 3735 quia
3050 3665 3135 3720 vis
3149 3672 3324 3720 totum
3343 3660 3518 3718 dimitti
3536 3654 3742 3747 male

2270 3762 2480 3819 dimitte
2502 3779 2517 3813 ι
2542 3760 2728 3826 homo,
2760 3757 2998 3827 intellige
3016 3757 3141 3828 quia
3162 3753 3482 3814 remittendo
3493 3739 3742 3839 auisniﬁii

2270 3860 2485 3912 veniam
2505 3853 2720 3911 dedisti.
2738 3851 2808 3908 Et
2822 3868 2888 3907 ne
2911 3868 3006 3907 nos
3026 3850 3253 3907 inducas
3265 3852 3324 3906 in
3345 3845 3645 3904 tantadem.
3660 3833 3744 3899 (lilii

2336 4002 2362 4041 Β
2388 3990 2525 4048 Cum
2554 3990 2797 4048 nonnulli
2840 3988 3350 4046 animadvertissent
3375 3997 3547 4043 vocem
3571 3976 3743 4059 inuicta

2270 4064 2324 4119 in
2353 4046 2583 4119 Hebrmo
2602 4046 2724 4133 vlegi
2756 4062 2960 4127 maltar,
2993 4059 3139 4133 quod
3159 4059 3571 4133 Syris,quorutn
3591 4046 3742 4133 diritati?

2263 4150 2419 4190 usum
2448 4134 2611 4189 fuisse
2643 4124 2915 4188 Christum
2944 4124 3161 4198 volunt,
3195 4124 3482 4188 crastinum
3506 4130 3590 4203 est2
3623 4124 3741 4203 etnotl

2262 4205 2623 4279 quotidianum
2638 4211 2698 4279 et_
2703 4203 3006 4258 hodiernum
3019 4220 3033 4264 ;
3052 4196 3177 4279 inple
3199 4212 3320 4279 orta
3337 4208 3417 4279 est
3430 4196 3742 4279 quaestigﬂuffl

2264 4259 2448 4350 movet
2473 4274 2838 4350 Chrysologus
2867 4292 2880 4326 :
2922 4290 2991 4328 an
3020 4259 3227 4350 scilicet
3253 4259 3497 4350 Christus.
3507 4268 3554 4350 in
3575 4259 3742 4350 pallii:

2261 4349 2338 4402 lio
2359 4349 2466 4401 duo
2495 4333 2606 4401 sibi
2638 4333 2883 4420 invicem
2907 4345 3261 4420 repugnantia
3291 4333 3624 4420 docuerit}:
3643 4334 3745 4420 giliis

2264 4420 2590 4474 solutionem
2614 4417 2702 4470 alii
2732 4407 2983 4471 eamdeni
2999 4407 3121 4471 cum
3140 4409 3507 4485 Chrysologoi
3530 4408 3631 4461 .iel‘e
3643 4407 3743 4485 ἻΨΪ

2265 4465 2594 4545 angina}:
2615 4465 3241 4557 ’ὖὲἰιιὶᾗιίὶεῖιιῗρξιῐιιίᾰάὲ
3256 4465 3367 4553 ἒιεῖ
3383 4465 3456 4537 lie
3481 4465 3747 4557 pa_.xef®§f‘

2265 4542 2471 4616 ristico.
2490 4542 2819 4613 VAmlirosius
2839 4559 2931 4614 lib.
2963 4542 2996 4612 ὗ
3018 4557 3086 4613 de
3112 4542 3356 4613 Sacrani.
3395 4542 3508 4622 cap.
3529 4542 3746 4622 itﬁtl’fl’f

2264 4606 2819 4696 ἱιίἶξζ“ιῖι›.’ῌέ’ὸὲὶίἷξ
2839 4606 3539 4697 insistentes“.tum
3576 4606 3748 4697 ung-

2264 4679 3236 4774 ga'sr'a'sattgaeitasam'nan;
3251 4679 3600 4774 quotidianum
3616 4679 3744 4774 om

2266 4751 2342 4827 Κ(
2358 4751 2576 4841 ﬁnitis};
2592 4751 3091 4847 argutissimas
3103 4751 3299 4847 unores'
3313 4751 3484 4838 potius
3495 4751 3747 4847 _quam‘lfif;

2264 4859 2384 4898 ram
2430 4829 2693 4915 spectant.
2722 4829 2835 4898 Hac
2863 4843 3005 4897 enim
3050 4829 3748 4915 petitioie'quaeritansIgilii?“a

2306 4897 2480 4970 uibusr
2501 4897 2568 4969 ad
2599 4913 2761 4967 vitam
2795 4897 3221 4970 conservandam
3264 4897 3565 4977 indigemus.

2306 4928 2461 4970 uinus
2501 4928 2568 4969 au
2599 4928 2761 4967 vitam
2795 4928 3221 4970 conservandam
3264 4928 3565 4977 indigemus.
3587 4928 3749 4952 ηωυυι-

2265 4928 2597 5057 ifllieronymo
2626 4992 2954 5038 annotaruut
2975 4997 3161 5038 vocem
3190 4979 3487 5036 Hebrtnam.
3509 4975 3753 5057 qifllliﬁ‘:

2268 5033 2453 5139 {latum
2475 5033 2966 5147 qutatur'verhuni
3013 5057 3288 5117 imobam,
3322 5067 3426 5105 non
3462 5044 3649 5147 quilﬁﬂlli

2307 5106 2725 5200 Edessam;
2748 5106 3069 5200 uastante
3081 5106 3425 5200 sequentem,
3463 5106 3547 5173 sed
3579 5106 3731 5200 utility

2292 5199 2505 5253 'utu-un
2555 5186 2638 5253 est
2684 5195 3023 5266 signiﬁcare;
3068 5202 3123 5251 et
3164 5186 3422 5250 dixerunt
3467 5199 3574 5266 esse

2269 5252 2510 5395 gmvieid
2538 5252 2768 5339 spatium
2800 5268 2940 5335 vitm,
2962 5252 3110 5337 quod
3138 5266 3297 5320 nobis
3323 5265 3557 5334 superest
3576 5252 3757 5307 emetien‘

2308 5356 2418 5395 um.
3721 5376 3756 5395 ης

2308 5356 2418 5395 ιιιη.
3721 5376 3756 5395 ης

2345 5377 2755 5488 il"livangelista,
2789 5409 2946 5488 ipson
2971 5411 3061 5488 τὸν
3106 5406 3390 5469 innoxiam:
3424 5377 3757 5488 quodgfﬂ'fﬁ'gi

2270 5490 2499 5570 νοςιυιιι.
2515 5465 3082 5570 ξιῖρενεαδεζεᾶιίείαιέιειτ
3112 5465 3467 5570 restores
3507 5465 3761 5570 ⁸2³⁸⁸111

2350 5551 2364 5589 ί
2403 5536 2642 5607 Debitum
2678 5536 2745 5608 in
2772 5536 3081 5621 iScripturis'
3116 5536 3289 5605 delicti
3329 5551 3492 5621 βαίνω
3529 5536 3747 5621 εεξῃξηιξτξῖί

2273 5597 2662 5708 nnatast;
2683 5597 2743 5680 ’ὲὶ
2768 5597 3491 5696 autumnitas»;
3517 5597 3662 5667 subdit
3677 5597 3762 5651 Bm-

2271 5708 2471 5764 genus.

2349 5744 3068 5864 ἵὲῖὲξἐξιιξὶιίεξιξιιξεξξξὶδὲ
3084 5744 3764 5864 ρξθεξξεέξεξεεὶῗὲῗέηἳὲἔ

2276 5851 2386 5895 non
2413 5839 2660 5896 absolute
2682 5838 3026 5909 intelligenda
3038 5824 3182 5905 sunt,
3198 5824 3358 5908 quasi
3384 5824 3480 5890 hac
3501 5824 3603 5887 sola
