3882 6356
217 341 332 400 393
1613 337 1849 401 SERMO
1884 337 2120 398 LXVIII.
3400 353 3505 413 39t

211 459 268 516 in
296 456 502 515 seculo
524 463 609 512 est
627 455 743 525 ipsa
770 455 880 510 vita
912 456 1158 512 tentatio.
1193 454 1461 524 Tentatio,
1487 455 1662 526 inquit
1697 456 1808 525 ille,
1837 463 1891 522 Α
1915 457 1985 513 tis
2011 455 2171 527 hujus
2197 456 2482 524 orationis,
2511 473 2676 530 quam
2695 462 2850 518 vobis
2890 462 3049 520 hodie
3086 463 3345 522 Divinitas
3368 468 3503 526 insi-

205 563 284 609 αι
313 552 417 606 rita
445 549 672 605 hominis
695 547 834 620 (Job.
867 552 980 620 vn).
1002 547 1277 618 Rogemus
1301 563 1432 618 ergo
1459 557 1521 605 ut
1551 564 1649 604 nos
1672 558 1698 587 ⁸
1721 565 1810 605 ar-

209 643 379 702 bitrio
400 649 594 698 nostro
622 656 730 695 non
757 641 1046 709 relinquat,
1071 639 1168 696 sed
1189 639 1243 696 in
1264 639 1412 696 omni
1436 649 1561 697 actu
1584 649 1810 712 paterna

209 751 314 792 nos
360 733 568 804 pietate
610 733 962 802 constringat,
997 741 1052 787 et
1087 732 1141 787 in
1187 732 1308 787 vita:
1342 732 1558 788 tramite
1603 732 1812 790 cmlesti

207 825 592 884 moderatione
610 824 914 881 conlirmet.
950 822 1058 881 Sed
1077 823 1239 879 libera
1268 841 1362 880 nos
1384 841 1416 878 a
1446 823 1604 880 malo.
1637 823 1810 895 Aquo

207 918 391 973 malo?
420 915 451 956 δ
473 932 507 972 a
533 916 752 972 diabolo
789 915 1008 987 quippe,
1051 930 1120 971 ex
1147 930 1256 986 quo
1283 922 1368 974 est
1395 931 1556 971 omne
1585 915 1806 970 malum.

207 1008 491 1077 Rogamus
513 1007 732 1062 liberari
770 1021 871 1062 nos
899 1021 930 1060 a
956 1005 1124 1071 malo,
1148 1005 1274 1076 quia
1306 1006 1448 1062 malo
1471 1005 1563 1076 qui
1589 1021 1696 1060 non
1720 1019 1812 1061 ca-

206 1101 394 1166 ruerit,
430 1099 536 1156 frui
556 1117 666 1156 non
693 1107 875 1171 potest
895 1098 1063 1155 bono.
1101 1111 1123 1139 ε
1155 1098 1211 1155 Si
1243 1098 1422 1155 adhuc
1452 1115 1557 1154 non
1587 1100 1732 1166 nati,
1765 1099 1812 1154 si

205 1193 386 1247 adhuc
432 1192 488 1247 in
521 1200 676 1248 utero
717 1191 1030 1257 constituti,
1060 1207 1258 1262 panem
1307 1199 1519 1262 petunt,
1551 1196 1814 1262 expetunt

206 1299 460 1355 regnum,
485 1281 512 1322 δ
534 1300 703 1356 quare
731 1285 790 1340 lit
815 1284 1064 1355 quaastio,
1086 1283 1230 1354 quod
1260 1299 1474 1354 semper
1499 1283 1594 1340 Dei
1622 1283 1807 1350 Filius,

205 1377 258 1432 in
286 1375 390 1432 Dei
421 1377 593 1448 patris
620 1377 818 1432 mansit
841 1392 1040 1433 arcano
1062 1377 1086 1430 ?
1109 1376 1168 1432 Si
1188 1374 1427 1432 Ecclesia
1450 1385 1692 1446 generat,
1724 1393 1812 1432 ra-

207 1468 280 1524 tio
304 1484 424 1524 non
453 1477 558 1533 est,
592 1477 676 1525 est
703 1470 927 1525 caeleste
966 1469 1312 1542 mysterium;
1356 1469 1501 1541 quod
1550 1471 1601 1525 in
1651 1469 1811 1528 Patre

207 1561 336 1628 Deo,
375 1563 477 1619 Dei
504 1562 673 1619 Filius
707 1561 902 1627 fuerit,
935 1563 1208 1632 quomodo
1237 1563 1473 1618 humana
1514 1564 1809 1620 ratiocina-

205 1656 354 1713 tione
393 1665 661 1719 tractetur
689 1672 798 1712 non
833 1664 936 1722 est,
969 1671 1076 1710 non
1106 1663 1191 1711 est
1219 1656 1457 1712 humano
1485 1657 1647 1713 modo
1675 1657 1810 1712 divi-

205 1751 344 1807 nitas
373 1751 716 1808 aestimanda.
742 1749 950 1805 Audisti
972 1749 1161 1814 Deum,
1186 1749 1260 1803 nil
1288 1757 1560 1806 terrenum
1575 1750 1798 1820 cogites,

1912 558 2046 606 nuat
2071 557 2128 606 et
2154 549 2404 616 infundit,
2430 549 2714 616 aﬁ‘ectum,
2746 557 3010 626 propheta
3039 563 3169 612 tunc
3201 559 3362 614 audet
3389 575 3504 616 cae-

1910 641 2041 697 litus
2085 641 2329 713 percepti
2373 642 2532 713 hujus
2572 645 2813 700 muneris
2855 647 3254 714 quodammodo
3300 667 3506 722 pavore

1912 733 2141 790 solutus.
2173 732 2312 802 Quid
2337 733 2532 792 iterum
2561 735 2756 792 dixerit
2776 738 3072 807 pervidete.
3107 739 3387 809 Custodim',
3419 744 3506 799 in-

1911 824 2048 895 quit,
2070 833 2122 880 et
2139 825 2348 896 expauit
2365 835 2538 882 venter
2565 843 2708 883 meus
2741 845 2774 882 a
2807 845 2926 884 voce
2957 833 3209 888 orationis
3249 833 3508 892 labiorum

1911 932 2161 972 meorum.
2186 914 2546 988 Posteaquam
2568 918 2734 974 divini
2755 922 2994 977 muneris
3013 934 3256 979 senserat
3287 926 3508 996 largita-

1914 1015 2044 1073 tem;
2076 1008 2367 1064 custodivit
2391 1024 2485 1075 se,
2515 1024 2585 1065 ne
2622 1025 2682 1066 se
2711 1011 2956 1080 hostem,
2997 1029 3066 1069 ne
3095 1014 3401 1084 inimicum,
3437 1035 3507 1075 ne

1915 1098 2181 1154 latronem
2211 1114 2271 1156 se
2299 1099 2494 1156 iterum
2534 1101 2675 1158 sicut
2708 1102 2762 1158 in
2791 1104 3042 1175 paradiso
3075 1108 3385 1164 sustineret.
3418 1109 3508 1167 Fit

1911 1189 2239 1258 vigilantior,
2270 1189 2330 1246 ﬁt
2357 1192 2642 1250 sollicitior
2666 1195 2749 1250 sui
2769 1205 2969 1263 custos,
2994 1199 3087 1268 qui
3116 1215 3176 1255 se
3195 1209 3318 1271 post
3339 1209 3506 1258 tanta:

1911 1282 1991 1338 rei
2026 1281 2293 1352 iacturam
2334 1285 2614 1342 cmlestem
2652 1287 2966 1343 thesaurum
2994 1289 3047 1344 in
3068 1292 3210 1348 vasis
3250 1291 3504 1351 ﬁctilibus

1911 1374 2220 1432 custodivit.
2252 1374 2324 1432 Et
2343 1378 2548 1449 expavit
2566 1388 2742 1435 venter
2759 1397 2920 1435 meus.
2946 1381 3201 1438 Ventrem
3221 1386 3401 1442 cordis
3422 1387 3506 1442 in-

1912 1474 2063 1522 terna
2097 1469 2341 1524 nominat
2379 1469 2468 1526 hic
2505 1471 2803 1543 propheta;
2834 1474 2926 1542 qui
2960 1473 3099 1530 sicut
3122 1484 3314 1533 venter
3332 1479 3500 1546 cibis,

1911 1574 2009 1616 cor
2034 1561 2113 1619 sic
2131 1564 2382 1621 sensibus
2401 1567 2642 1637 pascitur
2661 1575 2717 1623 et
2735 1568 2995 1640 repletur.
3021 1567 3314 1642 Etexpavit
3333 1582 3506 1629 venter

1909 1673 2051 1712 meus
2082 1675 2116 1712 a
2147 1673 2266 1714 uoce
2284 1660 2535 1716 orationis
2556 1660 2813 1717 labiorum
2833 1679 3080 1718 meorum.
3117 1662 3174 1719 Si
3204 1664 3508 1721 intellectus

1909 1747 2089 1804 cordis
2108 1748 2376 1806 infuderat
2403 1752 2486 1807 ori
2514 1768 2724 1820 vocem,
2749 1753 2905 1809 labiis
2932 1755 3154 1810 dederat
3175 1756 3336 1812 verba
3357 1797 3372 1821 ,
3409 1773 3509 1812 cur

203 1846 276 1902 nil
303 1845 646 1912 humanum;
678 1843 874 1900 audisti
903 1841 1118 1898 Patrem
1146 1839 1346 1898 Christi
1370 1881 1384 1906 ,
1426 1841 1532 1898 hoc
1558 1859 1656 1914 per
1682 1844 1810 1900 sub-
1839 1841 1884 1902 Β
1913 1847 2040 1896 vota
2069 1857 2186 1908 sua,
2212 1859 2310 1900 cur
2336 1843 2604 1900 desideria
2631 1863 2727 1902 sua
2747 1889 2761 1914 ,
2785 1863 2883 1902 cur
2903 1863 2969 1902 ex
2998 1849 3103 1903 hoc
3130 1849 3276 1919 quod
3305 1857 3388 1904 est
3408 1866 3507 1906 cx-

205 1938 463 1994 stantiam
494 1937 685 2003 crede;
714 1935 911 1992 audisti
951 1943 1159 2005 patrem
1184 1943 1359 1998 tuum,
1393 1934 1497 1990 hoc
1525 1935 1687 1991 crede
1709 1951 1807 2006 per

207 2030 435 2101 gratiam
474 2048 488 2084 :
523 2030 614 2086 ille
651 2037 710 2084 ut
737 2036 884 2085 esset
911 2027 1078 2084 Filius
1105 2027 1295 2083 habuit
1322 2042 1555 2098 semper,
1589 2036 1642 2084 te
1685 2045 1808 2086 esse

208 2123 370 2178 lilium
399 2121 559 2178 dedit
587 2120 746 2176 modo
797 2119 888 2176 Sic
907 2133 1036 2189 ergo
1053 2127 1106 2176 te
1127 2116 1294 2174 ﬁlium
1321 2117 1476 2184 scito,
1509 2126 1564 2173 ut
1592 2135 1807 2175 servum

207 2223 258 2271 te
284 2229 407 2271 esse
437 2230 553 2270 non
577 2213 814 2280 nescias;
837 2213 915 2269 sic
934 2212 1060 2268 andi
1087 2211 1155 2268 ad
1175 2210 1374 2268 Christi
1401 2212 1806 2268 similitudinem

208 2313 259 2364 te
303 2305 620 2372 reductum,
654 2313 712 2361 ut
755 2320 971 2376 semper
999 2311 1052 2360 te
1089 2303 1308 2360 Christo
1343 2319 1642 2376 cognoscas
1687 2320 1807 2361 esse

209 2397 537 2468 subjectum.

750 2486 985 2545 SERMO
1021 2486 1248 2544 LXVIII.

847 2580 916 2636 In
936 2581 1191 2636 eamdem.

277 2676 538 2735 Conditio
580 2676 859 2740 mortalis,
886 2683 1100 2731 terrena
1129 2687 1426 2746 compago,
1459 2673 1650 2729 limosa
1678 2672 1807 2730 sub-

216 2773 431 2839 stantia,
456 2773 587 2828 vita:
612 2787 678 2828 ac
702 2769 897 2826 mortis
945 2769 1180 2836 incerta,
1225 2767 1412 2824 labore
1439 2767 1644 2832 attrita,
1675 2781 1808 2822 con-

217 2876 423 2938 sumpta
453 2865 654 2938 ptenis,
687 2863 962 2936 putredini
1001 2878 1068 2920 ac
1105 2861 1311 2933 pulveri
1341 2859 1581 2931 subjecta
1613 2867 1806 2916 natura

218 2976 412 3033 capere
439 2975 548 3016 non
582 2959 746 3026 valet,
789 2957 1059 3012 aestimare
1085 2971 1194 3011 non
1222 2951 1438 3020 sufﬁcit,
1469 2951 1656 3024 fugare
1697 2969 1806 3009 non

228 3053 402 3118 audet,
431 3051 652 3109 credere
675 3050 1034 3122 pertimescit,
1065 3047 1211 3119 quod
1240 3047 1402 3103 hodie
1429 3047 1640 3118 cogitur
1675 3062 1808 3102 con-

224 3145 379 3200 ﬁteri.
408 3143 633 3199 Tantam
669 3143 935 3199 donorum
982 3141 1080 3197 Dei
1118 3140 1376 3211 gratiam,
1418 3137 1806 3210 promissorum

1911 1942 2184 2001 oraturus,
2208 1939 2466 2008 expavit?
2497 1938 2632 2007 Quia
2666 1957 2775 1995 non
2809 1943 3154 2012 suggestione
3183 1943 3263 1998 sui
3293 1944 3507 2011 cordis,

1909 2024 2004 2080 sed
2039 2026 2204 2082 divini
2241 2025 2474 2097 Spiritus
2513 2028 2833 2099 loquebatur
2871 2031 3056 2086 aifatu.
3100 2033 3238 2088 Audi
3278 2031 3510 2091 Paulum

1909 2115 2180 2172 dicentem
2212 2135 2225 2172 :
2258 2117 2408 2174 Misit
2428 2117 2568 2175 Deus
2602 2119 2857 2192 Spiritum
2890 2119 3020 2176 Filii
3039 2125 3120 2177 sui
3141 2125 3195 2177 in
3217 2125 3375 2178 corda
3409 2141 3509 2180 no-

1908 2219 2018 2264 stra
2039 2210 2351 2266 clamantem
2372 2228 2391 2266 :
2412 2212 2578 2280 Abba,
2604 2212 2766 2268 Pater
2787 2211 2938 2286 (Gal.
2963 2215 3047 2288 v).
3081 2215 3235 2283 Quod
3265 2218 3511 2275 auditum

1909 2317 2034 2357 cum
2075 2302 2140 2357 atl
2185 2303 2397 2359 interna
2445 2306 2870 2370 transmitteret,
2921 2315 3129 2362 tantum
3159 2324 3218 2363 se
3246 2309 3511 2368 meruisse

1909 2393 2226 2462 mirabatur,
2276 2405 2334 2452 et
2372 2397 2584 2452 interna
2607 2405 2719 2453 tota
2740 2398 2974 2454 hominis
2999 2400 3287 2471 pavebant.
3315 2400 3512 2459 Merito

1909 2485 2109 2556 adjecit
2133 2506 2146 2541 :
2171 2487 2241 2542 Et
2259 2489 2473 2545 intravit
2495 2500 2684 2546 tremor
2704 2492 2760 2544 in
2782 2508 2900 2546 ossa
2921 2508 3056 2557 mea,
3087 2492 3214 2561 quia
3243 2493 3358 2563 ipsa
3381 2509 3512 2564 pro-

1908 2578 2088 2650 pheta:
2114 2580 2321 2636 viscera
2350 2581 2702 2637 vexabantur.
2735 2580 2806 2636 Et
2825 2583 3002 2638 subtus
3023 2600 3122 2650 me,
3148 2584 3340 2654 inquit,
3363 2602 3511 2640 com-

1909 2683 2052 2728 mota
2083 2682 2161 2728 est
2195 2675 2354 2730 uirtus
2374 2692 2508 2730 mea.
2541 2675 2680 2742 Quid
2717 2685 2801 2731 est
2839 2676 3029 2732 subtus
3067 2678 3194 2732 tne?
3239 2687 3512 2747 quatenus

1911 2767 2026 2837 ipse
2057 2765 2303 2837 idemque
2335 2767 2499 2823 homo
2529 2784 2742 2824 sursum
2773 2783 2871 2838 per
2897 2769 3123 2838 gratiam
3151 2768 3263 2839 jam
3301 2769 3512 2826 levatus

1907 2856 2125 2929 jacebat
2145 2859 2335 2914 subtus
2362 2859 2642 2929 pristinam
2673 2875 2771 2930 per
2800 2868 3075 2926 naturam,
3119 2876 3218 2916 nec
3250 2861 3513 2918 virtutem

1911 2950 2188 3006 caelestem
2209 2950 2379 3010 virtus
2409 2959 2622 3021 poterat
2642 2951 2909 3006 sustinere
2939 2960 3172 3008 terrena.
3197 2951 3316 3007 Jam
3338 2951 3514 3008 fuma-

1911 3043 1990 3099 vit
2009 3059 2165 3100 mons
2195 3042 2344 3110 Sina,
2375 3061 2499 3099 cum
2519 3045 2743 3100 daturus
2766 3045 2938 3115 legem
2981 3045 3124 3100 Deus
3150 3045 3426 3102 descendit
3453 3047 3514 3104 in

1911 3142 2151 3190 montem
2174 3133 2368 3207 (Exod.
2385 3134 2520 3206 xix).
2541 3134 2680 3202 Quid
2701 3151 2829 3190 caro
2859 3135 3080 3201 faceret,
3095 3152 3216 3191 cum
3231 3135 3515 3193 descendit

217 3237 657 3308 magnitudinem,
707 3249 994 3292 munerum
1037 3233 1360 3303 largitatem,
1411 3230 1671 3301 fragilitas
1706 3229 1810 3285 hu-
1835 3229 1884 3294 C
1915 3224 2058 3282 Deus
2097 3227 2150 3281 in
2191 3242 2444 3294 carnem,
2499 3227 2650 3282 carni
2695 3227 2923 3296 gratiam
2969 3227 3302 3283 collaturus?
3348 3227 3515 3286 Venit

216 3344 368 3384 mana
397 3329 547 3385 unde
589 3327 886 3400 promereri
941 3325 1146 3392 valeat,
1179 3341 1286 3380 non
1326 3328 1507 3395 potest
1545 3320 1806 3378 invenire.

218 3418 325 3476 Hoc
345 3435 481 3477 reor
506 3437 615 3476 non
646 3420 957 3489 ambiguum
987 3415 1241 3472 Ilahacuc
1264 3416 1586 3486 prophetam
1613 3416 1811 3472 mentis

217 3511 404 3568 intuitu
428 3511 762 3584 prtevidisse,
793 3510 922 3566 dum
952 3523 1012 3564 se
1041 3515 1196 3564 tanto
1223 3523 1426 3578 pavore
1454 3523 1808 3572 concussum,

217 3603 366 3676 hujus
387 3605 611 3661 auditus
639 3605 820 3660 taliter
848 3603 1182 3670 exagitatum
1210 3608 1468 3664 tremore,
1497 3599 1627 3656 dicit
1655 3619 1668 3655 ε
1700 3599 1812 3657 Do-

217 3698 364 3761 mine,
396 3695 582 3752 audiri
603 3693 837 3749 auditum
868 3703 1028 3758 tuum,
1062 3699 1114 3746 et
1143 3692 1316 3756 timui;
1342 3690 1662 3746 considerari
1691 3709 1812 3764 ope-

216 3805 274 3843 ra
301 3797 386 3843 tua
406 3829 425 3856 ,
474 3798 525 3842 et
551 3787 738 3859 επραυὶ
769 3784 1000 3856 (Habac.
1033 3801 1112 3850 ιιι,
1141 3785 1299 3857 juxta
1327 3782 1520 3856 LXX).
1554 3783 1812 3840 Auditum

214 3881 405 3947 timuit,
441 3895 557 3935 non
583 3879 710 3949 quia
742 3886 869 3933 tunc
910 3877 1178 3947 propheta
1217 3883 1401 3931 tantus
1441 3875 1674 3932 audierit
1701 3876 1812 3932 Do-

215 3972 435 4040 minum,
489 3970 584 4028 sed
631 3970 752 4041 quia
796 3977 924 4024 tunc
976 3983 1165 4024 servus
1214 3967 1498 4022 Dominum
1521 3984 1677 4023 suum
1707 3968 1811 4025 sibi

217 4079 539 4120 conversum
579 4062 799 4132 reperit,
845 4066 901 4116 et
929 4059 1134 4116 audivit
1163 4059 1216 4114 in
1265 4068 1503 4130 patrem;
1534 4076 1642 4116 non
1684 4061 1812 4132 quia

216 4154 391 4210 mundi
423 4153 593 4224 hujus
612 4153 871 4208 fabricam
891 4151 1174 4208 elementis
1197 4151 1270 4205 ita
1297 4150 1402 4207 sibi
1429 4151 1662 4208 dissonis
1681 4168 1814 4209 con-

217 4254 503 4302 sonantem
519 4243 917 4315 contemplatus
937 4241 1174 4314 expavit,
1189 4241 1284 4299 sed
1304 4242 1429 4312 quia
1452 4243 1670 4314 pietatis
1685 4259 1812 4315 erga

216 4353 271 4396 se
289 4347 458 4395 tanta
471 4335 822 4393 considerans
837 4344 964 4391 tunc
978 4350 1164 4405 opera,
1181 4333 1551 4391 admirationis
1578 4341 1815 4394 tremore

219 4445 514 4488 concursans
533 4437 618 4485 est
638 4436 693 4484 et
718 4442 938 4499 pavore.
959 4425 1312 4492 Consideravi,
1337 4425 1529 4497 inquit,
1554 4445 1710 4500 opera
1727 4438 1815 4483 tua

220 4537 265 4583 et
285 4530 494 4602 experri.
519 4525 846 4598 Adoptatum
868 4541 926 4582 se
943 4535 1072 4583 tunc
1089 4525 1294 4596 stupuit
1315 4525 1366 4580 in
1390 4525 1576 4592 ﬁlium,
1598 4521 1815 4594 quando

220 4620 531 4691 perdiderat
559 4619 726 4691 ipsius
753 4617 1000 4674 ﬁduciam
1020 4617 1312 4673 servitutis.
1337 4617 1576 4688 Denique
1598 4623 1656 4670 ιιι
1678 4615 1816 4671 scia-

223 4807 535 4863 eonditione
562 4805 706 4860 Deus
735 4805 890 4860 nobis
910 4811 1134 4876 peccata
1150 4802 1403 4876 dimittat,
1427 4801 1594 4876 sed_si
1614 4809 1810 4876 caatera

223 4879 500 4942 accedant,
533 4877 701 4932 veluti
729 4871 1080 4946 pmniténtia,
1131 4874 1317 4946 dolor,
1359 4882 1466 4929 etc.
1510 4871 1625 4928 Hoc
1665 4872 1812 4927 enim

223 4948 449 5005 interest
497 4949 643 5003 inter
677 4944 1064 5018 promissiones
1102 4944 1468 5007 afﬁrmantes,
1516 4957 1638 5012 qua:
1687 4956 1814 5018 cum

223 5021 548 5145 fxeeptione
574 5013 928 5089 suscipiendae
946 5025 1091 5083 sunt,
1125 5023 1179 5071 et
1203 5023 1479 5084 negantes,
1511 5029 1632 5084 qua:
1655 5013 1816 5070 abso-

245 5099 351 5145 ute.

245 5099 351 5146 ute.

292 5171 318 5199 ³
339 5161 489 5217 Deus
515 5175 626 5214 non
648 5167 856 5214 tantum
888 5158 1135 5215 homines
1156 5155 1348 5227 impios
1368 5155 1480 5212 suis
1512 5170 1656 5227 saepe
1672 5153 1816 5227 vitiis

229 5233 515 5300 relinquit,
541 5239 600 5285 ut
643 5229 796 5285 item.
840 5246 877 5296 ι,
899 5229 986 5295 24,
1011 5228 1106 5300 sed
1147 5225 1245 5300 eos
1281 5227 1444 5300 etiam
1474 5225 1815 5300 Δ(ιιιίίιινιιξὶιιιιε

226 5303 333 5356 suis
352 5294 477 5372 plus
503 5294 671 5370 {equo
711 5294 1186 5372 conﬁdunt.Quod
1207 5298 1405 5372 malum
1425 5339 1438 5364 ,
1465 5294 1618 5366 juxta
1639 5294 1814 5372 Chry-

227 5367 492 5442 sologum,
516 5367 902 5442 anbvertimus
921 5371 1150 5442 assiduis
1169 5369 1418 5442 precibus
1431 5410 1444 5434 ,
1471 5376 1526 5422 et
1547 5367 1816 5438 praecipue

228 5444 326 5498 hac
348 5438 550 5498 eadem
570 5441 834 5511 petitione
861 5441 914 5511 in
936 5448 1073 5496 orat.
1099 5438 1362 5511 Dominic.

297 5513 324 5551 ι’
350 5513 552 5568 Malum
571 5507 680 5566 hic
699 5527 730 5566 a
759 5510 856 5566 SS.
881 5509 1128 5567 Patribus
1155 5526 1256 5581 pro
1289 5507 1504 5564 diabolo
1525 5509 1660 5581 sumi
1693 5507 1813 5578 plu-

229 5584 380 5639 rimis
407 5583 624 5639 probari
645 5589 843 5639 potest.
868 5581 938 5638 At
975 5582 1030 5636 in
1066 5580 1187 5637 luce
1221 5581 1514 5636 meridiana
1536 5580 1813 5634 lucernam

230 5648 605 5726 accenderem.
624 5648 830 5726 Graec,
872 5653 926 5707 in
947 5661 1117 5726 textu,
1142 5654 1244 5726 ἀετοὶ
1263 5657 1622 5726 nuncupavi,
1639 5648 1705 5703 ab
1727 5649 1818 5704 illo

189 5731 192 5742 '
231 5725 485 5807 improbo,
509 5722 684 5780 abillo
706 5723 1136 5807 malignouvert‘it
1155 5721 1480 5807 Tremellius
1490 5721 1820 5807 ,"Mqt_itanus

232 5792 524 5868 etSyrus;
539 5811 649 5866 quo
680 5792 897 5868 nomine
923 5794 1170 5868 diabolus
1188 5795 1369 5850 vocari
1401 5793 1558 5862 solet,
1599 5792 1814 5864 Matth,

233 5863 476 5936 xm,'l9;
496 5863 650 5921 John.
681 5882 753 5930 ιι,
779 5865 876 5931 15;
908 5883 960 5930 v,
993 5863 1080 5918 I8.
1441 5883 1604 5949 Ia,_-.~?_..;.
1677 5906 1681 5910 .

517 5957 791 6022 Panos.
827 5958 956 6022 ιιι.

1825 6021 1828 6024 ~
1933 6010 1942 6020 '
1965 6005 2128 6046 sugg";
2167 6000 2328 6043 ’.ἑξὰς-αις
2341 5993 2566 6040 vider-iga:

1914 3327 2069 3389 pater
2088 3320 2214 3390 quia
2235 3319 2401 3376 homo
2424 3319 2612 3387 Deum,
2639 3335 2826 3376 servus
2848 3321 3124 3376 dominum
3150 3337 3258 3376 non
3279 3320 3510 3378 ferebat.

1913 3411 1983 3468 Et
2026 3412 2154 3483 quia
2195 3412 2364 3469 ﬁdelis
2404 3422 2488 3468 est
2523 3414 2576 3468 in
2625 3414 2798 3469 verbis
2827 3415 2939 3470 suis
2966 3428 3086 3484 qum
3114 3413 3249 3468 dixit
3295 3432 3307 3468 :
3352 3415 3515 3486 Aperi

1914 3523 1973 3562 os
2003 3515 2164 3571 tuum,
2197 3515 2247 3559 et
2273 3505 2494 3577 implebo
2514 3505 2646 3560 illud
2677 3504 2860 3577 (Psal.
2896 3505 3100 3577 Lxxx);
3133 3507 3338 3576 aperite
3369 3522 3515 3562 nunc

1915 3614 2010 3654 ora
2036 3607 2244 3665 vestra,
2276 3607 2337 3654 ut
2360 3599 2475 3670 ipse
2509 3614 2573 3653 ea
2604 3599 2695 3652 tali
2726 3613 2918 3668 prece,
2960 3599 3052 3652 tali
3087 3599 3295 3669 repleat
3317 3607 3370 3654 et
3398 3599 3514 3655 cla-

1915 3709 2084 3749 more.
2119 3691 2286 3748 Pater
2312 3702 2490 3748 noster
2517 3693 2604 3766 qui
2633 3709 2686 3746 es
2714 3693 2768 3746 in
2799 3693 2938 3746 caelis
2983 3691 3208 3761 (Matth.
3253 3692 3360 3761 v1).
3408 3691 3515 3749 Ubi

1914 3792 2038 3842 sunt
2075 3785 2166 3855 qui
2208 3783 2275 3840 de
2316 3783 2414 3838 Dei
2455 3783 2814 3854 promissione
2859 3781 3144 3837 diffidunt?
3184 3781 3322 3837 Ecce
3347 3798 3514 3852 quam

1916 3877 2026 3932 cito
2069 3874 2192 3931 ﬁdei
2234 3884 2320 3932 est
2355 3883 2699 3931 remunerata
2741 3873 3010 3931 confessio
3044 3892 3055 3926 :
3089 3890 3215 3928 mox
3255 3883 3315 3928 ut
3343 3874 3515 3932 Deum

1915 3970 2062 4027 unici
2088 3969 2210 4024 Filii
2237 3968 2517 4025 confessus
2545 3983 2605 4024 es
2633 3966 2869 4032 Patrem,
2904 3976 2962 4022 tu
2987 3968 3100 4038 ipse
3126 3983 3184 4022 es
3214 3967 3306 4022 Dei
3337 3965 3516 4022 Patris

1917 4063 2207 4135 adoptatus
2229 4063 2282 4118 in
2316 4063 2501 4128 lilium,
2533 4069 2593 4116 ut
2621 4076 2769 4117 esses
2795 4060 2917 4116 εαξιί
2945 4061 3132 4124 haeres,
3159 4060 3249 4128 qui
3277 4059 3513 4129 paradisi

1917 4156 2069 4212 exsul
2097 4155 2383 4210 habebaris
2403 4161 2459 4209 et
2489 4161 2671 4218 terrm;
2703 4160 2759 4208 et
2787 4152 2908 4207 ideo
2935 4167 3078 4206 nunc
3106 4167 3268 4206 vocas
3291 4193 3304 4216 ,
3348 4149 3514 4206 Pater

1917 4257 2092 4303 noster
2132 4247 2218 4320 qui
2259 4263 2312 4300 es
2339 4247 2393 4300 in
2421 4244 2581 4300 ccelis.
2614 4243 2748 4310 Quia
2790 4243 2891 4297 fuit
2919 4243 3012 4296 tibi
3040 4241 3312 4310 quondam
3353 4248 3514 4311 pater

1917 4340 2010 4410 qui
2042 4347 2096 4394 te
2128 4337 2350 4394 resolvit
2379 4338 2432 4392 in
2463 4338 2647 4392 limum
2667 4377 2682 4401 ,
2713 4335 2805 4405 qui
2836 4344 2888 4390 te
2917 4335 2983 4388 ad
3011 4335 3246 4390 claustra
3275 4334 3428 4390 duxit
3455 4343 3514 4390 et

1918 4430 2184 4501 pertraxit
2228 4426 2422 4483 inferni
2472 4435 2717 4482 :terram
2759 4425 2995 4489 nesciat,
3045 4439 3285 4480 amorem
3331 4427 3512 4482 carnis

1919 4523 2159 4592 ignoret,
2186 4530 2392 4592 patrem
2415 4519 2651 4590 pulveris
2679 4534 2788 4573 non
2817 4516 3076 4587 requirat,
3101 4516 3234 4570 nihil
3261 4517 3316 4571 in
3345 4532 3404 4572 se
3429 4518 3513 4572 vi-

1840 4607 1892 4670 D
1919 4615 1977 4672 tii
2006 4614 2171 4670 licere
2190 4612 2485 4683 permittat,
2509 4612 2604 4682 qui
2632 4611 2800 4666 Deum
2821 4618 3029 4682 patrem
3051 4609 3328 4666 cmlestem
3355 4626 3514 4683 repe-

1995 4809 2017 4840 °
2042 4797 2221 4855 Hicse
2257 4796 2680 4854 catechumenos
2710 4795 3044 4851 Dominicam
3083 4797 3383 4852 orationem
3411 4797 3512 4853 do-

1915 4871 2117 4951 quisse,
2145 4878 2200 4926 et
2225 4869 2456 4951 gentiles
2475 4866 2646 4951 modq
2668 4881 2766 4951 per
2789 4866 3112 4951 baptismum
3137 4875 3355 4951 renatos
3379 4884 3507 4951 erit:

1916 4941 2080 4997 diisse
2099 4936 2297 4996 innuit.
2336 4938 2592 4995 ΜιτΑ.-
2615 4936 2686 4992 At
2729 4936 3131 4994 catechumenis
3178 4953 3284 4993 non
3316 4938 3513 4993 licebat

1915 5011 2096 5084 dicere
2116 5011 2289 5084 _Patei_'
2309 5018 2504 5084 noster,
2526 5023 2698 5078 usque
2727 5009 2853 5084 dum
2876 5025 2976 5084 per
3005 5023 3196 5078 aquam
3220 5020 3512 5084 regenera—

1917 5082 2085 5139 tionis
2114 5081 2233 5137 Filii
2258 5080 2354 5136 Dei
2382 5080 2508 5150 facti
2529 5076 2730 5150 essent.
2755 5076 3081 5150 Iioc'aperte
3105 5086 3332 5150 testatur
3346 5076 3514 5150 Chry-

1923 5162 2196 5232 sostomus
2215 5151 2404 5232 homil.
2429 5149 2489 5202 11
2590 5149 2635 5204 ιι
2655 5147 2805 5232 con,
2833 5145 3187 5232 toni‘RVpag.
3233 5145 3506 5232 1516.6de

1923 5223 2210 5291 Francol‘.;
2253 5231 2309 5278 et
2338 5220 2671 5291 Augustinus
2700 5220 2885 5291 homil.
2926 5217 3012 5284 29,
3037 5219 3104 5273 de
3129 5217 3304 5291 verbo
3335 5219 3512 5291 Apos-

1923 5296 2021 5352 tol.
2048 5313 2062 5362 ;
2094 5287 2468 5350 Theodoretus
2497 5289 2639 5362 Epit.
2672 5291 2788 5346 Div.
2808 5287 3238 5362 Dogm._cap_._28_
3261 5287 3395 5341 tom.
3417 5288 3506 5362 iv,

1922 5357 2212 5436 pag.'556,
2263 5364 2463 5418 citante
2503 5357 3275 5436 διήθει-ο-ριιετίιὲάὸκαυιιᾱε
3309 5360 3511 5427 passim

1923 5427 2356 5507 ὧόειιτιιιιιιίὺχή
2377 5441 2597 5507 πιστῶν,
2622 5427 2787 5486 oratio
2802 5427 3051 5501 ﬁdelium.
3075 5427 3194 5483 Non
3223 5436 3401 5484 tamen
3421 5445 3514 5487 res

1923 5515 2041 5562 erat
2069 5505 2289 5568 illicita,
2307 5505 2353 5560 Si
2382 5505 2503 5574 quis
2523 5519 2588 5558 ea
2608 5510 2867 5574 uteretur.

1993 5575 2020 5615 ἀ
2061 5577 2176 5634 Hoc
2194 5584 2279 5632 est
2295 5568 2463 5646 quare
2481 5573 2814 5646 disputamus
2837 5570 2891 5625 id
2907 5568 3063 5646 quod
3084 5568 3187 5646 ﬁde
3213 5568 3366 5646 ﬁrma
3394 5586 3514 5626 (ιι-ες

1921 5648 2086 5715 ditur,
2122 5639 2349 5713 scilicet,
2383 5644 2529 5715 quod
2550 5639 2589 5697 F
2593 5639 3147 5715 ιιὶιιξὲιιειειιιι’ἰδίω-ιεΔ
3161 5639 3261 5715 fuit
3299 5655 3514 5715 semper

1921 5719 1976 5776 in
1995 5709 2143 5777 hoc?
2171 5717 2303 5775 Vide
2322 5709 2481 5788 supra
2512 5729 2672 5788 serm.
2701 5711 2786 5779 58,
2811 5723 2865 5788 et
2893 5711 2978 5778 60,
3003 5720 3059 5766 et
3085 5709 3186 5778 62;
3216 5711 3332 5768 inec
3369 5709 3514 5776 enim

1920 5799 2109 5850 contra
2127 5784 2412 5847 haereticos
2433 5787 2630 5857 scripta
2650 5793 2792 5842 sunt.
2815 5784 2978 5841 Mm.

2998 5946 3075 6009 18
