3942 6348
435 399 539 465 δερ

1681 390 1741 447 S.
1775 387 1985 448 PETRI
2022 387 2465 447 CllRYSOLOGI

3617 393 3716 456 ιω

437 520 700 595 perdidit,
729 516 960 573 aestimat
996 526 1056 569 se
1083 508 1378 567 divinitatis
1405 505 1693 563 haeredem.
1725 506 1834 564 Sed
1862 505 2029 564 aude-
2055 508 2108 569 Δ
2132 515 2415 580 peccatum
2445 507 2502 563 in
2528 514 2712 563 vestro
2738 507 2954 565 mortali
2984 521 3214 581 corpore
3243 506 3433 581 (Rom.
3465 507 3574 578 vi).
3597 505 3716 562 Fiet

437 627 575 676 mus,
606 610 731 680 quia
764 603 1106 678 praesumptio
1133 599 1362 657 dicentis
1388 615 1496 655 non
1525 606 1636 664 est,
1669 598 1760 654 ubi
1787 598 2026 655 auctori-

438 715 520 763 tas
541 715 623 762 est
638 701 907 774 jubentis;
933 701 1047 769 ipse
1065 696 1209 751 enim
1231 709 1331 750 nos
1349 693 1514 749 hodie
1533 692 1715 748 dicere
1735 691 1816 748 sic
1833 691 2024 757 voluit,

437 799 529 869 qui
559 813 656 852 nos
685 793 868 849 docuit
894 792 973 847 sic
1012 802 1191 845 orare.
1222 785 1290 842 Et
1315 784 1446 856 quid
1484 784 1679 839 mirum
1707 783 1750 839 si
1782 782 2030 838 homines

436 889 531 947 Dei
559 885 896 945 consecravit
923 883 978 940 in
1008 881 1172 946 ﬁlios,
1204 877 1422 951 quando
1450 891 1510 932 se
1537 875 1771 933 hominis
1798 873 1948 930 dedit
1971 880 2030 929 et

435 981 639 1054 aptavit
667 979 720 1034 in
752 976 956 1032 ﬁlium?
984 972 1175 1029 Carnis
1218 980 1346 1026 tunc
1385 976 1632 1024 naturam
1670 966 1946 1022 transtulit
1973 965 2028 1021 in

435 1074 687 1136 divinam,
711 1070 966 1125 deitatem
989 1064 1206 1136 quando
1235 1065 1524 1120 humanam
1553 1059 1746 1116 detulit
1773 1057 1841 1114 ad
1870 1067 2027 1114 natu—

435 1181 550 1223 ram
574 1183 586 1218 :
613 1173 742 1220 tunc
761 1162 1034 1218 hominem
1056 1158 1158 1214 sibi
1180 1159 1234 1214 in
1254 1155 1563 1213 cmlestibus
1583 1152 1832 1225 praestitit
1850 1151 2030 1208 coha-

346 1299 362 1322 ς
436 1257 636 1318 redem,
680 1253 898 1324 quando
937 1267 997 1308 se
1036 1249 1352 1322 participem
1392 1245 1624 1303 reddidit
1663 1252 2023 1301 terrenorum.

434 1353 542 1406 Aut
563 1348 767 1404 homini
797 1360 994 1416 negare
1013 1343 1142 1415 quid
1163 1342 1365 1398 amoris
1384 1341 1578 1412 potuit,
1611 1338 1740 1409 quid
1767 1335 2025 1402 muneris,

436 1442 526 1514 qui
555 1449 729 1496 totum
759 1437 904 1509 quod
932 1444 1050 1493 erat
1077 1434 1330 1500 hominis,
1352 1433 1516 1488 etiam
1537 1437 1838 1502 peccatum,
1858 1430 1883 1459 ⁸
1903 1442 2027 1484 ειιε-

438 1533 578 1604 cepit
617 1540 674 1587 et
725 1529 997 1586 mortem?
1038 1526 1146 1582 Aut
1183 1523 1456 1596 quomodo
1502 1522 1776 1578 hominem
1815 1519 1870 1574 in
1915 1517 2029 1574 suis

437 1625 711 1698 prosperis
737 1621 940 1678 socium
971 1634 1078 1674 non
1107 1617 1346 1681 habebit,
1378 1615 1473 1686 qui
1501 1615 1556 1670 in
1583 1612 1824 1669 adversis
1851 1609 2028 1666 homi-

438 1720 521 1774 nis
549 1733 607 1773 se
636 1716 760 1772 fecit
789 1729 908 1770 esse
947 1710 1292 1769 consortem?
1320 1708 1525 1773 Homo,
1567 1705 1684 1762 redi
1725 1705 1793 1760 ad
1833 1703 2022 1768 Deum,

438 1811 516 1867 sic
541 1816 750 1863 amatus
779 1823 810 1860 a
840 1805 985 1868 Deo;
1027 1811 1083 1857 et
1109 1801 1178 1856 ad
1220 1800 1365 1856 illius
1393 1799 1619 1870 gloriam
1649 1797 1716 1852 da
1747 1804 1919 1851 totum
1948 1803 2023 1860 te,

2129 602 2364 658 uoluntas
2395 610 2483 656 tua
2523 603 2656 658 sicut
2681 603 2737 657 in
2764 601 2888 658 coelo
2927 611 2979 658 et
3004 603 3060 657 in
3090 610 3249 658 terra.
3292 599 3447 658 Nunc
3473 601 3530 655 in
3578 607 3716 656 terra

2129 694 2296 750 multa
2312 692 2445 748 ﬁunt
2458 709 2557 764 pro
2571 693 2770 750 diaboli
2784 694 3083 760 voluntate,
3114 709 3214 764 pro
3241 691 3424 749 saeculi
3451 691 3714 762 nequitia.

2129 803 2230 859 pro
2258 786 2530 844 desiderio
2557 786 2769 852 carnis;
2812 785 2867 842 in
2905 785 3046 843 cmlo
3089 800 3220 842 vero
3259 782 3322 839 ﬁt
3357 783 3494 840 nihil
3532 790 3719 854 praeter

2127 879 2343 935 Domini
2387 877 2738 934 voluntatem.
2791 875 3032 934 Petimus
3077 891 3241 948 ergo,
3287 883 3349 932 ut
3398 875 3750 946 interempto,

2127 970 2364 1036 diabolo,
2394 978 2456 1026 ut
2484 985 2626 1025 novo
2663 968 2882 1036 saeculo,
2914 976 2976 1024 ut
3010 977 3221 1024 mutato
3247 981 3504 1038 corpore,
3534 973 3600 1023 ut
3635 966 3718 1024 σε.

2128 1069 2335 1118 structo
2351 1061 2540 1118 mortis
2559 1061 2805 1133 ituperio,
2823 1068 2883 1115 ut
2892 1059 3092 1116 abolita
3105 1058 3479 1116 dominatione
3497 1058 3720 1130 peccati.

2129 1153 2184 1208 in
2212 1152 2350 1210 cmlo
2379 1161 2436 1210 et
2463 1153 2518 1207 in
2546 1161 2712 1219 terra,
2740 1151 2796 1209 in
2819 1154 2931 1208 Deo
2953 1161 3008 1206 et
3034 1150 3362 1217 hominibus,
3387 1166 3498 1205 una
3519 1149 3617 1205 Dei
3636 1151 3719 1216 sit,

2129 1245 2426 1316 eademque
2454 1244 2721 1300 voluntas.
2763 1242 2964 1299 Panem
3002 1251 3235 1299 nostrum
3271 1242 3635 1315 quotidianum
3658 1243 3720 1298 ds

2130 1337 2276 1393 nobis
2305 1337 2477 1394 hodie.
2520 1335 2650 1393 Post
2686 1351 2911 1409 regnum
2939 1336 3192 1402 caeleste,
3223 1344 3500 1392 terrenum
3529 1351 3720 1408 panem

2129 1437 2318 1502 petere
2363 1445 2472 1484 non
2514 1428 2796 1498 iubemur,
2846 1427 3167 1501 prohibente
3214 1428 3331 1500 ipso
3377 1443 3503 1484 cum
3550 1427 3720 1485 dicit:

2131 1520 2308 1577 Nolite
2334 1520 2550 1577 solliciti
2565 1536 2684 1578 esse
2703 1521 2896 1576 anima:
2911 1529 3103 1576 vestrae
3123 1519 3252 1592 quid
3263 1520 3605 1577 manducetis
3631 1529 3721 1577 aut

2130 1614 2258 1685 quid
2287 1614 2483 1669 bibatis
2504 1613 2730 1685 (Matth.
2767 1630 2818 1669 vr
2835 1624 2875 1686 ).
2907 1612 3014 1670 Sed
3042 1614 3166 1686 quia
3197 1614 3312 1685 ipse
3338 1623 3423 1671 est
3448 1615 3606 1686 panis
3629 1616 3721 1686 qui

2130 1705 2199 1761 de
2226 1705 2365 1762 caelo
2391 1705 2672 1762 descendit
2701 1703 2893 1778 (loan.
2927 1704 3010 1777 vr)
3029 1747 3044 1772 ,
3075 1707 3310 1778 petimus
3347 1717 3406 1762 et
3447 1721 3721 1778 pm

2133 1804 2193 1853 ut
2221 1797 2396 1868 ipsum
2426 1811 2618 1866 panem
2661 1811 2770 1868 quo
2806 1797 3071 1868 quotidie,
3102 1797 3156 1854 id
3182 1806 3284 1864 est,
3302 1796 3525 1868 iugiter,
3549 1815 3724 1856 smm-

437 1901 526 1973 qui
554 1916 612 1956 se
641 1907 813 1954 totum
842 1904 1065 1968 propter
1093 1902 1147 1950 te
1167 1892 1194 1932 δ
1224 1892 1293 1948 ad
1319 1907 1473 1947 suam
1493 1889 1713 1946 deduxit
1741 1887 2024 1958 injuriam;
2056 1885 2104 1945 Β
2133 1887 2186 1943 in
2214 1889 2516 1944 asternitate
2545 1887 2775 1944 victuri:
2811 1887 2992 1956 hodie,
3023 1889 3077 1944 id
3103 1895 3206 1954 est,
3237 1889 3292 1944 in
3320 1891 3581 1960 pnesenti
3596 1891 3726 1957 vita,

434 2003 490 2050 et
534 2009 666 2049 voca
714 2003 923 2062 patrem
973 1987 1173 2053 ﬁdens,
1223 2000 1384 2057 quem
1443 1992 1595 2038 tanto
1642 1997 1828 2037 amore
1876 1990 2026 2036 tuum

434 2085 653 2158 probas,
685 2083 871 2147 sentis,
895 2079 1148 2150 intelligis
1167 2092 1287 2133 esse
1305 2075 1625 2146 genitorem.
1650 2072 1812 2128 Pater
1832 2080 2022 2127 noster.

436 2176 591 2245 Quod
622 2174 856 2230 nondum
888 2180 1045 2226 natus
1085 2177 1291 2239 patrem
1321 2176 1510 2235 vocat,
1555 2180 1715 2221 nemo
1756 2165 1980 2219 iniretur
2009 2181 2025 2217 :

435 2266 550 2323 Deo
581 2274 705 2321 nata
735 2273 859 2320 sunt
886 2264 1175 2327 nascitura,
1221 2261 1394 2317 futura
1424 2258 1562 2314 facta
1590 2265 1717 2314 sunt
1745 2256 1875 2311 Deo.
1900 2254 2032 2322 Qua

435 2358 614 2414 futura
643 2363 799 2422 sunt,
833 2355 1035 2425 inquit,
1063 2354 1174 2423 jam
1203 2352 1421 2408 fuerunt
1451 2349 1618 2422 (Eccl.
1652 2349 1752 2420 ιιι).
1787 2347 1922 2403 Hinc
1947 2354 2031 2403 est

435 2451 581 2524 quod
604 2451 658 2506 in
680 2459 833 2505 utero
854 2464 1008 2504 suum
1027 2446 1264 2502 Joannes
1284 2445 1448 2500 sentit
1467 2452 1744 2499 auctorem
1774 2439 1924 2512 (Luc.
1947 2438 2028 2511 t);

435 2552 491 2599 et
519 2551 694 2598 exstat
723 2541 942 2596 nuntius
968 2539 1159 2604 matri,
1190 2537 1283 2609 qui
1324 2544 1443 2591 erat
1481 2549 1592 2590 sua:
1631 2533 1845 2589 nescius
1883 2534 2027 2586 vitm.

432 2635 572 2694 Hinc
599 2635 854 2706 estquod
880 2632 1048 2689 Jacob
1078 2640 1203 2687 ante
1227 2631 1420 2701 legitur
1437 2628 1642 2684 bellare
1661 2643 1822 2698 quam
1855 2623 2026 2690 nasci,

435 2737 563 2784 ante
600 2726 934 2796 triumphare
973 2738 1134 2794 quam
1170 2722 1352 2778 vivere
1390 2717 1558 2791 (Gen.
1583 2717 1742 2787 xxv).
1777 2716 1912 2772 Hinc
1947 2722 2032 2770 est

437 2821 582 2894 quod
605 2823 720 2890 jam
747 2826 872 2874 sunt
901 2818 1010 2871 Deo
1033 2815 1125 2885 qui
1146 2814 1248 2869 sibi
1269 2812 1444 2868 adhuc
1466 2827 1572 2865 non
1593 2817 1736 2873 sunt,
1759 2807 1850 2878 qui
1871 2805 2030 2862 electi

434 2923 562 2973 sunt
591 2923 717 2968 ante
743 2909 1186 2970 constitutionem
1216 2904 1421 2960 mundi.
1450 2901 1623 2968 Quies
1652 2903 1706 2956 in
1728 2900 1885 2956 cretis.
1911 2896 2030 2953 Non

433 3006 581 3079 quod
610 3005 700 3060 ille
728 3018 835 3057 non
865 3000 936 3056 sit
968 3000 1022 3054 in
1053 3007 1195 3054 terra
1215 3036 1231 3060 ,
1263 2995 1358 3052 sed
1387 3003 1445 3049 ut
1475 3003 1530 3048 tu
1560 3008 1656 3064 per
1680 2993 1786 3048 hoc
1810 3004 2031 3061 germen

432 3112 553 3156 esse
580 3095 798 3151 noveris
818 3102 870 3148 te
891 3093 1114 3148 caeleste
1138 3108 1150 3144 :
1176 3097 1230 3146 et
1258 3089 1304 3144 si
1333 3097 1385 3144 te
1408 3087 1502 3142 Dei
1530 3084 1724 3140 Filium
1753 3098 1872 3139 esse
1895 3081 2030 3138 fate-

432 3191 536 3258 ris,
567 3192 688 3246 vive
723 3189 880 3260 quasi
908 3187 1006 3243 Dei
1036 3185 1232 3250 Filius,
1264 3192 1325 3239 ut
1353 3191 1510 3247 actu,
1543 3181 1684 3247 vita,
1716 3180 2024 3245 virtutibus,

2129 1983 2197 2039 de
2226 1983 2476 2039 convivio
2504 1984 2692 2040 altaris
2719 1985 2890 2040 sancti
2926 1984 2993 2041 ad
3021 1986 3275 2042 virtutem
3295 1988 3545 2058 corporis
3579 2003 3726 2044 men-

2133 2075 2307 2146 tisque
2335 2075 2633 2146 capiamus.
2665 2074 2734 2130 Et
2762 2076 2961 2132 dimitte
2981 2078 3128 2133 nobis
3169 2077 3341 2133 debita
3380 2089 3568 2134 nostra
3600 2082 3725 2136 sicut

2130 2177 2182 2222 et
2226 2183 2320 2222 nos
2367 2167 2672 2223 dimittimus
2720 2167 3032 2224 debitoribus
3079 2172 3291 2225 nostris.
3333 2170 3428 2227 Sic
3477 2174 3722 2237 dicendo,

2131 2258 2316 2324 homo,
2369 2269 2394 2300 ο
2443 2259 2789 2331 indulgentia:
2826 2261 3074 2327 modum,
3105 2277 3526 2335 mensuramque
3563 2267 3725 2322 venis:

2135 2360 2189 2408 tu
2211 2353 2307 2409 tibi
2327 2352 2550 2420 dedisti,
2572 2354 2664 2424 qui
2687 2368 2718 2409 a
2740 2353 2969 2410 Domino
2993 2362 3201 2410 tantum
3223 2355 3319 2411 tibi
3341 2357 3487 2427 petis
3513 2356 3723 2422 dimitti,

2132 2453 2390 2515 quantum
2419 2444 2688 2501 dimiseris
2709 2446 2823 2517 ipse
2850 2461 3137 2503 conservo.
3166 2447 3389 2504 Dimitte
3407 2462 3541 2518 ergo
3561 2449 3725 2504 delin-

2131 2536 2318 2607 quenti
2347 2535 2400 2591 in
2429 2542 2484 2592 te
2513 2544 2684 2592 totum
2702 2577 2719 2604 ,
2756 2537 2803 2592 si
2830 2537 2914 2591 vis
2941 2537 3058 2609 ipse
3084 2537 3153 2594 de
3181 2538 3290 2594 tuis
3330 2539 3468 2594 nihil
3504 2538 3724 2595 Domino

2131 2627 2330 2685 debere
2357 2627 2601 2685 delictis:
2626 2628 2682 2684 in
2710 2628 2884 2685 altero
2912 2628 3122 2686 dimitte
3151 2629 3265 2695 tibi,
3297 2631 3346 2685 si
3364 2631 3449 2686 vis
3475 2631 3590 2702 ipse
3613 2631 3725 2688 vin-

2132 2717 2309 2776 dicem
2323 2721 2496 2776 vitare
2510 2721 2856 2778 sententiam.
2878 2719 2949 2776 Et
2965 2739 3029 2778 ne
3048 2739 3141 2778 nos
3161 2724 3378 2779 inducas
3406 2725 3466 2779 in
3488 2726 3725 2782 tentatio—

2135 2828 2271 2866 nem.
2288 2811 2599 2877 Deus,sicut
2626 2815 2875 2886 scriptum
2894 2824 2990 2881 est,
3013 2817 3269 2872 neminem
3291 2826 3459 2872 tentat
3477 2816 3616 2889 (lac.
3637 2818 3721 2887 t):

2131 2904 2228 2960 sed
2256 2912 2470 2961 tentare
2508 2905 2728 2972 dicitur,
2768 2922 2890 2963 cum
2932 2904 2958 2943 τι
3000 2909 3394 2965 contumaciter
3433 2919 3625 2966 euntes
3655 2909 3724 2967 ad

2134 2998 2493 3054 tentationum
2515 2998 2738 3070 laqueos
2758 3000 3102 3072 derelinquit.
3135 3001 3227 3058 Sic
3253 3001 3425 3058 Adam
3446 3003 3724 3059 tentatoris

2133 3088 2359 3146 incurrit
2379 3089 2618 3156 insidias,
2643 3091 2769 3148 dum
2791 3092 2875 3147 sui
2895 3101 3166 3165 prtecepta
3188 3094 3391 3150 deserit
3409 3093 3722 3151 conditoris.

2135 3178 2286 3237 Unde
2315 3191 2496 3238 autem
2534 3191 2591 3239 et
2629 3199 2659 3238 a
2700 3198 2810 3256 quo
2853 3193 3154 3241 tentaretur
3192 3187 3393 3254 homo,
3432 3186 3608 3259 prodit
3643 3188 3727 3244 sic

434 3288 584 3336 tanto
611 3279 786 3350 possis
815 3276 1141 3347 respondere
1169 3273 1419 3345 genitori.
1447 3271 1815 3341 Sanctiﬁcetur
1835 3285 2023 3325 nomen
2052 3268 2098 3331 C
2128 3275 2357 3332 dicendo
2383 3294 2394 3327 :
2421 3274 2529 3332 Sed
2566 3277 2727 3332 libera
2755 3294 2850 3334 nos
2888 3295 2922 3333 α
2949 3279 3106 3334 malo.
3140 3278 3256 3336 Hoc
3280 3288 3396 3347 est,
3423 3295 3452 3334 a
3477 3279 3719 3346 diabolo.

433 3379 595 3426 tuum.
627 3369 761 3437 Quia
783 3385 813 3424 a
833 3367 1048 3424 Christo
1070 3374 1296 3423 vocatus
1322 3380 1381 3420 es
1407 3361 1748 3420 Christianus
1763 3404 1778 3426 ,
1809 3363 1948 3433 petis
1971 3369 2031 3417 ut

432 3463 786 3536 prterogativa
831 3460 964 3516 tanti
1009 3458 1244 3513 nominis
1283 3455 1650 3512 sanctilicetur
1691 3455 1744 3509 in
1787 3462 1871 3520 te;
1902 3453 2030 3524 quia

433 3570 632 3610 nomen
681 3553 777 3608 Dei
823 3553 967 3622 quod
1006 3567 1104 3621 per
1149 3566 1209 3605 se
1254 3557 1311 3604 et
1354 3549 1458 3603 sibi
1503 3557 1748 3604 sanctum
1790 3557 1891 3612 est,
1937 3554 2032 3601 aut

433 3645 800 3704 sanctiﬁcatur
845 3646 898 3699 in
947 3643 1102 3698 nobis
1149 3651 1334 3697 nostro
1376 3649 1519 3706 actu,
1564 3647 1659 3696 aut
1687 3648 1874 3694 nostro
1907 3647 2030 3694 actu

433 3737 840 3808 blasphematur
879 3736 931 3791 in
961 3735 1226 3806 gentibus.
1270 3734 1454 3789 Veniat
1482 3750 1692 3807 regnum
1722 3743 1879 3788 tuum.
1911 3732 2030 3804 ipse

433 3830 602 3888 dicit:
630 3827 866 3902 Regnum
897 3827 997 3883 Dei
1031 3829 1169 3882 intra
1202 3843 1287 3883 vos
1319 3836 1396 3882 est
1417 3825 1567 3899 (Luc.
1601 3827 1738 3896 χιιι)
1766 3844 1778 3879 :
1811 3827 1856 3882 si
1886 3826 2027 3881 intra

431 3939 534 3980 nos
561 3930 660 3988 est,
691 3921 875 3978 veniat
901 3929 961 3977 ut
987 3920 1117 3991 quid
1142 3920 1399 3975 oramus?
1441 3919 1537 3975 Est
1576 3919 1629 3975 in
1672 3918 1806 3982 ﬁde,
1849 3927 1932 3975 est
1971 3919 2027 3976 in

430 4031 547 4089 spe,
579 4022 660 4071 est
689 4015 743 4070 in
773 4012 1209 4085 exspectatione,
1240 4010 1337 4067 sed
1377 4017 1437 4067 ut
1477 4010 1531 4066 in
1559 4026 1620 4067 re
1663 4011 1873 4077 veniat,
1912 4010 2026 4080 jam

429 4119 734 4179 precamur.
768 4102 966 4160 Veniat
1004 4109 1187 4158 autem
1218 4101 1406 4167 nobis,
1439 4116 1546 4157 non
1589 4100 1664 4156 illi
1690 4101 1784 4172 qui
1812 4116 2028 4172 semper

431 4204 725 4268 conregnat
768 4193 915 4249 Patri
956 4208 1090 4260 suo,
1135 4208 1351 4264 semper
1391 4199 1580 4261 regnat
1621 4192 1674 4246 in
1704 4189 1898 4258 Patre;
1930 4192 2026 4248 sed

430 4288 615 4344 veniat
640 4287 815 4341 nobis.
856 4284 1068 4350 Venite,
1111 4281 1365 4338 benedicti
1404 4281 1582 4336 Patris
1623 4283 1748 4347 mei,
1779 4283 2025 4354 percipile

430 4396 643 4454 regnum
665 4378 799 4451 quod
820 4377 958 4432 vobis
980 4384 1220 4447 paratum
1239 4383 1316 4430 est
1336 4375 1399 4428 ab
1422 4375 1622 4446 origine
1641 4374 1820 4429 mundi
1839 4373 2017 4446 (Matt.

429 4469 516 4540 v).
547 4469 802 4534 Dicimus,
834 4467 1022 4534 Veniat
1041 4483 1254 4539 regnum
1275 4476 1434 4520 tuum.
1461 4463 1530 4520 Ut
1557 4467 1636 4522 sic
1661 4466 1804 4522 Deus
1833 4475 2024 4538 regnet

429 4562 487 4620 in
515 4563 702 4628 nobis,
733 4572 998 4632 quatenus
1039 4559 1093 4615 in
1134 4559 1290 4615 nobis
1334 4558 1548 4615 desinat
1584 4575 1730 4616 mors
1769 4575 2018 4632 regnare,

2131 3366 2225 3436 qui
2255 3366 2420 3422 totius
2447 3367 2574 3423 mali
2603 3376 2660 3424 et
2687 3376 2878 3424 auctor
2905 3377 3006 3436 est,
3039 3379 3094 3426 et
3121 3371 3275 3441 origo
3302 3389 3316 3426 :
3348 3369 3584 3427 diabolus
3617 3385 3726 3426 na-

2130 3465 2252 3514 tura
2272 3459 2505 3515 cmlestis
2528 3460 2658 3526 fuit;
2683 3477 2826 3518 nunc
2853 3471 2937 3519 εει
2965 3465 3208 3534 nequitia
3228 3466 3538 3536 spiritualis,
3562 3473 3728 3523 atate

2130 3551 2306 3620 major
2333 3553 2548 3618 smculo,
2574 3555 2804 3611 nocendi
2833 3572 2932 3612 usu
2965 3557 3140 3625 tritus,
3166 3558 3396 3616 lazdendi
3423 3568 3538 3616 arte
3571 3570 3595 3598 α
3627 3577 3724 3632 pe-

2129 3643 2448 3710 ritissimus;
2479 3645 2624 3702 unde
2652 3661 2760 3703 non
2775 3646 2886 3717 jam
2914 3649 3106 3716 malus,
3122 3650 3216 3706 sed
3237 3648 3256 3689 τ
3277 3652 3476 3708 malum
3503 3652 3725 3717 dicitur.

2129 3749 2159 3788 a
2188 3750 2296 3805 quo
2325 3744 2408 3791 est
2435 3751 2595 3792 omne
2623 3738 2769 3807 quod
2797 3739 2998 3795 malum
3019 3749 3122 3797 est.
3156 3742 3292 3798 Hinc
3313 3752 3398 3798 est
3422 3745 3571 3813 quod
3601 3760 3729 3816 pro-

2129 3829 2261 3900 priis
2302 3829 2506 3884 viribus
2548 3831 2766 3886 liberari
2805 3832 2971 3889 homo
3013 3849 3122 3890 non
3164 3844 3376 3906 potest,
3417 3837 3731 3894 carnalibus

2127 3921 2354 3978 vinculis
2385 3923 2640 3992 illigatus.
2672 3921 2973 3981 Petendum
3015 3927 3172 3982 nobis
3213 3936 3297 3985 est
3323 3943 3452 3998 ergo
3495 3937 3556 3984 ut
3586 3930 3732 3988 Deus

2128 4028 2229 4069 nos
2256 4030 2287 4069 a
2317 4014 2535 4072 diabolo
2577 4017 2804 4084 liberet,
2836 4018 2929 4088 qui
2959 4028 2985 4066 ε
3015 4017 3285 4077 Christum
3316 4022 3473 4079 terris
3510 4031 3578 4078 ιιι
3611 4024 3730 4081 dia-

2127 4109 2313 4164 bolum
2345 4108 2619 4174 vinceret,
2653 4109 3032 4167 commodavit.
3064 4111 3276 4170 Clamet
3300 4114 3495 4182 homo,
3524 4115 3733 4174 clamet

2127 4201 2196 4258 ad
2214 4201 2400 4267 Deum,
2423 4202 2636 4268 clamet,
2652 4200 2843 4260 Libera
2871 4219 2972 4260 nos
3000 4220 3030 4260 a
3055 4207 3218 4272 malo,
3242 4215 3301 4262 ut
3327 4223 3358 4263 a
3385 4215 3534 4264 tanto
3555 4209 3730 4276 malo,

2125 4295 2243 4351 solo
2262 4293 2478 4351 Christo
2498 4296 2768 4362 vincente,
2793 4296 3100 4353 liberemur.
3117 4299 3278 4354 Pater
3297 4311 3468 4355 noster
3484 4303 3578 4374 qui
3601 4319 3661 4359 es
3677 4306 3734 4358 in

2126 4389 2283 4445 catis.
2325 4385 2522 4445 Orandi
2554 4390 2764 4457 thema,
2796 4391 3077 4448 materiam
3105 4395 3352 4464 petendi,
3383 4395 3734 4466 supplicandi

2125 4498 2370 4538 normam
2401 4483 2738 4554 paucissimis
2781 4485 2836 4540 in
2866 4486 3048 4541 verbis
3087 4487 3202 4558 ipse
3231 4487 3327 4542 tibi
3365 4488 3459 4558 qui
3499 4488 3610 4545 tibi
3653 4498 3737 4546 est

2125 4573 2433 4631 exorandus
2462 4574 2700 4641 indulsit,
2733 4582 2795 4632 ut
2819 4591 2887 4632 ex
2915 4577 3021 4634 hoc
3045 4586 3106 4633 tu
3132 4579 3348 4649 petendi
3379 4595 3570 4635 sumas
3601 4597 3735 4638 sen-

428 4655 641 4712 desinat
669 4669 897 4723 regnare
920 4659 1218 4723 peccatum.
1245 4651 1530 4721 Regnavit,
1563 4651 1754 4722 inquit,
1789 4668 1937 4708 mors
1957 4653 2025 4710 ab
2053 4650 2106 4713 D
2130 4682 2268 4732 sum,
2296 4666 2626 4723 intellectum
2653 4669 2962 4739 postulandi
2991 4672 3190 4742 capias,
3223 4688 3528 4729 mensuram
3567 4676 3736 4732 colli-

428 4746 600 4805 Adam
619 4761 789 4817 usque
811 4745 878 4800 ad
899 4743 1115 4817 Moysen
1139 4742 1314 4814 (Rom.
1333 4745 1411 4814 v).
1428 4741 1497 4798 Et
1515 4743 1643 4800 alibi
1664 4763 1676 4797 :
1695 4743 1814 4800 Non
1834 4757 2026 4818 regnet

501 4892 526 4920 ιι
557 4879 805 4950 Suscepit
834 4878 901 4933 ad
929 4876 1214 4934 delendum
1241 4897 1254 4932 :
1286 4895 1394 4950 non
1423 4886 1602 4935 autem
1644 4887 1934 4950 assumpsit
1961 4901 2023 4948 ut

425 4954 669 5015 haberet,
694 4948 753 5004 ut
772 4949 902 5021 dicit
929 4964 1088 5019 supra
1116 4966 1277 5006 serm.
1302 4948 1387 5004 45.
1414 4950 1470 5005 In
1489 4951 1713 5021 epistola
1736 4954 1796 5008 Ι).
1823 4948 2020 5019 Leonis

424 5025 494 5080 ad
525 5023 837 5077 Flavianum
877 5019 1073 5093 dicitur
1109 5039 1122 5074 :
1164 5022 1458 5093 Assumpsit
1489 5019 1711 5093 formam
1748 5031 1880 5084 serui
1905 5033 2021 5089 sine

426 5094 576 5151 sorde
614 5095 828 5166 peccati.
875 5091 1014 5166 ideo
1053 5093 1318 5166 suscepit,
1352 5091 1421 5147 ut
1448 5091 1723 5149 habetur!
1762 5095 1905 5155 Pctr.
1940 5119 2015 5158 it:

426 5162 651 5241 fucata
671 5172 849 5241 nostra
869 5164 979 5234 ipse
999 5162 1207 5241 pertulit
1224 5163 1281 5216 in
1303 5180 1511 5233 corpore
1524 5179 1616 5218 suo
1630 5181 1783 5234 super
1796 5170 2012 5241 lignum.

424 5235 492 5290 Et
521 5235 563 5290 ll
590 5234 752 5308 Con:
778 5231 1026 5308 qui
1056 5248 1158 5308 no_n
1200 5231 1413 5308 noverat
1439 5231 1719 5308 peccatum,
1752 5231 2016 5308 pronobis

425 5317 689 5376 peccatum
719 5307 862 5376 (erit.
889 5302 1410 5376 id'est,__Deuspfecit
1438 5302 1606 5376 Deum
1634 5302 1761 5361 esse"
1782 5311 2015 5371 hostiam

462 5373 786 5456 ro_peccato.
984 5373 1234 5456 Bellafm.
1261 5374 1311 5428 in
1341 5389 1424 5456 ex;
1449 5375 1570 5456 os‘it.
1599 5377 1794 5456 psalmi
1824 5399 1934 5448 χχι,
1964 5386 2011 5441 ι,

452 5452 487 5523 ξ.
515 5442 826 5523 Ᾱιιῲτοείιιε
982 5461 1018 5499 ιι
1048 5445 1102 5498 in
1132 5444 1351 5509 Lucam,
1395 5445 1460 5523 de
1487 5442 2017 5523 Christohaptiz'ato

425 5519 539 5570 ait:
578 5516 720 5571 Unus
751 5518 979 5571 omnium
1007 5525 1219 5588 peccata
1246 5517 1486 5588 suscepit,
1518 5525 1577 5568 ut
1612 5517 1668 5570 in
1708 5516 2016 5582 illo-omnia

423 5597 636 5658 peccata
664 5585 1190 5658 ιρονενεηιατέΜιτΑ.

499 5656 524 5694 δ
556 5657 653 5712 Με.
676 5655 906 5722 Cicsen.,
932 5656 1002 5710 ad
1036 5666 1192 5712 tuam.

2126 4773 2223 4830 gas
2268 4757 2626 4830 impetrandi,
2673 4767 2732 4815 et
2774 4761 3091 4819 brevissimo
3139 4765 3444 4832 magisterio
3491 4768 3741 4839 orandi,

2125 4891 2479 4979 Βειιεῌηοδίε
2531 4901 2589 4979 et
2640 4894 2847 4979 majora
2892 4907 2950 4954 et
2994 4899 3270 4979 liberalius
3315 4903 3584 4970 remittit,
3652 4909 3747 4964 sed

2122 4964 2395 5090 ξοηᾴἐέἰιῖς
2427 4964 2574 5035 quod
2613 4967 2660 5022 si
2689 4964 2809 5022 aliis
2857 4985 2966 5026 non
3011 4971 3375 5029 remiserimus
3412 4989 3516 5030 nec
3565 4964 3748 5034 nobis

2152 5050 2256 5091 emi
2309 5052 2336 5090 e
2367 5052 2447 5090 ur.

2195 5077 2582 5184 3"A'Eéi'isiinus
2609 5124 2620 5160 :
2646 5106 2777 5184 on
2802 5111 2938 5184 enim
2971 5130 3061 5182 per
3093 5131 3147 5168 se
3167 5115 3333 5184 ipsum
3352 5115 3562 5171 inducit
3593 5119 3745 5175 Deus

2119 5179 2184 5302 ἓξ
2199 5178 2548 5300 ιειιιαιξΐηεηι,
2571 5178 2666 5233 sed
2684 5179 2859 5235 induci
2891 5178 3086 5253 patitur
3103 5178 3218 5239 eunt
3236 5203 3381 5260 quem
3397 5203 3495 5245 suo
3514 5193 3747 5248 auxilio

2186 5263 2377 5302 seruem
2407 5288 2420 5300 .

2186 5263 2420 5302 seruerit.

2196 5327 2220 5393 ε
2249 5317 2346 5393 bis:
2378 5315 2609 5385 Caesen.,
2628 5323 3074 5393 promptissimus.

2199 5387 2218 5426 τ
2249 5387 2382 5443 Vide
2406 5397 2589 5444 notam
2621 5387 2688 5445 l5
2714 5387 2874 5448 serm.
2901 5395 2986 5448 67.

2195 5469 2220 5507 ις
2251 5459 2523 5540 Nota-vim
2546 5461 2705 5530 hujus
2726 5464 2875 5540 verbi
2898 5467 3264 5540 commodauit;
3288 5470 3394 5527 hoc
3412 5479 3518 5540 est,
3543 5471 3750 5532 fruen-

2120 5529 2433 5616 dum'ded‘it.
2453 5530 2508 5584 ln
2532 5529 2874 5616 commodato
2895 5538 3092 5616 etenim
3115 5529 3356 5616 redditur
3375 5529 3523 5599 idem
3547 5529 3750 5616 ipsum

2121 5601 2385 5685 specie‘et
2400 5617 2640 5685 Homero
2670 5605 2818 5685 quod
2847 5606 3459 5685 {uersiculinnodatum,
3489 5601 3753 5685 ut

2119 5678 2239 5745 toto
2270 5672 2367 5745 tit.
2396 5670 2450 5745 θ’.
2495 5670 2840 5745 commodati.
2875 5674 2964 5732 Sic
2989 5677 3235 5737 Christus
3281 5670 3752 5745 ιειτίεέοιιὶιῖἆξ

501 5726 744 5820 f__1_’eu§s_
756 5728 1467 5820 ειῙξρξεξξςιειιξςξεξεᾷῖρξξεε
1475 5730 1615 5820 sicut
1637 5739 1688 5786 et
1687 5749 1801 5820 ¹μοι
1829 5736 2010 5819 dimit-
2114 5742 2273 5820 datus
2317 5726 2551 5820 dicitur,
2574 5726 2965 5816 ᾳίίἰεὶξὶιὲὺίῖςίό
2997 5726 3234 5808 ista“;
3271 5726 3762 5820 ἐῖᾝόὦῖιὶἒωιῖξ

426 5796 1049 5894 E‘Eﬁszf‘i'ljiﬁ'ifﬁf‘iﬁ
1067 5799 1824 5894 Ἦ99.ιὶ¹¹3,1“ε¹ἐξὲίὲθῖξίέίε,9εεμε
1864 5809 2006 5894 imi"!
2113 5813 2356 5894 99mm
2404 5796 2547 5874 ίίιειίι
2581 5796 2775 5894 ἱρεὲίο
2811 5829 2866 5875 ει
2905 5796 3610 5886 ηυιιῖὲῖῖὲῖπειῖ
3627 5796 3752 5890 ἑςῗ

426 5868 663 5932 perlecta
688 5869 934 5940 remittit,
957 5869 1052 5928 sed
1070 5869 1355 5928 rationem.
1378 5871 1494 5931 Non
1514 5880 1596 5928 est
1625 5877 1827 5947 regula.
1862 5880 2007 5947 quod
2115 5868 2279 5940 Μιτὶ.
