3882 6356
159 307 248 365 ⁸01
1544 301 1774 360 SERMO

1879 304 2001 362 (XI.
2531 256 2542 260 γ’
2699 269 2705 280 ⁸
3323 315 3434 376 λος

160 421 466 485 latissimam
491 421 676 494 capias
702 419 1075 494 disciplinam;
1106 429 1136 460 ι
1162 421 1322 478 simul
1341 422 1468 492 quia
1498 421 1566 478 ad
1588 437 1738 478 amo-
1763 423 1817 486 Α
1841 437 1962 479 esse
1987 423 2056 481 de
2075 423 2227 482 caelis
2246 426 2270 482 ?
2290 424 2432 496 Ergo
2463 427 2738 486 caelestem
2759 429 2925 486 vitam
2943 435 3184 486 monstra
3199 427 3254 484 in
3274 429 3437 487 habi-

159 518 226 575 rls
249 513 509 571 indicium
548 527 647 568 rex
674 513 792 584 ipse
817 511 998 568 ofﬁcio
1027 511 1242 569 functus
1269 521 1353 568 est
1380 513 1648 578 advocati,
1680 520 1742 570 ut

159 622 338 683 preces
363 605 558 678 quibus
583 604 614 644 δ
643 620 1004 677 responsurus
1029 612 1148 661 erat
1175 605 1288 677 ipse
1316 604 1561 660 dictaret.
1592 602 1741 661 Cun-

160 701 316 761 natio
333 700 518 756 ablata
544 708 628 756 est
655 698 978 770 impetrandi
998 698 1194 764 omnis,
1226 699 1390 753 immo
1410 697 1605 753 ﬁducia
1624 696 1742 754 col-

160 795 256 849 lata
281 799 372 848 est
398 798 516 847 tota
551 789 931 863 promerendi,
971 788 1190 860 quando
1231 789 1406 858 ipsum
1433 803 1494 844 se
1533 787 1662 859 legit
1689 788 1744 845 in

136 885 403 960 lprecibtts
429 883 526 953 qui
551 890 793 952 rogatur.
823 881 998 938 Metus
1025 881 1204 938 locum
1233 895 1342 936 non
1371 879 1560 947 habet,
1595 879 1686 935 ubi
1712 895 1745 936 a

162 979 311 1034 Patre
353 977 496 1033 tilias
533 977 738 1048 pietate
777 975 1073 1047 interprete
1105 972 1376 1030 desiderat
1402 987 1522 1044 qua:
1559 981 1748 1029 sancta

1845 519 2051 575 tatione
2077 528 2333 577 terrena:
2363 523 2492 593 quia
2529 525 2575 580 si
2603 523 2734 594 quid
2779 525 2833 580 in
2873 533 2927 581 te
2965 523 3193 594 gesserit
3220 530 3439 579 terrena

1845 610 2124 680 cogitatio,
2177 613 2319 668 cmlo
2355 615 2657 683 maculam,
2706 617 2915 672 caelesti
2953 616 3139 685 generi
3186 613 3442 685 iniuriam

1848 701 2095 757 intulisti.
2139 701 2513 774 Sanctiﬁcetur
2538 722 2726 761 nomen
2760 716 2920 762 tuum.
2956 706 3066 763 Nos
3105 707 3342 778 petimus
3379 712 3443 761 ut

1847 794 2150 851 sanctiﬁeet
2181 811 2378 852 nomen
2417 812 2574 853 suum
2620 797 2785 866 Deus,
2825 798 2971 869 quod
3006 799 3296 855 sanctitate
3342 813 3445 854 sua

1847 891 2021 939 totam
2047 885 2223 941 salvat
2249 894 2306 943 et
2343 885 2646 942 sanctiﬁcat
2671 897 2996 944 creaturam.
3044 886 3264 943 Fratres
3285 928 3301 954 ,
3335 886 3445 942 hoc

1848 993 2049 1034 nomen
2085 987 2170 1035 est
2208 979 2354 1050 quod
2398 995 2646 1051 superna:
2685 987 2982 1052 potestates
3013 986 3243 1052 pavent,
3283 974 3438 1049 quod

162 1077 273 1126 sunt
302 1070 618 1140 impetrare.
1849 1070 2141 1127 tremenda
2169 1071 2473 1142 suscipiunt
2498 1072 2758 1128 servitute
2784 1088 2798 1126 :
2830 1071 2936 1128 hoc
2963 1085 3162 1126 nomen
3189 1077 3274 1126 est
3299 1065 3450 1139 quod

1851 1161 2054 1218 mundo
2082 1161 2296 1234 perdito
2324 1162 2418 1218 dat
2443 1163 2712 1219 salutem:
2763 1163 2861 1219 sed
2887 1163 3122 1235 petimus
3149 1169 3211 1218 ut
3245 1175 3449 1217 nomen

1852 1253 1950 1311 Dei
1988 1263 2112 1312 actu
2153 1264 2342 1312 nostro
2382 1256 2752 1314 sanctiﬁcetur
2779 1258 2836 1314 in
2863 1257 3050 1324 nobis;
3100 1256 3258 1314 nobis
3301 1255 3451 1312 enim

1851 1346 1993 1404 bene
2013 1349 2298 1418 agentibus
2341 1348 2680 1406 benedicitur
2708 1363 2907 1406 nomen
2935 1349 3053 1417 Dei,
3102 1349 3260 1406 nobis
3307 1345 3453 1404 male

225 1427 448 1486 Ρηῐναε
475 1425 814 1496 curiﬁn“.
843 1424 939 1496 (Ῑυί
977 1440 1074 1483 V03
1100 1423 1322 1482 άοηθνίι
1347 1422 1602 1492 crederes
1636 1423 1756 1496 il)“
1854 1439 2134 1510 agentibus
2167 1439 2589 1511 blasphematur.
2617 1441 2756 1497 Audi
2784 1440 3102 1512 Apostolum
3135 1439 3402 1498 dicentem
3431 1454 3448 1491 :

164 1537 250 1582 vos
273 1521 544 1580 docuitet
569 1535 749 1589 orare,
777 1527 832 1576 et
863 1527 1031 1576 totam
1061 1518 1279 1590 petendi
1305 1515 1533 1573 formam
1565 1517 1754 1588 paucis

1879 1529 2062 1588 Vomen
2089 1530 2187 1588 Dei
2215 1549 2308 1606 per
2323 1549 2410 1588 vos
2432 1531 2820 1604 blasphematur
2836 1534 2892 1588 in
2913 1531 3147 1605 gentibus
3171 1529 3346 1603 (Rom.
3365 1527 3449 1601 ιι).

165 1617 363 1692 MV“
390 1617 447 1672 in
474 1615 695 1672 Verbis:
726 1614 855 1686 ιιυῖει
889 1629 1013 1670 cum
1037 1621 1251 1684 νῦῑΐεηι
1283 1611 1552 1684 Donum:
1583 1610 1754 1666 multa
1857 1621 2097 1680 Petimus
2125 1637 2276 1693 ergo,
2308 1623 2542 1696 petimus
2569 1632 2631 1679 ut
2674 1631 2937 1693 quantum
2967 1637 3165 1679 nomen
3193 1621 3292 1678 Dei
3318 1635 3452 1676 san-

165 1723 320 1783 pt'ece
365 1708 510 1764 ﬁlius
555 1723 666 1764 non
710 1707 952 1772 laborat;
1001 1705 1141 1762 δίουι
1185 1705 1330 1760 enim
1375 1710 1563 1775 Ρθῑεΐθ
1609 1703 1756 1773 οοῧίῑ
1858 1725 2005 1773 ctum
2031 1723 2132 1782 est,
2164 1724 2375 1772 tantum
2403 1731 2504 1771 nos
2523 1714 2642 1785 ejus
2659 1731 2966 1771 mereamur
2993 1715 3048 1770 in
3069 1714 3270 1771 nostris
3296 1727 3454 1769 men-

167 1801 458 1858 ncoessitas
484 1799 745 1870 genitum,
761 1799 838 1854 ita
857 1805 1012 1868 urget
1029 1796 1268 1853 cbaritas
1285 1795 1417 1852 dare
1431 1795 1750 1864 genitorem.

1879 1809 2003 1866 ibus
2035 1810 2400 1866 sanctitatem.
2461 1807 2653 1864 Veniat
2687 1826 2901 1882 regnum
2943 1818 3102 1864 tuum.
3135 1807 3300 1876 Quasi
3345 1821 3457 1863 non

170 1892 323 1949 Ρδῑετ
349 1907 484 1963 ει·εο
511 1890 604 1962 ειυί
629 1899 824 1961 31’0""e
848 1896 1100 1961 Pmsmo
1133 1903 1240 1944 “0"
1271 1897 1381 1942 tam
1421 1896 1482 1942 ιιι
1517 1895 1753 1959 Deum“
1859 1917 2076 1975 semper
2114 1903 2293 1970 fuerit,
2326 1917 2392 1960 ac
2418 1902 2507 1967 sit,
2549 1903 2627 1958 sic
2665 1917 2892 1972 regnum
2931 1899 3134 1958 Christi
3174 1907 3236 1956 ut
3275 1898 3459 1954 veniat

727 1153 962 1215 SERMO
987 1153 1173 1212 LXXI.

787 1289 856 1346 In
881 1291 1134 1348 eamdem.

169 2000 326 2056 quin
350 1983 486 2054 quid
523 1991 740 2054 petatur
775 1980 1043 2048 ostendit,
1081 1989 1143 2036 ut
1170 1979 1310 2035 lilius
1345 1977 1581 2050 petendo
1614 1977 1758 2048 justa

171 2077 396 2150 placeat,
418 2077 515 2146 qui
542 2084 723 2148 potest
740 2075 902 2132 stulta
931 2073 1210 2146 postulans
1236 2072 1540 2144 displicere.
1565 2070 1760 2128 Audito

175 2172 402 2238 Patrem,
435 2180 494 2228 et
520 2186 620 2227 vos
645 2169 786 2226 ﬁlios
831 2183 952 2225 esse
974 2167 1088 2239 jam
1115 2165 1339 2233 credite,
1364 2175 1424 2222 ut
1441 2180 1562 2236 qua:
1589 2165 1761 2236 petie-

172 2267 279 2323 ritis
325 2266 730 2322 incunctanter.
756 2261 1049 2333 impetrare
1101 2259 1340 2332 possitis.
1391 2259 1529 2327 Quid
1586 2258 1763 2313 valeat

175 2357 316 2426 Ides,
359 2355 657 2414 credulitas
700 2355 832 2426 quid
874 2354 1078 2427 possit,
1118 2353 1306 2424 quanti
1352 2352 1421 2408 sit
1469 2351 1760 2420 confessio,

175 2449 328 2507 hodie
353 2456 702 2505 monstratur.
720 2447 774 2503 in
799 2447 976 2503 vobis.
1000 2444 1143 2504 Ecce
1167 2444 1444 2501 Trinitatis
1473 2445 1612 2500 trina
1632 2461 1764 2502 con-

175 2539 328 2598 feaio
355 2541 418 2596 in
445 2539 726 2597 cmlestem
765 2537 1009 2595 sobolem
1050 2537 1119 2594 de
1159 2544 1374 2593 terrena
1413 2552 1512 2592 vos
1549 2537 1766 2592 sustulit

181 2634 464 2699 servitute;
509 2647 640 2688 ecce
676 2629 810 2686 ﬁdes
833 2645 957 2701 qua:
985 2629 1159 2687 Deum
1186 2629 1368 2686 locuta
1404 2637 1490 2686 est
1531 2637 1762 2700 patrem,

181 2732 378 2796 patrem
407 2723 564 2780 vobis
591 2723 762 2779 Deum
789 2722 950 2778 hodie
977 2721 1332 2792 conquisivit;
1364 2736 1492 2778 ecce
1513 2737 1618 2777 vox
1645 2735 1766 2791 qum

183 2815 420 2874 confessa
441 2824 528 2872 est
547 2815 720 2871 Deum
739 2812 952 2880 Filium,
977 2830 1076 2870 vos
1098 2813 1192 2870 Dei
1211 2814 1492 2885 adoptavit
1518 2813 1571 2869 in
1595 2813 1764 2881 lilios;

187 2921 304 2965 ecce
325 2906 630 2964 credulitas
652 2921 774 2977 qua:
800 2905 970 2962 Deum
999 2904 1256 2977 Spiritum
1285 2905 1666 2976 proclamavit,
1697 2905 1768 2962 de

193 3001 358 3058 carnis
377 2999 682 3056 substantia
708 2999 923 3054 mortali
949 2998 1004 3054 in
1025 2997 1243 3055 vitalem
1263 2996 1496 3070 Spiritus
1521 2998 1769 3054 substan-

199 3093 318 3148 tiam
340 3108 438 3148 vos
459 3092 713 3148 mutavit.
743 3089 874 3159 Quis
912 3091 1133 3163 pietatis
1174 3099 1339 3147 tantae
1376 3092 1569 3162 dignus
1614 3093 1768 3148 inve-

1859 2013 2005 2055 nunc
2031 2013 2308 2068 rogamus.
2351 1996 2420 2052 Et
2447 1999 2538 2054 ubi
2580 2008 2664 2054 cst
2697 1999 2872 2055 illud?
2921 1997 3155 2071 Regnum
3185 1995 3284 2051 Dei
3315 1996 3461 2051 intra

1860 2105 1950 2147 vos
1971 2101 2048 2146 est
2069 2089 2220 2162 (Luc.
2245 2089 2394 2159 xvn).
2425 2088 2574 2146 Inter
2600 2106 2701 2146 nos
2728 2099 2811 2146 est
2839 2088 2963 2156 ﬁde,
2991 2088 3088 2146 sed
3107 2097 3168 2144 ut
3185 2103 3248 2144 re
3275 2087 3462 2142 veniat

1863 2182 2246 2253 supplicamus.
2299 2179 2536 2246 Fratres,
2587 2181 2845 2251 quamdiu
2890 2179 3139 2236 diabolus
3164 2177 3316 2234 vario
3365 2188 3463 2231 ne.

1864 2272 2158 2344 quitiarum
2211 2287 2440 2344 genere,
2491 2273 2807 2329 multimoda
2855 2281 2972 2329 arte
3020 2270 3242 2328 fallendi
3277 2281 3466 2326 rerum

1865 2366 2039 2422 aciem
2066 2365 2269 2430 turbat,
2292 2380 2486 2421 sensus
2505 2364 2808 2430 hominum,
2841 2378 3133 2434 moresque
3160 2358 3462 2424 confundit,

1865 2456 2018 2513 saevit
2046 2456 2222 2520 idolis,
2252 2456 2552 2526 sacrilegiis
2581 2455 2730 2523 furit,
2781 2454 2918 2510 fallit
2958 2453 3216 2523 auguriis,
3257 2451 3467 2507 divina-

1867 2549 2015 2606 tione
2042 2551 2320 2617 mentitur,
2352 2550 2520 2619 signis
2553 2548 2776 2621 decipit,
2813 2549 2990 2604 illudit
3035 2547 3216 2613 astris,
3255 2551 3468 2617 specta-

1866 2640 2004 2698 culis
2025 2651 2278 2713 occupat,
2310 2641 2522 2698 obsidet
2548 2642 2714 2707 vitiis,
2746 2641 2988 2713 peccatis
3033 2639 3302 2702 vulnerat,
3353 2637 3468 2693 cri-

1866 2733 2102 2789 minibus
2147 2735 2388 2802 sauciat,
2443 2734 2828 2806 desperatione
2875 2732 3206 2805 prosternit,
3267 2729 3472 2786 Christi

1867 2839 2092 2896 regnum
2119 2825 2405 2896 prolongat
2433 2835 2489 2882 et
2508 2825 2780 2882 absentiat
2799 2841 2832 2880 a
2863 2825 3040 2882 nobis.
3066 2821 3305 2880 Petimus
3335 2835 3467 2890 ergo

1869 2926 1930 2976 ut
1956 2919 2140 2975 veniat
2169 2927 2382 2990 tempus
2416 2934 2546 2991 quo,
2590 2919 2720 2976 mali
2747 2919 2889 2976 tanti
2923 2927 3146 2976 auctore
3175 2925 3470 2989 pereunte,

1869 3009 2104 3066 mundus
2126 3018 2290 3074 totus,
2325 3020 2575 3066 creatura
2600 3019 2713 3065 tota
2733 3053 2748 3077 ,
2783 3019 2954 3065 totam
2974 3009 3142 3066 solius
3167 3006 3366 3063 Christi
3388 3021 3476 3061 rc-

1869 3109 2000 3171 gnet
2026 3110 2083 3157 et
2112 3102 2413 3173 triumphet
2441 3101 2509 3157 ad
2540 3101 2798 3170 gloriam;
2830 3110 2887 3156 et
2915 3098 3010 3156 ﬁat
3036 3099 3181 3170 quod
3209 3099 3471 3168 sequitur,

193 3183 361 3241 Ωίοωΐ
387 3185 665 3241 ³³881⁸10ΐῖ
697 3183 840 3240 Deus
869 3181 1031 3241 Ρθιει·
1059 3183 1306 3241 homines
1323 3183 1576 3255 disnallﬂ‘
1595 3184 1767 3242 ιιωτε-
1794 3199 1839 3262 c
1871 3200 1931 3248 ut
1949 3193 2088 3248 sicut
2129 3193 2183 3248 in
2217 3194 2377 3258 caelo,
2410 3194 2484 3248 ita
2507 3194 2638 3248 etin
2669 3201 2814 3248 terra
2856 3207 2960 3247 una
3008 3190 3222 3248 Domini
3261 3190 3334 3245 sit
3377 3204 3476 3244 vo-

189 3275 296 3345 bs,
314 3277 458 3334 Deus
487 3276 658 3332 Filius
685 3291 798 3332 non
825 3275 1146 3346 dedignatur
1171 3275 1418 3332 servulos
1435 3275 1768 3342 cohteredes,

183 3367 320 3428 Deus
345 3367 586 3440 Spiritus
609 3383 830 3426 carnem
862 3377 1168 3426 consortem
1207 3368 1504 3424 divinitatis
1529 3369 1772 3436 assumit,

194 3460 250 3518 ﬁt
260 3463 448 3520 otelum
461 3462 736 3534 possessio
751 3470 1109 3529 terrenarum,
1133 3471 1191 3518 et
1203 3460 1388 3519 inferis
1406 3461 1780 3533 addictijuris-

193 3555 417 3614 dictione
443 3556 816 3628 suscipiuntur
841 3555 898 3610 in
916 3556 1183 3627 supernis,
1207 3555 1470 3627 Apostolo
1487 3556 1776 3627 probante,

192 3650 454 3708 umidicit
477 3668 492 3705 :
515 3651 600 3706 An
627 3650 836 3706 nescitis
867 3650 990 3722 quia
1015 3649 1228 3722 angelos
1253 3648 1638 3721 judicabimus!
1667 3647 1778 3706 Vo-

195 3751 304 3798 cate
329 3756 460 3812 ergo
502 3741 676 3798 Deum
715 3750 960 3813 patrem,
1003 3755 1209 3811 vosque
1234 3741 1281 3796 si
1320 3741 1562 3798 nondum
1602 3749 1777 3808 natos,

189 3832 294 3905 iam
313 3817 494 3892 tamen
521 3833 835 3904 designatos
861 3832 1002 3890 ﬁlios
1029 3849 1152 3890 esse
1174 3833 1288 3905 jam
1315 3833 1541 3900 credite,
1571 3841 1630 3890 et
1654 3833 1781 3890 date

193 3941 408 3998 operam
451 3936 724 3997 quatenus
761 3927 833 3983 sit
876 3926 1046 3996 vobis,
1069 3927 1306 3984 calcatis
1331 3927 1462 3993 vita,
1493 3927 1603 3982 sint
1628 3925 1784 3982 vobis

195 4015 354 4074 divini
378 4033 582 4086 mores,
607 4026 664 4074 et
682 4016 853 4076 forma
882 4018 1100 4075 deitatis
1121 4027 1236 4075 tota
1257 4027 1437 4075 vestra
1466 4019 1784 4090 praeferatur

196 4107 248 4164 in
273 4106 470 4176 forma;
517 4109 648 4179 quia
685 4109 921 4168 caelestis
965 4107 1129 4166 Pater
1165 4109 1557 4182 respondentes
1597 4111 1786 4181 generi

200 4198 334 4258 ﬁlios
356 4201 674 4260 muneribus
697 4202 834 4258 ditat
858 4202 1074 4269 divinis,
1097 4202 1488 4273 degenerantes
1502 4201 1570 4258 ad
1598 4218 1786 4273 [imita-

197 4289 300 4350 letn
326 4301 547 4348 revocat
571 4292 906 4348 servitutem.
937 4292 1100 4349 Pater
1127 4303 1305 4350 noster
1332 4294 1420 4367 qui
1448 4309 1502 4350 es
1533 4295 1587 4349 in
1623 4293 1782 4349 cretis.

201 4382 581 4444 Summberet
625 4386 956 4444 conscientia
1000 4387 1240 4452 servilis,
1289 4394 1502 4444 terrena
1549 4387 1788 4443 conditio

201 4474 516 4543 solveretur,
548 4475 653 4532 nisi
690 4492 790 4532 nos
816 4477 885 4533 ad
913 4477 1058 4534 hunc
1093 4476 1384 4533 clamorem
1411 4477 1577 4548 ipsius
1611 4476 1788 4533 Patris

1875 3284 2074 3340 luntas.
2107 3283 2192 3340 Sit
2245 3293 2392 3340 terra
2449 3285 2647 3341 caelum
2671 3325 2687 3352 ,
2737 3284 2846 3340 vita
2878 3281 3039 3350 Deus,
3071 3291 3282 3353 tempus
3315 3289 3477 3336 mter-

1873 3377 2036 3440 nitas,
2065 3378 2243 3447 patria
2275 3377 2512 3446 requies,
2539 3392 2735 3433 census
2771 3376 3111 3442 innocentia,
3161 3375 3338 3430 honor
3375 3373 3476 3428 im-

1873 3467 2194 3534 mortalitas,
2233 3465 2260 3506 (ι
2293 3468 2465 3538 gloria
2507 3469 2750 3536 castitas,
2801 3467 2945 3524 Deus
2973 3475 3167 3522 totum.
3217 3463 3436 3520 Addidit
3457 3503 3473 3528 ,

1878 3559 2079 3615 Panem
2124 3569 2357 3616 nostrum
2399 3561 2760 3634 quotidianum
2798 3559 2868 3616 da
2925 3559 3076 3615 nobis
3114 3556 3284 3614 hodie.
3347 3555 3478 3610 Post

1875 3653 2261 3724 paternitatem
2303 3653 2418 3718 Dei,
2451 3661 2577 3724 post
2621 3653 2789 3710 divini
2830 3651 3068 3708 nominis
3111 3649 3475 3712 sanctitatem,

1877 3752 2004 3816 post
2022 3743 2144 3800 caeli
2173 3756 2422 3811 regnum,
2455 3745 2830 3813 quotidianum
2860 3758 3058 3815 panem
3098 3741 3354 3812 iubemur
3379 3753 3478 3794 ex-

1877 3851 2126 3908 poscere.
2156 3833 2403 3891 Christus
2451 3835 2711 3892 oblivioni
2757 3850 2866 3891 non
2913 3832 3176 3902 subiacet,
3233 3825 3481 3886 Christus

1879 3929 2157 3984 mandatis
2183 3927 2295 3981 suis
2323 3927 2596 3981 contraria
2628 3941 2738 3981 non
2775 3923 3101 3988 demandat;
3146 3922 3262 3992 ipse
3303 3919 3477 3974 dixit:

1884 4018 2066 4076 Nolite
2083 4018 2291 4074 solliciti
2314 4035 2424 4073 esse
2443 4019 2634 4072 anima:
2667 4025 2852 4071 vestra:
2884 4014 3007 4087 quid
3033 4012 3354 4068 manducetis
3388 4015 3484 4064 aut

1882 4114 2008 4187 quid
2045 4112 2233 4167 bibatis
2264 4109 2482 4182 (Matth.
2523 4110 2619 4178 vi).
2645 4107 2753 4164 Sed
2779 4109 2905 4178 quia
2935 4108 3049 4177 ipse
3079 4111 3161 4159 est
3197 4102 3357 4175 panis
3384 4100 3482 4170 qui
3519 4163 3526 4170 δ

1883 4205 1952 4260 de
1980 4205 2120 4261 coelo
2147 4203 2426 4260 descendit
2455 4201 2636 4275 (Joan.
2679 4202 2772 4267 vi),
2797 4201 2890 4271 qui
2917 4199 3048 4266 legis
3070 4205 3126 4254 et
3151 4197 3337 4266 gratia:
3364 4210 3484 4250 mo-

1877 4299 1938 4354 ‘la
1967 4307 2184 4370 aptatus
2211 4305 2295 4353 est
2323 4298 2376 4351 in
2419 4295 2666 4362 farinam,
2717 4295 2812 4365 qui
2856 4293 3036 4350 crucis
3081 4291 3362 4346 confectus
3401 4293 3485 4343 est

1885 4388 2158 4461 passione,
2186 4387 2280 4457 qui
2309 4401 2516 4456 magum
2547 4385 2766 4458 pietatis
2800 4382 3151 4440 fermentatus
3178 4388 3261 4436 est
3304 4394 3487 4436 sacra-
3535 4451 3542 4470 |

1880 4490 2094 4549 mento,
2123 4480 2218 4551 qui
2261 4489 2286 4518 ο
2315 4478 2718 4550 conspersionis
2745 4478 2880 4534 levis
2910 4477 3273 4532 levamentum
3304 4479 3486 4527 sustu-

203 4569 508 4637 auctoritas,
540 4567 710 4640 ipsius
736 4567 857 4626 Filii
895 4569 1125 4640 Spiritus
1156 4569 1434 4625 excitaret.
1480 4567 1660 4637 Misit,
1691 4570 1784 4637 ait,
1818 4582 1867 4642 ι)
1889 4574 1954 4630 lit
1980 4573 2048 4630 de
2075 4572 2346 4643 sepulcro,
2369 4571 2464 4642 qui
2484 4578 2546 4626 ut
2589 4569 2887 4626 divinitatis
2917 4583 3029 4624 suae
3057 4567 3240 4623 calore
3286 4579 3487 4634 coque-

201 4657 339 4716 Deus
375 4659 633 4732 Spiritum
668 4659 798 4718 Filii
832 4664 915 4718 sui
957 4664 1014 4718 in
1050 4662 1211 4718 corda
1253 4671 1432 4718 nostra
1471 4664 1782 4719 clamantem

199 4751 344 4807 Abba
373 4751 551 4809 Pater.
584 4763 609 4793 ε
641 4751 905 4810 Lassescit
930 4769 1101 4820 mens,
1130 4768 1258 4810 caro
1287 4762 1472 4811 nostra
1499 4753 1680 4811 deﬁcit
1719 4753 1799 4812 ad.

190 4840 398 4909 divina,
428 4844 531 4900 nisi
572 4843 717 4900 Deus
759 4859 880 4914 quae
925 4843 1040 4901 ﬁeri
1082 4845 1236 4915 jubet
1273 4845 1494 4917 impleat
1537 4845 1653 4919 ipse
1695 4846 1791 4917 qui

205 4931 368 5002 jubet.
398 4933 627 5003 Quando
655 4950 782 4992 ausa
812 4937 1114 4993 mortalitas
1142 4936 1313 4994 Deum
1339 4953 1539 4995 vocare
1576 4947 1788 5010 patrem

143 5037 146 5040 ‘
209 5025 312 5082 nisi
337 5026 516 5093 modo,
547 5027 763 5097 quando
789 5043 1026 5099 superna
1054 5029 1255 5086 virtute
1283 5029 1518 5087 hominis
1546 5031 1790 5088 animan-

213 5122 298 5172 tur
315 5118 562 5175 interna?
588 5117 751 5175 Pater
777 5129 954 5176 noster
977 5122 1064 5194 qui
1091 5136 1146 5175 es
1171 5123 1228 5175 in
1247 5120 1406 5176 caelis.
1438 5119 1632 5190 Homo,
1663 5122 1794 5194 quid

212 5223 490 5268 commune
515 5228 642 5270 cum
667 5215 828 5271 terris
855 5213 990 5281 tibi,
1034 5217 1128 5286 qui
1167 5214 1445 5273 conﬁteris
1485 5215 1581 5273 tibi
1625 5231 1796 5290 genus

289 5365 511 5445 ξειίαπι

201 5507 258 5516 ._
285 5435 313 5478 δ
336 5438 410 5496 ita
437 5435 660 5516 corrigit
687 5439 977 5509 Meursius,
1009 5448 1068 5498 ut
1113 5448 1196 5498 est
1241 5442 1296 5498 in
1342 5440 1579 5500 editione
1623 5442 1798 5516 prima

215 5507 416 5585 Bonan.
448 5507 1274 5585 Editifere_omnes,'responsus.

292 5589 314 5620 ο
337 5580 593 5656 Heinsius
608 5583 931 5653 corrigebat,
953 5580 1213 5656 [Increscit
1231 5601 1392 5656 mens.
1424 5582 1802 5656 Sanctiﬁcetur

218 5650 484 5725 iubebis.
537 5650 886 5725 Augustinus,
918 5650 1098 5712 ’serm.
1151 5655 1280 5712 olim
1319 5653 1387 5709 48
1426 5655 1494 5712 de
1537 5657 1792 5724 Diversis,

219 5735 356 5780 nunc
383 5722 529 5800 56st
557 5722 662 5778 ὅτε
696 5723 813 5800 ﬂoc
851 5742 1026 5800 rogas,
1061 5727 1200 5800 quod
1236 5743 1437 5800 semper
1460 5739 1705 5800 sanctum
1741 5722 1800 5782 in

223 5806 298 5858 se,
324 5795 665 5867 sanetiﬁcstur
688 5797 746 5852 in
777 5807 825 5853 te
836 5813 856 5864 ,°
895 5795 953 5854 id
989 5795 1085 5855 est'
1105 5795 1355 5854 sanctum
1370 5797 1651 5880 habeatur,
1692 5815 1800 5855 non

1885 4673 2055 4733 retur,
2087 4665 2203 4736 ipse
2222 4663 2494 4720 clibanum
2520 4661 2736 4718 decoxit
2765 4658 2980 4726 inferni,
3002 4658 3096 4729 qui
3123 4657 3191 4713 ad
3212 4656 3486 4714 caelestem

1891 4758 2071 4817 cibum
2090 4755 2437 4828 quotidianus
2465 4753 2720 4811 Ecclesia:
2747 4752 2986 4809 defertur
3012 4751 3082 4807 ad
3101 4764 3364 4813 mensam,
3394 4745 3486 4816 qui

1893 4851 1950 4908 in
1979 4851 2352 4908 remissionem
2379 4847 2643 4918 frangitur
2669 4853 3037 4918 peccatorum,
3068 4843 3162 4912 qui
3184 4841 3409 4898 edentes
3428 4851 3488 4893 se

1893 4950 2213 5015 perpetuam
2238 4941 2414 5012 pascit
2441 4947 2499 4995 et
2525 4937 2730 4995 enutrit
2751 4936 2819 4993 ad
2846 4937 3010 4991 vitam
3034 4974 3051 4999 ,
3100 4931 3246 4987 hunc
3290 4941 3489 5000 panem

1895 5032 2139 5104 quotidie
2167 5031 2324 5088 nobis
2351 5031 2469 5088 dari
2496 5032 2749 5103 petimus,
2773 5027 2949 5084 donec
2978 5025 3071 5082 illo
3091 5023 3146 5080 in
3175 5022 3262 5078 die
3287 5036 3489 5094 perpe-

1898 5133 1994 5182 tuo
2019 5125 2378 5197 perfruamur.
2413 5122 2482 5179 Et
2503 5124 2705 5179 dimitte
2733 5120 2883 5176 nobis
2923 5118 3094 5174 debita
3132 5124 3309 5169 nostra
3354 5115 3492 5168 sicut

1900 5228 1954 5277 et
1979 5237 2073 5276 nos
2107 5219 2414 5275 dimittimus
2444 5215 2758 5274 debitoribus
2785 5213 2997 5268 nostris.
3039 5207 3232 5274 Homo,
3270 5205 3289 5246 ¹
3319 5221 3491 5279 penes

1899 5381 2273 5430 contemnatur.

1977 5443 2003 5480 ⁶
2042 5443 2211 5507 Quam
2233 5441 2392 5507 male,
2414 5439 2558 5498 bone
2584 5437 2728 5496 Deus
2749 5436 2764 5490 l
2787 5432 3041 5507 Plurima:
3057 5429 3324 5507 editiones
3337 5447 3357 5507 _:
3379 5428 3491 5507 νς..

1906 5524 2031 5572 neta
2053 5499 2316 5582 Sunium,
2359 5499 2617 5582 Lugdun.
2655 5505 2924 5582 Durandi,
2947 5501 3140 5582 colon.
3179 5499 3488 5582 Hem-tingii,

2059 5567 2716 5658 furia—eas'titasjntgdun.
2731 5567 3040 5658 Landriani,
3067 5580 3291 5629 curante
3311 5567 3493 5628 Theo;

1903 5646 2069 5730 philo:
2094 5653 2420 5730 Raynaudo,
2445 5646 2611 5730 habet
2633 5666 2758 5730 cura
2787 5646 3080 5730 castitati
3264 5722 3279 5730 Α
3316 5713 3331 5730 1
3395 5715 3408 5726 .

1981 5736 2005 5766 ο
2043 5725 2101 5781 ιη
2132 5712 2425 5792 nonnullis,
2469 5723 2610 5792 sicut
2637 5729 2694 5776 et
2714 5719 2891 5792 inuis.
2933 5714 3106 5792 Vatis.
3131 5712 3282 5792 deest
3311 5713 3454 5770 leuis.

1981 5795 2004 5836 ί
2041 5783 2423 5870 Explicandus'
2439 5803 2524 5851 est
2553 5790 2921 5862 Chrysologus
2951 5803 3021 5849 ex
3050 5786 3369 5860 Augustino,
3398 5783 3492 5856 qui
