3942 6348
197 321 304 379 tos
1646 333 1879 403 statio
1915 337 2148 406 Lxxtlt.
3384 371 3486 429 tos

194 457 472 549 inanitatis
499 451 756 522 lneli’abm
777 465 940 525 modo
969 481 1075 526 una
1099 478 1154 528 ei
1173 473 1501 544 sempiterna
1516 475 1789 546 cognatio,
1818 453 1866 521 Δ
1895 465 2147 529 Matini,
2181 464 2460 536 totamque
2494 468 2546 523 in
2574 479 2632 526 se
2673 472 2824 543 regni
2843 475 3085 532 continet
3122 483 3480 549 potestatem;

190 545 259 604 Et
280 550 502 621 quidem
523 549 744 615 usitatis
763 571 890 632 erga
923 579 1022 619 nos
1042 561 1282 635 dignatio
1307 573 1455 624 tanta
1477 576 1578 635 est,
1595 545 1662 626 ut
1682 570 1786 630 sci-
1889 553 1984 610 θεά
2013 557 2103 625 qui
2138 565 2238 614 ηοξ
2270 561 2385 614 νυιι
2413 561 2480 617 ad
2507 567 2827 634 promissam
2861 570 3010 639 regni
3040 545 3265 640 gloriam
3288 545 3480 644 perch

188 657 248 699 re
278 657 517 717 nequﬁat
541 649 669 724 quid
700 653 1035 724 potissimum
1068 657 1251 713 mirari
1280 658 1474 714 debeat
1497 666 1781 718 creatura:

188 741 371 800 uirum
393 745 539 815 quod
560 762 618 802 se
647 745 788 804 Deus
817 749 883 803 ad
907 755 1145 806 nostram
1175 749 1423 825 deposuit
1442 756 1779 830 servitutem,

187 851 255 890 an
269 837 417 906 quod
441 853 539 893 nos
554 837 620 893 ad
637 855 745 894 suae
760 839 1053 897 divinitatis
1076 845 1255 915 rapuit
1278 845 1612 918 dignitatem.
1644 847 1782 912 Hinc

187 935 288 991 est,
323 927 511 994 homo,
543 932 688 1002 quod
722 939 774 988 te
794 932 1049 990 divinitus
1071 935 1414 1008 adhortatur,
1449 952 1471 977 ⁸
1502 942 1598 1018 qui
1626 945 1780 1000 tanto

185 1036 328 1075 nunc
349 1028 445 1077 tuo
459 1038 644 1079 amore
660 1019 992 1093 flammatur;
1016 1025 1160 1099 quod
1189 1029 1365 1088 adhuc
1386 1033 1437 1089 in
1462 1041 1619 1091 utero
1642 1051 1778 1094 voce

181 1123 333 1170 tuate
359 1111 501 1172 Deus
522 1114 808 1190 adoptatio
826 1117 1012 1190 lilium;
1029 1121 1175 1191 quod
1197 1127 1250 1178 te
1266 1142 1370 1182 non
1391 1123 1503 1182 ﬁeri
1518 1127 1691 1186 solum
1706 1127 1775 1184 li-

179 1205 373 1264 berum
388 1208 500 1264 vult
515 1210 621 1278 ille,
638 1211 733 1267 sed
745 1215 913 1278 nasci;
927 1216 1071 1285 quod
1091 1215 1260 1288 ipsam
1277 1229 1500 1294 propter
1514 1229 1566 1276 te
1581 1239 1769 1278 manu-

177 1299 344 1355 mittit
376 1311 643 1371 naturam,
683 1321 752 1360 ne
780 1320 941 1376 quem
972 1324 1200 1374 naevum,
1235 1327 1303 1368 ne
1317 1328 1477 1384 quam
1507 1313 1772 1372 maculam

175 1394 424 1466 imponat
453 1403 604 1452 ortus
633 1398 872 1468 pristina:
893 1401 1187 1458 servitutis.
1221 1401 1265 1457 Ο
1292 1419 1391 1459 vos
1412 1403 1618 1474 beatos,
1651 1409 1771 1479 qui—

173 1486 271 1542 bus
291 1487 567 1543 dominari
583 1485 766 1546 datum
783 1497 866 1547 est
887 1499 1013 1548 ante
1033 1509 1195 1564 quam
1219 1498 1386 1562 nasci,
1406 1508 1528 1554 ante
1548 1517 1770 1568 regnare

171 1595 333 1650 quam
379 1579 580 1646 vivere,
614 1587 739 1638 ante
781 1579 846 1638 ad
890 1583 983 1640 Dei
1015 1582 1191 1641 Patris
1230 1588 1454 1658 gloriam
1485 1594 1768 1662 pervenire

169 1687 332 1744 quam
365 1676 670 1746 prosapiam
698 1677 930 1748 propria:
957 1677 1179 1736 vilitatis
1219 1695 1533 1752 agnoscere.
1580 1681 1767 1742 Eccle-

169 1765 244 1819 sia
275 1761 409 1821 felix
438 1776 629 1836 mater,
661 1783 780 1838 qua:
807 1785 905 1826 vos
933 1770 1070 1828 tales
1090 1773 1330 1844 respicit,
1354 1789 1474 1844 qua:
1503 1792 1626 1831 cum
1655 1777 1764 1832 vir-

1887 645 2024 715 nire,
2057 653 2243 706 niunet
2271 663 2371 709 nos
2402 663 2658 727 expetere
2687 661 2936 718 omnibus
2964 663 3073 719 hoc
3102 665 3260 731 votis,
3294 667 3346 721 in
3376 655 3483 726 hoc

1885 742 1999 798 vult
2047 751 2145 799 nes
2183 745 2316 801 totis
2355 749 2624 806 mentibus
2671 753 2897 810 inhiare.
2944 754 3215 823 Quantum
3246 771 3478 830 namque

1885 841 1967 892 est
2003 839 2323 893 temerarius
2363 841 2456 909 qui
2495 840 2711 898 discutit
2743 845 2810 900 de
2849 859 3065 916 genere,
3096 860 3116 888 ε
3151 850 3373 918 ignavus
3394 855 3482 907 est

1882 926 2093 984 tantum
2134 931 2226 1000 qui
2262 943 2368 987 nun
2411 933 2629 1002 gaudet,
2661 943 2872 1002 mstuat,
2911 941 3146 1007 anhelat,
3180 957 3301 998 cum
3343 959 3475 1014 pro-

1881 1021 2100 1076 missum
2131 1023 2359 1079 intendit
2387 1032 2442 1080 et
2463 1026 2733 1096 pertendit
2753 1030 2820 1085 ad
2854 1045 3097 1100 regnum.
3133 1032 3259 1089 Fiat
3286 1037 3468 1092 uolun-

1882 1119 1960 1170 tas
1985 1123 2069 1171 tua
2091 1118 2222 1172 sicut
2242 1120 2294 1173 in
2327 1119 2450 1174 caelo
2472 1129 2523 1174 et
2551 1122 2602 1174 in
2637 1131 2791 1177 terra.
2835 1121 2985 1180 Sicut
3020 1127 3073 1180 in
3108 1128 3277 1194 coelo,
3310 1129 3388 1185 sic
3417 1139 3472 1186 et

1878 1209 1931 1266 in
1961 1219 2142 1267 terra:
2181 1222 2309 1270 tunc
2326 1213 2436 1286 jam
2467 1223 2638 1270 totum
2683 1217 2876 1273 coelum
2907 1225 3015 1285 est,
3062 1229 3188 1276 tunc
3230 1223 3338 1291 agit
3373 1221 3470 1278 Dei

1875 1313 2028 1360 mens
2056 1322 2160 1360 una
2193 1315 2399 1373 clunes,
2423 1315 2554 1364 tunc
2579 1308 2633 1364 in
2660 1307 2879 1364 Christo
2908 1327 3095 1366 omnes
3125 1320 3178 1367 et
3208 1313 3261 1368 in
3293 1315 3468 1369 omni-

1872 1398 1973 1454 bus
2000 1397 2268 1462 Christus,
2300 1397 2516 1469 quando
2555 1415 2742 1456 omnes
2784 1400 2952 1456 solius
2994 1402 3086 1457 Dei
3122 1405 3364 1473 sapiunt,
3409 1415 3466 1462 et

1871 1487 1898 1531 δ
1930 1491 2132 1550 faciunt
2171 1491 2510 1560 voluntates;
2554 1501 2684 1550 tunc
2703 1509 2891 1550 omnes
2920 1511 3102 1560 unum,
3137 1497 3299 1551 immo
3327 1512 3466 1552 unus

1871 1601 2060 1642 omnes
2088 1585 2305 1656 quando
2345 1585 2440 1641 Del
2473 1587 2693 1658 Spiritus
2723 1589 2777 1643 in
2824 1586 3075 1643 omnibus
3125 1589 3257 1643 vivit
3302 1603 3460 1645 unus.

1868 1673 2069 1732 Panem
2101 1687 2332 1732 nostrum
2361 1677 2714 1751 quotidianum
2745 1677 2811 1733 da
2841 1678 2988 1734 nobis
3020 1680 3188 1734 hodie.
3232 1679 3381 1735 Sicut
3409 1682 3463 1735 in

1867 1769 2074 1840 psalmo
2111 1788 2122 1822 :
2157 1767 2478 1825 Benedictus
2524 1769 2782 1825 Dominus
2809 1770 2877 1826 de
2909 1772 2995 1826 die
3023 1773 3263 1842 quotidie
3287 1773 3458 1844 (Paul.

168 1872 234 1930 go
255 1863 611 1930 permaneat,
655 1861 905 1932 genuisse
943 1861 1096 1931 tales,
1135 1867 1190 1920 et
1218 1872 1399 1922 tantos
1439 1884 1536 1924 vos
1585 1867 1747 1926 taliter

1871 1863 2070 1929 van);
2103 1863 2176 1918 lta
2199 1864 2317 1918 hic:
2351 1861 2550 1918 Panem
2589 1872 2822 1918 nostrum
2861 1865 3215 1937 quotidianum
3248 1865 3313 1919 du
3361 1881 3461 1921 no-

168 1966 226 2006 se
253 1952 506 2008 miratur.
532 1951 671 2009 Olim
701 1965 890 2026 partus
923 1957 1024 2013 istc
1053 1955 1479 2032 prmcedentibus
1507 1963 1761 2038 designa-

170 2051 328 2106 batur
353 2053 628 2124 exemplis.
663 2052 799 2110 Hinc
829 2064 911 2112 est
938 2055 1083 2128 quod
1112 2053 1279 2112 Jacob
1309 2059 1360 2113 in
1391 2071 1545 2115 utero
1575 2061 1763 2117 matris

171 2157 293 2202 cum
324 2143 492 2200 fratre
535 2144 768 2206 luctatur
807 2144 958 2218 (Cen.
1008 2147 1167 2218 xxv),
1218 2149 1455 2220 praeripit
1485 2159 1538 2206 et
1570 2153 1760 2206 trium-

163 2235 322 2307 phos.
363 2235 496 2292 llinc
519 2245 597 2294 est
629 2239 773 2310 quod
805 2241 854 2294 in
886 2249 1040 2295 utero
1071 2235 1304 2295 Thamar
1332 2243 1531 2310 gemini
1558 2243 1626 2298 de
1647 2244 1758 2318 pri-

164 2336 347 2384 matus
395 2329 604 2388 honorc
660 2331 1002 2403 praeliantur,
1060 2333 1337 2390 retardant
1390 2346 1604 2410 partus,
1661 2356 1758 2394 nec

159 2429 288 2483 ante
338 2422 520 2482 lucem
567 2426 792 2498 cupiunt
847 2428 1033 2484 videre
1090 2445 1254 2499 quam
1314 2431 1528 2486 vincere
1586 2429 1752 2504 (Gen.

163 2513 412 2585 uxrtu).
462 2514 599 2574 Hinc
639 2526 722 2573 est
772 2518 915 2594 quod
960 2517 1195 2578 Joannes
1235 2521 1470 2578 exsultat
1512 2531 1664 2591 ante,
1703 2533 1758 2579 et

160 2613 286 2666 ante
316 2623 423 2664 suo
453 2609 686 2668 occurrit
716 2611 924 2666 auctori
962 2613 1239 2679 genitricis
1278 2630 1344 2668 ex
1398 2624 1554 2669 utero
1594 2631 1755 2686 quam

157 2697 428 2776 procedat
454 2697 602 2774 (Luc.
637 2700 697 2772 ι).
725 2699 790 2756 Ει
812 2701 857 2756 si
879 2703 1114 2760 humana
1139 2705 1359 2774 pignora
1391 2707 1467 2760 sic
1497 2715 1620 2761 ante
1645 2705 1755 2763 Deo

159 2792 415 2868 militant,
457 2808 619 2872 quam
657 2803 950 2858 nascantur
994 2799 1326 2868 parentibus,
1371 2814 1533 2870 quam
1573 2799 1757 2862 vivant

156 2885 399 2948 saeculo;
444 2884 573 2953 quid
617 2886 812 2941 mirum
872 2887 918 2942 si
969 2881 1226 2944 Ecclesia:
1266 2890 1444 2946 divina
1493 2892 1751 2960 germina,

154 2976 198 3030 si
238 2977 359 3032 Deo
385 2993 479 3033 sua
503 2980 718 3040 soboles
757 2981 810 3042 in
840 2989 994 3042 utero
1015 2981 1219 3049 adhuc,
1264 2983 1410 3052 quod
1439 2985 1508 3038 sit
1537 2987 1754 3053 superni

151 3069 417 3137 germinis
443 3069 552 3139 jam
581 3069 819 3132 fatetur?
869 3071 1032 3133 Pater
1060 3082 1237 3134 noster
1277 3075 1364 3150 qui
1392 3091 1446 3128 es
1487 3077 1543 3128 in
1589 3075 1747 3130 caelis.

147 3161 364 3234 Stupor
390 3165 634 3234 insurgit,
653 3163 897 3223 Christus
912 3166 979 3226 de
990 3167 1086 3226 Dei
1107 3168 1275 3247 patris
1285 3155 1506 3238 pectore
1523 3178 1751 3224 matrem
1783 3217 1810 3247 λ

1869 1953 1944 2008 bis
1967 1954 2136 2008 hodie.
2171 1951 2558 2021 Quotidiauum
2595 1955 2777 2026 jugem
2827 1955 3088 2020 dicimus;
3121 1956 3264 2025 jugis
3303 1959 3461 2027 panis

1867 2047 1956 2103 ille
1978 2056 2077 2113 est,
2117 2050 2209 2118 qui
2239 2043 2306 2103 de
2335 2047 2474 2104 cmlo
2501 2047 2778 2106 descendit
2811 2069 2826 2104 :
2858 2049 2972 2123 Ego
3010 2066 3123 2105 sum
3171 2053 3321 2123 punis
3371 2053 3460 2124 qui

1865 2141 1928 2195 de
1955 2140 2080 2197 caelo
2103 2141 2367 2196 descendit
2385 2139 2562 2214 (Joun.
2582 2142 2677 2213 v1).
2705 2149 2729 2180 ⁸
2747 2141 3007 2198 Perfecta
3023 2157 3153 2211 ergo
3168 2143 3458 2198 beatitudi-

1864 2233 1947 2288 nis
1975 2243 2059 2289 est
2093 2233 2194 2288 iste
2223 2233 2416 2306 panis;
2457 2230 2638 2301 hodie,
2661 2236 2767 2290 hoc
2787 2243 2870 2291 est
2898 2236 2951 2289 in
2999 2237 3270 2306 praesenti,
3314 2237 3458 2290 illius

1863 2329 2017 2400 panis
2046 2329 2166 2383 cibo
2182 2327 2294 2398 jam
2325 2329 2508 2385 vivere
2541 2327 2845 2401 incipimus,
2877 2331 3029 2399 cujus
3071 2332 3452 2400 perpetuitate,

1861 2419 2006 2491 quod
2048 2427 2131 2476 est
2169 2419 2428 2492 quOtidie,
2473 2421 2840 2492 saginabimur
2867 2424 2920 2478 in
2961 2423 3215 2477 futurum.
3264 2421 3332 2476 Et
3369 2423 3454 2477 dt-

1862 2518 2006 2570 mitte
2034 2514 2179 2569 nobis
2211 2511 2381 2570 debita
2412 2526 2590 2570 nostra
2623 2513 2757 2570 sicut
2787 2523 2837 2570 et
2864 2531 2958 2570 nos
2990 2516 3291 2570 dimittimus
3319 2515 3457 2569 deu-

1863 2607 2055 2662 toribus
2097 2610 2304 2663 nostris.
2351 2607 2427 2663 De
2469 2605 2821 2680 supplicantis
2860 2613 3079 2679 pectore
3128 2607 3298 2661 venite
3333 2606 3454 2662 fons

1862 2711 2096 2767 emanat,
2130 2710 2183 2756 ct
2212 2701 2278 2755 ad
2301 2703 2513 2757 veniam
2541 2699 2733 2757 reﬂuet
2760 2720 2771 2753 ε
2805 2701 3066 2771 quidquid
3088 2701 3303 2771 pietatis
3321 2713 3455 2755 em-

1859 2795 2033 2859 berat,
2068 2801 2121 2850 et
2151 2792 2376 2850 ellbndit
2407 2796 2460 2850 in
2503 2794 2767 2861 alterum,
2809 2794 3028 2864 quando
3072 2793 3312 2862 indulget
3351 2790 3454 2847 sibi

1859 2893 2069 2940 tantum
2098 2895 2358 2956 quantum
2397 2883 2554 2942 alteri
2593 2887 3001 2942 condonaverit..
3035 2884 3104 2938 Et
3133 2886 3331 2939 dimitto
3355 2899 3452 2939 m—

1860 2979 1935 3032 bis
1966 2979 2134 3032 debita
2165 2989 2340 3033 nostra
2403 2981 2536 3034 sicut
2575 2989 2626 3034 et
2666 2995 2760 3034 nos
2789 2979 3094 3033 dimittimus
3137 2978 3450 3032 debitoribus

1861 3073 2072 3125 nostris.
2106 3071 2248 3125 Satis
2267 3079 2447 3140 potest
2475 3071 2640 3126 homo
2677 3069 3003 3134 misericors,
3035 3069 3128 3138 qui
3175 3083 3299 3123 cum
3337 3068 3449 3122 Deo

1859 3159 1926 3216 de
1948 3161 2148 3233 pietate
2169 3159 2433 3234 conﬂigit,
2466 3175 2588 3216 cum
2630 3167 2842 3216 tantum
2889 3161 2991 3215 sibi
3030 3159 3144 3214 dari
3189 3168 3450 3228 quantum

151 3227 340 3326 vocat,
371 3265 428 3314 et
453 3227 653 3314 fatetur
673 3257 724 3312 in
753 3265 915 3322 terra;
946 3266 1001 3318 et
1015 3227 1178 3316 homo
1198 3259 1263 3318 de
1280 3227 1636 3316 uigil-isutem
1658 3276 1752 3332 pa-
1778 3227 1825 3296 ε
1858 3227 2085 3322 dederit,
2111 3227 2372 3324 qnantum
2413 3232 2695 3308 donaverit
2728 3259 2937 3307 tantum
2965 3227 3235 3307 desiderat
3263 3258 3316 3306 et
3349 3250 3449 3306 do-

145 3357 296 3406 trem
315 3356 495 3414 vocat,
518 3355 573 3404 et
593 3343 881 3405 conﬁtetur
904 3349 958 3416 in
979 3349 1148 3416 «niis,
1176 3349 1337 3406 Pater
1349 3362 1520 3406 noster
1533 3351 1681 3426 quies
1697 3355 1750 3406 in

142 3441 320 3495 catis.
353 3438 470 3508 Quo
499 3446 553 3494 te
581 3439 743 3499 homo
783 3448 1004 3511 repente
1038 3444 1288 3522 provexit
1307 3444 1480 3514 gratia
1510 3443 1532 3498 ?
1560 3459 1667 3521 quo
1699 3455 1749 3499 te

140 3531 337 3602 rapuit
367 3532 601 3588 cmlestis
622 3535 852 3590 natura?
871 3541 931 3594 ut
957 3534 1010 3592 in
1026 3550 1190 3594 carne
1217 3535 1344 3599 etin
1368 3544 1512 3598 terra
1542 3537 1748 3606 positus

141 3623 353 3696 adhuc,
378 3631 433 3676 et
459 3639 678 3688 carnem
712 3625 826 3700 jam
872 3626 1082 3690 nescias
1116 3633 1172 3689 et
1200 3636 1431 3696 terram,
1477 3626 1738 3683 dicendo:

143 3713 315 3772 Pater
367 3723 541 3772 uoster
567 3717 653 3786 qui
686 3733 738 3776 es
767 3717 820 3774 in
848 3717 1005 3772 caelis.
1031 3713 1132 3786 Qui
1161 3731 1288 3793 ergo
1319 3735 1377 3776 se
1407 3719 1538 3773 tanti
1569 3715 1745 3774 Patris

145 3806 318 3864 lilium
353 3805 646 3869 conﬁtetur
674 3816 730 3868 et
777 3808 976 3875 credit,
1022 3811 1351 3884 respondeat
1389 3811 1495 3863 vita
1536 3809 1739 3882 generi,

146 3895 392 3956 moribus
421 3897 594 3966 patri,
652 3906 708 3960 et
755 3909 935 3954 mente
987 3908 1151 3973 atque
1203 3910 1325 3956 actu
1364 3907 1565 3957 asserat
1599 3903 1742 3974 quod

148 3990 423 4044 etclestem
453 4001 770 4047 consecutus
801 4003 881 4048 est
905 3991 927 4031 δ’
962 4010 1057 4065 per
1088 4005 1352 4050 naturam.
1375 3995 1742 4067 Sumrtiﬁcehtr

149 4093 333 4136 nomen
365 4091 525 4137 mum.
553 4083 720 4154 Cujus
745 4086 931 4156 utique
959 4101 1130 4157 guttus
1155 4104 1275 4144 esse
1302 4089 1580 4159 (sapimus,
1621 4089 1740 4160 ejus

151 4175 331 4245 utique
371 4181 655 4236 censemur
683 4183 737 4232 et
767 4179 984 4236 nomine
1011 4199 1022 4231 :
1052 4185 1105 4233 et
1141 4179 1264 4245 ideo
1309 4181 1544 4254 petimus
1581 4189 1640 4240 ut
1683 4183 1736 4238 in

151 4265 302 4321 nobis
330 4265 473 4322 illius
519 4269 753 4333 nominis
793 4270 1148 4334 sanctiﬁcatio
1181 4281 1520 4344 perseveret,
1563 4271 1739 4330 bo:.or

151 4364 199 4408 et
232 4360 589 4427 praerogativa
630 4363 892 4428 nominis,
925 4363 1070 4440 quod
1126 4365 1438 4420 sublimat/it
1477 4367 1554 4422 sic
1601 4369 1736 4426 tanti

152 4445 419 4504 Genitorls
439 4449 721 4513 celsitudo.
742 4455 778 4505 Α
788 4454 989 4516 drmiat
1007 4473 1221 4528 regnum
1243 4465 1400 4518 tuum.
1423 4455 1536 4513 Non
1553 4460 1626 4520 illi
1642 4475 1737 4530 pe-

152 4542 305 4598 timus
334 4546 423 4606 etti
456 4561 746 4615 suamnam
769 4545 936 4603 defuit
959 4562 1199 4617 regnum,
1225 4549 1388 4610 immo
1403 4552 1493 4629 qui
1512 4561 1591 4616 est
1621 4552 1734 4630 ipse

215 4746 241 4775 ⁸
278 4738 446 4802 Alias,
475 4733 622 4804 Quod
653 4749 793 4793 tanta

107 4825 131 4907 η
213 4804 242 4846 δ
277 4807 445 4874 Alias,
470 4820 771 4866 consecutus
794 4827 845 4863 es
876 4811 1258 4880 patet-nitatem.

217 4888 240 4907 ι
279 4878 354 4907 π..
392 4895 498 4907 mna
563 4877 782 4907 ‘I'nlnnnl
831 4879 970 4907 I7.l:u:
1001 4880 1182 4907 .\I..—..n
1237 4877 1258 4907 Ι

217 4888 240 4918 ε
279 4878 357 4936 Ex
391 4895 520 4935 mss.
563 4877 803 4936 Vallicel.
831 4877 970 4933 Editi
1017 4880 1203 4944 ilnres,
1235 4877 1476 4954 ignarus.

217 4943 240 4987 ⁸
279 4949 352 5004 lta
379 4951 698 5004 petitionem
731 4951 962 5004 exnlirat
994 4896 1316 5004 immensis:
1352 4949 1476 5004 Fiat

214 4943 240 5022 ἔ
279 4949 352 5005 ita
379 4951 698 5020 petitionem
731 4951 962 5022 explirat
994 4943 1316 5017 Brugensis:
1352 4949 1476 5006 Fiat
1505 4969 1536 5004 ιι
1557 4950 1724 5016 nobis,

153 5027 196 5071 et
217 5021 268 5075 in
284 5023 456 5094 nobis,
489 5022 624 5094 quod
645 5031 694 5094 tu
724 5021 816 5085 vis,
849 5023 1106 5092 prtrcipis,
1132 5022 1374 5076 conatuis.

216 5101 238 5130 °
277 5091 625 5148 Salebrosum
667 5091 854 5147 locum
889 5111 954 5146 ex
1004 5091 1127 5147 mss.
1181 5094 1412 5147 (lttESCnltl'.
1455 5100 1509 5148 et
1538 5091 1727 5148 Urbini

153 5161 448 5240 explanavit
476 5161 622 5228 Mita,
648 5162 849 5218 addens
877 5164 1126 5240 (ιιι-πω-ςῇ
1156 5162 1578 5240 panisperiectm
1603 5163 1730 5218 bea-

152 5232 381 5304 titudinis
407 5241 807 5290 sacramentum
838 5232 1250 5289 enrharisticum
1268 5278 1280 5302 ,
1306 5232 1358 5289 in
1387 5251 1496 5304 quo
1524 5236 1572 5289 vi
1603 5249 1725 5288 ver-

150 5298 325 5358 borum
374 5304 531 5362 adest
577 5319 803 5374 corpus,
846 5305 1088 5374 sanguis,
1122 5313 1176 5359 et
1212 5298 1465 5362 divinitas
1501 5304 1722 5372 Christi,

153 5386 258 5451 cum
281 5374 697 5454 in_beatit_t_tdine
727 5391 829 5430 una
854 5376 1304 5454 _divi_na_persona
1327 5393 1451 5454 λιοη
1484 5377 1728 5454 videatur

152 5441 254 5521 sine
282 5443 468 5513 altera,
509 5443 657 5521 dicas
686 5459 806 5521 cum
827 5441 1123 5521 theologis,
1155 5449 1299 5520 quod
1327 5444 1491 5501 Pater
1512 5453 1566 5502 et
1599 5446 1723 5517 Spi-

152 5515 271 5589 ritus
297 5523 514 5589 sanctus
544 5515 740 5572 adsunt
779 5519 831 5572 in
873 5517 973 5572 hoc
1014 5515 1354 5573 sacramento
1388 5535 1485 5589 per
1525 5515 1724 5573 conco-

154 5585 454 5642 mitantiam.
488 5587 834 5657 Augustinus,
867 5597 1022 5659 pater
1042 5585 1412 5658 theologorum
1437 5597 1492 5645 et
1514 5590 1716 5655 lumen,

154 5667 295 5730 Serm.
329 5659 440 5730 δάε
463 5659 748 5729 Tempore,
770 5661 843 5713 ait
865 5658 876 5712 ἑ
900 5658 1062 5714 Filius
1075 5663 1296 5730 surrepit
1317 5678 1521 5716 (amem
1543 5669 1592 5714 et
1613 5676 1715 5714 non

157 5725 354 5784 deseruit
383 5725 615 5794 Patrem,
641 5747 732 5783 nec
766 5748 819 5783 se
853 5729 1020 5782 diris‘t
1050 5749 1078 5781 τι
1113 5725 1306 5784 nan-.1.-
1347 5734 1566 5799 διίετεμμίῑ
1596 5748 1714 5784 rar—

157 5810 255 5851 nem
281 5803 330 5852 in
361 5803 688 5874 proprietate,
713 5802 804 5856 sed
834 5818 1002 5874 ligneo
1033 5802 1210 5874 Pater,
1244 5815 1292 5856 et
1328 5802 1554 5874 Spiritus
1584 5819 1711 5856 san-

157 5878 249 5922 ctus
264 5887 360 5924 non
382 5871 544 5936 defuit
562 5873 851 5938 majestate.
871 5871 1087 5926 Etsicut
1107 5871 1353 5928 Christus
1367 5871 1448 5927 est
1465 5875 1516 5927 in
1535 5873 1713 5928 incar-

1854 3348 1992 3402 nari.
2045 3343 2237 3413 llomo,
2270 3348 2339 3403 sit
2376 3361 2591 3418 semper
2629 3348 2682 3402 in
2712 3353 2932 3419 pectore
2952 3355 3046 3402 tuo
3086 3347 3262 3414 venia,
3294 3347 3340 3400 si
3366 3347 3447 3402 vis

1851 3442 2077 3502 crimina
2111 3457 2217 3497 non
2247 3442 2458 3498 timere.
2486 3437 2555 3496 Et
2591 3459 2655 3497 ne
2694 3459 2787 3497 nos
2832 3441 3052 3496 inducas
3101 3442 3156 3495 in
3207 3443 3445 3496 tentatio—

1849 3551 1985 3590 nem.
2019 3531 2144 3590 ibeo
2171 3533 2613 3606 interpretatione
2637 3531 2896 3608 indigent,
2927 3532 3053 3602 quia
3081 3532 3309 3587 tentatlo
3329 3530 3444 3586 dlu-

1847 3627 1960 3690 boli
2006 3628 2204 3700 prtevia
2252 3634 2537 3683 et‘amara
2580 3633 2663 3683 est
2700 3627 2944 3683 ministra
2975 3625 3125 3698 ejus:
3185 3625 3442 3696 quamdiu

1847 3736 1976 3776 vero
2005 3719 2108 3776 hoc
2150 3719 2321 3790 fragili
2361 3719 2702 3776 continemur
2741 3719 2793 3774 in
2842 3733 3090 3790 corpore,
3133 3717 3440 3772 necessario

1845 3829 2130 3886 precamur
2159 3822 2216 3867 ut
2245 3813 2296 3868 in
2327 3829 2428 3869 nos
2473 3811 2491 3851 ί
2543 3827 2644 3869 nec
2676 3811 2965 3870 tentationi
3009 3819 3196 3883 pateat
3237 3810 3434 3877 aditus,

1847 3891 1947 3966 nec
1975 3903 2190 3960 diabolo
2213 3905 2478 3961 tribuatur
2499 3919 2766 3962 accessus.
2810 3903 2918 3959 Sed
2946 3903 3105 3958 libera
3131 3919 3226 3956 nos
3255 3919 3287 3955 α
3323 3917 3437 3956 ma-

1843 3993 1915 4050 lo.
1947 3995 2066 4067 Ipse
2095 4005 2277 4052 autem
2319 3996 2578 4051 Dominus
2615 3993 2760 4051 Deus
2794 4005 2981 4050 noster
3020 3993 3214 4048 liberet
3255 4005 3353 4045 nos
3401 4005 3432 4044 ι

1844 4090 2007 4155 malo,
2033 4096 2088 4144 et
2116 4089 2378 4160 perducat
2399 4089 2467 4150 ad
2495 4104 2656 4146 omne
2678 4089 2878 4148 bonum
2898 4129 2912 4154 ,
2946 4087 3039 4160 qui
3075 4085 3203 4140 vivit
3241 4091 3298 4137 et
3337 4097 3429 4136 re-

1841 4191 1970 4252 gnat
1991 4181 2131 4236 Deus
2160 4181 2322 4235 modo
2355 4188 2411 4234 et
2437 4195 2668 4250 semper,
2693 4189 2744 4233 et
2769 4195 2867 4249 per
2888 4175 3093 4234 inﬁnita
3119 4173 3310 4236 Stimula
3331 4187 3431 4228 sae-

1841 4263 2101 4332 Culorum.
2136 4273 2324 4338 Amen.

2346 4373 2374 4422 β
2404 4361 2635 4424 ΒΕΒῊΟ
2671 4359 2898 4432 LXXIII.

2279 4454 2358 4511 De
2385 4457 2619 4530 paschali
2647 4457 2991 4515 calumniante.

1911 4544 2180 4614 Hodierna
2217 4547 2511 4615 festivitas,
2537 4548 2728 4606 fratres
2768 4545 3102 4610 citatissimi,
3135 4549 3288 4604 nobis
3332 4563 3428 4604 vo.

1757 4743 1814 4805 D
1838 4741 2078 4805 natione,
2104 4740 2176 4795 ita
2207 4739 2262 4795 in
2291 4739 2615 4796 eucharistia
2638 4748 2722 4797 est
2749 4741 3230 4803 saeramcutaliter.
3259 4741 3418 4809 Mm.

1913 4812 1931 4850 ί
1975 4811 2114 4866 Vere
2139 4809 2222 4865 his
2249 4812 2427 4866 verbis
2455 4811 2623 4867 Deum
2647 4826 2914 4878 rogamus,
2949 4825 3014 4871 ne
3039 4814 3180 4868 sinat
3200 4828 3299 4878 nos
3322 4814 3423 4868 ob-

1831 4883 2025 4938 noxios
2054 4898 2173 4954 esse
2201 4883 2506 4954 tentatinni,
2537 4891 2597 4936 ut
2615 4883 2862 4952 superius
2887 4884 3171 4954 innuimus.
3205 4883 3424 4954 Cypria-

1832 4970 1932 5009 nus
1961 4955 2026 5008 de
2046 4951 2194 5008 Orat.
2223 4953 2376 5008 Dom.
2398 4992 2414 5017 ,
2439 4951 2784 5018 Augustinus,
2809 4955 2966 5023 epist.
3018 4953 3111 5007 157
3141 4951 3264 5022 cap.
3283 4951 3333 5017 ‘2,
3368 4964 3421 5007 et

1831 5025 1922 5080 lib.
1944 5025 2010 5080 de
2042 5025 2193 5079 Dono
2223 5023 2465 5090 Persev.,
2503 5040 2622 5095 cap.
2656 5025 2722 5088 6;
2754 5023 3188 5094 Cbrysostomus,
3210 5023 3420 5085 Tertul-

1831 5097 2005 5150 llsnus
2032 5103 2087 5150 et
2107 5095 2214 5149 alii.

1828 5097 2005 5152 lienus
2032 5103 2087 5150 et
2107 5097 2214 5149 alii.

1903 5176 1929 5214 ι
1970 5167 2025 5220 In
2047 5166 2234 5222 codice
2266 5164 2594 5220 Bononiensi
2617 5179 2795 5220 sermo
2824 5165 2910 5220 hic
2934 5165 3268 5224 inscribitur:
3301 5165 3420 5220 Ser-

1832 5255 1914 5292 mo
1940 5237 1998 5290 B.
2024 5236 2169 5291 Petri
2204 5236 2515 5290 Ravennatis
2539 5236 2600 5289 de
2638 5235 2721 5288 die
2750 5235 2986 5291 Prisc/ur.
3035 5234 3109 5290 De
3147 5248 3214 5289 eo
3246 5235 3372 5292 Mita
3403 5257 3414 5291 :

1830 5307 1948 5363 Non
1989 5307 2200 5362 videtur
2233 5307 2509 5361 absolutus
2548 5307 2638 5360 hic
2681 5321 2879 5360 sermo.
2942 5304 3034 5358 Est
3083 5304 3223 5362 illius
3253 5321 3415 5373 argu-

1828 5386 2070 5434 mentum
2100 5377 2168 5432 de
2195 5378 2259 5432 iis
2292 5377 2384 5446 qui
2420 5377 2510 5432 diu
2553 5385 2696 5446 ante
2726 5375 2900 5432 eil'ecti
2936 5382 3063 5446 sunt
3103 5375 3414 5446 Christiani;

1828 5457 1882 5503 et
1927 5449 1994 5504 de
2025 5449 2089 5503 iis
2135 5449 2228 5516 qui
2272 5443 2595 5517 nuperrime.
2652 5445 2720 5517 lli
2762 5443 2981 5517 secundi
3025 5445 3245 5517 appensi
3277 5448 3417 5501 collo

1826 5534 2014 5575 eorum
2042 5521 2133 5587 qui
2153 5513 2268 5588 iam
2298 5513 2388 5572 diu
2421 5516 2678 5586 baptizuti
2707 5522 2762 5569 et
2789 5513 3290 5588 conﬁrntutifuerc,
3325 5518 3417 5572 dc-

1825 5591 1956 5646 bent
1984 5608 2050 5645 ex
2079 5587 2334 5644 uberibus
2362 5587 2616 5642 Ecclesim
2636 5628 2649 5650 ,
2693 5587 2994 5642 communis
3034 5588 3222 5648 matris
3241 5627 3255 5652 ,
3289 5603 3413 5643 ver--

1823 5661 1947 5726 bum
1974 5662 2068 5716 Dei
2103 5669 2156 5715 et
2185 5660 2592 5714 instructionem
2626 5657 2678 5710 in
2709 5655 2812 5709 ﬁde
2831 5695 2844 5716 ,
2883 5658 3037 5726 quasi
3068 5658 3151 5718 lac
3177 5676 3407 5719 sumere.

1825 5723 1987 5786 Primi
2033 5748 2159 5786 vero
2201 5745 2404 5801 corpus,
2435 5728 2634 5801 Christi
2677 5723 2950 5801 recipere,
2997 5736 3050 5784 et
3093 5731 3268 5785 cuncti
3306 5748 3409 5784 una

1820 5805 2034 5875 parite_r_
2065 5815 2276 5860 sacram
2299 5798 2412 5859 'Dei
2440 5798 2799 5856 eruditionem
2829 5798 2896 5856 ab
2924 5816 3021 5857 ore
3048 5801 3282 5872 pastoris
3311 5819 3407 5856 au~

1817 5873 1952 5930 dire.
1987 5873 2147 5929 Hm.
