3882 6356
175 353 302 444 ⁸ιιιεθ

1588 350 1822 411 SERMO
1856 353 2088 413 LXXIV.

3375 362 3490 424 uo

177 451 375 525 'mundi
401 479 552 522 usus.
591 464 800 540 Vesper
822 465 960 535 linit,
985 476 1011 507 ι
1033 482 1142 525 non
1167 465 1390 525 inchoat
1411 465 1589 536 diem;
1627 474 1783 524 tene-
1806 472 1854 532 Α
1883 468 2150 525 addicitur
2175 483 2324 526 mors
2348 467 2370 509 τ
2393 484 2516 542 qua:
2542 470 2598 527 in
2636 485 2763 530 reos
2787 471 3016 530 tendens
3041 472 3271 532 incurrit
3299 473 3353 532 in
3387 475 3481 548 ju-

199 559 386 617 brescit
413 573 630 632 vesper,
655 576 764 617 non
785 561 1028 628 lucescit;
1059 575 1169 617 non
1188 560 1243 618 in
1258 575 1510 616 auroram
1530 560 1779 629 vertitur,

198 652 314 723 quia
341 651 476 706 lucis
505 659 685 708 ortum
706 653 938 724 ignorat.
979 651 1220 725 Vespera
1249 661 1427 710 mater
1451 654 1628 711 noctis
1658 669 1785 727 par-

197 742 317 796 turit
359 741 544 809 diem;
584 750 760 799 mutat
817 744 1097 813 ordinem,
1144 743 1274 802 dtun
1313 746 1559 817 agnoscit
1595 755 1784 804 aucto-

196 850 334 901 rem;
365 834 622 894 radiatde
654 838 896 896 novitate
926 839 1242 912 mysterium
1260 881 1276 908 ,
1305 839 1523 896 anhelat
1534 837 1782 897 Creatori

193 928 406 995 servire,
425 945 532 985 non
551 931 800 1002 tempori.
830 930 1066 1005 Vespere,
1084 932 1278 1004 inquit,
1295 933 1496 990 sabbati
1509 951 1624 1007 quae
1637 934 1780 990 luee-

191 1023 278 1077 scit
295 1023 350 1076 in
371 1021 544 1093 prima
571 1023 806 1093 sabbati,
836 1026 974 1081 venit
993 1024 1173 1083 Maria
1201 1025 1518 1101 Hagdalene
1543 1036 1596 1083 et
1613 1029 1781 1084 altera

191 1110 358 1167 Πανία
398 1113 569 1170 videre
607 1117 919 1188 sepulcrum.
970 1115 1108 1176 Sero
1145 1119 1342 1176 mulier
1367 1119 1538 1176 currit
1575 1119 1645 1176 ad
1679 1135 1778 1177 ve-

190 1208 346 1273 niam,
377 1221 497 1278 qua:
521 1217 734 1266 mature
753 1213 995 1268 cucurrit
1015 1212 1084 1268 ad
1107 1213 1342 1286 culpam.
1373 1213 1613 1286 Vespere
1631 1229 1779 1285 quaa-

189 1299 252 1354 rit
273 1298 572 1367 Christum,
595 1315 717 1372 qua:
745 1302 801 1358 in
829 1304 1106 1360 matutinis
1130 1304 1300 1361 Adam
1322 1320 1384 1362 se
1402 1313 1628 1362 noverat
1652 1321 1779 1378 per-

189 1391 399 1448 didisse.
441 1392 599 1450 Venit
626 1395 804 1452 Maria
822 1406 872 1453 et
890 1399 1059 1455 altera
1073 1398 1252 1455 Maria
1271 1399 1444 1456 videre
1460 1401 1770 1473 sepulcrum.

188 1483 309 1552 Qua:
340 1485 411 1540 de
444 1487 698 1557 paradiso
726 1488 1006 1560 perﬁdiam
1034 1499 1368 1562 sumpserat,
1405 1490 1628 1548 festinat
1654 1491 1681 1532 δ
1714 1492 1776 1546 li-

187 1574 300 1633 detn
326 1592 549 1635 sumere
576 1579 645 1636 de
671 1581 953 1653 sepulcro;
983 1582 1263 1640 contendit
1289 1597 1484 1655 rapere
1510 1583 1578 1640 de
1600 1593 1776 1640 morte

187 1670 359 1735 vitam,
391 1684 517 1741 quae
539 1683 564 1713 ε
593 1673 663 1730 de
681 1674 794 1730 vita
820 1685 1077 1747 rapuerat
1103 1683 1354 1733 mortem.
1395 1676 1550 1733 Venit
1574 1677 1769 1734 Maria.

187 1761 288 1820 lloc
303 1780 507 1822 nomen
529 1769 716 1824 matris
742 1777 827 1825 est
842 1767 1062 1837 Christi,
1083 1771 1374 1842 venitergo
1394 1780 1569 1829 mater
1588 1773 1642 1828 in
1669 1788 1772 1828 no-

1884 561 2081 631 dicem,
2103 561 2377 619 dominata
2403 565 2572 621 servis
2601 567 2804 622 exarsit
2832 566 2885 621 in
2915 565 3221 634 hominum,
3254 569 3481 627 saeviens

1884 656 1940 713 in
1968 657 2217 715 homines
2241 657 2509 729 prosilivit
2536 658 2589 714 in
2613 659 2802 714 Deum.
2834 658 3026 716 Merito
3054 673 3184 730 ergo
3222 661 3364 732 perit
3391 661 3481 721 lex

1883 749 2092 816 tartari,
2135 757 2346 808 remota
2386 756 2514 805 sunt
2554 748 2748 806 inlerni
2793 751 2949 821 jura,
2999 759 3242 823 potestas
3289 754 3481 811 mortis

1883 843 2064 899 ablata
2088 851 2190 907 est,
2223 850 2278 898 et
2325 841 2378 897 in
2407 857 2626 913 poenam
2673 843 2996 900 temeritatis
3023 843 3302 900 suscitavit
3326 861 3478 902 mor-

1882 943 2008 992 tuos
2033 945 2057 984 κ
2086 935 2384 1006 cognitoris
2421 935 2615 1004 injuria
2650 953 2663 988 :
2694 935 2926 1005 denique
2957 935 3255 993 redduntur
3281 953 3480 1010 corpo-

1880 1042 1962 1093 ra,
1985 1027 2387 1096 redintegratur
2409 1026 2593 1092 homo,
2628 1027 2734 1082 vita
2763 1035 3064 1099 reparatur,
3087 1035 3142 1084 et
3169 1036 3383 1085 constat
3407 1029 3478 1086 de

1878 1122 2038 1178 venia
2080 1120 2194 1191 jam
2238 1129 2433 1187 totum,
2464 1122 2590 1191 quia
2628 1121 2685 1177 in
2732 1129 3010 1178 auctorem
3049 1123 3172 1179 vitae
3211 1139 3341 1180 mox
3391 1133 3477 1181 est

1879 1219 2218 1282 transgressa
2247 1211 2534 1267 sententia.
2561 1209 2700 1268 Ecce
2720 1221 3038 1268 lerrtemotus
3059 1215 3227 1286 [actus
3248 1223 3325 1270 est
3353 1231 3473 1270 ma-

1879 1320 2033 1377 gnus.
2065 1303 2225 1360 Modo
2255 1312 2595 1360 terrmmotus
2622 1317 2850 1373 magnus
2877 1323 2888 1358 :
2921 1302 2966 1360 0
3003 1306 3051 1361 si
3075 1314 3202 1363 tunc
3225 1307 3314 1362 vel
3341 1305 3475 1364 levis

1879 1400 2038 1455 turbo
2085 1399 2338 1455 arborem
2380 1397 2714 1454 mortiferam
2758 1397 3070 1468 deiecisset!
3100 1397 3146 1454 0
3182 1401 3228 1456 si
3264 1399 3473 1456 nebulae

1877 1489 2058 1547 fumus
2087 1490 2229 1546 illius
2257 1490 2500 1547 mulieris
2538 1489 2874 1546 tenebrasset
2901 1491 3211 1562 aspectum!
3243 1489 3289 1547 0
3315 1492 3363 1548 si
3390 1500 3474 1548 te-

1877 1591 1961 1638 tra
1997 1584 2168 1639 nubes
2193 1582 2407 1639 lethalis
2430 1581 2578 1653 pomi
2603 1582 2838 1653 speciem
2867 1583 3176 1654 ealigasset!
3206 1580 3252 1636 0
3277 1583 3323 1638 si
3352 1599 3472 1638 ma-

1877 1692 1979 1733 nus
2003 1685 2227 1745 tangens
2255 1677 2570 1733 inconcessa
2599 1675 2938 1732 tremuisset!
2971 1673 3016 1731 0
3037 1675 3083 1731 si
3100 1676 3310 1747 peccati
3328 1675 3472 1733 diem

1875 1773 2214 1829 tenebrasset
2240 1769 2267 1809 ³³
2299 1787 2408 1827 nox
2443 1770 2663 1840 injusta,
2707 1779 2763 1826 et
2803 1771 3037 1826 lamenta
3071 1769 3276 1836 mundi,
3307 1777 3364 1826 et
3391 1769 3472 1826 in-

185 1855 337 1921 mine,
371 1857 524 1914 venit
566 1859 779 1928 mulier,
821 1869 881 1917 ut
917 1859 1070 1918 ﬂeret
1095 1872 1266 1919 mater
1293 1863 1618 1932 viventium,
1654 1879 1776 1936 quae
1808 1871 1851 1930 Β
1878 1873 2154 1922 crementa
2183 1864 2392 1931 mortis,
2423 1872 2480 1920 et
2505 1863 2779 1920 Creatoris
2807 1862 3060 1934 injuriam
3082 1871 3209 1920 tunc
3230 1863 3466 1921 tulisset!

186 1944 311 2002 facta
335 1946 520 2005 luerat
543 1953 889 2009 morientium
915 1962 1106 2020 mater,
1130 1963 1190 2011 ut
1225 1956 1372 2026 quod
1404 1957 1662 2028 scriptum
1692 1967 1778 2012 est

186 2039 528 2110 impleretur:
573 2042 689 2099 Hoc
723 2054 803 2100 est
834 2057 1002 2103 mater
1038 2049 1269 2104 omnium
1305 2050 1577 2104 virentium
1617 2047 1768 2122 (Gen.

185 2134 272 2201 ut).
311 2133 478 2190 Venit
505 2135 682 2193 Maria
709 2148 762 2194 et
779 2141 946 2196 altera
966 2141 1162 2198 Maria.
1193 2141 1311 2200 Non
1333 2143 1469 2199 dixit
1489 2154 1770 2214 venerunt,

183 2225 266 2282 sed
299 2228 486 2293 venit;
521 2229 622 2285 sub
652 2246 760 2286 uno
793 2232 1013 2289 nomine
1043 2242 1309 2290 venerunt
1345 2234 1466 2291 dua:
1495 2236 1770 2309 mysterio,

186 2333 280 2373 non
300 2333 455 2376 casu.
502 2319 654 2376 Venit
673 2321 848 2378 Maria
863 2325 1093 2380 etaltera
1116 2325 1310 2382 Maria.
1333 2326 1497 2384 Venit
1527 2328 1642 2399 ipsa
1678 2329 1774 2385 sed

184 2408 366 2478 altera,
391 2411 564 2468 altera
584 2413 678 2469 sed
699 2414 840 2486 ipsa,
865 2423 922 2472 ut
952 2417 1146 2473 mulier
1165 2425 1467 2474 mutaretur
1483 2419 1624 2485 vita,
1664 2434 1773 2476 non

185 2502 416 2568 nomine;
435 2503 658 2572 virtute,
676 2521 782 2562 non
797 2521 959 2574 sexu;
977 2515 1033 2564 et
1046 2507 1199 2564 ﬂeret
1211 2509 1627 2566 resurrectionis
1645 2526 1775 2566 nun-

185 2596 394 2670 tia,qu:e
415 2599 751 2656 internuntia
771 2610 826 2658 et
839 2602 1018 2674 lapsus
1030 2605 1312 2660 exstiterat
1325 2612 1382 2660 et
1395 2605 1584 2661 ruinae.
1618 2603 1776 2661 Venit

184 2688 350 2746 Maria
380 2692 556 2748 videre
581 2693 891 2765 sepulcrum.
931 2692 1001 2752 Ut
1045 2710 1206 2765 quam
1233 2696 1525 2768 deceperat
1563 2697 1774 2754 arboris

185 2783 338 2850 visus,
363 2785 515 2840 visus
534 2796 810 2858 repararet
840 2788 1103 2860 sepulcri;
1133 2797 1189 2845 et
1217 2805 1380 2861 quam
1405 2799 1772 2861 prostraverat

188 2874 529 2932 illecebrosus
573 2887 846 2948 aspectus,
897 2887 1148 2951 aspectus
1195 2881 1447 2938 salutaris
1474 2883 1765 2940 altolleret.

195 2966 336 3036 Ecce,
361 2969 565 3040 inquit,
599 2983 919 3030 terremotus
953 2976 1122 3046 factus
1154 2985 1232 3032 est
1271 2994 1520 3050 magnus,
1555 2979 1770 3052 angelus

196 3061 321 3115 enim
355 3060 566 3119 Domini
608 3064 876 3120 descendit
913 3065 977 3121 de
1015 3070 1160 3122 aeto.
1193 3067 1436 3124 Tremuit
1464 3077 1628 3136 terra,
1659 3086 1769 3128 non

189 3152 305 3222 quia
330 3154 552 3224 angelus
580 3154 859 3212 descendit
883 3157 952 3213 de
979 3158 1139 3225 coelo,
1170 3158 1265 3214 sed
1309 3159 1434 3229 quia
1479 3159 1548 3215 ab
1585 3160 1770 3217 inferis

185 3247 213 3291 ι
236 3242 552 3302 Dontinator
577 3249 837 3304 ascendit.
868 3247 1004 3304 Ecce
1024 3259 1344 3307 terrtcmotus
1365 3255 1532 3324 factus
1560 3263 1638 3308 est
1655 3270 1772 3308 ma-

182 3352 320 3406 gnus.
346 3347 370 3376 ε
400 3337 653 3396 Moretur
671 3340 854 3407 chaos,
882 3341 1149 3398 dissiliunt
1171 3343 1277 3398 ima
1305 3352 1592 3411 terrarum,
1612 3345 1766 3402 timet

183 3436 331 3495 terra.
353 3433 626 3489 montium
655 3443 892 3490 tremunt
929 3435 1200 3507 pondera,
1242 3437 1389 3493 orbis
1417 3437 1764 3496 fundamenta

181 3525 506 3593 quatiuntur,
545 3527 838 3600 corripitur
882 3536 1147 3597 tartarus,
1195 3531 1461 3587 sistuntur
1505 3531 1711 3589 inferna
1746 3552 1760 3587 :

237 3760 264 3790 ι
301 3747 696 3807 Accommodat
713 3763 774 3806 se
791 3747 1158 3822 Chrysologus
1178 3749 1246 3806 ad
1267 3765 1606 3807 communem
1629 3751 1765 3808 alia-

173 3839 280 3880 rum
309 3823 595 3878 nationum
629 3835 814 3885 ustnn,
857 3821 997 3891 apud
1035 3835 1170 3891 quas
1203 3822 1441 3878 insolens
1473 3831 1555 3878 est
1587 3822 1769 3880 dicere

172 3896 304 3951 diem
327 3894 384 3948 in
415 3892 660 3964 veSperis
684 3892 1009 3964 eluceseere.
1052 3892 1278 3948 Locutio
1317 3911 1448 3950 vero
1491 3895 1602 3950 haec
1635 3909 1766 3964 pro-

173 3967 385 4038 priaest
403 3963 626 4029 Judaeis,
649 3963 746 4038 qui
757 3963 873 4038 dies
891 3979 1094 4030 sacros,
1127 3972 1186 4038 ut
1205 3965 1540 4038 hodiernum
1560 3971 1618 4020 et
1638 3963 1764 4038 nos,

172 4035 233 4093 ad
273 4037 546 4108 Vesperas
575 4035 1025 4108 _e_xordieban_tur,_
1061 4035 1363 4108 velie'apsa
1405 4036 1763 4102 hebdomada,

171 4125 279 4164 cum
299 4105 480 4177 prima
502 4105 852 4177 hebdomadzn
874 4105 1096 4177 alterius
1115 4106 1230 4160 dies
1251 4105 1528 4177 inciperet.

233 4126 279 4163 111
321 4125 480 4163 11⁸11113
502 4125 852 4161 ιιρυαυιηειωυ
874 4125 1096 4160 alleI'IUS
1115 4125 1230 4160 0185
1251 4125 1528 4177 lllClpel‘el.

233 4180 260 4219 ι»
298 4125 431 4236 haec
453 4178 566 4234 fere
582 4175 856 4248 lVyssenns
883 4184 1020 4231 orat.
1035 4175 1268 4248 icontra
1285 4177 1605 4233 Eunomium
1627 4185 1759 4232 tom.

169 4250 226 4322 111
247 4265 372 4322 pag.
400 4249 543 4305 7B:
570 4245 846 4322 Quoniam,
871 4248 1099 4322 sicutait
1129 4247 1427 4322 Apostolus,
1463 4249 1658 4322 mulier
1675 4264 1763 4304 se-

169 4318 409 4378 ducta'in
453 4320 897 4392 pnevarieatione
944 4318 1080 4382 fuit,
1119 4318 1187 4392 et;
1207 4319 1511 4392 defectionis
1551 4337 1583 4392 a
1630 4320 1756 4386 Deo,

169 4410 273 4466 qua
291 4410 390 4467 per
411 4389 817 4467 inobedientiam
853 4391 992 4467 facta
1013 4400 1106 4453 est,
1151 4389 1396 4467 dux'fuit
1412 4407 1429 4455 ;
1462 4391 1656 4445 idcirco
1677 4407 1760 4446 re-

168 4461 502 4520 surrectionis
524 4464 694 4533 prima
717 4463 816 4534 fuit
839 4461 1001 4534 testis,
1021 4468 1077 4512 ut
1098 4461 1323 4525 ruinam,
1347 4477 1461 4534 qua:
1479 4477 1544 4515 ex
1565 4478 1757 4531 prama-

168 4537 420 4592 ricatione
456 4531 630 4589 secuta
652 4531 758 4604 est,
797 4549 888 4604 per
925 4531 1084 4602 fidem
1106 4531 1494 4588 resurrectionis
1536 4549 1753 4602 repara—

167 4618 255 4662 ret.
297 4605 372 4661 Et
407 4602 1161 4679 quemadmodumsermonum
1195 4604 1375 4679 initio,
1413 4605 1664 4679 serpentis
1686 4603 1756 4679 ad

168 4679 322 4731 rirmn
349 4674 610 4756 ministra,
623 4686 684 4756 _et
704 4674 1002 4756 consiliario
1012 4677 1164 4756 facta
1180 4683 1254 4728 est
1273 4674 1752 4756 prittcipiu‘rnnrnali,

165 4761 209 4801 et
228 4743 490 4822 sequelam
510 4748 566 4800 in
587 4747 743 4800 vitam
763 4745 955 4809 intulit;
979 4743 1054 4800 sic
1073 4743 1290 4822 ejusqui
1321 4743 1474 4822 morti
1507 4743 1648 4822 dedit
1667 4745 1755 4799 de-

1877 1957 1986 2014 Sed
2014 1958 2158 2013 vitiis
2194 1971 2410 2028 semper
2436 1957 2682 2012 serviunt
2718 1956 3108 2024 blandimenta,
3157 1956 3472 2014 lenocinan-

1877 2059 1967 2107 tur
2000 2051 2178 2108 dulcia
2208 2051 2448 2118 delictis,
2491 2051 2783 2107 virtutibus
2810 2067 2940 2107 vero
2969 2059 3181 2108 austera
3211 2058 3266 2108 et
3308 2050 3470 2109 fortia

1876 2148 2003 2199 sunt
2031 2142 2222 2199 amica.
2255 2142 2486 2216 Angelus
2516 2144 2656 2198 enim
2677 2141 2891 2198 Domini
2923 2143 3186 2197 descendit
3218 2143 3282 2197 de
3321 2143 3464 2200 caelo.

1879 2234 2217 2306 Resurgente
2239 2233 2480 2292 Christo.
2511 2243 2689 2291 morte
2716 2241 2999 2306 pereunte,
3030 2233 3261 2290 terrenis
3288 2233 3469 2290 reddi-

1837 2358 1842 2362 -
1875 2337 1965 2384 tur
1990 2327 2211 2385 cmleste
2239 2326 2655 2394 commercium;
2685 2335 2742 2382 et
2770 2325 2984 2382 mulieri
3028 2326 3114 2382 cui
3144 2325 3321 2382 fuerat
3347 2341 3470 2382 cum

1872 2421 2091 2478 diabolo
2132 2419 2329 2476 lethale
2373 2419 2657 2475 consilium
2679 2459 2695 2486 ,
2730 2434 2854 2474 cum
2893 2417 3088 2500 angelo
3133 2417 3465 2500 colloquium

1883 2510 1981 2568 llit
2009 2512 2193 2568 vitale.
2225 2511 2451 2584 Angelus
2480 2512 2616 2566 enim
2649 2509 2862 2565 Domini
2885 2495 3146 2565 descendit
3167 2495 3232 2564 de
3250 2509 3397 2572 mlo,
3420 2516 3472 2564 et

1873 2605 2086 2660 revolvit
2108 2603 2355 2677 lapidem.
2398 2601 2518 2658 Non
2557 2602 2694 2658 dixit
2723 2602 2910 2666 volvit,
2941 2601 3038 2658 sed
3079 2602 3309 2656 revolvit
3338 2601 3471 2672 lapi-

1871 2697 2017 2763 dem,
2047 2698 2140 2768 qui
2182 2696 2472 2752 advolutus
2518 2695 2770 2768 probavit
2809 2703 3062 2756 mortem.
3108 2703 3164 2749 et
3193 2694 3472 2750 revolutus

1872 2791 2081 2846 exstitit
2104 2789 2118 2841 i
2144 2787 2559 2844 resurrectionis
2573 2797 2829 2844 assertor.
2846 2785 3043 2842 Beatus
3056 2786 3192 2858 lapis
3205 2787 3295 2857 qui
3309 2783 3471 2842 Chri-

1870 2890 2016 2939 stum
2043 2889 2100 2936 et
2125 2880 2370 2936 revelare
2398 2879 2597 2935 meruit
2633 2886 2691 2935 et
2733 2878 2946 2946 velare;
2991 2879 3186 2935 beatus
3228 2877 3322 2948 qui
3360 2893 3472 2935 non

1869 2976 2048 3032 minus
2075 2973 2239 3031 corda
2268 2973 2446 3045 aperit
2477 2988 2640 3044 quam
2670 2973 3010 3044 sepulcrum;
3042 2973 3234 3028 beatus
3260 2972 3352 3042 qui
3377 2972 3471 3027 dat

1868 3068 2282 3126 resurrectionis
2310 3067 2490 3134 ﬁdem,
2525 3065 2549 3106 ¹ι
2585 3067 2819 3137 ﬁdeique
2865 3067 3344 3133 resurrectionem,
3375 3065 3470 3137 qui

1869 3160 2106 3216 divinam
2146 3174 2366 3216 carnem
2411 3159 2774 3215 resurrexisse
2823 3167 3069 3214 testatur.
3115 3157 3352 3214 Mutatur
3379 3157 3470 3214 hic

1797 3255 1844 3320 C
1875 3253 2010 3310 ordo
2038 3268 2250 3318 rerum;
2278 3261 2531 3319 mortem,
2563 3267 2672 3308 non
2693 3258 2985 3317 mortuum,
3016 3251 3245 3308 devorat
3271 3251 3360 3307 hic
3381 3266 3469 3307 se-

1870 3346 2138 3419 pulcrum,
2169 3345 2365 3401 domus
2388 3345 2579 3401 mortis
2603 3345 2812 3400 mansio
2841 3343 2901 3399 lit
2926 3343 3136 3408 vitalis;
3163 3343 3304 3400 uteri
3327 3358 3468 3400 nova

1872 3439 2043 3496 forma
2072 3447 2345 3495 mortuum
2374 3438 2632 3510 concipit,
2671 3439 2813 3509 parit
2839 3439 3039 3494 vivum.
3071 3439 3296 3512 Angelus
3327 3439 3467 3494 enim

1873 3533 2086 3590 Domini
2108 3533 2372 3589 descendit
2389 3531 2456 3587 de
2475 3534 2619 3599 coelo,
2641 3541 2692 3586 et
2710 3531 2959 3587 accedens
2979 3531 3190 3587 revolvit
3216 3531 3462 3604 lapidem,

1873 3753 1928 3808 in
1959 3752 2084 3808 novi
2115 3749 2331 3807 foederis
2359 3749 2529 3816 libris,
2569 3766 2675 3806 vox
2706 3749 2794 3820 illa
2825 3765 2932 3804 non
2965 3749 3085 3820 nisi
3131 3763 3232 3820 pro
3278 3756 3465 3807 teme-

1871 3831 2034 3894 motu,
2054 3830 2360 3894 usurpatur,
2395 3821 2566 3894 utihic
2588 3818 3160 3894 apudChrysolognm'.
3186 3820 3318 3894 Vide
3339 3823 3460 3878 Act.

1865 3910 1980 3959 xvi,
2011 3893 2110 3960 26;
2143 3890 2311 3963 Apoc.
2346 3909 2417 3958 vr,
2437 3891 2545 3963 -ης
2576 3890 2650 3958 xi,
2684 3892 2779 3963 l3;
2811 3890 3000 3946 Matth.
3033 3907 3176 3958 χειν,
3204 3891 3262 3960 7;
3293 3909 3460 3962 xxvu,

1874 3963 1975 4030 54;
2010 3962 2176 4020 Marci
2193 3961 2309 4031 xm,
2340 3963 2402 4030 8;
2435 3961 2594 4020 Luca:
2614 3979 2722 4028 xxi,
2757 3962 2808 4015 l.

1948 4035 1969 4076 ί
2001 4035 2100 4107 Ms.
2133 4035 2366 4098 Bonon.,
2398 4050 2512 4107 qua:
2540 4037 2591 4088 in
2615 4051 2732 4106 rege
2760 4032 3048 4107 oﬁ'endens.

1945 4116 1972 4157 κ
2001 4105 2082 4162 Ex
2112 4107 2303 4163 eodem
2333 4101 2540 4172 codice,
2575 4101 2840 4160 suscitatit
2865 4114 3126 4176 mortuos.
3162 4101 3458 4176 Cognitoris

1867 4179 2066 4250 injuria
2097 4188 2296 4232 tartara
2331 4185 2692 4248 prorocanlur,
2745 4175 3028 4230 redduntur
3065 4175 3302 4244 corpora,
3347 4185 3454 4233 etc.

1941 4247 1970 4289 ιι
1997 4248 2102 4304 Sed
2134 4265 2232 4304 cur
2259 4264 2368 4304 nox
2415 4246 2612 4304 iniusta
2642 4246 2878 4301 dicitur?
2908 4245 3086 4304 Forte.
3129 4246 3256 4304 uuia
3289 4248 3459 4303 servit

2074 4273 2102 4301 ll
2134 4273 2232 4301 cur
2259 4273 2368 4301 Ιιυλ
2415 4273 2612 4301 “IIII!”
2642 4273 2870 4301 υιυιιυϊς

1941 4259 1970 4289 ι
1997 4259 2102 4304 sed
2134 4265 2232 4305 cur
2259 4264 2368 4304 nox
2415 4259 2612 4317 injusta
2642 4259 2877 4301 dicunt“!
2908 4259 3086 4310 rorte,
3129 4259 3256 4314 quia
3289 4259 3458 4303 servit

1866 4319 2100 4389 injustis,
2132 4321 2224 4389 qui
2255 4318 2505 4374 tenebras
2534 4325 2738 4383 amant,
2762 4324 2821 4370 ut
2849 4316 3200 4389 liberiuspec.
3223 4317 3350 4389 ent?
3372 4317 3458 4374 vel

1863 4387 1991 4460 quia
2020 4406 2117 4445 sna
2146 4387 2376 4459 caligine
2404 4389 2650 4444 ordinem
2679 4403 2858 4443 rerum
2881 4387 3201 4460 perturbat?
3222 4387 3457 4460 velquia

1861 4459 2014 4532 teque
2042 4461 2326 4532 pulchrum
2355 4460 2609 4516 obscurat
2627 4468 2684 4515 et
2704 4469 2880 4532 turpe,
2906 4459 3106 4532 bonum
3134 4465 3190 4512 et
3217 4459 3456 4532 malum?

1859 4530 2060 4599 Certe,—
2073 4533 2198 4602 quia
2228 4533 2272 4587 si
2302 4540 2428 4586 ante
2455 4539 2673 4602 tempus
2698 4531 2842 4602 diem
2869 4530 2986 4585 obs:
3003 4543 3157 4584 uram
3188 4530 3453 4602 reddidis-

1861 4612 1965 4668 set,
1998 4598 2194 4672 injuste
2225 4601 2351 4658 illud
2380 4598 2595 4670 egisset.
2629 4600 2728 4657 Vel
2757 4598 2898 4672 forte
2918 4616 3016 4672 per
3044 4608 3258 4672 noctem
3290 4601 3452 4658 intel-

1862 4673 1980 4744 ligit
2008 4670 2256 4738 mortem,
2290 4680 2350 4728 ut
2370 4673 2621 4744 Bellarm.
2657 4672 2708 4726 in
2739 4671 2880 4744 ps_al_.
2905 4670 3014 4744 xxi,
3042 4670 3138 4744 2i,
3167 4673 3323 4740 quasi
3352 4673 3456 4728 mi-

1863 4741 1965 4801 nus
1995 4746 2178 4814 utique
2206 4744 2407 4798 malum
2437 4742 2642 4814 luisset,
2663 4741 2810 4812 quod
2836 4741 2952 4814 Eva
2980 4741 3179 4814 injuste
3208 4757 3452 4800 morere-

164 4805 406 4941 {ertorem
447 4818 726 4873 draconem
746 4805 1004 4872 sermones
1042 4805 1115 4870 ad
1151 4805 1432 4886 dis'cipulos
1470 4818 1754 4887 perferens,
1789 4805 1838 4865 D
1863 4822 1969 4880 tur,
2001 4805 2161 4885 quam
2190 4816 2268 4871 sic
2288 4815 2456 4869 Deum
2485 4805 2802 4869 oll'endéret.
2835 4805 3052 4868 Etenim
3075 4813 3119 4867 si
3149 4829 3314 4879 mors,
3332 4827 3452 4883 qute

179 4893 452 4941 iominibus
492 4889 599 4941 dua:
638 4899 686 4941 et
726 4890 962 4941 princeps
1002 4887 1124 4941 fidei
1162 4887 1458 4941 eﬂiceretur.
1495 4903 1587 4941 uer
1605 4903 1758 4941 quam
1863 4902 2022 4941 omna
2065 4886 2273 4941 peccati
2318 4893 2421 4941 est.
2474 4893 2600 4940 ante
2648 4885 2821 4941 ipsum
2859 4893 3141 4941 peccatum
3172 4883 3452 4941 obtigisset

179 4891 452 4945 iominibus
492 4889 599 4942 dua:
638 4899 686 4942 et
723 4890 962 4960 princeps
1000 4887 1124 4960 fidei
1162 4887 1473 4960 efficeretur,_
1495 4903 1587 4960 per
1605 4903 1758 4958 quant

165 4965 346 5016 merito
386 4963 572 5033 prima:
609 4955 791 5014 mortis
822 4955 1388 5033 ⁸οεὲξαδςὶῥΛιῇδιςόιυὶιιιν.
1433 4955 1513 5010 ex
1555 4955 1751 5029 interp.

163 5033 366 5088 Sniceri
386 5028 453 5088 'in
476 5031 638 5086 Thes.
663 5039 795 5102 tom.
822 5029 842 5084 1
863 5043 985 5102 pag.
1017 5028 1138 5082 807.

231 5116 253 5142 ε
287 5105 366 5159 Do
394 5119 503 5173 qua
550 5103 698 5156 vita?
752 5097 970 5173 Auﬁde:
994 5099 1266 5173 paradiso
1291 5097 1630 5164 deliciarum,
1666 5099 1756 5155 ubi

163 5174 322 5228 vitam
355 5169 518 5244 agerc
537 5173 803 5228 debebat?
833 5172 912 5244 An
943 5169 1009 5244 de
1038 5171 1158 5244 cibo
1178 5169 1463 5244 quivitam
1498 5185 1757 5244 reparans

164 5247 325 5316 vitam
374 5240 618 5316 pnebere
658 5243 891 5316 dicitur?
938 5243 1023 5316 An_
1065 5242 1189 5316 quia
1214 5241 1390 5316 ‘eibns
1437 5240 1755 5297 naturaliter

164 5315 332 5372 iactus
361 5311 537 5373 estad
560 5314 946 5386 protegendum
976 5311 1300 5386 vitam?_Sic
1332 5313 1400 5386 de
1439 5319 1614 5386 morte
1659 5328 1753 5368 ce-

163 5388 236 5454 pit
266 5391 453 5452 vitam,
481 5387 534 5442 id
560 5383 731 5442 estde
751 5385 999 5457 sepulcro
1017 5426 1031 5450 ,
1063 5383 1207 5452 quod
1228 5384 1416 5438 mortis
1435 5383 1590 5439 sedes
1611 5399 1752 5438 nun-

163 5468 408 5512 cupatur.
441 5457 490 5512 Μ
498 5475 604 5512 In.

267 5475 322 5512 at
395 5501 408 5512 .
441 5475 604 5513 mm.

231 5475 262 5564 Β
289 5476 604 5585 (Σιὲἷηιῐιυηὶε
630 5537 938 5584 sanctorum
969 5525 1189 5580 Patrum
1218 5525 1484 5580 sententia
1515 5533 1615 5592 est,
1647 5525 1752 5582 hoc

167 5605 476 5672 ternumotu
542 5600 837 5672 pmsertim
899 5596 1232 5653 Dominicam
1296 5599 1749 5654 resurrectionem

165 5672 368 5728 mundo
396 5671 558 5728 fuisse
586 5672 976 5726 annuntiatam.

239 5753 263 5780 ε
293 5741 481 5800 Caeco
502 5743 786 5806 vocabulo,
809 5745 1021 5816 σῃσμός
1048 5742 1237 5816 ἕγέηετο
1258 5741 1438 5816 μένας,
1457 5748 1622 5794 motus
1645 5756 1751 5793 mu-

165 5829 299 5883 gnus
328 5817 493 5888 [actus
521 5825 624 5888 est;
655 5813 898 5888 sunt__qui
929 5811 1118 5888 putant
1146 5811 1447 5888 innui,_non
1469 5819 1746 5888 terrzemo-

166 5878 304 5952 ium,
328 5878 426 5943 'sed
455 5885 742 5943 turbinem.
775 5878 1159 5950 llammondus,
1203 5878 1474 5950 Clericus,
1523 5890 1630 5937 etc.
1682 5881 1749 5937 At

1899 4883 2032 4942 (una
2065 4886 2273 4957 peccati
2318 4893 2421 4957 est,
2474 4893 2606 4957 ante
2648 4885 2837 4957 ipsum
2859 4893 3141 4957 peccatum
3172 4883 3454 4957 obtigisset

1899 4903 2022 4942 mna
2065 4902 2273 4957 peccati
2318 4902 2421 4950 εει,
2474 4902 2600 4940 ante
2648 4902 2821 4954 ipsum
2859 4902 3141 4956 peccatum
3172 4902 3450 4950 ODtlgISSCI

1862 4902 2087 5023 ﬁomini,
2117 4957 2223 5013 dici
2244 4956 2510 5028 potuisset
2538 4955 2756 5025 injusta.
2789 4953 2951 5028 MITA.
2972 4953 3175 5028 Auctor
3197 4955 3450 5028 superius

1863 5027 1989 5084 Eva:
2017 5023 2618 5083 manum'inconcessam
2637 5027 2872 5090 vocavit,
2895 5040 2963 5080 eo
2991 5025 3117 5093 quia
3145 5023 3212 5078 ad
3242 5038 3303 5078 ea
3327 5039 3449 5094 qua:

1862 5101 2028 5154 vetita
2058 5107 2214 5154 erant
2240 5097 2692 5170 protendebatur;
2725 5113 2867 5154 nunc
2892 5102 3053 5151 vocat
3081 5103 3278 5148 noctem
3307 5095 3448 5166 inju-

1859 5180 2012 5234 stam,
2045 5186 2166 5240 qua:
2181 5167 2303 5240 jura
2332 5167 2800 5240 diei_turbaverat.

1937 5245 1953 5278 ι
1989 5234 2086 5295 Μέ.
2119 5234 2328 5296 Bonon.
2365 5258 2379 5293 :
2419 5237 2489 5292 Et
2520 5240 2705 5293 mulier
2741 5238 2822 5292 cui
2863 5237 3034 5307 fuerat
3077 5251 3191 5288 cum
3238 5234 3448 5292 diabolo

1855 5311 2044 5367 lethale
2082 5313 2375 5377 consilium,
2413 5325 2529 5364 cum
2557 5310 2742 5381 angelo
2776 5305 3201 5381 {uitrolloquium
3223 5307 3443 5381 caeleste.

1931 5384 1944 5434 i
1986 5383 2100 5448 His,
2122 5383 2362 5459 scilicet,
2389 5381 2585 5450 quibus
2612 5377 2838 5435 vacuum
2865 5377 3172 5459 sepulcrum
3191 5377 3443 5459 patebat,

1856 5472 1963 5510 non
1994 5454 2138 5524 quod
2167 5453 2365 5508 Christi
2395 5448 2596 5524 corpus
2634 5463 2920 5524 resurgens
2967 5448 3253 5524 ealapidis
3283 5463 3444 5524 revo-

1853 5518 2058 5580 lutimie
2081 5525 2363 5594 indigeret,
2396 5518 2521 5594 licet
2543 5520 2792 5594 P_a_trib_us
2809 5519 3097 5594 nonnullis,
3119 5518 3332 5594 scilicet
3350 5518 3446 5574 lli-

1853 5598 1989 5652 lario
2019 5598 2124 5661 hic,
2159 5587 2325 5650 L'eon.
2352 5587 2528 5662 epist.
2562 5590 2632 5645 83
2671 5591 2743 5662 ad
2784 5591 3081 5646 monachos
3121 5587 3440 5662 Palaestinte,

1852 5671 2025 5724 visum
2054 5669 2124 5723 sit
2152 5665 2383 5738 lapidem
2408 5661 2575 5717 luisse
2604 5661 2905 5738 revolutum
2935 5663 3004 5738 ab
3033 5663 3237 5738 angelis
3265 5661 3443 5738 hono-

1850 5741 1926 5796 ris
1952 5741 2124 5809 gratia
2153 5731 2349 5793 Christi
2380 5733 2726 5804 resurgentis.
2759 5731 2894 5788 Vide
2932 5731 3179 5790 Grotium
3221 5741 3276 5790 et
3305 5731 3442 5791 Mal-

1851 5812 2110 5866 donattnn
2141 5809 2246 5864 hic.

1922 5883 1948 5919 κ
1983 5881 2153 5936 Verba
2184 5880 2296 5934 haec
2321 5877 2519 5934 desunt
2540 5875 2594 5932 in
2623 5874 2812 5932 codice
2840 5873 3050 5932 Bonon.
