3930 6354
485 309 604 376 ἰεῦ

1746 310 1805 371 8.
1845 307 2054 370 PETRI
2093 305 2529 370 CHRYSOLOGI

3654 305 3753 371 ιιι

492 427 812 497 rediturum,
834 434 928 486 aut
953 443 1173 487 carnem
1195 442 1384 486 servus
1408 425 1549 485 forte
1565 424 1887 497 dedignatur
1904 439 2077 492 suam,
2106 425 2157 488 Α
2184 423 2312 482 tatis
2349 424 2659 497 pertingant
2702 420 2960 492 gloriam,
3007 416 3327 491 perveniant
3368 416 3437 474 ad
3483 415 3749 478 honorem.

492 536 616 577 cum
638 529 877 578 nostram
905 521 1162 578 Dominus
1184 537 1292 578 non
1320 521 1573 578 mutarit?
1595 519 1892 592 Acquiesce
1916 520 2082 577 homo

492 611 667 687 ipsum
696 621 750 670 te
778 613 1012 670 futurum
1040 628 1160 671 esse
1199 612 1252 670 in
1281 628 1447 671 carne
1483 621 1594 681 tua,
1638 628 1708 668 ne
1731 620 1789 668 tu
1830 611 1944 684 ipse
1971 627 2082 668 non

490 706 583 775 sis,
608 705 654 761 si
683 706 736 761 in
761 721 926 763 carne
945 707 1245 763 surrexeris
1270 707 1466 763 aliena.
1492 704 1702 777 Adjeeit
1730 706 1971 776 angelus,
1994 706 2080 762 di-

489 812 619 855 cens
645 815 658 850 :
690 794 760 851 Et
778 798 877 853 cita
909 806 1084 853 euntes
1107 798 1258 856 dicite
1290 797 1578 870 discipulis,
1619 799 1740 872 quia
1769 798 2014 866 surrexit,
2030 805 2084 854 et

488 889 744 961 praecedet
778 908 865 947 uas
892 892 948 946 in
970 889 1264 958 Galilaam,
1304 891 1375 948 ibi
1413 909 1529 947 eum
1565 891 1821 949 videbitis.
1846 891 2082 962 Angelus

488 981 574 1037 hic
616 998 723 1037 non
764 980 1025 1050 feminas,
1069 983 1165 1040 sed
1192 982 1489 1040 Ecclesiam
1527 982 1734 1039 duabus
1772 984 1827 1039 in
1867 981 2079 1041 feminis

488 1072 670 1139 mittit,
703 1082 728 1111 ι
757 1089 917 1131 unam
944 1076 1125 1141 mittit,
1155 1084 1216 1132 ut
1241 1091 1361 1133 eam
1381 1075 1643 1133 mittendo
1663 1076 1742 1133 sic
1767 1076 1928 1148 longe
1949 1076 2080 1134 late-

486 1177 591 1233 que
619 1162 900 1221 diffundat.
935 1166 1171 1237 Angelus
1204 1167 1291 1225 hic
1322 1182 1579 1240 sponsam
1612 1169 1775 1225 mittit
1813 1169 1881 1225 ad
1909 1186 2076 1240 spon-

486 1270 633 1322 sum;
663 1255 895 1327 denique
913 1257 1165 1314 euntibus
1195 1258 1296 1314 illis
1317 1260 1552 1316 occurrit
1570 1259 1849 1326 Dominus,
1873 1268 1928 1317 et
1946 1260 1976 1300 ³
1997 1276 2078 1318 sa-

486 1345 624 1402 lutat
651 1363 762 1415 eas,
794 1349 979 1404 dicens
1006 1368 1017 1402 :
1047 1360 1070 1390 ο
1102 1350 1269 1405 Aeeta.
1295 1346 1558 1418 Occurrit,
1586 1359 1643 1407 et
1671 1367 1779 1407 non
1807 1361 2077 1424 potestate

484 1446 680 1507 terret,
720 1438 814 1496 sed
842 1442 1099 1512 praevenit
1128 1442 1404 1497 charitatis
1447 1440 1671 1510 ardore;
1703 1458 1813 1498 non
1841 1445 2075 1501 auctori-

486 1536 597 1585 tate
626 1532 823 1598 turbat,
866 1531 961 1588 sed
989 1531 1185 1588 salutat
1225 1533 1341 1602 lege
1364 1534 1574 1605 sponsi;
1606 1551 1715 1590 non
1749 1534 2076 1595 dominantis

484 1617 603 1691 jure
632 1632 850 1691 onerat,
880 1622 973 1679 sed
1013 1624 1246 1696 honorat
1285 1626 1574 1683 dilectione
1599 1629 1895 1686 consortis:
1925 1631 2072 1685 salu-

484 1721 566 1769 tat
590 1732 602 1766 :
635 1714 804 1769 Avete.
831 1714 1047 1771 Dixerat
1073 1715 1346 1789 discipulis
1365 1717 1476 1772 suis
1500 1718 1615 1789 ipse
1641 1737 1653 1773 :
1688 1717 1965 1776 Neminem
1981 1739 2073 1777 sa-

2182 517 2275 575 llla
2305 526 2486 575 autem
2512 515 2707 574 merito
2735 513 2915 571 audit:
2933 509 3063 569 Noli
3084 528 3166 567 me
3189 520 3398 585 tangere
3420 510 3627 583 (Ibid.),
3647 528 3751 584 qua

2182 611 2238 668 in
2266 611 2426 668 terris
2457 606 2620 666 deﬁet
2643 607 2962 671 Dominum,
3002 612 3060 662 et
3084 605 3163 660 sie
3201 603 3255 660 in
3295 603 3541 675 sepulcro
3577 605 3751 674 quau-it

2180 711 2471 771 mortuum,
2496 708 2557 760 ut
2582 715 2706 757 eum
2731 697 2751 739 τ
2778 699 2831 755 in
2858 697 3010 755 cmlis
3038 697 3243 753 nesciat
3274 710 3497 766 regnare
3524 710 3648 751 cum
3668 694 3752 752 Pa«

2180 804 2282 852 tre.
2318 793 2437 851 Noli
2472 807 2563 850 me
2600 800 2842 862 tangere,
2883 789 2935 846 id
2963 797 3066 856 est,
3090 788 3317 859 obsequi
3340 796 3368 836 α
3390 795 3538 843 tactu
3561 787 3745 852 carnis,

2178 902 2343 960 quem
2372 884 2495 941 ﬁdei
2531 893 2679 942 tactu
2698 882 2927 940 deberes
2954 881 3251 951 attingere;
3279 895 3381 937 nec
3405 880 3563 951 quasi
3583 879 3743 936 hami-

2178 996 2304 1037 nem
2355 987 2563 1035 tantum
2601 986 2825 1048 tangere
2863 985 2919 1033 te
2965 988 3260 1049 prmsumas
3300 974 3356 1031 in
3397 985 3565 1038 terra,
3607 988 3748 1045 quem

2178 1071 2348 1129 Deum
2386 1071 2627 1128 nandum
2661 1069 2808 1141 sapis
2835 1069 2890 1124 in
2911 1067 3222 1125 coelestibus
3248 1065 3505 1133 adorare;
3537 1064 3748 1124 feminea

2177 1152 2305 1224 eura
2354 1165 2600 1233 desinat,
2644 1162 2920 1220 muliebris
2965 1160 3273 1220 sollicitudo
3295 1159 3549 1225 desistat,
3605 1159 3749 1215 virilis

2178 1258 2469 1315 credulitas
2509 1266 2658 1314 tuam
2708 1252 3037 1312 conscendat
3078 1252 3135 1308 in
3161 1259 3433 1315 mentem,
3482 1264 3749 1307 ascensum

2175 1368 2356 1409 meum
2385 1350 2564 1409 cordis
2610 1350 2687 1407 tui
2725 1347 2905 1420 capiat
2939 1346 3185 1414 latitudo,
3214 1343 3245 1385 ι
3268 1353 3329 1402 ιιι
3362 1346 3420 1401 in
3457 1342 3749 1402 celestist

2173 1454 2376 1503 aeterna
2405 1452 2581 1502 tactus
2607 1443 2716 1499 mei
2742 1441 3073 1498 beatitudine
3094 1437 3406 1512 perfruaris.
3435 1434 3603 1493 Juxta
3639 1434 3747 1492 illud

2174 1539 2478 1614 prophetat:
2498 1536 2687 1593 Beatus
2718 1537 2797 1592 vir
2811 1535 2957 1607 cujus
2971 1542 3048 1590 est
3066 1532 3318 1589 auxilium
3332 1531 3423 1585 abs
3440 1538 3503 1595 te,
3523 1527 3747 1595 Domine;

2173 1647 2417 1688 ascensus
2435 1633 2489 1686 in
2505 1628 2661 1686 corde
2680 1628 2792 1700 ejus
2814 1626 3065 1698 disposuit
3085 1622 3256 1697 (Psal.
3281 1621 3529 1692 Lxxxm).
3543 1617 3606 1676 In
3626 1627 3746 1675 terra

2173 1738 2283 1779 non
2313 1721 2484 1792 tangit
2506 1719 2801 1782 Christum,
2825 1717 2919 1787 qui
2948 1713 3051 1771 ﬁde
3077 1714 3132 1769 in
3160 1711 3299 1770 cmla
3325 1727 3434 1767 non
3453 1708 3748 1767 conscendit

485 1805 768 1862 lutaveritis
788 1807 841 1861 in
864 1808 965 1872 via,
990 1815 1042 1864 et
1070 1808 1198 1879 quid
1227 1810 1476 1881 estquod
1501 1811 1587 1867 hic
1616 1812 1671 1867 in
1698 1813 1786 1868 via
1810 1821 1922 1869 tam
1944 1813 1969 1852 ’³
1993 1814 2073 1871 fe.
2103 1810 2147 1873 Β
2178 1815 2248 1873 ad
2278 1812 2571 1871 Christum.
2613 1810 2767 1880 Quod
2795 1823 2927 1880 ergo
2965 1805 3157 1864 eadem
3188 1804 3357 1860 Maria
3386 1818 3533 1859 nunc
3564 1802 3622 1859 in
3646 1799 3746 1858 ﬁdei

483 1898 652 1953 stivus
698 1898 959 1954 salutator
1008 1901 1278 1957 accurrit?
1322 1901 1438 1957 Non
1475 1911 1755 1974 exspectat
1792 1905 2069 1974 cognosci,

481 1991 707 2063 intelligi
732 2010 839 2050 non
886 1994 1139 2065 requirit,
1173 2012 1279 2052 non
1319 2005 1378 2052 ut
1417 1999 1779 2069 interrogetur
1816 2000 2071 2072 admittit,

480 2084 577 2142 sed
605 2086 659 2141 in
701 2086 1081 2143 salutationem
1124 2089 1272 2145 vadit
1318 2099 1489 2156 tatus,
1541 2092 1689 2147 vadit
1730 2092 1972 2160 fervens,
2018 2103 2075 2153 et

480 2192 638 2233 suum
666 2178 827 2233 solvit
850 2178 966 2250 ipse
994 2179 1317 2237 salutatione
1342 2182 1689 2239 mandatum?
1715 2184 1885 2254 Fecit,
1913 2185 2070 2255 fecit,

480 2269 608 2339 quia
638 2278 811 2326 totum
860 2272 1055 2338 vincit,
1085 2268 1141 2328 et
1168 2284 1454 2346 exsuperat
1498 2276 1579 2331 vis
1619 2278 1817 2334 amoris
1847 2297 1861 2332 :
1891 2278 2069 2348 simul,

479 2362 608 2434 quia
635 2361 881 2420 Christus
904 2365 956 2421 in
985 2364 1225 2423 Ecclesia
1253 2383 1313 2422 se
1341 2368 1558 2436 salutat,
1585 2385 1746 2441 quam
1767 2387 1921 2428 suam
1947 2371 2075 2431 fecit

481 2464 622 2522 esse,
653 2463 708 2513 et
734 2457 813 2515 sic
838 2459 1045 2515 viscera
1074 2477 1170 2516 sua
1190 2502 1205 2527 ,
1236 2476 1390 2517 suum
1421 2463 1499 2519 sic
1541 2466 1744 2537 recepit
1773 2467 1826 2522 in
1854 2482 2070 2540 corpus,

479 2547 695 2606 dicente
724 2551 986 2622 Apostolo
1018 2571 1031 2607 :
1065 2550 1135 2608 Et
1161 2555 1271 2627 ipse
1298 2564 1373 2610 est
1392 2566 1545 2629 caput
1566 2559 1795 2631 corporis
1824 2557 2074 2618 Ecclesia

480 2638 673 2715 (Calas.
702 2643 762 2713 ι).
795 2641 852 2699 ln
879 2644 995 2702 istis
1024 2660 1153 2701 vero
1176 2644 1387 2703 feminis
1414 2645 1666 2706 Ecclesia:
1703 2650 1928 2721 ﬁguram
1955 2669 2071 2710 ma-

477 2748 607 2789 nere
634 2733 850 2805 plenam
893 2752 981 2792 res
1010 2737 1126 2808 ipsa
1167 2737 1402 2794 ostendit
1427 2741 1723 2807 evidenter,
1754 2743 1880 2812 quia
1909 2743 2073 2801 disci-

478 2824 636 2896 pulos
663 2840 789 2881 suos
816 2823 1062 2883 Christus
1082 2827 1150 2884 de
1175 2832 1571 2889 resurrectione
1594 2840 1845 2890 nutantes
1874 2837 2068 2905 arguit,

478 2917 810 2988 trepidantes
841 2917 1040 2986 ﬁrmat,
1072 2922 1382 2978 ostensione
1425 2923 1641 2992 lateris,
1672 2925 1948 2983 clavorum
1975 2944 2070 2985 ca-

473 3012 683 3076 vernis,
715 3010 1025 3085 sumptione
1068 3013 1205 3083 cibi,
1235 3016 1327 3072 vix
1358 3026 1578 3075 revocat
1606 3019 1675 3074 ad
1714 3017 1874 3076 ﬁdem
1915 3018 2065 3093 (Luc.

474 3101 639 3174 xxiv).
672 3101 825 3160 Unde
849 3113 904 3161 et
934 3106 1128 3162 merita
1159 3107 1212 3163 in
1242 3106 1345 3164 lide
1370 3107 1626 3180 parvulos
1647 3112 1725 3169 sic
1750 3128 1948 3183 pueros
1972 3129 2070 3187 ap-

2175 1907 2381 1965 vertice
2408 1905 2721 1969 constituta,
2754 1916 2899 1958 nunc
2927 1900 2981 1956 in
3016 1897 3272 1955 Ecclesiae
3297 1894 3593 1951 sublimata
3619 1892 3745 1949 fasti-

2174 2002 2284 2074 gia,
2325 2008 2383 2058 et
2417 1998 2592 2069 tangit
2624 1995 2919 2062 Christum,
2959 2000 3017 2050 et
3042 1998 3194 2049 tenet
3212 1998 3330 2046 toto
3357 1982 3745 2046 sanctitatisal-

2173 2096 2337 2160 lectu,
2368 2109 2510 2150 nunc
2532 2089 2895 2147 imbecillitate
2922 2086 3101 2143 carnis
3122 2092 3178 2140 et
3199 2082 3430 2140 feminea
3456 2079 3746 2137 inﬁrmitate

2173 2185 2384 2257 deiecta
2411 2184 2638 2249 dubitat,
2670 2189 2727 2238 et
2750 2188 2952 2237 tactum
2984 2177 3069 2234 sui
3099 2191 3207 2232 non
3236 2181 3480 2230 meretur
3504 2170 3742 2233 auctoris.

2174 2293 2283 2336 non
2315 2276 2440 2334 facit
2460 2274 2814 2347 quiestionem
2843 2290 2857 2326 :
2887 2271 2933 2328 si
2956 2267 3171 2341 quidem
3211 2265 3341 2324 illud
3369 2264 3439 2322 de
3465 2261 3638 2335 ﬁgura
3660 2268 3741 2327 est.

2173 2372 2280 2430 hoc
2307 2371 2376 2428 de
2412 2384 2581 2435 sexu;
2617 2366 2747 2424 illud
2788 2373 2873 2423 est
2904 2364 2972 2421 de
2998 2362 3177 2419 divina
3206 2360 3398 2431 gratia,
3428 2357 3539 2415 hoc
3564 2356 3635 2414 de
3661 2355 3744 2412 lut-

2174 2479 2334 2521 mana
2364 2470 2573 2519 natura.
2602 2459 2737 2528 Quia
2767 2473 2869 2515 nos
2903 2456 3045 2513 idem
3068 2454 3169 2527 ipsi
3190 2469 3313 2511 cum
3334 2452 3519 2508 divina
3547 2450 3741 2511 scimus.

2173 2554 2268 2611 Dei
2306 2569 2504 2610 munus
2538 2558 2649 2618 est;
2679 2565 2805 2607 cum
2838 2548 3077 2604 humana
3099 2543 3359 2616 sapimus,
3392 2556 3660 2599 cacamur
3688 2552 3746 2593 ex

2173 2647 2351 2705 nobis.
2387 2654 2406 2698 ι
2438 2646 2530 2702 Sic
2556 2645 2749 2701 beatus
2770 2640 2964 2698 Petrus
2988 2638 3283 2704 Christum,
3306 2635 3436 2692 dum
3457 2634 3557 2690 Dei
3575 2632 3748 2689 Filium

2172 2740 2480 2805 conﬁtetur,
2497 2736 2658 2794 Patre
2677 2734 2973 2801 revelante,
2986 2729 3284 2802 cognoscit;
3300 2743 3424 2785 cum
3438 2733 3604 2796 negat
3614 2720 3749 2778 Chri-

2171 2840 2335 2898 stum,
2353 2829 2533 2888 carnis
2542 2826 2708 2884 sentit
2720 2833 2776 2881 et
2790 2821 3300 2896 patiturczecitatem
3312 2815 3612 2889 (Mauri).
3627 2813 3749 2870 huc

2172 2925 2290 2982 haec
2321 2920 2491 2978 Judaei
2524 2917 2772 2984 crimina,
2809 2922 2903 2971 aut
2928 2912 3070 2969 male
3092 2919 3277 2968 emunt
3305 2924 3426 2975 sua,
3459 2915 3556 2962 aut
3571 2906 3748 2962 distra.

2172 3017 2310 3073 hunt
2343 3014 2499 3087 pejus
2539 3010 2738 3076 aliena,
2773 3007 2902 3066 dum
2930 3012 3153 3080 peccata
3196 3010 3389 3059 taxant
3416 2999 3611 3072 pretio,
3635 2997 3746 3053 dum

2171 3109 2401 3185 pecunia
2423 3112 2654 3180 pensant
2680 3111 2737 3160 et
2756 3106 3112 3173 compensant
3132 3097 3351 3162 delicta,
3382 3093 3512 3149 dum
3533 3092 3587 3148 in
3605 3088 3750 3148 scele-

474 3195 666 3267 pcllat,
698 3196 946 3278 dicendo
978 3217 992 3252 :
1022 3196 1215 3268 Pueri,
1248 3200 1496 3276 numquid
1539 3202 1737 3260 habetis
1783 3205 2074 3278 pulmettla-
2099 3197 2148 3262 C
2176 3203 2325 3260 ribus
2348 3201 2460 3258 suis
2481 3197 2730 3263 fundunt,
2752 3193 2901 3267 quod
2921 3199 3037 3248 tota
3056 3189 3264 3247 scelere
3284 3187 3747 3278 congregarat!!!-

472 3290 607 3345 rium
655 3275 845 3362 (Ioan.
881 3290 1047 3361 xxi)?
1089 3275 1540 3366 ipsamquealibi
1578 3275 1802 3353 Mariam
1850 3296 2067 3356 flentem

471 3384 625 3461 quasi
652 3383 721 3440 de
749 3393 985 3449 mortuo,
1014 3387 1297 3443 mulierem
1328 3398 1502 3455 vocat,
1535 3397 1697 3461 atque
1726 3391 1980 3463 tangendi
2008 3408 2070 3450 se

472 3475 746 3531 licentiam
770 3485 930 3546 negat
952 3474 1133 3549 (Joan.
1167 3477 1259 3547 xx)
1291 3498 1303 3532 :
1333 3479 1465 3536 istas
1491 3488 1671 3536 autem
1696 3481 1774 3537 sic
1802 3479 2069 3554 perfectas

475 3566 701 3631 invenit,
744 3567 823 3624 sic
852 3567 1153 3634 credentes,
1186 3568 1265 3626 sic
1292 3586 1401 3626 non
1442 3570 1512 3627 de
1550 3587 1685 3627 sexu
1716 3572 2066 3644 trepidantes,

474 3657 554 3713 sic
577 3658 835 3730 mysterio
857 3668 1154 3725 currentes,
1178 3662 1258 3717 sic
1279 3660 1567 3718 Dominum
1589 3672 1705 3720 toto
1730 3662 1852 3720 ﬁdei
1876 3666 2070 3723 ardore

474 3749 845 3825 requirentes,
879 3759 938 3806 ut
976 3751 1280 3809 habendum
1314 3770 1374 3810 se
1421 3757 1597 3811 tradat
1637 3758 1718 3814 eis
1744 3758 2071 3816 salutatione

476 3843 593 3911 tali,
623 3843 825 3911 dicens,
858 3846 1030 3901 Aucte.
1078 3844 1311 3915 Angelus
1338 3847 1547 3904 dixerat
1573 3868 1583 3901 :
1616 3847 1742 3905 Scio
1771 3850 1913 3906 enim
1942 3852 2070 3922 quia

475 3935 657 3994 Jesum
679 3937 993 3994 crucifixum
1014 3939 1280 4010 queritis;
1306 3950 1360 3996 et
1384 3943 1781 4012 requirentibus
1800 3942 2065 4010 Christus,

475 4039 619 4085 avete
658 4029 969 4102 respondit;
1021 4030 1148 4087 alibi
1191 4041 1369 4090 autem
1415 4031 1594 4090 Mariae
1619 4044 1642 4074 ε
1669 4052 1769 4091 nec
1817 4036 2069 4105 tangendi

475 4123 633 4179 datur
676 4121 902 4178 facultas
934 4121 1111 4195 (Joan.
1146 4124 1260 4197 xx),
1292 4125 1380 4181 hic
1409 4142 1517 4182 non
1558 4127 1734 4184 solum
1782 4127 2067 4197 tangendi,

475 4213 571 4271 sed
599 4223 655 4269 et
682 4214 901 4270 tenendi
929 4215 1084 4287 copia
1117 4224 1228 4271 tota
1251 4216 1587 4273 conceditur.
1620 4216 1741 4275 Illae
1767 4228 1956 4283 autem,
1990 4219 2071 4274 in-

476 4305 611 4375 quit,
642 4316 990 4373 accesserunt,
1021 4316 1072 4363 et
1102 4316 1367 4363 tenuerunt
1393 4308 1547 4380 pedes
1575 4309 1704 4382 ejus.
1739 4308 1858 4366 Ista:
1886 4316 2073 4365 tenent

477 4396 644 4471 pedes
682 4396 907 4462 Christi,
954 4414 1074 4469 qute
1117 4401 1169 4455 in
1220 4399 1461 4457 Ecclesia
1511 4411 1696 4476 typum
1746 4403 2073 4472 evangelicae

479 4488 874 4562 praedicationis
902 4498 1115 4558 tenent,
1161 4500 1218 4546 et
1254 4501 1531 4549 merentur
1570 4510 1638 4550 ex
1672 4510 1831 4550 cursu
1858 4512 1870 4549 :
1902 4510 1967 4551 ac
1994 4496 2071 4550 sic

478 4754 861 4839 Valentiniani,
893 4753 1253 4820 Marcioniuc,
1291 4755 1486 4827 aliique
1521 4757 1682 4826 hujus
1716 4757 1933 4815 furfuris
1966 4757 2068 4811 ho.

477 4842 671 4883 mines.

552 4911 576 4935 ἰ
610 4898 771 4953 Deest
798 4897 853 4952 in
883 4894 1017 4953 Cod.
1042 4895 1252 4951 Bonan.

551 4968 576 5008 ι’
608 4968 687 5023 Ex
709 4968 834 5023 eod.
859 4968 1003 5034 cod.,
1030 4968 1303 5023 salutator.

550 5052 572 5079 ε
605 5039 761 5106 lbid.,
792 5037 967 5107 Avete,
995 5039 1088 5094 hoc
1110 5047 1204 5105 est,
1239 5039 1459 5097 bcntate.

546 5111 571 5150 ιι
604 5110 683 5165 Ex
707 5110 854 5166 Mita.

551 5194 575 5221 ε
607 5182 716 5256 Alii
753 5184 1083 5256 interpretes
1130 5181 1406 5256 dua‘hrcc
1448 5180 1739 5256 Evangelii
1764 5182 1903 5251 loca,
1948 5200 2068 5256 qua:

475 5253 721 5337 velutad
750 5252 979 5321 invicem
1016 5253 1314 5337 pugnantia
1355 5253 1650 5337 introducit
1684 5252 2067 5337 Chrysalogus,

474 5327 542 5382 ad
590 5326 825 5396 litteram
877 5324 1185 5383 conciliant.
1231 5324 1427 5396 Dicunt
1463 5325 1607 5380 enim
1646 5324 1822 5396 primo
1851 5328 1939 5383 vel
1956 5324 2070 5384 'has

476 5398 613 5454 duas
647 5395 811 5452 fuisse
851 5395 1219 5469 apparitiones
1254 5395 1523 5469 diversas;
1551 5395 1789 5469 secundo
1811 5399 1897 5454 vel
1925 5397 2071 5468 Mag-

474 5469 699 5540 dalenes
725 5476 852 5540 ante
872 5467 995 5523 eum
1027 5467 1303 5535 tetigerat;
1331 5467 1493 5540 tertio
1522 5467 1609 5522 vel
1635 5467 2070 5540 Christoprohi-

480 5539 642 5594 hcntc
672 5538 847 5608 tetigit
888 5548 1097 5605 tamen,
1136 5549 1191 5592 ut
1228 5553 1317 5593 res
1351 5538 1658 5608 importuna
1695 5548 1751 5593 et
1776 5538 1952 5595 audax
1988 5546 2071 5595 est

483 5625 655 5665 amor.
679 5606 914 5665 Consule
944 5610 1327 5665 Maldonatum.

556 5679 576 5752 ἵ
608 5677 942 5752 Chrysologo
981 5696 1282 5738 consonare
1320 5679 1532 5737 videtur
1558 5677 1886 5752 Augustinus
1899 5687 2064 5752 tract.

484 5749 581 5806 121
604 5751 668 5821 in
702 5740 903 5821 (nam:
924 5754 979 5807 in
1019 5753 1114 5806 hac
1145 5752 1337 5821 femina
1359 5740 1755 5821 recognosci-ns
1780 5749 2069 5806 Ecclesiam

480 5822 548 5881 de
574 5818 819 5879 Gentibus
846 5818 963 5897 qua
985 5825 1044 5879 in
1092 5818 1353 5879 Christum
1402 5818 1513 5878 non
1544 5822 1779 5890 credidit,
1818 5823 1921 5877 nisi
1956 5838 2071 5877 cum

2171 3295 2263 3353 Sic
2288 3293 2483 3351 Iudam
2502 3294 2822 3361 comparant
2841 3284 3160 3341 traditorem
3188 3279 3404 3336 Domini
3430 3277 3525 3343 sui,
3553 3281 3609 3330 et
3625 3287 3752 3345 pre-

2171 3386 2249 3443 tio
2271 3382 2649 3455 Redemptoris
2670 3377 2856 3436 mundi
2877 3374 3195 3446 sanguinem
3215 3379 3475 3444 pensant;
3492 3368 3568 3424 sic
3585 3362 3752 3439 aperti

2170 3475 2404 3549 sepulcri
2439 3473 2599 3530 ﬁdem
2649 3469 2907 3527 claudunt
2938 3469 2952 3519 i
2992 3464 3231 3532 sacculo,
3262 3471 3326 3519 ut
3372 3459 3629 3532 neganda
3664 3471 3749 3514 re-

2171 3565 2523 3625 surrectionis
2548 3564 2756 3621 crimen
2787 3559 3023 3617 nummis
3050 3557 3340 3615 criminum
3378 3557 3747 3610 mercarentur.

2172 3660 2479 3721 Pecuniam,
2521 3654 2713 3726 inquit,
2755 3653 3023 3725 copiosam
3069 3647 3322 3705 dederunt
3363 3643 3632 3709 militibus,
3682 3639 3751 3696 di-

2173 3762 2381 3809 centes:
2418 3748 2590 3804 Dicite
2618 3747 2743 3820 quia
2785 3742 3029 3816 discipuli
3061 3741 3173 3814 ejus
3208 3745 3460 3795 venerunt
3505 3745 3667 3798 nocte,
3710 3738 3750 3787 et

2174 3845 2336 3920 furati
2364 3851 2486 3897 sunt
2513 3856 2647 3904 eum,
2679 3838 2828 3893 nobis
2857 3832 3248 3897 dormientibus,
3278 3838 3328 3885 et
3366 3830 3415 3885 si
3449 3828 3548 3884 Itoc
3582 3839 3751 3920 prterea

2173 3915 2417 4000 audierit,
2444 3950 2537 3989 nos
2558 3928 2889 3988 suadebimus
2909 3929 2977 3996 ei,
3005 3935 3057 3982 et
3082 3941 3290 3981 securas
3308 3939 3398 3979 eos
3420 3915 3753 3995 faciemth

2169 4029 2250 4083 illi
2279 4035 2490 4098 accepta
2505 4023 2723 4097 pecunia
2751 4023 2982 4094 feceramt
2993 4013 3510 4079 sicuterantedocti;
3532 4020 3584 4067 et
3608 4008 3749 4080 dife-

2171 4131 2369 4177 matum
2386 4127 2463 4173 est
2489 4116 2695 4173 verbum
2726 4111 2865 4169 istud
2892 4111 3033 4185 apud
3057 4109 3270 4165 Iudicas
3298 4123 3461 4179 usque
3477 4107 3535 4161 in
3561 4104 3751 4159 hodier-

2172 4231 2296 4270 num
2316 4214 2468 4268 diem.
2495 4209 2652 4282 Apud
2677 4207 2913 4274 Judtcas,
2945 4203 3203 4274 ntnnquid
3225 4200 3367 4274 apud
3393 4195 3752 4256 Christianas?

2171 4306 2376 4374 Judtee,
2407 4304 2554 4375 quod
2580 4311 2639 4359 tu
2668 4302 2723 4358 in
2747 4300 2930 4357 Iudaea
2966 4297 3296 4357 obscurabas
3328 4311 3489 4361 auro,
3522 4295 3627 4351 ﬁde
3650 4298 3752 4348 tota

2173 4400 2370 4458 claruit
2395 4405 2452 4454 et
2478 4396 2650 4454 eluxit
2670 4395 2726 4451 in
2747 4392 2950 4450 munda
2975 4411 2988 4446 :
3012 4390 3262 4463 discipuli
3290 4396 3638 4461 receperunt,
3659 4398 3753 4441 nae

2174 4489 2340 4548 furati
2385 4497 2514 4546 sunt
2553 4485 2859 4551 Christum;
2890 4493 2950 4540 tu
2976 4480 3258 4556 perﬁdiam
3294 4479 3648 4552 comparasti,
3671 4474 3757 4532 sed

371 4612 379 4618 -
479 4579 584 4638 ﬁde
613 4589 838 4651 tangunt
861 4582 944 4637 sui
973 4582 1194 4652 vestigia
1222 4583 1525 4650 salvatoris,
1567 4594 1627 4641 ut
1654 4586 1723 4642 ad
1764 4587 1933 4642 totius
1957 4586 2076 4643 dei-
2104 4578 2155 4642 D
2182 4602 2291 4643 non
2337 4583 2546 4640 furatus
2575 4597 2637 4640 es
2674 4581 2997 4645 veritatem;
3045 4575 3247 4642 Iudaee,
3277 4574 3583 4631 resurrexit
3607 4569 3753 4628 Chri-

2175 4757 2492 4814 ascendisset
2532 4755 2604 4809 ad
2639 4754 2873 4809 Patrem.
2907 4751 3061 4809 Tom.
3093 4750 3161 4807 Ill
3193 4765 3317 4823 pag.
3352 4749 3458 4805 590
3497 4750 3627 4807 edit.
3654 4747 3752 4803 An-

2174 4839 2400 4977 ωῗὲίε.
2422 4895 2678 4962 Οωδειιιιι,
2710 4894 3349 4977 obsequi_tantunt_came.
3430 4969 3445 4977 Δ
3532 4976 3541 4977 7
3610 4957 3729 4977 ΜΔ

2242 4968 2269 5008 ιι
2302 4969 2510 5049 negem
2554 4958 2678 5049 cum
2724 4958 3061 5049 Chrysalaga
3100 4965 3193 5019 alii
3230 4958 3755 5049 enarratores

2170 5050 2315 5098 stum
2348 5040 2455 5095 illis
2494 5038 2691 5104 verbis,
2727 5031 2854 5092 Noli
2879 5052 2961 5091 me
2997 5031 3231 5104 tangere,
3278 5033 3522 5089 innuisse
3558 5031 3761 5104 ludicri

2172 5110 2449 5189 Christum
2472 5102 2830 5189 amplectendi
2853 5105 3083 5189 gratiam
3094 5102 3409 5189 habituram
3430 5105 3488 5159 in
3517 5102 3759 5189 is

2174 5185 2338 5239 rebus
2359 5172 2641 5251 corporeis
2658 5172 3055 5251 adspirituales
3073 5185 3311 5232 mentem
3337 5174 3458 5251 ejus
3491 5172 3755 5251 attollens.

2175 5253 2232 5309 S.
2260 5252 2392 5319 Leo,
2425 5240 2587 5319 sérm.
2621 5248 2682 5301 ll
2715 5240 3162 5319 de_Ascensione,
3196 5260 3319 5316 pag.
3353 5240 3423 5299 72
3448 5245 3580 5319 edit.
3626 5240 3771 5319 Lm?

2179 5308 2335 5389 dum,
2379 5308 2831 5399 cura__Rayuaudi
2865 5337 2877 5372 :
2921 5314 3049 5373 Noli
3084 5308 3166 5372 me
3195 5308 3424 5388 ian'gere.
3447 5313 3597 5399 .Nala

2180 5411 2261 5450 me
2288 5391 2850 5455 corporaliter’venias,
2879 5403 2974 5443 nec
3010 5404 3093 5443 me
3123 5403 3277 5442 sensu
3309 5391 3485 5442 carnis
3520 5391 3759 5455 aspicies,

2180 5464 2250 5518 ad
2276 5454 2578 5519 sublimiora
2621 5470 2669 5515 te
2700 5459 2905 5529 differo.
2939 5457 3065 5512 Cum
3102 5457 3171 5529 ad
3208 5455 3423 5529 Patrem
3464 5454 3757 5529 «eadem

2179 5544 2296 5589 tunc
2339 5551 2421 5589 me
2466 5526 3055 5605 perfectius_:'reriusque_
3081 5528 3355 5605 palpab's,
3382 5526 3762 5600 apprehensum

2175 5604 2314 5679 quod
2343 5599 2533 5676 tangis,
2556 5599 2608 5656 et
2629 5601 2888 5657 creditura
2915 5599 3055 5673 quod
3083 5599 3186 5654 non
3215 5599 3425 5653 cernis.
3456 5599 3460 5600 ⁷
3595 5664 3611 5675 .
3748 5658 3761 5673 _

2253 5675 2270 5715 ί
2306 5675 2452 5731 Alias
2484 5673 2538 5730 in
2568 5688 2668 5730 ms.
2703 5672 2912 5728 Bonan.
2943 5689 2956 5725 :
2989 5669 3082 5727 Sic
3104 5669 3279 5726 beatus
3304 5667 3533 5731 Petrus,
3560 5679 3640 5723 ssc
3667 5659 3763 5717 Det

2656 5713 2668 5727 ο
2703 5705 2912 5728 ιΝΙΙυΙΙσ
2943 5711 2956 5725 ο
2989 5705 3081 5727 υιυ
3104 5705 3279 5726 νσιηιιο
3304 5705 3329 5723 Ι
3353 5705 3496 5724 σοι-ν
3515 5705 3533 5733 ο

2175 5745 2377 5814 Filium
2406 5743 2567 5800 Patre
2590 5742 2844 5799 revelante
2872 5743 3154 5814 cognoscit.

2253 5818 2270 5870 ι
2308 5813 2392 5873 Ex
2410 5815 2535 5878 eod.
2558 5814 2709 5883 cod.,
2730 5812 2946 5871 munda;
