3882 6356
121 365 213 426 ιιτ
1299 343 1302 346 ’
1503 360 1736 422 senno
1775 361 2039 422 Lxxvu.

3296 367 3401 428 ιη

117 489 235 544 stus,
260 485 319 534 tu
344 490 625 548 pecuniam
662 476 963 548 perdidisti.
1007 477 1236 552 Sanguis
1263 479 1376 552 ejus
1414 496 1570 552 super
1606 497 1700 536 nos
1727 488 1778 548 Α
1806 490 1936 548 tem,
1979 482 2194 539 dicente
2221 483 2519 554 propheta:
2545 480 2616 538 Et
2635 498 2742 538 nos:
2761 482 3073 538 illuminatio
3093 498 3207 538 mea
3225 484 3282 536 in
3304 483 3398 538 de-

115 584 160 632 ει
184 587 334 644 super
359 570 497 642 ﬁlios
521 579 748 626 nostros.
779 569 984 638 Judtce,
1009 569 1258 629 Christus
1283 573 1433 640 vivit,
1474 581 1534 629 tu
1561 583 1617 631 et
1645 583 1700 632 te

116 675 165 724 et
182 673 298 720 tuos
324 672 578 736 posteros
606 663 879 720 occidisti.

622 753 856 812 SERMO
894 753 1154 813 LXXVII.

524 847 606 904 De
629 847 1030 906 Resnrrectione
1051 850 1263 906 Christi.

173 939 388 997 Plenum
414 939 548 996 satis
569 948 626 996 et
651 941 902 1012 perlecta:
920 941 1226 998 devotionis
1254 941 1529 1010 indicium,
1552 943 1701 1014 quod

119 1043 337 1105 tempore
368 1033 641 1103 passionis
669 1041 783 1090 tota
812 1035 1047 1091 creatori
1079 1050 1180 1091 suo
1201 1037 1529 1108 compatitur
1547 1051 1702 1094 crea-

117 1135 236 1180 tura.
257 1122 387 1192 Quae
406 1139 537 1180 caro
565 1133 708 1181 terra
732 1134 996 1184 tremente
1019 1144 1125 1184 non
1151 1129 1389 1196 tremuit,
1406 1144 1526 1200 qua:
1546 1145 1702 1187 mens

117 1219 454 1289 non‘torpuit,
487 1220 633 1290 quod
661 1221 934 1290 ingenium
957 1239 1065 1280 non
1095 1223 1293 1282 defecit
1319 1241 1442 1282 cum
1470 1225 1553 1282 sol
1573 1233 1702 1285 ante

115 1321 300 1381 tempus
326 1309 546 1376 occidit,
572 1311 663 1366 lux
689 1312 936 1384 refugit?
965 1313 1226 1386 Denique,
1259 1315 1472 1382 fratres,
1514 1326 1570 1373 et
1595 1333 1701 1375 no-

114 1410 206 1456 stta
225 1401 529 1458 occubuere
556 1410 685 1458 tunc
707 1403 940 1471 viscera,
983 1420 1177 1462 sensus
1196 1416 1280 1463 est
1308 1417 1697 1476 commortuus,

115 1511 268 1553 sermo
288 1505 480 1552 noster
504 1511 604 1552 suo
625 1505 709 1552 est
733 1499 1084 1570 consepultus
1117 1501 1346 1570 auctori,
1378 1509 1438 1556 ut
1465 1501 1583 1572 ejus
1611 1510 1702 1558 to-

116 1598 204 1642 tam
222 1603 360 1644 nunc
383 1589 739 1645 suscitaretur
755 1589 824 1645 ad
852 1590 1100 1660 gloriam.
1133 1592 1241 1649 ista
1272 1594 1481 1650 exstitit
1500 1594 1701 1651 silentii

115 1678 201 1734 mei
220 1693 403 1746 causa,
434 1680 540 1735 ista
567 1680 734 1736 debiti
756 1682 862 1737 mei
891 1682 1085 1739 devota
1115 1684 1301 1741 dilatio
1324 1687 1442 1742 fuit.
1465 1685 1575 1742 Nec
1599 1687 1700 1742 mi-

116 1787 232 1836 rum,
258 1769 479 1838 fratres,
521 1772 567 1829 si
606 1773 831 1845 provide
856 1789 1034 1831 sermo
1062 1791 1216 1832 meus
1247 1785 1361 1832 toto
1399 1776 1701 1834 affectionis

1802 573 1938 629 liciis
1968 575 2094 629 meis
2125 573 2300 647 (Psal.
2337 573 2618 646 cxxxvm).
2678 572 2908 647 Vespera
2939 589 3054 648 qua:
3092 573 3302 629 lucescit
3342 574 3400 628 in

1801 667 1972 738 prima
2005 665 2225 721 sabbati.
2259 662 2287 704 δ
2333 665 2630 722 Sabbatum
2667 665 3046 722 secundarium
3085 679 3146 721 se
3186 665 3402 722 lmtatur

1739 761 1742 764 ’
1801 757 2087 824 effectum,
2127 759 2275 830 quod
2307 758 2553 829 jussione
2589 759 2725 831 legis
2764 759 3018 832 torpebat
3053 759 3108 814 in
3147 759 3304 826 otio;
3344 768 3402 816 ct

1803 867 1904 924 per
1931 852 2040 909 diei
2069 851 2337 910 Dominici
2375 853 2666 924 primatum
2687 853 2741 909 in
2775 853 2972 910 divinae
2992 853 3206 910 virtutis
3235 869 3401 925 opera

1803 943 2126 1001 mirabiliter
2171 944 2439 1002 excitatur
2472 986 2488 1012 ,
2536 945 2682 1015 quod
2724 943 2964 1002 Judaica‘.
3006 945 3427 1012 observationis;

1803 1034 1997 1091 inertia
2027 1050 2059 1090 a
2079 1035 2281 1091 virtute
2301 1035 2522 1091 salutari
2543 1035 2803 1092 reddebat
2817 1044 3164 1103 extraneum,
3186 1017 3425 1095 dicente;

1803 1127 2034 1184 Domino
2055 1147 2067 1183 :
2089 1126 2212 1184 Non
2230 1129 2350 1184 licet
2368 1128 2595 1184 sabbatis
2611 1131 2764 1202 ωσι-ει
2779 1145 2977 1197 curam,
2996 1133 3060 1202 af
3055 1130 3213 1200 [lictis
3229 1123 3420 1202 operti;

1803 1222 1955 1276 caecis
1989 1223 2151 1276 visum
2171 1262 2185 1288 ,
2230 1223 2387 1276 vitam
2416 1223 2633 1277 mortuis
2673 1221 2971 1278 condonare
3007 1221 3158 1295 (Luc.
3183 1222 3306 1294 vi)?
3346 1205 3425 1280 et.-

1803 1313 2210 1385 interpretando
2231 1315 2412 1369 taliter
2431 1329 2461 1368 a
2484 1313 2596 1369 Deo
2625 1313 2767 1369 diem
2797 1314 3005 1370 sabbati
3037 1322 3239 1372 sancta:
3267 1314 3393 1384 legis

1801 1406 1994 1461 studiis
2033 1405 2380 1478 deputatum,
2424 1406 2620 1462 misere
2656 1414 2860 1461 tantum
2894 1407 3097 1465 ventris
3118 1407 3403 1464 addixerat

1801 1497 2069 1554 servituti.
2121 1496 2348 1571 Vespera
2395 1497 2597 1553 sabbati
2627 1514 2742 1570 qua:
2762 1498 2972 1554 lucescit
2996 1500 3052 1553 in
3071 1501 3241 1572 prima
3279 1499 3403 1554 sab-

1803 1591 1931 1658 bati,
1949 1594 2085 1648 venit
2100 1591 2276 1647 Maria
2292 1591 2348 1646 Μ
2353 1591 2634 1665 agdalena,
2655 1603 2705 1648 et
2721 1591 2886 1648 altera
2900 1591 3096 1650 Maria.
3125 1590 3240 1649 Una
3254 1593 3403 1650 venit

1806 1687 2061 1752 nomine,
2104 1701 2225 1757 qua:
2253 1700 2398 1741 nunc
2436 1685 2542 1740 alia
2583 1685 2853 1755 lcgiturin
2894 1685 3106 1742 diversa
3144 1701 3396 1758 persona.

1809 1779 1964 1836 Venit
1997 1779 2174 1835 Maria
2208 1789 2258 1835 et
2278 1779 2386 1834 alia
2419 1777 2616 1834 Maria.
2652 1789 2677 1816 θ
2712 1779 2831 1846 Quo
2851 1787 2906 1835 et
2934 1794 3096 1835 unam
3118 1780 3171 1834 in
3191 1779 3402 1836 duabus

117 1863 348 1933 obstaqu
391 1863 460 1919 ad
488 1863 693 1921 inferos
729 1866 895 1922 etiam
932 1882 1091 1923 suum
1120 1877 1338 1924 secutus
1363 1878 1448 1926 est
1476 1871 1699 1940 largito-
1728 1872 1775 1934 B
1805 1875 2042 1932 nominis
2076 1875 2258 1930 unitas
2281 1873 2568 1943 ﬁgurarct,
2605 1881 2660 1929 et
2679 1881 2936 1928 mutatam
2959 1873 3212 1930 feminam
3231 1873 3404 1930 diver-

117 1972 228 2024 rem,
256 1957 391 2026 quia
417 1958 538 2014 sine
576 1958 695 2030 ipso
723 1959 878 2016 vobis
908 1961 1104 2016 talibus
1132 1976 1197 2016 ac
1222 1961 1390 2018 tantis
1417 1963 1702 2020 creditori-

117 2049 198 2102 bus
235 2047 386 2117 quod
422 2048 708 2106 redderem
750 2067 858 2108 non
887 2051 1176 2108 habebam.
1201 2052 1355 2122 Quod
1401 2055 1446 2110 si
1475 2055 1700 2126 cupidus

115 2141 278 2210 aliquis
307 2149 368 2196 et
399 2141 590 2198 avidus
617 2151 843 2199 exactor
869 2144 938 2200 de
969 2145 1258 2201 solutionis
1284 2145 1538 2202 tarditate
1563 2162 1698 2202 con-

115 2234 347 2305 queritur,
385 2245 410 2271 ιι
432 2235 766 2293 calumniam
787 2237 1048 2310 temporis
1069 2239 1225 2296 nobis
1239 2239 1465 2296 desistat
1480 2237 1698 2306 inferre,

115 2329 218 2398 quia
249 2328 406 2385 dives
436 2327 696 2386 Dominus
724 2345 878 2387 meus
904 2331 1257 2404 multiplicem
1292 2331 1496 2388 fenoris
1533 2332 1704 2405 ipsius

116 2429 253 2490 auget
289 2428 344 2476 et
399 2430 660 2494 repensat
700 2437 939 2479 usuram.
985 2422 1245 2480 Absolvat
1284 2439 1416 2496 ergo
1454 2441 1554 2481 nos
1587 2425 1702 2496 jam

115 2515 416 2584 evangelicae
453 2515 604 2586 larga
641 2515 892 2573 lectionis
931 2517 1270 2584 humanitas,
1306 2534 1445 2590 quos
1482 2517 1510 2558 ι’
1539 2518 1704 2576 otticii

118 2606 386 2660 necessitas
413 2605 527 2662 hoc
547 2615 757 2661 tantum
777 2607 1002 2663 deduxit
1028 2617 1085 2664 et
1105 2607 1314 2664 addixit
1351 2609 1418 2665 ad
1439 2610 1698 2666 debitum.

125 2694 344 2768 Vespera,
377 2698 586 2769 inquit,
609 2697 812 2754 sabbati
826 2717 940 2773 qua:
962 2702 1172 2757 lucescit
1197 2703 1254 2757 in
1282 2703 1450 2773 prima
1477 2701 1702 2760 sabbati.

117 2786 164 2844 in
181 2789 398 2846 Domino
425 2803 748 2862 resurgente
769 2807 876 2848 non
906 2794 1154 2850 humanae
1181 2795 1358 2850 solum
1381 2809 1704 2852 conversum

118 2879 286 2950 estjus
311 2890 542 2949 naturze,
567 2884 661 2939 sed
688 2884 853 2939 etiam
883 2885 998 2956 ipse
1025 2894 1291 2942 creatura:
1320 2886 1454 2942 ordo
1484 2887 1707 2958 insigni-

120 2980 194 3028 ter
227 2980 306 3029 est
337 2983 599 3030 mutatus.
651 2975 879 3049 Vespera
905 2976 1105 3032 sabbati
1152 2995 1267 3052 qua:
1309 2979 1536 3036 lucescit.
1565 2980 1706 3040 Ecce

122 3062 332 3122 Domino
350 3074 668 3136 resurgentc
685 3109 700 3133 ,
727 3084 833 3124 non
869 3070 1201 3126 tenebrescit
1233 3087 1481 3143 vespera,
1505 3073 1602 3129 sed
1622 3073 1706 3130 lu-

120 3156 301 3222 cescit;
329 3167 382 3213 et
406 3159 465 3212 tit
493 3159 630 3215 lucis
648 3159 958 3228 exordium,
990 3161 1137 3232 quod
1167 3163 1490 3235 principium
1530 3165 1707 3223 noctis

1803 1967 1937 2021 sitas
1953 1966 2214 2037 panderet
2228 1979 2605 2036 personarum.
2633 1962 2792 2020 Venit
2805 1964 2969 2029 enim,
2988 1979 3096 2020 non
3111 1973 3399 2034 venerunt,

1804 2067 1861 2114 et
1880 2075 2002 2115 cum
2016 2058 2148 2115 dicit
2162 2059 2286 2123 alia,
2312 2058 2364 2112 in
2389 2064 2618 2127 utraque
2640 2057 2884 2114 eamdem
2905 2058 3133 2132 mystico
3153 2058 3402 2130 designat

1807 2151 2002 2218 aifatu,
2036 2161 2095 2208 ut
2115 2153 2274 2207 aliam
2303 2152 2519 2207 venisse
2544 2160 2670 2206 ante
2691 2150 2871 2214 ﬁdem,
2897 2151 3056 2206 aliam
3089 2161 3214 2223 post
3243 2150 3403 2208 tidem

1805 2243 2099 2299 redituram
2140 2259 2261 2300 esse
2299 2251 2646 2299 monstraret.
2690 2241 2850 2298 Venit
2869 2243 3094 2310 mulier,
3135 2243 3232 2299 sed
3264 2243 3406 2300 redit

1806 2336 1974 2392 Maria
2001 2354 2015 2404 ;
2059 2338 2207 2392 venit
2238 2352 2360 2407 quae
2401 2336 2580 2392 intulit
2607 2343 2860 2400 mortem,
2897 2337 3038 2392 redit
3066 2350 3188 2407 quae
3218 2338 3406 2408 genuit

1805 2429 1974 2484 vitam
1999 2446 2012 2495 ;
2036 2429 2185 2484 venit
2207 2427 2376 2484 Adam
2405 2443 2526 2498 qua:
2545 2427 2769 2484 deduxit
2789 2427 2856 2483 ad
2877 2427 3101 2496 inferos,
3123 2430 3406 2500 reditque:

1807 2521 1876 2576 ab
1897 2520 2082 2579 inferis
2093 2519 2367 2579 Christum
2387 2521 2612 2592 recepit.
2647 2519 2874 2576 VenitM
2877 2521 2994 2576 aria
3013 2531 3065 2576 et
3083 2521 3189 2577 alia
3204 2519 3403 2577 Maria.

1807 2613 2030 2681 Quare?
2068 2612 2255 2669 Videte
2273 2615 2584 2686 sepulcrum,
2608 2621 2665 2668 et
2685 2628 2793 2669 non
2814 2611 3089 2669 Christum
3117 2626 3400 2683 quaerere:

1807 2713 2021 2762 tantum
2041 2705 2226 2761 videre
2247 2705 2576 2776 sepulcrum,
2597 2712 2782 2764 reatus
2795 2705 2877 2760 sui
2894 2705 3127 2768 titulum,
3150 2703 3408 2760 facinoris

1808 2799 1892 2855 sui
1913 2799 2067 2855 triste
2087 2797 2493 2862 documentum,
2518 2813 2628 2854 sua:
2649 2812 2772 2854 cum
2791 2796 3008 2852 diabolo
3036 2795 3408 2868 praesumptio-

1809 2891 1925 2958 nis,
1955 2891 2039 2946 sui
2057 2898 2294 2960 quiestus
2323 2888 2492 2945 ferale
2511 2889 2918 2956 commercium,
2951 2895 3010 2943 ut
3030 2887 3154 2944 inde
3181 2903 3409 2960 recupe-

1809 2992 1957 3041 raret
2004 2980 2162 3039 fidem
2186 3024 2202 3050 ,
2259 2981 2400 3038 unde
2436 2989 2762 3052 perpetuum
2799 2995 2912 3037 sua:
2947 2979 3409 3052 praevaricationis

1809 3076 2112 3136 sustinebat
2145 3075 2517 3146 opprobrium.
2561 3072 2632 3128 Et
2663 3091 2780 3129 ecce
2801 3083 3120 3128 terminatus
3143 3075 3312 3146 {actus
3331 3081 3410 3128 est

1809 3185 2048 3242 magnus.
2100 3165 2158 3222 Si
2187 3167 2266 3222 sic
2293 3175 2439 3222 terra
2476 3165 2697 3220 tremuit
2723 3180 2848 3220 cum
2888 3179 3110 3220 suorum
3149 3163 3408 3219 Dominus

121 3263 228 3305 esse
245 3261 618 3308 consueverat.
653 3252 880 3325 Vespera
912 3255 1116 3310 sabbati
1145 3273 1262 3329 quia
1281 3257 1491 3313 lucescit
1511 3260 1566 3314 in
1586 3261 1670 3332 pri
1682 3291 1702 3302 -
1727 3263 1774 3329 ο
1807 3262 2039 3331 resurgit
2079 3260 2145 3315 ad
2185 3260 2442 3326 veniam;
2503 3256 2962 3330 quemadmodum
2999 3257 3404 3322 contremiscet,

122 3359 194 3397 uia
211 3341 403 3399 sabbati
419 3343 640 3416 (lauit.
656 3346 864 3420 xxvm).
885 3359 906 3386 ο
921 3347 1073 3405 Sicut
1089 3350 1389 3406 mortalitas
1410 3351 1462 3406 in
1481 3352 1702 3407 immor-

125 3435 378 3504 talitatem,
403 3439 691 3510 corruptio
705 3439 760 3494 in
781 3440 1262 3512 incorruptionem,
1282 3458 1412 3498 caro
1435 3442 1488 3497 in
1507 3442 1697 3510 Deum,

123 3533 185 3587 ita
203 3534 427 3591 tenebras
460 3535 855 3592 transferuntur
882 3536 936 3592 in
966 3537 1180 3604 lucem;
1231 3547 1291 3593 ut
1329 3555 1388 3593 se
1429 3554 1538 3594 nox
1578 3538 1699 3608 ipsa

124 3625 276 3683 taliter
292 3643 404 3684 non
424 3628 661 3700 periisse
687 3628 950 3696 gaudeat,
986 3628 1081 3684 sed
1111 3645 1231 3684 esse
1265 3637 1548 3695 mutatam,
1579 3643 1702 3699 quae

121 3717 430 3776 obscuritate
450 3721 628 3790 magis
645 3734 808 3790 quam
829 3727 1076 3791 tempore
1096 3721 1177 3776 sic
1205 3720 1421 3783 defecit,
1465 3735 1586 3791 quae
1615 3721 1700 3776 in-

124 3809 354 3878 tervalla,
396 3826 525 3882 qua:
546 3810 720 3866 vicem
747 3826 858 3866 sum
887 3810 1098 3866 felicius
1131 3812 1366 3882 perdidit
1399 3811 1698 3877 servitutis,

123 3910 171 3956 ut
193 3903 242 3960 in
259 3913 546 3978 perpetua:
577 3904 712 3962 lucis
732 3902 1027 3977 proflueret
1047 3913 1106 3961 et
1135 3914 1446 3977 erumperet
1478 3907 1702 3963 liberta—

181 4114 205 4144 ι
231 4104 388 4162 Actio
414 4105 473 4160 in
497 4104 621 4175 jure
641 4111 726 4162 est
745 4119 851 4176 qua
873 4105 995 4176 quis
1013 4120 1129 4161 rem
1149 4104 1460 4176 quampiam
1487 4105 1588 4161 sibi
1610 4119 1708 4176 per

122 4176 373 4265 soleian
409 4177 554 4259 juris
596 4176 1129 4265 formulastasserere
1170 4184 1432 4265 conatur;
1473 4185 1568 4258 aut
1606 4191 1708 4248 pro

122 4262 212 4320 qua
241 4247 390 4310 litem
415 4246 676 4304 intendit.
705 4247 840 4304 Vide
860 4247 1196 4304 Glossarium
1227 4246 1309 4302 Du
1335 4247 1546 4317 Cangii.
1610 4246 1625 4248 “

151 4318 205 4391 *³
233 4318 346 4375 lloc
389 4327 505 4391 est._
539 4318 826 4391 plangendi
855 4328 1088 4391 mortem
1114 4317 1334 4384 Christi,
1365 4326 1420 4374 et
1445 4334 1568 4375 cum
1601 4316 1706 4376 Ec-

123 4389 267 4446 clesia
289 4398 450 4445 tanto
481 4389 660 4445 funeri
680 4389 1029 4446 'condolendi.

182 4472 204 4501 ε
231 4461 480 4518 Difficilis
507 4476 701 4517 sensus
728 4461 1038 4532 explicatio.
1072 4459 1180 4532 Pro
1209 4461 1471 4532 tenuitate
1501 4461 1704 4531 ingenii

124 4531 339 4603 arbitror
361 4541 648 4588 auctorem
671 4533 737 4588 de
761 4530 978 4588 homine
998 4547 1098 4603 per
1119 4530 1400 4603 Christum
1433 4532 1486 4586 in
1518 4530 1704 4589 nevis-

122 4602 242 4658 simo
258 4603 348 4660 die
367 4603 748 4660 resuscitando
772 4603 939 4673 loqui,
966 4601 1020 4658 in
1042 4601 1198 4672 cujus
1217 4618 1383 4658 carne
1405 4603 1708 4660 mortalitas

122 4674 168 4745 in
187 4675 669 4740 immortalitatem,
693 4675 968 4744 corruptio
995 4675 1047 4728 in
1070 4673 1562 4745 incorruptionem,
1575 4690 1707 4732 caro

123 4744 169 4816 in
192 4746 438 4816 spiritum
461 4761 562 4816 per
582 4746 796 4801 beatam
816 4746 1040 4814 gloriam
1067 4744 1506 4800 transferrentur.
1533 4744 1706 4802 Tene-

1807 3370 1929 3410 cum
1947 3353 2231 3409 noxiorum
2247 3357 2538 3420 consurget
2553 3351 2621 3408 ad
2636 3367 2873 3424 pinnam,
2890 3351 3105 3408 dicente
3118 3351 3404 3423 propheta:

1811 3445 1971 3502 Terra
1990 3447 2212 3513 tremuit,
2227 3455 2276 3502 et
2285 3447 2450 3520 quievi
2456 3455 2492 3511 t,
2508 3461 2624 3500 cum
2637 3454 2923 3517 resurgeret
2936 3446 2991 3499 in
2997 3443 3258 3516 judicium
3267 3441 3408 3498 Deus

1810 3537 1982 3610 (Psat.
2009 3537 2171 3608 Lxxv)
2195 3538 2219 3592 ?
2248 3537 2316 3592 Et
2335 3551 2455 3607 qua:
2476 3536 2746 3603 conservi,
2787 3535 2894 3592 hoc
2925 3544 3011 3592 est
3037 3535 3232 3606 angeli,
3267 3551 3410 3608 prae-

1807 3631 2037 3686 sentiam
2076 3629 2344 3685 sustinere
2383 3644 2492 3684 non
2524 3628 2714 3696 valuit,
2755 3628 3212 3700 quemadmodum
3239 3628 3410 3686 Deum

1805 3723 2043 3794 judicem
2071 3721 2396 3778 sustinebit?
2438 3721 2582 3779 Ecce
2612 3722 2806 3779 iisdem
2834 3723 3012 3790 lineis,
3057 3724 3254 3794 quibus
3290 3739 3410 3796 per-

1814 3815 1951 3868 ierat
1989 3814 2134 3870 salus
2173 3813 2408 3869 humana
2430 3854 2446 3880 ,
2488 3821 2791 3884 reparatur.
2835 3812 3014 3870 Prima
3034 3813 3101 3871 ad
3131 3812 3411 3886 perﬁdiam

1813 3907 2026 3973 mulier,
2058 3905 2232 3978 prima
2262 3912 2587 3976 procuratur
2604 3905 2675 3961 ad
2703 3904 2900 3973 tidem;
2944 3906 3115 3976 prina
3143 3908 3313 3964 currit
3343 3907 3410 3965 ad

1813 4105 2080 4178 corporis,
2111 4105 2572 4178 eritilluminatio
2598 4121 2736 4178 mea
2762 4107 2818 4161 in
2857 4105 3063 4162 deliciis
3097 4107 3250 4173 meis,
3280 4107 3410 4178 quia

1812 4175 2161 4250 per'gratiam
2181 4175 2382 4250 Christi
2405 4177 2728 4250 resuscitati,
2760 4184 2816 4232 et
2835 4191 2948 4250 ego,
2967 4193 2996 4231 a
3026 4185 3200 4234 morte
3229 4175 3410 4250 resur-

1813 4247 1956 4317 gam,
2005 4255 2060 4304 et
2082 4262 2195 4320 iper
2231 4249 2374 4320 viam
2403 4248 2593 4320 mortis
2623 4247 2699 4320 de
2722 4255 2898 4303 mone
2938 4249 3051 4320 ipsa
3083 4249 3320 4305 transibo
3341 4251 3411 4308 ad

1812 4319 2002 4382 vitam,
2043 4319 2133 4373 ubi
2178 4318 2382 4374 lumine
2423 4319 2609 4387 gloria:
2648 4318 3198 4382 illuuratus'dcliciis
3236 4320 3412 4377 beata)

1813 4389 2053 4462 visionis
2076 4388 2344 4462 perfruar.
2377 4388 2522 4462 Lege
2558 4387 2719 4462 Mald.
2752 4389 2804 4444 in
2835 4404 2954 4462 cap.
2989 4407 3006 4446 ι
3045 4390 3222 4456 Lucae,
3257 4407 3408 4450 num.

1817 4461 1884 4514 78
1914 4469 1970 4516 et
1993 4459 2095 4526 79,’
2111 4460 2200 4533 ubi
2223 4476 2322 4532 per
2343 4459 2594 4533 tenebras
2613 4459 3114 4533 et_lucemgcunctas
3135 4477 3222 4517 res
3254 4477 3412 4533 pros-

1851 4548 1972 4588 cras
1993 4540 2048 4586 et
2065 4528 2320 4586 adversas
2339 4531 2638 4602 respective
2662 4528 2850 4586 Patres
2876 4531 3206 4588 intellexisse
3226 4528 3408 4591 decet.

1813 4547 1882 4657 Et
1923 4604 1976 4657 in
2019 4601 2176 4657 Joan.
2220 4619 2258 4657 ι.
2289 4601 2342 4657 4.
2377 4617 2563 4657 versus
2592 4599 2708 4657 fin..
2746 4602 2911 4657 vitam
2939 4602 3134 4657 lucem.
3177 4605 3408 4657 mortem

1863 4611 1882 4656 t
1923 4604 1976 4658 in
2019 4601 2176 4657 Joan.
2220 4619 2258 4668 ι,
2289 4601 2342 4669 4,
2377 4599 2563 4658 versus
2592 4599 2708 4668 fln.,
2746 4602 2911 4657 vitam
2939 4602 3134 4669 lucem,
3177 4605 3413 4664 mortem

1815 4675 2070 4762 tepebras
2091 4672 2721 4762 Script‘uramoappellare
2741 4673 2834 4762 ait.
2867 4672 3410 4762 SieAuctornoster,‘

1816 4745 1974 4809 infra,
2017 4760 2179 4816 scrin.
2215 4742 2300 4810 79,
2351 4742 2656 4816 liujus'loci
2699 4744 3137 4816 explanationem
3185 4742 3413 4804 innuere

123 4813 398 4882 brte'vero,
443 4813 566 4890 qua:
605 4816 658 4870 in
700 4813 875 4872 lucem
912 4816 1411 4890 commutabuntur,
1453 4824 1579 4890 sunt
1621 4817 1707 4872 vel
1735 4827 1789 4890 ι)
1813 4817 2045 4890 videtur.
2093 4813 2578 4890 MlTA.—-Alle_tt_l9
2619 4813 3126 4888 stylo'Chrysologi
3155 4816 3411 4872 facillime

125 4896 314 4944 cunctte
350 4902 443 4944 res
483 4887 756 4959 adversae,
787 4901 907 4956 qua:
941 4887 994 4941 in
1025 4887 1222 4959 lucem,
1255 4887 1360 4943 hoc
1381 4896 1466 4959 est
1493 4887 1546 4942 in
1574 4903 1704 4959 pro-

125 4972 295 5026 speras
326 4973 453 5024 res,
489 4957 912 5023 transferuntur;
956 4957 1039 5013 vel
1069 4967 1217 5012 certe
1248 4973 1396 5012 mors
1427 4957 1706 5028 ipsa,'quae

123 5043 215 5099 nox
235 5029 459 5096 dicitur,
486 5037 542 5083 et
567 5045 688 5099 quae
710 5028 952 5099 deposita
985 5029 1319 5084 obscuritate
1347 5029 1401 5083 in
1427 5037 1705 5099 perpetem

123 5098 282 5156 lucem
302 5098 625 5165 mutanitur,
657 5099 711 5155 id
731 5098 815 5171 est
841 5100 892 5154 in
915 5108 1196 5170 perpetem
1217 5100 1402 5154 vitam.
1429 5098 1545 5171 Non
1566 5101 1710 5171 perit

101 5185 235 5252 'nox,
264 5171 333 5252 id
373 5179 460 5252 est
506 5185 671 5252 mors,
710 5169 850 5252 quia.
880 5169 1071 5252 omnes
1104 5171 1397 5252 morimur;
1427 5170 1522 5252 sed
1561 5169 1709 5227 mors

121 5249 352 5312 mutatur
382 5241 438 5298 in
469 5240 651 5312 vitam
675 5239 853 5312 quoad
877 5240 1073 5312 justos,
1117 5243 1209 5310 qui
1244 5243 1295 5296 in
1329 5241 1556 5296 Domino
1587 5258 1707 5297 mo-

121 5311 340 5368 riuntur.
391 5312 510 5368 Non
552 5310 732 5383 deficit
772 5310 1002 5383 tempus,
1034 5313 1159 5381 quia
1190 5320 1378 5367 auctor
1407 5320 1709 5382 temporum

123 5390 362 5452 tempora
388 5384 577 5440 nescit.
602 5382 718 5439 Nox
739 5382 916 5454 perdit
937 5385 1111 5440 vicem
1132 5399 1242 5438 sum
1264 5383 1558 5447 servitutis,
1583 5385 1706 5454 quia

123 5469 259 5508 mors
280 5455 512 5519 homini,
543 5455 709 5510 homo
748 5455 911 5510 morti
939 5454 1209 5520 deservit;
1244 5455 1338 5510 sed
1371 5454 1536 5510 libera
1566 5465 1648 5510 est
1676 5471 1708 5510 a

122 5526 398 5596 servitute,
429 5526 580 5596 dum,
591 5527 710 5596 ipse
739 5525 905 5581 homo
930 5525 981 5579 in
1006 5528 1404 5582 resurrectione
1432 5525 1549 5581 luce
1581 5541 1709 5596 per-

123 5595 531 5717 pcttm‘fruetur.
565 5595 680 5680 Hoc
703 5597 897 5679 probat
918 5595 1130 5680 ’Attctor
1157 5612 1224 5652 ex
1242 5597 1430 5666 psalm.
1456 5595 1709 5678 cxxxvm,

152 5666 184 5717 0
208 5706 222 5717 .
256 5666 328 5717 ιιι
348 5683 458 5717 nos:
474 5677 604 5717 sicut
627 5669 737 5717 dies
762 5667 1162 5717 illuminabitur.
1194 5676 1322 5717 etc.-
1353 5667 1499 5717 auod
1522 5683 1600 5717 sm
1619 5682 1709 5717 ex-

152 5666 184 5737 t)
208 5706 222 5719 .
256 5665 458 5737 Etgnoa:
474 5669 604 5722 sicut
627 5665 1162 5737 die—siilluminabitur,
1194 5665 1322 5733 etc.,
1353 5667 1499 5737 quod
1522 5669 1600 5724 sic
1619 5682 1714 5723 ex-

123 5736 278 5805 plico.
325 5735 466 5792 Dicit
503 5736 895 5803 homozﬁsto,
946 5737 1187 5794 tenebrae
1233 5753 1321 5794 me
1361 5735 1611 5808 aperiant
1658 5738 1712 5795 in

121 5817 282 5863 nocte
316 5809 530 5876 mortis,
574 5825 644 5867 ne
687 5809 916 5867 ulterius
955 5808 1166 5865 videam
1211 5808 1384 5865 lucem
1420 5827 1432 5862 :
1466 5808 1573 5864 hoc
1609 5810 1713 5866 erit

118 5876 345 5946 quidem
372 5879 428 5934 in
447 5895 659 5950 pinnam
676 5880 913 5953 peccati;
935 5879 1032 5937 sed
1052 5895 1179 5947 nox,
1204 5879 1308 5936 hoc
1325 5888 1409 5934 est
1429 5881 1545 5950 ipsa
1567 5893 1714 5936 mors

1812 4887 2148 4954 intelligitur,
2181 4887 2488 4959 comparari
2515 4885 2605 4942 hic
2642 4885 2950 4959 nostrorum
2991 4885 3278 4959 corporum
3317 4902 3408 4944 re-

1811 4959 2200 5015 surrectionem
2229 4955 2332 5028 ipsi
2364 4957 2538 5013 eidem
2565 4957 2794 5028 vesperi,
2826 4958 2931 5023 vel,
2961 4965 3020 5012 ut
3062 4955 3208 5026 loqui
3237 4965 3404 5028 amat,

1814 5030 1958 5085 nocti
1984 5027 2396 5084 resurrectionis
2418 5027 2651 5091 Domini,
2666 5027 2800 5097 quae
2827 5042 2941 5084 sua:
2963 5036 3170 5084 natura:
3215 5027 3412 5085 obscu-

1812 5101 2031 5156 ritatem
2047 5099 2209 5171 vertit
2230 5099 2283 5154 in
2309 5100 2500 5164 lucem,
2519 5099 2675 5154 sicuti
2691 5105 2749 5171 et
2769 5114 2868 5171 nos
2884 5108 3190 5171 nostrorum
3211 5115 3412 5171 corpoo

1813 5187 1934 5228 rum
1954 5170 2355 5228 corruptionem
2387 5178 2660 5226 vertemus
2685 5170 2737 5225 in
2770 5169 3250 5226 immortalitatem.

1887 5241 1914 5280 ά
1943 5242 2095 5298 Diem
2121 5239 2458 5297 Dominicum
2487 5241 2558 5298 ob
2576 5239 2778 5295 Christi
2799 5240 3253 5296 resurrectionem
3277 5241 3409 5297 sab-

1813 5311 2003 5395 batum
2028 5311 2343 5395 primarium
2359 5319 2551 5395 vocat;
2582 5311 2692 5395 hoc
2713 5309 3043 5395 est,.l_'estum
3079 5310 3411 5382 praecipuum

1814 5399 1879 5442 ac
1925 5380 2238 5455 principale.
2283 5382 2576 5455 Sabbatum
2605 5391 2786 5455 autem
2828 5380 3176 5455 Hebraeorum
3213 5380 3412 5455 secun-

1814 5451 2024 5510 darium
2073 5451 2338 5525 appellat,
2391 5454 2496 5509 hoc
2526 5459 2628 5525 cst,
2677 5453 2730 5508 in
2772 5452 3012 5525 secundo
3051 5451 3411 5525 et_bumiliori

1816 5526 1937 5582 loco
1955 5522 2210 5595 positum,
2241 5533 2512 5594 tamquam
2535 5524 2690 5595 hujus
2709 5522 3407 5595 primariasignificativum.

1817 5595 1894 5652 De
1921 5593 2146 5651 sabbato
2159 5593 2506 5666 Hebraeorum
2525 5595 2576 5650 in
2600 5593 2742 5649 diem
2760 5593 3095 5666 Dominicuin
3117 5611 3405 5666 converso,

1816 5674 1873 5723 et
1898 5666 1967 5724 de
1990 5667 2414 5735 sanctiﬁcatione
2441 5664 2700 5735 festorum
2733 5665 2954 5735 pulchre
2972 5707 2986 5732 ,
3018 5674 3079 5721 ut
3105 5670 3246 5724 solet
3261 5706 3276 5732 ,
3298 5664 3408 5726 Au-

1815 5740 2061 5810 gustinus
2087 5753 2252 5810 scrin.
2276 5734 2402 5801 251,
2427 5735 2496 5793 de
2526 5734 2714 5810 Temp.
2731 5734 2909 5810 ξΜιςιΑ.

1893 5817 1918 5848 ο
1944 5807 2045 5867 Ms.
2076 5806 2336 5877 Caesente,
2359 5823 2458 5880 quo
2481 5815 2601 5868 tunc
2626 5805 2682 5864 in
2706 5805 2902 5866 duabus
2931 5823 3107 5863 unam.
