3930 6354
601 346 714 416 433

1857 355 1915 413 s.
1951 329 2155 412 rural
2192 353 2653 414 CHRYSOLOGI.
3735 371 3811 430 ω

603 479 756 527 ‘nox
791 467 995 536 addita,
1027 469 1156 525 dum
1184 466 1437 524 tenebras
1455 474 1700 537 generat,
1735 466 1887 525 addit
1913 467 2201 524 timorem?
2233 469 2272 524 Α
2305 466 2476 522 Adam
2507 483 2681 524 novus
2707 467 2819 524 cito
2848 469 3063 537 cecidit,
3094 471 3220 528 dum
3248 472 3357 530 cito
3387 475 3623 542 credidit;
3649 486 3694 536 et
3718 482 3807 540 dum

598 560 840 628 Fratres,
872 562 1066 617 mulier
1091 560 1219 616 mali
1245 575 1408 617 causa
1425 601 1441 627 ,
1466 559 1676 630 peccati
1705 568 1914 624 auctor,
1945 561 2032 614 via
2056 576 2204 616 mor-

598 656 690 722 tis,
717 654 743 694 δ
770 653 1005 727 sepulcri
1034 653 1239 718 titulus,
1271 651 1465 708 inferni
1481 650 1668 722 janua,
1705 662 1726 690 ε
1760 651 1981 706 lamenti
2006 667 2197 708 neces-

597 749 731 808 sitas
758 755 872 803 tota
898 765 912 802 :
945 747 1015 803 ob
1043 747 1148 803 hoc
1176 753 1472 804 nascuntur
1507 745 1795 827 lacrymis,
1823 747 2201 817 mancipantur

596 841 938 907 maroribus,
961 839 1249 911 gemitibus
1263 839 1606 904 addicuntur,
1639 847 1696 895 et
1723 839 1776 894 in
1797 839 2051 894 lamentis
2074 847 2196 894 tan-

595 943 708 990 tum
731 933 898 990 fortes
915 940 1060 1000 sunt,
1074 940 1339 1004 quantum
1355 933 1559 989 viribus
1580 930 2158 989 inveniunturinﬂrmze
2179 951 2191 988 :

593 1033 650 1082 et
677 1033 940 1095 quantum
970 1025 1249 1095 imparatze
1268 1033 1393 1080 sunt
1414 1023 1483 1080 ad
1511 1024 1746 1090 labores,
1789 1031 1996 1081 tantum
2027 1025 2095 1081 ad
2117 1025 2196 1081 la-

593 1134 806 1191 crymas
833 1125 961 1174 sunt
999 1125 1239 1188 paratas:
1272 1117 1397 1172 hinc
1428 1125 1512 1173 est
1556 1117 1702 1187 quod
1749 1117 2000 1190 lacrymis
2043 1133 2192 1172 arma

590 1211 836 1275 vincunt,
860 1224 1027 1280 regna
1057 1208 1272 1266 ﬂetibus
1294 1209 1574 1277 inclinant,
1606 1211 1858 1266 lamentis
1885 1218 2056 1266 totam
2079 1209 2192 1266 for-

588 1302 876 1358 titudinem
905 1302 1148 1357 virorum
1179 1302 1448 1372 frangunt.
1482 1301 1599 1357 Non
1629 1309 1713 1358 est
1741 1316 1871 1372 ergo
1900 1303 2112 1369 mirum,
2146 1303 2192 1359 si

589 1395 661 1451 ad
684 1395 969 1468 lacrymas,
994 1395 1063 1450 ad
1092 1393 1268 1459 funus,
1300 1395 1368 1450 ad
1397 1395 1726 1467 sepulcrum,
1761 1395 1832 1450 ad
1870 1396 2191 1466 obsequium

590 1485 858 1542 Dominici
887 1488 1133 1558 corporis
1183 1487 1393 1543 femina:
1432 1488 1770 1544 ardentiores
1799 1489 2062 1560 apostolis
2100 1489 2190 1546 hic

589 1579 875 1646 videntur;
911 1580 1000 1635 ubi
1039 1580 1233 1636 mulier
1260 1581 1432 1652 prima
1461 1582 1631 1637 currit
1657 1580 1723 1636 ad
1754 1581 2036 1654 lacrymas,
2067 1597 2188 1652 quae

588 1674 764 1746 prima
805 1673 1044 1729 cucurrit
1071 1671 1139 1728 ad
1167 1673 1413 1744 lapsum;
1460 1673 1716 1744 praecedit
1743 1673 1810 1728 ad
1857 1674 2182 1744 sepulcrum,

586 1780 710 1838 qua:
737 1765 1012 1837 praecessit
1038 1764 1106 1819 ad
1134 1773 1397 1831 mortem;
1431 1765 1490 1819 fit
1526 1765 1940 1822 resurrectionis
1967 1767 2182 1832 nuntia,

2304 558 2462 616 facile
2507 560 2602 616 dat
2648 576 2809 618 aures
2845 561 2913 618 ad
2957 564 3198 620 mulieris
3244 565 3504 634 auditum,
3549 584 3601 625 se
3631 575 3820 644 suosque!

2302 663 2552 724 posteros
2595 655 2834 726 pessimo
2880 656 3088 712 addixit
3133 657 3350 716 inimico
3387 677 3399 713 :
3435 669 3490 715 at
3527 657 3553 698 ll
3589 671 3805 721 veteranus

2303 743 2496 802 Petrus
2517 747 2770 803 feminam
2793 764 2901 803 non
2923 747 3080 806 facile
3100 749 3269 816 audit,
3292 749 3497 808 feminis
3517 754 3803 812 nuntiantibus

2301 839 2473 894 credit
2519 839 2692 905 tarde,
2743 849 2802 897 et
2835 849 2897 897 ut
2935 849 3223 897 veteranus
3256 841 3530 909 deliberat,
3563 860 3622 900 ne
3645 853 3692 900 ut
3711 863 3803 918 puer

2300 931 2558 986 incurrat.
2591 931 2831 1002 Denique
2853 931 2946 988 ubi
2972 931 3080 988 duo
3109 947 3178 988 ex
3205 933 3492 1005 discipulis,
3513 935 3594 1005 qui
3627 944 3722 1008 post
3745 953 3801 993 re-

2298 1024 2689 1079 surrectionem
2734 1021 3010 1080 Christum
3065 1036 3376 1080 meruerunt
3427 1026 3618 1082 itineris
3658 1027 3800 1084 habere

2297 1115 2579 1184 collegam,
2621 1115 2846 1178 reversi,
2891 1115 3213 1170 nuntiabant
3251 1115 3524 1171 Dominum
3557 1132 3610 1172 se
3643 1118 3794 1184 vidisse,

2297 1208 2529 1280 apostoli
2579 1207 2726 1278 quod
2773 1207 2998 1263 audiunt
3046 1224 3152 1263 non
3193 1207 3438 1264 delirium
3479 1208 3701 1278 iudicant,
3735 1210 3795 1266 sed

2295 1301 2450 1357 virile
2477 1321 2488 1355 :
2513 1301 2644 1356 dant
2664 1318 2843 1369 aures,
2869 1317 2964 1357 ora
2995 1301 3184 1370 ﬁgunt,
3217 1301 3465 1372 aperiunt
3483 1302 3660 1368 oculos,
3684 1304 3793 1360 corda

2294 1395 2554 1464 pandunt,
2589 1403 2642 1450 et
2671 1409 2792 1464 qua:
2820 1393 3074 1450 dicuntur
3101 1395 3180 1450 sic
3207 1394 3576 1450 commendant
3602 1395 3790 1460 sensibus.

2294 1493 2353 1540 ut
2381 1496 2506 1558 post
2533 1488 2896 1543 cunctationis
2936 1496 3102 1543 aestus
3130 1488 3382 1544 sitienter
3419 1489 3588 1544 bibant
3622 1490 3790 1546 auditum

2294 1577 2417 1633 fidei
2445 1577 2513 1632 de
2552 1578 2790 1644 ﬂumine,
2832 1578 2977 1648 quod
3024 1578 3353 1649 collegarum
3393 1580 3442 1634 li:
3465 1594 3559 1650 gua
3592 1578 3786 1638 fundebat.

2291 1667 2443 1726 Sicut
2465 1671 2714 1726 ardorem
2737 1670 2855 1725 sitis
2875 1669 3062 1740 frigida
3087 1669 3281 1742 pocula
3304 1669 3787 1740 restinguunttetrefti-

2290 1774 2499 1834 gerant,
2533 1765 2606 1820 ita
2642 1765 2842 1820 mentis
2881 1764 3094 1820 auditus
3122 1765 3298 1820 laetior
3326 1764 3383 1820 fit
3417 1773 3534 1837 post
3559 1778 3782 1822 murorum.

585 1858 614 1896 ἀ
643 1873 764 1929 quae
802 1856 902 1912 fuit
928 1857 1120 1912 mortis
1147 1857 1413 1928 interpres
1437 1874 1452 1923 ;
1483 1865 1539 1912 et
1564 1871 1685 1928 qua:
1713 1857 1830 1913 viro
1868 1866 2188 1930 porrexerat
2216 1855 2267 1916 Β
2293 1856 2529 1924 Fratres,
2559 1857 2682 1926 quis
2709 1872 2903 1912 causas
2929 1871 3127 1927 capere
3155 1856 3443 1913 Dominicze
3469 1856 3783 1924 nativitatispo-

584 1955 836 2011 interitus
857 1954 995 2009 tanti
1022 1953 1288 2018 nuntium,
1312 1952 1444 2008 viris
1473 1953 1586 2024 ipsa
1613 1954 1843 2024 porrigit
1874 1968 2083 2024 magna:
2103 1969 2185 2008 sa-

583 2047 714 2103 lutis
753 2046 1016 2111 auditum,
1060 2052 1120 2100 ut
1147 2053 1466 2114 compenset
1502 2044 1626 2112 fidei
1670 2045 1859 2100 nuntio
1885 2044 2029 2115 quod
2057 2059 2183 2117 per-

586 2137 727 2194 ﬂdia:
763 2137 966 2193 ademit
1005 2135 1214 2191 auditu.
1249 2135 1366 2191 Non
1406 2143 1490 2191 est
1515 2135 1604 2191 hic
1632 2143 1996 2206 prteposterus
2023 2136 2178 2204 ordo,

583 2231 682 2286 sed
709 2232 998 2302 mysticus;
1030 2245 1137 2285 non
1161 2237 1560 2300 postponuntur
1579 2229 1813 2300 apostoli
1833 2227 2062 2296 feminis,
2085 2229 2184 2286 sed

587 2320 656 2376 ad
677 2321 884 2391 majora
905 2328 1224 2386 servantur;
1257 2318 1467 2376 femina:
1495 2320 1811 2391 obsequium
1832 2319 2032 2376 Christi
2063 2338 2182 2378 sus-

585 2415 817 2486 cipiunt,
869 2413 1102 2484 apostoli
1138 2411 1341 2469 Christi
1386 2413 1686 2484 suscipiunt
1729 2413 2038 2485 passiones;
2078 2414 2182 2471 illa:

582 2513 806 2579 portant
833 2513 1098 2572 aromata,
1121 2505 1209 2560 isti
1231 2503 1472 2574 ﬂagella;
1497 2505 1600 2560 illa:
1621 2505 1826 2562 intrant
1851 2506 2176 2579 sepulcrum,

581 2599 670 2655 isti
701 2613 1006 2663 carcerem;
1040 2598 1144 2653 illa:
1173 2596 1241 2652 ad
1269 2597 1589 2666 obsequium
1616 2595 1895 2663 festinant,
1929 2599 2017 2654 isti
2062 2613 2181 2670 per-

578 2693 765 2749 volant
803 2692 873 2747 ad
905 2700 1156 2758 catenas;
1193 2689 1482 2747 infundunt
1509 2691 1612 2746 illa:
1643 2701 1667 2731 ο
1697 2692 1898 2759 oleum,
1939 2693 2026 2748 isti
2053 2708 2179 2748 san-

580 2786 795 2855 guinem
837 2783 1100 2840 fundunt:
1132 2791 1363 2841 mortem
1392 2792 1612 2857 stupent
1639 2785 1762 2851 illae,
1795 2787 2094 2858 suscipiunt
2121 2786 2179 2843 hi

579 2885 802 2932 mortes.
835 2874 904 2930 Et
931 2875 1062 2946 quid
1092 2877 1298 2932 multa?
1318 2876 1581 2933 Resident
1610 2878 1714 2934 illa:
1742 2879 1908 2942 domi,
1942 2880 2010 2935 ad
2032 2881 2178 2937 acies

577 2967 667 3023 isti
691 2968 935 3033 tendunt,
968 2976 1027 3022 ut
1053 2967 1235 3024 devoti
1256 2969 1454 3024 milites
1475 2969 1711 3039 probent
1730 2969 1973 3026 adversis
1995 2969 2173 3037 fidem,

576 3061 832 3117 virtutem
889 3061 1201 3126 laboribus,
1253 3061 1464 3132 injuriis
1510 3064 1828 3135 patientiam
1850 3106 1865 3130 ,
1920 3065 2178 3137 periculis

575 3162 824 3220 mortem,
859 3154 1170 3211 vulneribus
1198 3154 1562 3222 tolerantiam,
1599 3157 1948 3214 devotionem
1975 3159 2170 3230 pmnis,

2288 1953 2434 2008 test?
2473 1951 2767 2007 Dominicis:
2808 1951 3221 2006 resurrectionis
3262 1950 3528 2020 negotium
3561 1948 3780 2004 existimas

2285 2045 2406 2115 quis
2432 2046 2709 2101 meretur?
2736 2044 2843 2100 Ista
2871 2045 3134 2115 cogitare,
3165 2060 3393 2117 capere,
3439 2044 3699 2100 existimare
3717 2040 3777 2095 nisi

2283 2136 2376 2207 qui
2405 2137 2474 2191 ab
2505 2136 2619 2207 ipso
2641 2135 2753 2192 Deo
2776 2135 3066 2206 acceperit,
3092 2152 3198 2193 non
3228 2136 3425 2191 valebit
3448 2154 3460 2188 :
3482 2133 3610 2206 quod
3625 2132 3777 2188 Greater

2285 2244 2466 2286 rerum
2496 2227 2732 2285 femineo
2759 2237 2978 2285 creatur
3005 2238 3197 2300 partu,
3227 2228 3374 2299 quod
3412 2227 3578 2284 mundi
3602 2226 3773 2282 Dominus

2286 2321 2340 2376 in
2387 2321 2647 2378 servitute
2685 2321 2900 2377 videtur
2934 2321 3166 2377 humana
3191 2361 3207 2387 ,
3236 2319 3383 2390 quod
3427 2326 3593 2392 pastor
3613 2317 3771 2374 omnium

2283 2421 2445 2486 pastu
2472 2413 2708 2483 indiget;
2751 2414 2862 2469 reis
2888 2413 3035 2482 quod
3063 2413 3349 2478 addicitur,
3379 2413 3467 2483 qui
3493 2411 3679 2467 absolvit
3697 2408 3770 2464 uni-

2283 2523 2501 2574 versos;
2550 2507 2696 2578 quod
2741 2506 2963 2579 punitur
2988 2507 3098 2562 vita
3126 2505 3331 2571 saeculi,
3360 2505 3497 2576 quod
3531 2511 3767 2559 mortuorum

2284 2601 2513 2656 moritur
2549 2600 2858 2667 suscitator,
2908 2599 3056 2670 quod
3101 2598 3362 2656 claudens
3405 2597 3566 2654 omnia
3601 2592 3765 2666 sepulcro

2283 2693 2582 2759 clauditur,
2613 2692 2760 2764 quod
2786 2689 3143 2764 supernorum
3192 2691 3449 2748 Dominus
3483 2688 3602 2762 apud
3637 2686 3764 2742 infera

2284 2785 2571 2841 invenitur.
2605 2783 2708 2852 Qui
2748 2799 2880 2855 ergo
2918 2785 3020 2842 ista
3049 2799 3244 2857 capere
3284 2791 3474 2855 potest,
3499 2777 3761 2853 apostolum

2281 2879 2677 2944 cunctationes,
2709 2879 3118 2950 trepidationes,
3152 2880 3408 2943 timores,
3439 2877 3585 2948 fugas,
3607 2872 3760 2929 latebras

2281 2973 2550 3046 profunde
2572 2974 2823 3044 judicans
2850 2992 2957 3030 non
2996 2976 3244 3031 miratur.
3280 2975 3448 3046 Ergo,
3483 2961 3759 3036 fratresqwd

2281 3068 2518 3139 apostoli
2537 3068 2805 3134 dubitant,
2832 3067 2980 3138 quod
3013 3067 3117 3122 ista
3146 3075 3260 3123 tam
3290 3067 3439 3123 tarde
3463 3073 3586 3121 tanta
3606 3055 3756 3118 creduli-

2279 3170 2393 3218 tate
2420 3163 2740 3234 suscipiunt,
2773 3179 2884 3218 non
2920 3163 3182 3218 miremur
3209 3179 3332 3229 nos,
3355 3163 3442 3234 qui
3466 3162 3755 3226 humum"

573 3247 844 3303 viscerum
903 3248 1236 3304 laceratione
1300 3250 1680 3305 constantiam.
1736 3249 1990 3308 Mulieres
2041 3265 2174 3322 ergo
2201 3239 2248 3305 C
2279 3254 2564 3322 credimus,
2595 3255 2692 3311 sed
2723 3271 2942 3311 oremus
2978 3263 3040 3309 ut
3081 3255 3150 3311 de
3180 3255 3269 3313 his
3299 3265 3492 3311 tantum
3514 3249 3755 3308 sentirem

575 3337 755 3395 ferunt
787 3354 888 3409 pro
915 3336 1136 3394 Christo
1165 3339 1463 3412 lacrymas;
1499 3341 1750 3412 apostoli,
1773 3341 1992 3398 diabolo
2019 3359 2178 3416 supe-

577 3439 696 3487 rato
723 3439 779 3486 et
808 3431 964 3486 victis
984 3431 1246 3498 hostibus,
1270 3430 1489 3489 Christo
1508 3440 1566 3488 et
1597 3431 1880 3490 victoriam
1906 3435 2168 3502 referunt,

574 3531 630 3576 et
658 3521 990 3591 triumphum
1021 3522 1172 3594 (Luc.
1206 3523 1374 3594 xxrv).
1410 3523 1609 3580 Verum
1641 3525 1788 3595 quod
1813 3526 2048 3596 apostoli
2086 3543 2173 3586 re-

576 3613 879 3668 surrexisse
902 3613 1186 3669 Dominum
1206 3617 1522 3672 mulieribus
1542 3619 1930 3684 nuntiantibus,
1949 3629 2044 3676 aut
2063 3638 2173 3679 non

575 3704 889 3771 credidisse,
922 3715 1014 3760 aut
1048 3705 1066 3745 τ
1099 3707 1511 3765 deliramentum
1540 3709 1814 3780 iudicasse
1841 3712 2166 3783 referuntur,

575 3797 814 3867 graviter
841 3814 1000 3854 neruo
1022 3808 1211 3870 arguat
1236 3819 1249 3854 :
1275 3801 1382 3858 alte
1403 3801 1628 3870 dubitat,
1653 3805 1746 3875 qui
1773 3805 1934 3861 altius
1961 3806 2165 3874 credit;

575 3887 753 3961 decipi
776 3905 882 3945 non
903 3899 1101 3961 potest,
1133 3892 1226 3962 qui
1255 3909 1363 3948 non
1393 3903 1476 3950 est
1500 3903 1526 3940 κ
1555 3893 1726 3952 facilis
1753 3897 1992 3966 auditui;
2017 3899 2168 3970 igna—

577 3995 672 4034 vus
692 3981 851 4036 nimis
879 3989 978 4049 est,
1011 3983 1103 4052 qui
1124 3991 1247 4054 post
1267 3985 1572 4056 exemplum
1595 3986 1866 4045 invenitur
1886 3990 2162 4060 incautus;

573 4070 722 4126 rudis
749 4072 902 4127 miles
924 4072 990 4128 ad
1020 4074 1192 4130 aciem
1213 4077 1519 4146 concurrit,
1549 4080 1641 4150 qui
1663 4096 1882 4140 causam
1901 4083 2029 4140 belli
2069 4103 2166 4144 ne-

570 4163 687 4225 scit,
716 4164 820 4217 vim
852 4163 1129 4220 bellatoris
1168 4167 1405 4235 ignorat;
1449 4170 1642 4240 peritia
1683 4180 1784 4240 est,
1827 4190 1932 4230 non
1961 4183 2045 4233 est
2071 4193 2162 4234 se-

569 4255 780 4320 gnities,
833 4271 954 4310 Clllll
1009 4258 1207 4312 sensim
1252 4259 1409 4315 miles
1465 4270 1754 4319 veteranus
1803 4266 2020 4324 incedit.
2071 4267 2162 4324 Sic

639 4442 665 4470 ι
696 4432 883 4507 Latius
921 4431 1349 4507 explicatquod
1397 4440 1728 4507 evangelista
1779 4441 1975 4499 factum
2033 4445 2164 4502 dicit

566 4503 825 4579 diluculo;
856 4501 939 4556 vel
968 4501 1052 4579 de
1076 4501 1238 4579 initio;
1258 4506 1462 4579 itineris
1511 4501 1765 4579 ldquitur,
1799 4530 1906 4567 non
1955 4514 2022 4570 de
2052 4501 2162 4572 ter;

566 4575 732 4650 mino.
758 4572 899 4650 _Nan_i
927 4572 1178 4650 mulieres
1208 4574 1480 4634 Dominica
1504 4572 1598 4634 die
1631 4572 1762 4637 ante.
1797 4593 1975 4638 ortum
2009 4587 2157 4650 solis,

563 4643 912 4718 ierosolymis
946 4644 1244 4718 discessere
1273 4657 1328 4700 et
1364 4665 1661 4718 pervenere
1689 4652 1829 4707 circa
1864 4661 2044 4709 ortum
2065 4643 2158 4712 so;

564 4717 651 4794 iis,
674 4715 831 4771 Joan.
851 4730 947 4794 sx,
974 4715 998 4768 l
1031 4715 1434 4794 mentem-ie:
1458 4721 1540 4778 ἔτι
1565 4719 1750 4788 οῧσης;
1773 4731 1828 4778 et
1852 4722 2015 4781 Marc.
2047 4743 2154 4794 xvi,

561 4787 598 4842 2
629 4805 643 4841 :
669 4787 1040 4848 ’Λνατσίλαντος
1072 4787 1162 4844 rei;
1183 4789 1342 4848 ἡλίου.

2277 3361 2495 3402 reamus
2530 3355 2793 3416 quantum
2840 3347 3049 3403 dederit
3095 3347 3185 3403 ille
3238 3349 3336 3418 qui
3379 3348 3528 3404 divina
3560 3337 3755 3397 hominem

2277 3440 2480 3495 sentire
2519 3439 2762 3508 largitur.
2798 3437 2954 3506 Quod
2998 3440 3267 3496 remansit
3312 3440 3379 3496 de
3420 3437 3537 3495 serie
3567 3426 3750 3488 lectionis.

2277 3530 2390 3587 Deo
2405 3531 2656 3601 juvante,
2688 3531 2939 3602 proximo
2966 3547 3217 3588 sermone
3249 3527 3659 3604 perscrutsbimut.

2829 3643 3062 3700 SERMO
3099 3643 3316 3701 LXXX.

2276 3734 2356 3791 De
2392 3734 2582 3792 Christi
2643 3735 3035 3792 Resurrectione
3072 3746 3122 3791 et
3165 3738 3394 3792 secunda
3443 3726 3744 3802 mutilam“

2403 3810 2542 3880 facta
2571 3807 2867 3862 mulieribus
2895 3825 2927 3861 a
2954 3820 3288 3865 monumento
3315 3801 3664 3881 regredientibus.

2343 3900 2604 3956 Sermone
2624 3899 2892 3970 proximo,
2913 3898 3039 3969 quia
3070 3898 3299 3970 primam
3326 3907 3517 3971 partem
3534 3887 3741 3966 perstrinxi-

2271 4008 2391 4048 mus
2418 3991 2682 4057 lectionis,
2707 3991 2868 4046 hodie
2894 4006 3014 4060 qua:
3051 3997 3177 4046 sunt
3205 3991 3263 4046 in
3299 3986 3605 4060 sequentibus
3623 3974 3738 4033 audii-

2271 4102 2410 4141 mus.
2447 4083 2802 4156 Respondens,
2842 4083 3033 4154 inquit,
3075 4083 3293 4155 angelus
3339 4083 3464 4138 dixit
3500 4070 3736 4135 ntulisti”!

2272 4174 2452 4231 Nolite
2472 4177 2650 4230 timere
2674 4191 2781 4241 vos,
2811 4175 2918 4229 scio
2945 4175 3082 4229 enim
3099 4175 3221 4246 quia
3239 4173 3433 4240 Iesum,
3459 4171 3532 4244 qui
3554 4159 3734 4229 crudi-ﬁl

2266 4278 2362 4334 est,
2394 4269 2643 4341 quaeritis,
2675 4285 2777 4322 non
2825 4277 2902 4322 est
2929 4267 3039 4333 hic;
3067 4270 3297 4323 surrexit
3343 4268 3470 4323 enim
3499 4265 3605 4319 sicut
3634 4250 3730 4309 ὀξέιέ

2265 4461 2624 4586 ωῗιδῗῖξῗίιιυε
2669 4512 2808 4586 apud
2837 4513 3323 4586 divumﬂTliomam
3366 4515 3415 4568 in
3438 4511 3604 4586 Catena
3631 4503 3724 4586 0νεῦ

2265 4570 2473 4642 ῑοῐηίΫ
2497 4570 2619 4657 pag.
2649 4570 2751 4640 57-4
2785 4592 2988 4640 recent.
3012 4585 3147 4640 Ven.
3179 4585 3424 4641 editionis
3452 4570 3725 4657 simulei?

2263 4661 2427 4734 mina,
2462 4654 2586 4730 quae,
2605 4657 2702 4734 fuit
2739 4657 2920 4734 mortis
2947 4657 3220 4734 ministra,
3251 4655 3564 4734 uenerandus”
3584 4654 3723 4703 tW

2262 4729 2447 4799 ctionis
2475 4727 2773 4798 inysterium
2799 4727 2966 4796 primo
2985 4729 3210 4799 percepit
3227 4738 3278 4782 et
3306 4727 3550 4799 nuntiavit.
3573 4788 3599 4799 υ

2338 4781 2373 4837 ἶ
2388 4781 2555 4854 Dicitu
2564 4781 2730 4853 oleum
2758 4781 2859 4866 pro
2877 4781 3243 4864 aromatib'ug
3255 4813 3373 4868 qua:
3391 4796 3456 4852 ad
3477 4781 3722 4851 ωηῶθηάιιω

635 4858 662 4899 δ
693 4858 789 4938 ῌει
819 4858 1050 4938 sepulcri
1071 4859 1257 4938 titulus
1286 4877 1448 4938 sensu
1469 4861 1736 4938 lalnorrze
1757 4865 1815 4938 in
1841 4865 2152 4938 Monarchia
2180 4866 2235 4930 D
2257 4867 2457 4926 Christi
2486 4884 2682 4938 corpus
2708 4858 3050 4938 paraverant.

560 4932 804 5005 mystica,
850 4944 969 5005 cap.
1015 4929 1098 5005 de
1115 4931 1268 5005 malis
1311 4933 1645 5005 mulieribus,
1677 4937 1802 5005 quia
1833 4937 2022 4994 titulus
2063 4956 2151 4996 se-

559 5000 731 5082 pulcri
757 5017 878 5082 cum
905 5001 1004 5054 sit:
1028 5000 1128 5082 llic
1143 5004 1303 5082 jueet,
1324 5004 1478 5082 mala
1495 5000 1953 5082 femina—nondum
1975 5026 2006 5066 a
2031 5027 2151 5082 pra-

557 5071 640 5127 vis
687 5072 894 5129 actibus
938 5083 993 5125 et
1039 5071 1315 5128 fraudibus
1369 5073 1593 5140 desistit,
1635 5077 1808 5134 donec
1853 5071 2149 5138 amatorem

559 5143 899 5218 libidinosum
938 5142 1005 5198 ad
1045 5145 1299 5218 ultimam
1315 5144 1597 5218 deduxerit
1624 5149 1981 5218 perditionem
2012 5170 2025 5206 :
2055 5153 2152 5208 sed

555 5215 672 5270 hiBC
692 5215 951 5288 moralem
965 5215 1106 5288 sapit
1117 5216 1529 5288 expositionem.
1547 5215 1784 5273 Ml'l'A.—
1802 5220 2032 5278 Aliunde
2047 5224 2152 5279 lor-

559 5295 699 5340 tasse
720 5278 1270 5365 deducendaresest.
1295 5278 1628 5365 Quicumque
1658 5290 1879 5365 innuere
1898 5278 2152 5365 cupiebat

555 5373 670 5434 rem
698 5357 932 5434 aliquam
962 5357 1044 5411 sui
1061 5356 1362 5434 jurisesse,
1387 5356 1597 5434 titulum
1626 5356 2154 5434 pnuligebat.'Augu-

555 5428 755 5492 stinus,
784 5427 977 5504 psalm.
1005 5445 1092 5482 χχι
1120 5447 1131 5481 :
1169 5429 1269 5504 [ibi
1289 5439 1466 5504 potens
1490 5427 1674 5504 aliquis
1696 5427 1946 5490 invEnerit
1974 5427 2147 5492 titulos

554 5514 694 5561 suos,
719 5515 892 5578 nonne
905 5499 1025 5571 jure
1046 5517 1152 5578 rent
1173 5501 1270 5578 sibi
1291 5500 1536 5565 vindicat,
1569 5499 1618 5556 et
1638 5505 1801 5578 dicit;
1833 5504 1885 5560 Ν
1891 5523 1957 5578 9n
1992 5524 2150 5578 rane-

557 5585 665 5621 rem
695 5569 868 5623 titulos
901 5569 1057 5633 meos,
1095 5572 1195 5625 nisi
1234 5587 1314 5626 res
1355 5588 1468 5626 mea
1505 5576 1672 5628 esset?
1708 5575 1842 5631 Vide
1889 5576 1970 5631 Du
1992 5569 2148 5634 'Can-

555 5637 720 5712 giumA
741 5638 793 5692 in
821 5638 1114 5712 Glossario.
1147 5641 1318 5697 Vocat
1352 5657 1481 5712 ergo
1511 5645 1791 5700 mulierem
1833 5648 2035 5702 titulum
2067 5666 2150 5704 se-

555 5709 741 5779 pulcri,
770 5711 929 5790 quod
945 5712 1057 5790 ipsa
1088 5721 1319 5790 mortem
1343 5720 1399 5770 et
1412 5709 1733 5790 sepulcrum
1755 5717 2010 5776 universo
2030 5721 2151 5778 orbi

555 5780 1005 5852 para_ver_it._Vide
1026 5781 1181 5847 infra,
1213 5799 1374 5840 serm.
1407 5780 1527 5852 πει,
1557 5784 1678 5841 155.

629 5857 652 5888 ο
675 5848 760 5905 Nil
779 5849 938 5906 habet
969 5853 1021 5906 in
1059 5868 1134 5919 se,
1167 5854 1315 5924 quod
1352 5870 1462 5914 non
1494 5848 1564 5914 sit
1607 5857 1829 5918 lanenti
1859 5876 2021 5920 causa
2055 5877 2152 5922 ue-

2335 4920 2568 4995 dicit;
2583 4920 2835 5002 rstrui,“
2875 4920 3130 4994 :"Etuisa
3156 4950 3280 4995 sunt
3305 4947 3422 4994 ante
3444 4936 3544 4992 illos
3563 4931 3654 4985 εἱατ
3671 4920 3720 4973 άε⁴

2259 5013 2588 5067 liramentum
2614 5010 2762 5064 verba
2789 5009 2911 5064 ista.

2333 5092 2358 5129 ε
2387 5081 2510 5136 Mss.
2535 5079 2740 5136 Casseu.
2783 5088 2840 5135 et
2861 5080 3142 5146 Vallicell.,
3175 5079 3370 5136 Facilis
3395 5078 3584 5133 auditor.

2332 5151 2361 5190 ιι
2391 5152 2526 5208 Dum
2550 5151 2742 5207 Petrus
2767 5168 2872 5206 una
2901 5167 3020 5208 cum
3045 5142 3252 5208 Joanne
3274 5192 3288 5218 9
3331 5148 3508 5206 “dius
3540 5153 3627 5218 qua
3656 5142 3719 5218 ΨῨ

2261 5225 2420 5280 lieres
2471 5223 2875 5286 nuntiaverant,
2907 5223 3141 5277 surrexit
3177 5231 3232 5278 et
3260 5213 3480 5278 cucurrit
3518 5213 3569 5270 ad
3601 5213 3717 5286 n3ng

2261 5273 3426 5359 ;;;c'.;t‘u.a:..t'i;'..a.s';;.;:i§,“;agi.s'a;e
3441 5287 3608 5359 videtur
3620 5273 3718 5359 ag;

2259 5338 2498 5434 ὲὶὶῖὄιξῖιέξ
2507 5338 2578 5419 ’ίεῖ
2587 5338 2796 5438 'egigz,
2812 5338 2898 5418 ἶιῖ
2911 5338 3075 5418 ista;
3100 5338 3434 5438 ξ’ῥὲιῖεῇἷῷ
3452 5338 3630 5438 suos
3642 5338 3716 5438 31‘}:

2255 5418 2368 5493 non
2382 5418 2590 5492 ‘ié’m'm
2608 5418 2848 5506 credere,
2874 5450 2939 5490 ea
2963 5418 3380 5506 propriisoculis
3402 5418 3716 5506 inspiceret

2257 5484 2362 5493 --νη
2390 5484 2589 5492 ww---
2613 5484 2848 5499 την-ν,
2879 5484 2939 5490 ν-
2966 5484 3192 5506 fur-“—
3223 5484 3374 5489 --_---
3405 5484 3414 5486 ψ
3476 5484 3490 5499 .

2253 5515 2451 5572 essent,
2484 5522 2584 5563 nec
2621 5522 2708 5561 ne.
2759 5505 2994 5574 indeque
3035 5522 3143 5562 non
3190 5503 3412 5565 feminis,
3440 5484 3714 5574 quamgljf‘f

2249 5558 2370 5649 Ῐᾷἶιῖ
2378 5558 2451 5633 ’ἤι’
2473 5558 2609 5632 snio
2624 5558 3282 5649 deceptu's‘fuerai,addit
3304 5558 3439 5649 una,
3455 5558 3538 5649 ξιρύ
3555 5558 3714 5649 είξξξέξξζ·

2394 5623 3713 5738 ἐἶὶῶἦέῖιξιῷῖῐῖιὲῖέξιῖιῖέέξιῖᾶιῖέ’ἆῶἕιξρρςωίυξέἔ

2257 5705 2585 5792 deliberare;
2603 5705 2837 5792 Primam
2865 5719 2933 5792 ad
2961 5719 3263 5789 sepulcrum
3282 5705 3676 5792 εωςὲεἱοπῃςᾞαξ

2314 5769 2662 5874 seruisti—ii
2677 5769 3270 5874 ἶάἶὲέίῖοῖιῖηῐέᾴἕὲἷ.
3290 5787 3342 5874 5;
3353 5769 3714 5874 ζΨξξῖἯλΞΧῖί*

2255 5810 2373 5920 3’50
2402 5810 2528 5874 pars
2556 5810 2656 5846 ιυιι
2684 5810 2868 5845 narrat.
2907 5810 3142 5872 Joannes
3172 5810 3270 5869 xx,
3290 5810 3340 5842 υ.
3369 5810 3457 5862 ut?
3480 5810 3670 5863 sun-fr

2294 5864 2513 5922 ciscitur
2531 5862 2699 5931 solus,
2723 5862 2917 5920 saltem
2936 5861 3104 5921 solius
3131 5857 3274 5917 Petri
3300 5855 3515 5915 meminit
3535 5842 3670 5898 Lucas.
