3882 6356
179 339 271 398 125
433 339 438 344 ’
1187 340 1193 367 ῖ
1532 329 1705 390 SERM

1815 331 2008 389 LXXX.
3295 337 3399 402 ωδ

177 446 503 515 mite,ridete
537 444 704 499 locum
727 441 814 497 ubi
845 441 1040 515 positus
1069 451 1181 498 erat
1207 441 1460 498 Dominus
1491 442 1706 515 (Matth.
1737 449 1781 509 Α
1816 453 2020 500 tantam
2044 445 2464 518 magnitudinem
2491 448 2679 515 veniae,
2711 457 2911 519 quanta
2939 445 3037 506 fuit
3065 451 3292 508 Domino
3315 456 3398 510 in-

177 539 349 612 xxvm).
372 535 596 594 Putasne
623 533 786 603 Petri,
808 533 1050 604 Joannis,
1069 535 1452 606 discipulorum
1473 537 1712 592 omnium
1811 537 1967 607 jurim
2007 539 2335 606 magnitudo.
2387 539 2602 608 Venite,
2651 541 2818 596 uidete
2858 543 3025 598 locum
3070 543 3160 599 ubi
3203 548 3399 617 positus

177 632 385 688 absentia
412 639 436 667 α
463 628 789 698 objurgatur,
834 629 1130 698 castigatur
1163 628 1396 699 ignavia,
1441 628 1587 698 quod
1634 645 1716 684 re-
1815 637 1928 681 erat
1953 626 2223 683 Dominus.
2241 630 2423 686 Virtus
2445 631 2685 701 angelica
2710 646 2830 686 esse
2858 632 3143 688 Dominum
3167 635 3258 704 qui
3277 652 3400 691 cru-

173 721 377 792 surgenti
400 719 608 777 Christo
634 721 890 776 mulieres
920 722 1108 791 primae
1140 721 1267 776 sola:
1297 721 1588 791 pervigiles
1621 736 1711 775 ar-

171 817 330 874 denter
352 821 655 881 occurrant;
686 813 802 884 ipsa
830 813 995 869 etiam
1014 812 1042 852 δ
1064 813 1233 869 virilis
1259 813 1439 883 portio
1466 813 1546 868 sic
1566 820 1715 868 nota-

170 918 254 974 tur,
282 911 334 960 ut
357 905 422 960 ad
447 904 854 960 resurrectionis
873 904 1099 974 gloriam
1119 904 1402 960 muliebris
1422 913 1715 974 praecurrat

172 997 442 1056 inﬁrmitas?
467 995 639 1064 Absit,
661 996 874 1065 fratres,
898 1007 982 1054 est
1009 998 1150 1054 istud
1179 1013 1360 1065 causa,
1386 1013 1496 1053 non
1523 1013 1709 1066 casus;

171 1092 458 1164 mysterium,
487 1106 596 1146 non
620 1098 876 1159 eventus;
908 1091 1066 1156 ordo,
1089 1105 1198 1146 non
1217 1090 1374 1160 culpa
1401 1108 1414 1143 :
1448 1104 1574 1144 nam
1594 1105 1713 1144 mu-

169 1186 249 1242 lier
270 1185 347 1240 hic
369 1184 542 1238 virum
571 1185 832 1253 sequitur,
865 1199 974 1239 non
1021 1182 1302 1253 praecedit,
1339 1181 1430 1236 ubi
1465 1193 1488 1220 ο
1517 1183 1603 1237 vir
1628 1197 1713 1237 re-

168 1278 304 1346 surgit
321 1275 369 1330 in
386 1272 620 1330 Christo.
644 1272 671 1311 ἀ
693 1275 906 1330 Sentias
934 1288 1062 1343 ergo
1083 1273 1302 1329 Petrum
1331 1289 1438 1329 non
1467 1273 1710 1328 mulieri-

167 1372 245 1424 bus
265 1366 503 1433 cessisse,
541 1365 638 1424 sed
664 1364 912 1433 Christo;
945 1380 1053 1420 non
1082 1366 1306 1431 ancillae,
1339 1365 1433 1421 sed
1459 1364 1707 1432 domino;

167 1468 479 1527 sacramento,
514 1475 624 1515 non
645 1475 868 1525 somno;
901 1459 1113 1524 ordini,
1158 1475 1265 1514 non
1298 1459 1479 1513 timori
1509 1476 1521 1512 :
1554 1459 1710 1514 deni-

1816 717 2003 775 ciﬁxus
2031 729 2130 788 est,
2155 721 2444 777 conﬁtetur
2473 743 2484 777 :
2518 733 2574 779 et
2599 723 2882 778 inﬁrmitas
2904 724 3140 780 humana
3159 725 3397 793 discutit,

1819 813 1834 863 l
1858 821 2037 867 utrum
2057 813 2126 867 sit
2146 813 2405 871 Dominus
2432 816 2525 885 qui
2553 817 2817 886 resurgit?
2839 815 3084 873 Christus
3108 819 3185 874 sic
3205 819 3399 876 buma-

1817 919 1912 959 nas
1936 907 2169 976 suscepit
2189 907 2484 976 passiones,
2509 915 2568 962 ut
2597 915 2768 963 totum
2797 909 2940 978 quod
2969 910 3264 966 divinitatis
3293 921 3396 976 est,

1815 1011 1924 1052 non
1953 997 2179 1052 amittat.
2205 997 2277 1051 Et
2303 1007 2477 1052 euntes
2506 999 2623 1065 cito,
2640 999 2795 1054 dicite
2823 1000 3087 1070 discipulis
3114 1001 3244 1073 ejus,
3277 1004 3399 1074 quia
3453 1033 3461 1076 ε

1813 1091 2060 1155 surrexit,
2104 1099 2155 1144 et
2173 1107 2288 1145 ecce
2318 1092 2574 1162 prazcedel
2600 1109 2686 1147 vos
2725 1093 2778 1146 in
2819 1090 3092 1148 Galilaeam
3123 1110 3142 1149 :
3181 1095 3253 1149 ibi
3282 1112 3397 1149 eum

1814 1182 2063 1238 videbitis.
2083 1183 2266 1253 Neque
2281 1184 2368 1239 hic
2389 1185 2704 1239 mulieribus
2723 1186 2954 1255 apostoli
2977 1194 3393 1255 postpouuntur,

1814 1273 1909 1329 sed
1938 1275 2132 1328 mulier
2159 1274 2453 1330 absolvitur
2480 1289 2510 1328 a
2543 1282 2715 1340 reatu,
2739 1275 2864 1329 dum
2883 1283 3066 1346 portat
3091 1277 3232 1342 vitm,
3264 1292 3395 1348 por-

1814 1374 1895 1421 tat
1915 1369 2324 1423 resurrectionis
2352 1367 2590 1422 auditum
2607 1411 2621 1436 ,
2653 1383 2773 1437 qua:
2794 1369 3031 1423 auditum
3053 1370 3242 1424 mortis
3268 1385 3396 1440 por-

1814 1464 2020 1513 taverat
2060 1466 2114 1513 et
2155 1459 2342 1513 ruinae.
2378 1459 2447 1512 Et
2484 1469 2678 1525 euntes,
2730 1459 2927 1529 inquit,
2979 1461 3079 1514 cito
3121 1460 3183 1514 de
3210 1477 3394 1514 monu-

166 1567 247 1621 que
265 1549 365 1620 jam
394 1561 417 1589 ε
441 1551 528 1606 vir
573 1558 690 1606 erat
726 1551 781 1606 in
822 1549 1038 1606 Christo
1080 1551 1296 1621 quando
1344 1551 1411 1606 ad
1456 1551 1711 1607 mulieres
1813 1559 1985 1604 mento
2019 1567 2133 1604 cum
2164 1552 2344 1605 timore
2374 1560 2424 1604 et
2461 1551 2652 1622 gaudio
2679 1568 2884 1623 magno.
2918 1550 3167 1606 Mulieres
3195 1551 3398 1607 intrant

166 1642 345 1711 angelus
365 1641 534 1706 venit,
560 1648 620 1696 ut
653 1640 672 1679 ί
704 1650 966 1710 quantum
1012 1643 1270 1712 prtecellit
1315 1643 1574 1699 Dominus
1614 1659 1710 1698 an-
1812 1644 2136 1713 sepulcrum,
2169 1653 2228 1698 ut
2252 1641 2440 1699 ﬁerent
2461 1644 2748 1714 sepultura:
2769 1643 3074 1714 participes,
3092 1644 3251 1698 sociae
3271 1658 3396 1712 pas-

163 1733 322 1802 gelum,
349 1738 558 1787 tantum
584 1733 667 1787 vir
695 1733 973 1788 mulierem
1005 1734 1336 1803 praecederet
1377 1735 1430 1789 in
1477 1737 1704 1790 honore.
1811 1736 2008 1801 sionis;
2054 1744 2254 1791 exeunt
2297 1735 2362 1790 de
2392 1735 2637 1805 sepulcro
2660 1777 2674 1801 ,
2719 1743 2778 1789 ut
2816 1744 2940 1790 ante
2983 1735 3084 1789 ﬁde
3112 1742 3396 1804 surgerent

165 1822 307 1880 Nolite
331 1825 508 1880 timere
535 1841 639 1880 vos.
673 1826 808 1892 Quia
838 1828 1010 1882 bonos
1036 1843 1188 1882 amor
1227 1829 1502 1898 possidet,
1533 1831 1706 1884 malos
1739 1832 1782 1892 B
1809 1845 1970 1900 quam
2021 1839 2368 1900 resurgerent
2408 1847 2589 1886 carne.
2639 1829 2899 1885 Exeuntes
2956 1847 3070 1883 cum
3120 1830 3300 1883 timore
3343 1835 3395 1881 et

164 1931 324 1988 pavor;
347 1924 399 1972 et
421 1917 621 1987 impios
665 1917 826 1972 timor
849 1926 1035 1985 terret,
1079 1920 1197 1990 pios
1235 1920 1441 1975 solatur
1469 1918 1700 1976 affectio.
1809 1926 1996 1995 gaudio
2025 1942 2232 1996 magno.
2258 1923 2326 1977 Et
2354 1924 2444 1978 ubi
2473 1932 2582 1989 est,
2627 1923 2794 1978 nolite
2831 1924 3038 1976 timere.
3070 1919 3204 1986 Quia
3231 1919 3394 1973 timor

165 2004 307 2062 Nolite
340 2009 519 2062 timere
562 2025 669 2062 vos.
709 2006 825 2063 Hoc
861 2017 945 2064 est
981 2008 1161 2064 dicere
1191 2026 1204 2061 :
1247 2008 1456 2064 Timeat
1493 2008 1706 2066 Judmus
1810 2030 1917 2069 non
1949 2015 2157 2069 ablatus
2183 2022 2285 2077 est,
2330 2014 2425 2068 sed
2454 2022 2716 2079 mutatus;
2761 2013 2920 2066 timor
2961 2013 3296 2066 abscesserat
3323 2009 3394 2064 de

165 2099 233 2169 qui
254 2098 470 2162 tradidit,
511 2097 712 2154 Pilatus
752 2099 844 2168 qui
891 2099 1132 2165 addixit,
1183 2099 1275 2170 qui
1304 2101 1471 2155 illusit
1515 2102 1701 2166 miles,
1806 2113 1980 2170 reatu,
2013 2104 2108 2158 sed
2132 2104 2200 2158 de
2238 2105 2459 2158 servitio
2501 2105 2782 2168 manebat;
2807 2103 2980 2156 malus
3005 2102 3166 2155 timor
3197 2101 3387 2170 culpas,

164 2205 254 2262 qua:
269 2190 526 2247 cruciﬁxit
553 2191 819 2261 impietas,
841 2191 1130 2246 crudelitas
1157 2207 1338 2246 amara
1367 2193 1559 2263 pocula
1587 2207 1706 2261 qua:
1806 2197 1980 2250 bonus
2009 2197 2326 2250 reverentiae
2359 2197 2518 2250 timor
2543 2213 2555 2247 :
2587 2195 2756 2249 Adam
2800 2195 2984 2249 datum
3025 2192 3389 2264 perdiderant,

163 2282 437 2353 propinavit,
463 2291 494 2329 ις
535 2281 738 2336 saevitia
765 2296 885 2351 qum
927 2281 1136 2338 obsedit
1169 2283 1454 2352 sepultum,
1483 2279 1704 2352 perﬁdia
1806 2302 1874 2342 ne
1931 2287 2220 2358 perderent
2273 2285 2300 2324 ιι
2349 2288 2524 2356 ipsum
2587 2285 2850 2340 redditum
2918 2284 3390 2353 pertimescebant.

163 2389 254 2445 qm:
275 2377 390 2430 emit
409 2374 771 2440 mendacium,
801 2373 958 2428 ﬁdem
977 2389 1096 2443 qua:
1120 2374 1374 2440 vendidit,
1407 2375 1707 2431 inhumani-
1797 2375 1934 2432 'Cum
1956 2380 2137 2432 timore
2171 2387 2223 2432 et
2251 2377 2438 2449 gaudio
2468 2393 2676 2448 magno.
2710 2374 2980 2446 Scriptum
3020 2383 3104 2429 est
3145 2393 3158 2427 :
3195 2373 3393 2428 Servite

164 2476 226 2520 tas
248 2481 351 2534 qua:
376 2465 668 2520 Dominum
695 2480 850 2520 suum
877 2467 1238 2521 resurrexisse
1265 2467 1444 2531 dolet,
1471 2483 1581 2522 non
1605 2469 1704 2523 do-
1805 2468 2031 2524 Domino
2060 2486 2173 2523 cum
2215 2470 2394 2523 timore
2423 2477 2471 2522 et
2499 2467 2752 2522 exsultate
2788 2468 2835 2522 ei
2865 2484 2978 2521 cum
3017 2476 3233 2521 tremore
3262 2464 3388 2536 (Ps.

164 2555 221 2614 let
241 2558 484 2615 occidisse
514 2576 528 2611 :
562 2573 658 2613 vos
699 2567 879 2612 autem
907 2565 1142 2626 gaudere
1185 2561 1456 2628 convenit,
1487 2577 1595 2616 non
1637 2562 1705 2617 ti-
1805 2561 1886 2633 ιι).
1925 2558 2050 2614 Cum
2082 2561 2260 2614 timore
2290 2570 2340 2613 et
2367 2559 2555 2631 gaudio
2585 2575 2790 2630 magno.
2827 2556 2964 2621 Quia
2999 2559 3150 2612 timor
3178 2555 3392 2610 Domini

164 2662 297 2713 mere,
322 2651 439 2718 quia
493 2649 790 2704 resurrexit
830 2663 992 2718 quem
1030 2651 1352 2719 quaerebatis
1391 2662 1663 2708 mortuum
1685 2695 1698 2720 ,
1805 2662 2013 2704 sanctus
2043 2660 2307 2722 permanet
2334 2652 2389 2703 in
2422 2650 2666 2704 sceculum
2693 2649 2869 2704 saeculi
2894 2647 3076 2720 (Psal.
3122 2647 3302 2717 xviii).
3331 2645 3392 2704 In

165 2738 269 2792 vivit
282 2752 425 2809 quem
445 2739 718 2808 lugebatis
740 2739 996 2795 occisum.
1031 2739 1158 2795 Scio
1185 2743 1342 2807 enim,
1362 2743 1484 2814 quia
1501 2741 1532 2796 J
1539 2760 1699 2810 esum,
1805 2743 2090 2796 sanctitate
2127 2755 2256 2809 ergo
2282 2750 2501 2805 manet,
2529 2741 2621 2810 qui
2647 2740 2742 2794 Dei
2773 2729 3052 2810 permanet
3081 2738 3136 2792 in
3175 2738 3387 2792 timore.

164 2829 234 2900 qui
255 2829 516 2901 cruciﬁxus
551 2838 659 2898 est,
690 2830 938 2902 queritis.
973 2829 1088 2886 Hoc
1125 2838 1243 2896 est,
1295 2832 1425 2901 quid
1469 2833 1705 2901 quaeritis
1808 2832 2092 2888 Currebam
2124 2834 2366 2887 nuntiare
2401 2832 2667 2903 discipulis
2699 2833 2828 2902 ejus,
2853 2840 2903 2885 et
2932 2846 3046 2884 ecce
3071 2830 3293 2884 occurrit
3317 2830 3392 2884 eis

166 2917 437 2976 hviventem
458 2937 592 2978 cum
619 2923 879 2978 mortuis?
901 2923 1064 2977 vitam
1100 2924 1230 2993 quid
1273 2925 1512 2994 quaeritis
1536 2926 1589 2980 in
1619 2941 1704 2982 se-
1803 2924 1956 2980 Jesus
1996 2925 2170 2979 dicens
2193 2965 2208 2990 ,
2257 2923 2426 2978 Avete.
2474 2922 2731 2977 Fideliter
2772 2923 3111 2977 currentibus
3157 2921 3392 2976 occurrit

166 3011 350 3082 pulcro?
365 3012 430 3068 lte
461 3014 655 3085 potius
681 3014 748 3068 ad
777 3029 1060 3070 occursum
1087 3015 1316 3070 viventis
1349 3033 1362 3068 :
1390 3023 1446 3071 et
1467 3016 1579 3084 jam
1607 3032 1706 3072 no-
1805 3015 2068 3080 Christus,
2101 3022 2159 3069 ut
2179 3014 2322 3084 quod
2349 3014 2452 3068 ﬁde
2475 3013 2830 3080 crediderant,
2857 3019 3212 3083 agnoscerent
3237 3011 3387 3066 visu:

167 3102 246 3159 lite
275 3120 575 3161 concurrere
612 3106 680 3162 ad
731 3107 1010 3162 morientis
1049 3107 1389 3176 obsequium.
1424 3107 1546 3164 Scio
1585 3110 1706 3180 quia
1806 3115 1861 3163 et
1889 3105 2127 3161 firmaret
2158 3105 2470 3176 praesentia,
2510 3119 2647 3173 quas
2684 3104 2857 3158 adhuc
2897 3104 3132 3174 trepidas
3160 3103 3392 3158 habebat

162 3192 328 3262 Iesum,
353 3199 432 3268 qui
480 3198 765 3269 cruciﬁxus
805 3207 898 3264 est,
930 3200 1160 3271 queritis
1190 3215 1209 3254 :
1239 3216 1342 3254 non
1367 3209 1445 3255 est
1483 3201 1583 3256 hic.
1615 3201 1706 3258 Sic
1729 3209 1776 3272 ο
1807 3201 2037 3257 auditus.
2073 3197 2312 3255 Occurrit
2337 3200 2411 3252 eis
2434 3196 2606 3262 Iesus,
2639 3197 2832 3262 dicens,
2863 3199 3033 3252 Avete.
3061 3196 3305 3253 Occurrit
3331 3207 3393 3253 ut

165 3285 271 3341 dixit
291 3289 523 3358 angelus,
551 3290 676 3358 quia
704 3290 914 3360 aperuit
940 3291 1012 3344 ob
1035 3291 1140 3345 hoc
1161 3290 1482 3361 sepulcrum,
1516 3302 1704 3348 nonut
1809 3293 2088 3357 Dominus,
2127 3291 2326 3346 salutat
2365 3297 2424 3344 ut
2467 3303 2691 3358 parens;
2724 3288 2918 3344 all‘ectu
2946 3289 3173 3357 animat,
3215 3296 3393 3344 servat

163 3377 260 3433 inde
279 3380 437 3435 exiret
453 3379 728 3444 Christus,
757 3381 848 3450 qui
876 3381 949 3436 ibi
975 3380 1088 3450 jam
1117 3397 1226 3437 non
1246 3391 1382 3447 erat,
1426 3383 1521 3439 sed
1547 3394 1604 3440 ut
1631 3387 1704 3441 ibi
1813 3387 2032 3449 timore;
2063 3384 2275 3448 salutat,
2302 3389 2361 3436 ut
2389 3396 2486 3451 per
2513 3395 2750 3435 amorem
2774 3381 3029 3446 serviant,
3059 3395 3165 3435 non
3189 3379 3393 3450 fugiant

164 3465 386 3526 Christum
420 3471 544 3541 jam
585 3487 695 3528 non
734 3487 855 3528 esse
892 3480 1236 3529 monstraret.
1291 3474 1530 3531 Surrexit
1573 3481 1705 3534 sicut
1808 3493 1909 3549 per
1931 3479 2197 3532 timorem.
2248 3476 2315 3528 At
2341 3474 2450 3529 illa:
2478 3481 2829 3537 accesserunt,
2861 3480 2912 3525 et
2948 3481 3214 3526 tenuerunt
3240 3472 3394 3543 pedes

162 3559 278 3616 άὶτίι.
303 3562 532 3619 Gemina
552 3565 720 3620 virtus
751 3575 836 3620 est
865 3583 880 3620 :
912 3574 968 3622 et
992 3569 1169 3624 redire
1197 3584 1229 3624 a
1266 3571 1512 3638 mortuis,
1541 3579 1597 3626 et
1617 3572 1701 3627 l‘u-
1809 3573 1940 3642 ejus.
1973 3569 2172 3624 Haberi
2205 3583 2265 3623 se
2291 3567 2495 3630 voluit,
2535 3565 2628 3634 qui
2650 3578 2840 3634 passus
2865 3571 2947 3619 est
2987 3579 3046 3620 se
3074 3565 3264 3619 teneri.
3291 3566 3396 3618 Ac-

162 3660 254 3708 tum
288 3657 555 3726 praescire.
605 3657 814 3726 Venite,
853 3660 1018 3715 videte
1053 3661 1220 3716 locum
1255 3663 1342 3717 ubi
1369 3665 1564 3735 positus
1592 3675 1705 3721 erat
1812 3670 2091 3728 cesserunt,
2123 3670 2172 3714 et
2203 3667 2473 3714 tenuerunt
2493 3655 2646 3729 pedes
2675 3657 2805 3728 ejus.
2850 3654 2922 3710 Ut
2941 3656 3143 3712 scirent
3172 3655 3190 3694 1
3218 3656 3270 3710 in
3300 3671 3394 3711 ca-

158 3741 386 3803 Doainus.
417 3747 640 3814 Venite,
670 3749 950 3817 mulieres,
977 3752 1176 3820 venite,
1199 3752 1376 3808 videte
1400 3754 1491 3808 ubi
1534 3753 1707 3810 Adam
1807 3756 1920 3826 pite
1942 3752 2142 3808 Christi
2162 3751 2336 3805 virum
2357 3765 2496 3813 esse,
2523 3764 2582 3804 se
2609 3763 2728 3804 esse
2756 3749 2810 3802 in
2831 3747 3054 3818 pedibus
3076 3746 3274 3804 Christi
3299 3767 3311 3802 :
3339 3758 3394 3803 et

159 3839 368 3905 posuistis
389 3838 492 3896 v68
522 3859 537 3894 :
569 3841 659 3896 ubi
679 3842 946 3912 sepelistis
965 3843 1270 3909 hominem,
1299 3846 1392 3900 ubi
1416 3847 1591 3901 virum
1612 3862 1707 3903 ve-
1807 3849 1990 3903 datum
2028 3845 2131 3900 sibi
2159 3844 2333 3897 virum
2373 3841 2558 3912 sequi,
2603 3855 2712 3894 non
2738 3839 2931 3910 praeire
2962 3855 3061 3910 per
3097 3836 3389 3894 Christum.

156 3939 244 3988 stro
265 3936 484 3992 consilio
513 3937 871 4003 contrusistis,
898 3952 996 4007 per
1022 3938 1169 4008 quod
1195 3937 1398 3996 fecistis
1424 3938 1442 3977 ί
1471 3956 1572 4011 pro
1591 3956 1707 3997 ser-
1809 3939 1950 3994 Dicit
1975 3939 2068 4002 eis,
2101 3933 2280 3990 Nolite
2311 3935 2502 3987 timere.
2536 3930 2691 3998 Quod
2735 3930 2945 3984 dixerat
2972 3930 3222 3999 angelus,
3263 3929 3392 3984 dicit

155 4024 218 4079 vis
237 4027 350 4097 ipsis
374 4029 671 4084 Dominum
698 4030 778 4086 sic
809 4029 1021 4100 jacere,
1052 4040 1107 4088 et
1145 4032 1426 4104 intelligite
1459 4047 1586 4103 erga
1607 4050 1706 4090 vos
1810 4042 1866 4089 et
1891 4031 2169 4096 Dominus,
2209 4037 2268 4082 ut
2314 4041 2448 4096 quas
2489 4022 2795 4078 ﬁrmaverat
2840 4021 3094 4090 angelus,
3146 4019 3392 4075 Christus

1884 4194 1898 4244 i
1948 4189 2269 4245 hlanicbmos
2297 4183 2524 4238 fortasse
2552 4180 2824 4246 designat,
2849 4179 2940 4248 qui
2977 4179 3386 4248 phantasticam,

1808 4280 1917 4319 non
1944 4274 2128 4316 veram
2157 4257 2318 4310 fuisse
2345 4252 2541 4307 Christi
2570 4249 3022 4304 resurrectionem
3047 4249 3389 4320 blasphema-

1806 4335 1956 4388 bant.
1982 4329 2115 4384 Vide
2141 4325 2398 4396 Cyrillum
2426 4319 2970 4396 Hierosolymitanum
2999 4319 3268 4396 catechesi
3296 4322 3386 4377 M.

1805 4401 2093 4474 Eutyches,
2113 4390 3005 4474 quemadmodnm'assumptionem
3027 4392 3273 4474 corporis
3295 4408 3392 4474 ne:

153 4459 569 4543 nascendo‘i'nter
593 4486 711 4543 nos,
736 4459 1115 4543 assumpserat.
1319 4459 1325 4460 ί
1356 4459 1361 4460 ί
1553 4459 1695 4471 *Ἴ
1805 4459 1982 4543 gavit,
2021 4459 2091 4543 et,
2110 4459 2288 4543 impie
2303 4462 2519 4543 docuit,
2565 4459 2836 4543 Diligeniti
2863 4459 3211 4543 divinitatem
3241 4465 3390 4519 cruci

641 4531 858 4597 αδηειαε
877 4531 1021 4616 θέρος
1501 4615 1504 4616 θ
1735 4609 1773 4616 _
1807 4531 2025 4616 5mm
2051 4531 2242 4600 fuisse
2265 4535 2350 4616 ,ιιει
2377 4533 2609 4616 asseruit.
2636 4531 2969 4616 άίιίίηίιξεεω
2996 4532 3390 4616 temnamu-

204 4607 415 4688 ’.Ἧι-ἰῆς.
457 4599 643 4688 portio
671 4614 906 4688 hominis
934 4599 1092 4688 "prius
1132 4621 1249 4688 erat
1285 4630 1393 4670 non
1433 4615 1607 4688 solum
1635 4617 1703 4670 ad

1815 4615 1990 4668 datam
2011 4599 2407 4688 resprreXis/s‘ez.
2431 4601 2813 4688 Trheodoretus‘
2837 4599 3083 4688 Haeretic.
3117 4601 3258 4688 εει).
3292 4603 3386 4659 lib.

150 4674 314 4756 Cbristi
324 4669 657 4756 sepulcrum,
680 4683 775 4756 sed
799 4691 855 4738 et
875 4685 928 4738 in
942 4669 1155 4756 Christo
1185 4687 1301 4756 ipso
1328 4669 1425 4754 per
1446 4669 1703 4740 unionem

1815 4684 1892 4749 iV,
1908 4698 2027 4752 cap.
2051 4680 2137 4744 15,
2161 4690 2282 4756 pag.
2305 4673 2428 4727 246.
2454 4672 2709 4756 Drigenes
2725 4671 2930 4740 putavit
2955 4669 3156 4756 Christi
3169 4686 3386 4744 corpus,

147 4743 538 4828 hypostaticam,
565 4743 1051 4828 quandoangelus,
1093 4743 1293 4828 Christi
1321 4743 1582 4828 minister,
1605 4771 1702 4810 ve-
1805 4743 1928 4828 post
1948 4743 2621 4828 resurrectionem"fuisse
2664 4743 3036 4828 aereumpvell‘
3055 4743 3383 4828 ythereum.

205 4195 232 4268 ξ
271 4186 553 4245 Nonnullae
619 4189 882 4246 editiones
945 4193 1147 4248 habent
1214 4195 1468 4266 culpatur.
1531 4195 1699 4261 Alias,

155 4273 178 4308 κ
208 4267 260 4308 tu
291 4299 303 4311 .

181 4275 226 4364 ηδ
244 4273 447 4402 ἔρειπε,
474 4330 702 4402 scilicet,
735 4331 933 4400 aliique
955 4334 1341 4402 apostolorum.

205 4407 224 4435 ε
251 4396 302 4452 ld
332 4396 446 4472 est,
481 4401 654 4456 virilis
697 4396 890 4467 sexus,
921 4396 1082 4472 quem
1123 4401 1371 4460 Christus
1412 4405 1696 4471 Dominus,

147 4821 210 4941 ait
232 4821 292 4875 ad
325 4823 636 4946 dﬁcendum
670 4821 921 4880 mulieres
949 4825 1016 4881 de
1039 4827 1204 4896 ipsius
1231 4825 1430 4881 Christi
1464 4841 1703 4881 resurre-

187 4905 312 4946 ione.
399 4910 516 4946 in.

187 4905 312 4948 ιοηε.
343 4905 516 4949 ΜιτΑ.

202 4960 217 5000 ί
245 4961 562 5032 legendum
589 4971 672 5019 est
698 4964 948 5020 Dominus
975 4966 1061 5021 vel
1087 4966 1320 5022 Christus
1336 5006 1350 5030 ,
1383 4983 1489 5022 non
1521 4973 1702 5021 autem

146 5029 275 5098 Deus,
308 5029 366 5088 ut
387 5035 452 5105 in
482 5035 756 5105 impressis
783 5037 1072 5092 codicibus.
1097 5037 1274 5092 Facile
1309 5029 1454 5092 enim
1483 5035 1609 5099 fuit,
1641 5043 1704 5090 ut

143 5105 337 5176 verbum
363 5104 625 5161 Dominus
646 5122 742 5176 per
767 5108 1144 5176 compendium
1166 5108 1468 5162 litterarum
1491 5108 1702 5163 incaute

143 5172 497 5231 immutaretur
525 5177 578 5230 in
608 5172 829 5232 verbum
855 5172 1013 5232 Deus.
1050 5176 1292 5233 Christus
1320 5185 1498 5232 autem
1526 5176 1704 5232 Domi-

143 5256 222 5317 nus
239 5248 499 5317 pnncellit
529 5249 751 5315 angelis,
783 5249 958 5317 primo
993 5248 1117 5316 quia
1147 5251 1262 5317 ipse
1289 5255 1370 5303 est
1409 5253 1571 5317 caput
1600 5263 1700 5302 an-

143 5263 222 5298 uus
239 5263 499 5314 prmcetm
529 5263 751 5315 angens,
783 5263 958 5316 primo
993 5263 1117 5316 quia
1147 5267 1162 5302 ι
1203 5264 1262 5303 se
1289 5263 1370 5303 εει
1409 5263 1571 5317 caput
1600 5263 1700 5302 an-

141 5314 377 5388 gelorum,
405 5316 564 5385 juxta
579 5318 706 5372 illud
735 5319 802 5373 ad
823 5316 1032 5374 Coloss.
1050 5335 1114 5372 u:
1138 5263 1238 5383 δαί
1264 5328 1341 5373 est
1357 5327 1510 5388 caput
1537 5319 1701 5372 omnis

141 5386 444 5504 principatus
477 5397 528 5442 et
564 5389 858 5458 potestatis;
901 5389 1137 5445 secundo
1176 5389 1303 5458 quia
1339 5386 1601 5450 Christus,
1642 5397 1704 5441 ut

169 5467 299 5504 omo-
332 5465 420 5504 est.
439 5460 690 5504 samnan
719 5460 772 5504 in
794 5467 1069 5504 mter-num-
1089 5461 1176 5504 nni
1201 5459 1438 5504 nuntidin
1466 5459 1699 5504 animum

169 5467 300 5528 omo,
332 5465 420 5512 est
439 5460 690 5515 sacerdos
719 5460 774 5513 in
793 5467 1071 5528 aeternum,
1089 5461 1179 5528 qui
1201 5459 1438 5528 quotidie
1466 5459 1701 5528 seipsum

142 5475 300 5522 nomo,
332 5475 420 5512 est
439 5475 690 5515 sacerdos
719 5476 774 5513 in
793 5475 1071 5524 aeternum,
1089 5475 1179 5528 qui
1241 5475 1438 5515 uounle

140 5524 274 5580 offert
295 5529 349 5581 in
381 5529 664 5585 incruento
687 5527 950 5585 sacriﬁcio
978 5529 1166 5584 Missas.
1193 5475 1274 5584 Ex
1301 5529 1446 5584 Mita.

196 5605 218 5642 ε
244 5597 546 5654 Obscurum
591 5601 645 5654 in
691 5600 848 5657 editis
892 5601 1100 5663 locum,
1154 5616 1222 5656 ex
1270 5601 1698 5670 interpunctione

138 5661 333 5723 Meursii
367 5670 774 5726 elucidavimus.

193 5735 219 5812 ξ
242 5739 343 5812 με.
369 5738 630 5812 Caesennia,
660 5743 1020 5812 viviﬁcantem.

201 5808 216 5848 ί
242 5807 428 5865 Prima
641 5807 799 5878 Bonl,
829 5829 923 5884 pro
951 5814 1107 5869 seruis
1135 5815 1255 5886 ipsi.

407 5905 675 5968 Panos.
720 5904 851 5971 LII.

1804 4810 1963 4880 sicuti
1992 4819 2258 4887 colligitur
2296 4832 2366 4870 ex
2396 4813 2487 4868 lib.
2521 4811 2636 4882 ejus
2681 4828 2738 4887 ιιι
2761 4819 2971 4887 contra
2997 4810 3386 4887 Celsum,_pag.

1806 4878 1928 4948 156.
1956 4878 2210 4946 Eamdém
2235 4878 2564 4956 opinionem,
2595 4899 2662 4956 ex
2683 4881 2858 4956 fetidis
2881 4878 3213 4956 Origenianis
3234 4878 3387 4956 lacn-

1804 4965 1890 5019 nis
1919 4964 2192 5024 haustam,
2234 4949 2579 5026 interpolavit
2606 4949 2953 5018 Ostorodius,
2977 4951 3248 5007 Sociniani
3290 4952 3390 5006 sti-

1805 5031 2146 5106 piﬁsjnfglig
2160 5040 2419 5106 propago.
2451 5102 2459 5106 _
2595 5093 2606 5105 _
2826 5090 2849 5106 η
2883 5093 2894 5104 ο

1878 5105 1904 5142 k
1935 5103 1993 5158 ln
2022 5090 2238 5156 Christo
2262 5090 2488 5162 scilicet,
2518 5093 2611 5163 qui
2631 5108 2803 5147 novus
2823 5090 2922 5146 fuit
2943 5091 3129 5163 Adam.

1884 5173 1903 5213 ι
1936 5173 2100 5227 Multa
2122 5171 2209 5224 hic
2235 5168 2476 5242 congerit
2524 5161 2653 5242 hlita
2677 5203 2691 5228 ,
2721 5169 2776 5216 et
2803 5176 2862 5216 se
2880 5161 3036 5242 ‘mire
3071 5168 3290 5241 torquet
3314 5168 3390 5242 .ut

1807 5244 2030 5300 suadeat
2060 5253 2287 5312 sensum
2316 5231 2634 5308 Chrysologi
2683 5247 2801 5287 esse
2832 5231 3066 5312 :‘Xirum
3085 5231 3172 5312 in
3209 5231 3387 5312 capite

1805 5297 2158 5371 constitutum
2186 5308 2311 5381 dici,
2336 5297 2461 5361 nam
2483 5297 2726 5381 summus
2737 5300 2984 5381 pontifex-
3021 5305 3104 5372 est
3131 5297 3388 5381 Ecclesiae

1805 5368 1986 5454 caput,
2009 5389 2064 5437 et
2095 5368 2514 5454 mulieresusunt‘
2537 5377 2591 5430 in
2627 5368 2852 5454 pedibus
2883 5368 3045 5452 :ﬂpc
3081 5368 3157 5423 est
3195 5371 3252 5423 in
3288 5387 3388 5454 nu-

1804 5440 1944 5510 me'ro
1973 5440 2238 5525 'ﬁdelium,
2280 5447 2456 5520 quibus
2481 5440 2657 5498 datum
2684 5450 2766 5525 est.
2785 5440 2924 5510 sequi
2946 5440 3109 5521 virum
3146 5456 3237 5510 per
3265 5440 3386 5494 οδε.

1805 5512 2071 5588 άὶεηιξὰηι,
2103 5538 2208 5576 non
2225 5512 2404 5590 autem
2425 5512 2914 5590 perusurpatiortem
2928 5512 3179 5590 ‘mu'nium
3194 5526 3384 5590 sacer-

1801 5579 2073 5651 dotalium.
2121 5589 2313 5644 Minori
2355 5579 2570 5653 negotio
2608 5579 2714 5653 res
2743 5579 2963 5653 indiget.
2995 5579 3091 5634 Vir
3116 5579 3386 5653 potiorem

2033 5674 2179 5722 tenet
2203 5662 2255 5714 in
2291 5648 2560 5720 Ecclesia;
2591 5651 2786 5708 mulier
2808 5648 3051 5718 subjecta
3098 5648 3149 5707 ei
3191 5659 3245 5709 et
3288 5669 3388 5728 pe.

1803 5745 2046 5809 «Ιῖςίέηέξιιῐὶ
2081 5747 2176 5792 ti‘Hl.

2882 5886 2955 5952 18»
