3882 6356
394 270 500 327 £27

1645 255 1704 313 S.
1747 254 1953 311 PETRI
1989 250 2430 312 CBRYSOLOCI

3572 247 3687 314 “'8

394 381 646 440 redderet
678 378 963 434 firmiores.
1003 373 1113 432 Sed
1146 375 1233 440 ite,
1272 371 1426 426 dicite
1467 370 1717 443 fratribus
1746 371 1892 435 meis,
1927 379 1984 424 ut
2016 379 2062 446 Α
2089 366 2386 433 contendit,
2419 375 2475 421 et
2501 366 2553 419 in
2584 363 2822 420 auctoris
2848 357 2931 419 sui
2959 377 3150 420 necem
3172 359 3318 419 levat
3344 362 3534 436 impias
3571 383 3688 422 ma-

395 485 518 532 eant
543 476 598 529 in
629 471 924 537 Catilinam,
941 467 1014 523 ibi
1041 484 1122 522 me
1147 463 1407 520 uidebunt.
1440 462 1750 534 Resurgens
1776 476 1808 517 a
1833 476 1985 517 mor-

398 567 521 633 tuis,
544 564 790 620 Christus
811 558 1101 632 resumpsit
1132 556 1440 623 hominem,
1465 570 1573 611 non
1596 554 1815 626 reliquit
1844 573 1858 608 :
1890 570 1989 611 vo-

398 668 485 717 cat
512 674 641 728 ergo
673 657 884 718 fratres,
916 668 1056 724 quos
1075 651 1320 722 corporis
1347 650 1432 706 sui
1471 649 1602 706 fecit
1621 664 1742 707 esse
1774 663 1988 719 germa-

396 768 524 818 nos;
556 756 714 804 vocat
738 748 946 812 fratres,
974 760 1111 816 quos
1135 741 1312 798 Patris
1333 742 1417 797 sui
1437 740 1716 812 adoptavit
1740 740 1793 794 in
1817 739 1984 806 ﬁlios;

396 853 554 900 vocat
582 842 792 902 fratres,
823 855 960 910 quos
986 838 1250 907 benignus
1279 836 1449 891 haeres
1478 834 1582 890 sibi
1611 833 1864 905 prmstitit
1892 849 1988 888 co.—

395 936 652 990 hatreiles.
671 933 775 988 Sed
799 939 1115 1000 resurgente
1137 926 1352 984 Christo
1376 929 1621 998 impietas
1640 926 1872 996 qualiter
1897 917 1986 980 re-

394 1034 578 1095 surgat
607 1026 786 1080 audite
811 1042 823 1078 :
857 1023 991 1078 Ecce
1017 1031 1261 1078 venerunt
1288 1020 1499 1094 quidam
1529 1019 1591 1076 de
1609 1019 1903 1075 custodibus
1931 1020 1987 1074 in

394 1121 672 1184 civitatem,
704 1127 752 1171 et
780 1117 1142 1170 nuntiaverunt
1170 1112 1488 1185 principibus
1517 1103 1843 1167 sacerdotum
1873 1127 1988 1165 am-

394 1211 484 1263 nia
515 1225 631 1282 qua.’
668 1211 807 1281 facta
831 1210 1056 1279 fuerant.
1088 1205 1155 1258 At
1186 1204 1264 1259 illi
1293 1203 1592 1278 congregati
1613 1220 1727 1257 cum
1760 1202 1986 1258 seniori-

395 1299 487 1354 bus
516 1301 732 1356 consilio
763 1308 991 1371 accepto,
1024 1298 1293 1372 pecuniam
1321 1297 1585 1368 copiosam
1617 1295 1867 1350 dederunt
1887 1295 1987 1348 mi-

394 1394 570 1447 litibus
606 1393 857 1456 dicentes,
901 1391 1073 1456 dicite,
1117 1391 1240 1462 quia
1278 1397 1525 1444 uenerunt
1562 1396 1710 1443 nocte
1743 1385 1986 1458 discipuli

393 1487 526 1559 ejus,
558 1496 606 1540 et
628 1487 789 1558 furati
811 1494 931 1539 sunt
959 1502 1073 1538 eum
1103 1481 1476 1538 dormientibus
1498 1481 1666 1536 nobis.
1711 1479 1814 1547 Qui
1855 1480 1988 1534 dant

393 1579 701 1650 pecuniam,
736 1593 841 1631 non
873 1576 1146 1647 perdenda
1173 1581 1525 1645 comparant,
1560 1571 1654 1627 sed
1680 1571 1942 1626 servanda
1968 1587 1983 1638 ;

394 1669 584 1738 Judaei,
614 1671 880 1726 vendente
918 1668 1076 1736 Juda,
1105 1675 1389 1731 emerunt,
1421 1673 1482 1721 ut
1508 1664 1798 1737 perderent
1830 1661 1988 1719 Chri-

2090 476 2210 528 nus,
2245 460 2403 518 terris
2429 457 2652 517 abstulit
2672 472 2882 536 pacem,
2910 455 3256 530 concordiam
3495 458 3682 525 solvis,

2089 554 2480 610 elementorum
2502 551 2580 606 sic
2604 549 2776 606 foedus
2801 548 2964 618 rupit,
3008 556 3065 602 ut
3099 547 3362 604 mundum
3399 555 3576 616 totum
3618 551 3687 606 ad

2089 649 2255 704 chaos
2288 657 2310 685 ε
2341 653 2628 701 revocaret
2675 643 2953 712 antiquum
3004 658 3016 694 :
3063 640 3297 712 denique
3323 641 3465 698 diem
3493 640 3684 712 fugat,

2089 747 2307 796 noctem
2328 737 2551 804 invadit,
2582 736 2760 792 lucem
2783 733 3046 800 tenebris,
3072 733 3272 790 cmlum
3297 733 3458 802 rebus
3484 734 3684 800 aufert,

2089 831 2217 887 facit
2248 840 2479 886 tremere
2509 837 2727 894 terram,
2761 827 2952 890 miscet
2979 833 3223 904 mortuos
3251 825 3415 896 vivis,
3449 824 3684 891 inferos,

2090 939 2424 994 superosque
2463 921 2758 986 confundit,
2790 927 2846 976 et
2880 918 3144 990 dissipato
3171 917 3361 988 ordine
3396 917 3448 984 in
3479 926 3690 980 creato

2089 1016 2165 1072 ris
2194 1015 2444 1086 injuriam
2492 1012 2775 1084 paciﬁcum
2808 1010 2882 1066 nil
2910 1011 3151 1081 penitus,
3193 1010 3428 1080 amicum
3467 1009 3690 1079 penitus

2092 1101 2168 1168 nil
2195 1109 2436 1180 reliquit.
2465 1107 2602 1163 Hinc
2632 1115 2716 1162 est
2748 1105 2894 1176 quod
2933 1119 3185 1176 reversus
3211 1104 3280 1162 ab
3313 1104 3498 1176 biles-is
3524 1103 3689 1166 Chri-

2089 1210 2225 1268 stus,
2253 1211 2311 1256 ut
2345 1189 2508 1256 rebus
2534 1215 2726 1270 pacem
2755 1198 2967 1261 reddat,
3007 1198 3282 1256 exclamat
3310 1216 3322 1251 :
3357 1197 3480 1264 Ras:
3520 1198 3686 1256 nobis.

2089 1281 2232 1349 Dum
2257 1293 2366 1350 [nec
2408 1291 2703 1364 loquuntur,
2737 1289 2940 1360 inquit,
2973 1289 3248 1360 discipuli,
3282 1288 3436 1350 Iesus.
3461 1291 3612 1348 stetit
3637 1290 3690 1344 in

2091 1387 2259 1440 medio
2281 1402 2480 1449 eorum,
2511 1394 2559 1438 et
2581 1384 2706 1440 dicit
2736 1384 2811 1438 eis
2843 1399 2860 1436 :
2884 1381 3005 1438 Pax
3034 1382 3195 1438 vobis.
3240 1381 3388 1454 Bene
3413 1381 3570 1448 addit
3599 1399 3692 1440 νο-

2090 1475 2193 1544 bis,
2224 1477 2348 1546 quia
2371 1475 2483 1547 jam
2507 1483 2650 1531 terra
2670 1482 2915 1539 steterat,
2947 1474 3064 1536 dies
3093 1474 3357 1546 redierat,
3389 1475 3486 1530 sol.
3505 1490 3694 1534 recur-

2088 1575 2264 1635 rerat,
2313 1579 2369 1624 et
2395 1568 2640 1624 ordinem
2685 1583 2838 1623 sumn
2885 1581 3150 1639 compago
3195 1567 3380 1624 mundi
3416 1567 3694 1642 redditum

2085 1657 2200 1732 jam
2244 1661 2478 1716 tenebat.
2520 1659 2807 1732 Discipulis
2849 1667 3032 1714 autem
3071 1659 3328 1724 manebat
3360 1659 3544 1724 adhuc
3587 1659 3697 1732 bell

396 1770 572 1830 stum;
604 1778 747 1818 nunc
772 1763 1058 1833 pecuniam
1086 1761 1383 1831 copiosam,
1416 1767 1476 1813 ut
1503 1774 1562 1813 se
1602 1757 1775 1826 legem
1794 1796 1809 1821 ,
1848 1765 1987 1810 tem-
2015 1770 2065 1827 Β
2093 1753 2224 1818 lum,
2257 1761 2312 1808 et
2351 1752 2644 1808 collidebat
2665 1767 2762 1808 eos
2789 1752 2990 1808 acriter
3028 1750 3154 1822 fidei
3183 1752 3538 1822 perlidignque
3565 1767 3697 1822 eam

393 1854 562 1925 plum,
579 1853 807 1923 patriam
831 1852 1136 1923 perderent,
1156 1849 1479 1906 effuderunt.
1498 1849 1612 1903 Viri
1641 1848 1983 1918 sanguinum,

394 1953 451 2001 et
474 1946 666 2012 dolosi,
699 1952 943 2000 statuunt
968 1944 1202 2016 pretium
1241 1939 1510 2008 falsitatis,
1541 1939 1780 2011 perﬁdiae
1818 1939 1989 1995 conﬁ-

393 2039 543 2095 ciunt
562 2040 994 2102 instrumentum,
1013 2036 1340 2092 commercio
1353 2034 1556 2091 crudeli
1575 2033 1816 2089 fraudem
1840 2031 1984 2102 ﬁdei,

393 2131 636 2185 veritatis
657 2130 999 2186 latrocinium
1028 2128 1393 2183 nundinantur
1425 2145 1439 2180 :
1471 2134 1826 2206 corrumpunt
1847 2125 1992 2180 mili-

392 2229 496 2288 tes,
523 2230 582 2276 ut
626 2221 828 2276 furtum
848 2227 1047 2276 vocent
1073 2219 1220 2290 quod
1247 2227 1366 2274 erat
1394 2218 1808 2274 resurrectionis
1829 2233 1986 2274 arca-

395 2330 526 2370 num
571 2332 584 2368 :
625 2313 889 2368 Venerunt
928 2311 1171 2384 discipuli
1217 2311 1330 2383 ejus
1371 2320 1547 2376 nocte,
1578 2319 1630 2364 et
1661 2310 1823 2382 furati
1868 2318 1990 2364 sunt

392 2420 528 2458 eum.
553 2402 673 2458 Non
701 2403 944 2458 contenti
968 2399 1302 2457 interfecisse
1321 2400 1643 2471 magistrum
1665 2439 1679 2463 ,
1712 2400 1988 2470 quomodo

392 2494 684 2565 discipulos
711 2502 932 2565 possent
969 2493 1198 2565 perdere
1223 2491 1517 2548 moliuntur
1537 2532 1554 2559 ,
1601 2491 1990 2562 discipulorum

392 2587 594 2641 crimen
617 2601 737 2641 esse
765 2584 968 2640 faciunt
997 2585 1253 2638 virtutem
1291 2583 1553 2652 magistri.
1588 2581 1852 2637 Venerunt
1890 2571 1988 2637 no?

391 2685 472 2733 cte
491 2678 729 2750 discipuli
751 2679 884 2750 ejus,
908 2688 956 2732 et
987 2679 1146 2749 furati
1174 2686 1295 2730 sunt
1327 2693 1460 2730 eum.
1493 2673 1660 2730 Plane
1689 2675 1987 2732 amiserunt

388 2771 605 2836 milites,
637 2771 988 2843 perdiderunt
1026 2769 1230 2838 Judmi;
1261 2769 1357 2825 sed
1383 2770 1631 2842 discipuli
1668 2770 1987 2840 magistrum

390 2877 565 2927 suum,
591 2861 889 2926 non'furto,
915 2863 1011 2919 sed
1045 2861 1179 2930 ﬁde;
1208 2863 1425 2929 virtute,
1460 2878 1569 2918 non
1612 2859 1830 2929 fraude;
1861 2878 1988 2918 san-

389 2954 596 3019 ctitate,
626 2970 732 3007 non
763 2954 1021 3020 crimine;
1052 2953 1234 3008 vivum
1259 2993 1275 3018 ,
1315 2969 1425 3008 non
1461 2962 1732 3008 mortuum
1759 2955 1988 3010 sustule-

387 3055 515 3102 runt
547 3067 560 3102 :
594 3048 717 3103 hinc
743 3057 844 3115 est,
877 3047 1076 3120 quod}l
1103 3048 1157 3102 in
1190 3045 1466 3104 Galilaeam
1493 3089 1507 3112 ,
1535 3055 1593 3101 ut
1621 3063 1744 3102 eum
1773 3048 1987 3118 possint

2093 1841 2289 1900 flictus.
2350 1843 2467 1900 Non
2514 1845 2595 1900 sic
2637 1853 2868 1911 terram,
2923 1844 3066 1902 sicut
3104 1844 3493 1916 discipulorum
3544 1845 3700 1904 condi

2093 1936 2254 1991 turbo
2282 1943 2636 1992 concusserat
2674 1935 2943 2006 passionis
2976 1953 2990 1988 :
3022 1943 3080 1992 et
3109 1935 3232 1992 ideo
3261 1937 3472 2000 annuos
3501 1951 3698 1994 eorum

2091 2028 2424 2084 credulitatis
2454 2035 2510 2082 et
2549 2025 2940 2083 incredulitatis
2976 2028 3119 2092 acies
3155 2029 3430 2098 pertinaci.
3465 2028 3700 2086 dimicas

2092 2121 2242 2176 tione
2264 2121 2513 2176 vastabat
2544 2140 2558 2175 :
2603 2121 2924 2178 insistebant
2955 2121 3228 2178 mentibus
3261 2137 3454 2180 eorum
3477 2123 3699 2192 cogita-

2094 2213 2304 2270 tionum
2333 2222 2584 2280 catervm,
2609 2222 2665 2268 et
2694 2213 3009 2269 excursibus
3027 2213 3422 2284 desperationis
3445 2230 3516 2272 ac
3539 2215 3697 2285 spei,

2091 2306 2315 2362 robusta
2362 2306 2490 2362 licet
2525 2314 2769 2378 pectora,
2811 2305 3220 2376 rumpebautur.
3253 2305 3706 2375 Intermiracolq

2092 2398 2440 2454 innumerosa
2467 2399 2742 2468 signorum
2769 2396 2989 2465 Christi,
3013 2405 3069 2460 et
3087 2398 3402 2458 multimoda
3424 2398 3709 2469 paginis

2092 2488 2210 2563 ejus
2230 2503 2449 2560 genera,
2483 2489 2624 2546 inter
2663 2489 2881 2544 deitatis
2909 2488 3156 2557 insignia.
3187 2496 3246 2545 et
3271 2489 3556 2548 imbecilla
3579 2504 3702 2545 car.-

2093 2584 2196 2654 nis,
2223 2585 2365 2640 inter
2392 2583 2585 2640 mortis
2613 2583 2832 2648 damna,
2863 2589 2920 2639 et
2946 2583 3091 2642 dona
3110 2583 3236 2638 vita:
3256 2623 3270 2648 ,
3301 2580 3710 2652 discipulam.

2091 2693 2313 2743 sensus,
2350 2686 2669 2750 mentesque
2707 2676 3018 2754 ferebantur
3045 2694 3058 2732 :
3083 2691 3226 2733 nunc
3251 2677 3470 2746 spiritus
3499 2691 3710 2734 eorum

2091 2773 2386 2828 tollebatur
2411 2773 2482 2828 ad
2503 2772 2720 2838 coelum,
2746 2786 2891 2830 nunc
2915 2786 3104 2828 eorum
3141 2771 3335 2826 anima:
3361 2769 3702 2826 collideban-

2092 2875 2180 2922 tur
2205 2867 2261 2922 in
2283 2874 2516 2933 terram;
2551 2874 2606 2926 et
2627 2866 2680 2922 in
2713 2864 2916 2922 intimis
2956 2879 3146 2932 eorum
3177 2863 3270 2918 tali
3307 2863 3556 2933 pmeella
3597 2877 3708 2924 sas-5

2091 2959 2292 3026 viente,
2316 2968 2534 3030 portum
2553 2958 2753 3028 quietis
2783 2957 2988 3013 nullum
3004 2998 3020 3023 ,
3045 2957 3250 3012 nullam
3273 2957 3576 3013 stationem
3608 2969 3700 3027 po-

2091 3052 2169 3111 cis
2197 3058 2450 3122 poterant
2471 3050 2730 3112 invenire.
2756 3047 2874 3106 Hoc
2894 3049 3080 3106 videns
3107 3055 3377 3106 scrutator
3401 3053 3698 3120 pectorum

385 3141 592 3208 videre,
613 3143 919 3209 mittuntur,
951 3140 1077 3210 quia
1107 3139 1246 3196 Deus
1270 3139 1324 3194 in
1351 3139 1473 3195 loco
1503 3139 1739 3220 perfidia:
1761 3156 1870 3194 non
1897 3139 1976 3194 vi-
2012 3149 2060 3212 ο
2089 3143 2356 3210 Christus,
2379 3145 2474 3215 qui
2496 3144 2653 3214 jubet
2677 3143 2856 3200 ventis
2877 3181 2892 3206 ,
2925 3143 3178 3214 procellis
3207 3143 3438 3213 imperat
3473 3149 3537 3198 et
3575 3141 3702 3199 solo

386 3233 560 3288 detur.
589 3232 745 3302 Quod
775 3240 954 3288 autem
977 3229 1111 3287 dixit
1153 3250 1167 3284 :
1209 3229 1353 3285 Data
1380 3241 1458 3286 est
1484 3232 1611 3286 mihi
1641 3233 1807 3286 omnis
1836 3242 1981 3302 pote-

384 3335 494 3381 stas
523 3326 576 3380 in
606 3327 730 3380 caelo
759 3337 808 3380 et
850 3326 903 3379 in
936 3336 1092 3382 terra.
1124 3324 1226 3393 Qui
1267 3325 1381 3396 ipse
1411 3325 1466 3382 in
1503 3340 1562 3380 se
1592 3325 1695 3381 sibi
1738 3325 1977 3389 dederit,

383 3417 493 3473 hoc
529 3417 797 3482 declarat,
835 3417 1101 3489 probante
1135 3417 1426 3486 Apostolo,
1467 3432 1594 3472 cum
1629 3416 1760 3472 dicit
1789 3434 1802 3470 :
1837 3415 1981 3473 Deus

384 3515 499 3561 erat
542 3508 598 3560 in
649 3503 854 3561 Christo
909 3505 1160 3560 mundum
1215 3506 1557 3560 reconcilians
1604 3506 1704 3560 sibi
1745 3505 1816 3579 (Ι
1857 3505 1978 3564 Car.

383 3596 461 3667 v).
489 3596 654 3652 Filius
681 3598 778 3652 Dei
805 3581 1043 3665 Virginis
1073 3596 1216 3663 filio,
1260 3595 1401 3652 Deus
1437 3596 1681 3662 homini,
1729 3597 1982 3652 divinitas

383 3689 536 3745 carni
565 3689 810 3754 contulit,
843 3688 988 3764 quod
1010 3703 1225 3759 semper
1250 3701 1372 3742 cum
1416 3685 1576 3741 Patre
1608 3687 1880 3758 possedit,
1926 3695 1982 3743 et

381 3780 606 3853 Spiritu.
651 3781 720 3835 Et
754 3782 876 3837 ideo
906 3782 982 3834 ait
1017 3797 1034 3836 :
1067 3779 1166 3844 Ite,
1213 3780 1469 3852 baptizate
1496 3797 1674 3836 omnes
1712 3790 1887 3852 gentes
1926 3782 1982 3834 in

381 3874 592 3927 nomine
631 3871 810 3927 Patris
838 3881 887 3927 et
916 3871 1044 3927 Filii
1069 3911 1083 3936 ,
1110 3882 1160 3926 et
1202 3870 1430 3943 Spiritus
1459 3874 1647 3928 sancti.
1685 3871 1758 3928 Ut-
1790 3888 1982 3928 omnes

381 3975 571 4036 gentes
613 3972 855 4036 potestas
882 3981 1010 4032 una,
1041 3964 1340 4034 eademque
1365 3963 1390 4002 ιτ
1418 3973 1693 4022 recrearet
1733 3964 1801 4020 ad
1831 3965 1979 4020 salu-

381 4065 514 4121 tem,
547 4072 680 4124 quas
707 4064 916 4112 crearat
938 4057 1005 4111 ad
1032 4057 1215 4111 vitam.
1255 4054 1326 4111 Et
1353 4073 1492 4125 ecce,
1525 4057 1726 4128 inquit,
1768 4075 1861 4130 ego
1891 4076 1980 4113 vo-

381 4151 576 4206 biscum
617 4167 731 4206 sum
753 4152 988 4206 omnibus
1018 4149 1194 4206 diebus
1215 4168 1376 4224 usque
1397 4151 1467 4205 ad
1487 4154 1980 4208 consummationem

379 4245 577 4300 stcculi.
602 4244 698 4299 Est
724 4260 940 4315 semper
968 4245 1266 4312 nobiscum,
1290 4246 1383 4315 qui
1409 4261 1534 4302 cum
1554 4243 1718 4302 Patre
1738 4253 1822 4302 est
1835 4261 1980 4301 sem-

378 4352 498 4409 per,
517 4346 574 4392 et
597 4339 778 4393 veniet
803 4339 959 4392 nobis
987 4353 1086 4410 per
1100 4339 1205 4394 hoc
1225 4339 1372 4408 quod
1396 4338 1686 4409 assumpsit
1711 4354 1780 4394 ex
1798 4339 1975 4394 nobis.

379 4428 450 4484 Et
471 4430 599 4498 quid
635 4430 809 4500 plura,
837 4425 1064 4485 fratres?
1085 4427 1244 4497 Quod
1285 4430 1544 4494 nascitur,
1576 4430 1724 4500 quod
1752 4430 1974 4501 patitur,

2088 3244 2220 3294 nutu
2252 3242 2600 3306 tempestates
2630 3235 3026 3304 tranquillitate
3063 3241 3392 3299 commutat,
3423 3249 3556 3290 mox
3591 3247 3698 3290 eos

2085 3345 2184 3385 sua
2210 3343 2343 3400 pace
2371 3327 2676 3391 confirmat,
2700 3327 2886 3383 dicens
2919 3345 2934 3380 :
2963 3325 3087 3381 Pas:
3115 3326 3276 3393 vobis,
3300 3344 3394 3398 ego
3415 3342 3561 3393 sunt,
3585 3343 3693 3381 no-

2085 3422 2176 3478 lite
2197 3423 2392 3478 timere.
2424 3419 2539 3490 Ego
2567 3437 2686 3478 sum
2713 3419 3005 3476 crucifixus
3033 3420 3154 3487 ille,
3186 3429 3433 3476 mortuus
3453 3460 3468 3485 ,
3498 3418 3697 3490 sepul-

2087 3524 2193 3571 tus.
2225 3514 2338 3586 Ego
2358 3531 2492 3572 sum.
2525 3512 2629 3570 Per
2648 3529 2737 3570 me
2767 3514 2930 3577 Deus,
2958 3528 3058 3585 per
3075 3528 3176 3567 vos
3202 3513 3386 3568 homo.
3409 3511 3530 3585 Ego
3550 3528 3692 3568 sum.

2085 3605 2204 3662 Non
2252 3606 2474 3678 spiritus
2513 3606 2568 3662 in
2611 3604 2781 3674 ﬁgura
2827 3605 3046 3668 carnis,
3085 3603 3184 3660 sed
3223 3603 3341 3674 ipsa
3383 3604 3596 3660 veritas
3639 3603 3696 3660 in

2085 3715 2268 3756 carne.
2303 3698 2417 3771 Ego
2444 3715 2578 3756 sum.
2611 3696 2725 3768 Ego
2748 3713 2817 3754 ex
2846 3697 3076 3754 mortuis
3101 3712 3222 3752 sum
3249 3697 3422 3762 vivus,
3455 3711 3526 3752 ex
3559 3695 3700 3752 infe-

2083 3791 2161 3847 ris
2179 3805 2604 3861 sumsupernus.
2635 3787 2752 3861 Ego
2771 3805 2907 3852 sum,
2929 3803 3092 3857 quem
3119 3803 3268 3844 mors
3295 3785 3696 3856 fugit,-inf'erm

2084 3889 2461 3943 tremuerunt:
2488 3889 2722 3938 tartarus
2761 3880 2930 3936 Deum
2967 3879 3248 3935 confessus
3283 3886 3386 3944 est,
3417 3893 3550 3934 cum
3592 3894 3695 3950 ps-

2084 3974 2274 4034 vescit.
2307 3970 2490 4028 Nolite
2525 3972 2722 4038 timere,
2764 3969 2956 4036 Petre,
3001 3969 3148 4040 quod
3177 3970 3464 4038 negaveris
3483 4007 3501 4032 ,
3541 3968 3698 4039 quod

2083 4063 2284 4136 fugeris
2310 4071 2390 4132 tu,
2428 4062 2665 4120 Joannes
2686 4103 2702 4128 ,
2735 4062 2882 4132 quod
2921 4061 3237 4118 deseruistis
3259 4076 3486 4126 omnes,
3541 4062 3699 4130 quod

2083 4153 2388 4210 infidelibus
2407 4153 2474 4209 de
2503 4169 2590 4208 me
2612 4153 2742 4209 totis
2769 4153 3192 4223 cogitationibus
3214 4153 3523 4223 iudicastis,
3541 4152 3698 4222 quod

2082 4245 2260 4302 adhuc
2301 4260 2409 4299 non
2435 4244 2673 4310 creditis,
2687 4259 2774 4299 me
2801 4244 3048 4299 videntes
3075 4242 3286 4315 (Matth.
3312 4260 3476 4310 xxvi;
3508 4243 3691 4298 Marc.

2082 4338 2213 4409 xw).
2242 4335 2424 4392 Nolite
2453 4338 2650 4404 timere,
2674 4354 2767 4410 ego
2791 4353 2924 4392 sum.
2950 4335 3054 4406 Qui
3075 4353 3172 4394 vos
3201 4353 3300 4406 per
3325 4337 3566 4409 gratiam
3595 4352 3689 4392 vo-

2081 4433 2218 4496 cavi,
2257 4431 2398 4502 elegi
2437 4446 2536 4504 per
2557 4430 2803 4498 veniam,
2854 4431 3058 4502 pietate
3103 4431 3366 4497 sustinui,
3413 4431 3699 4486 cbaritate

379 4522 525 4591 quod
553 4523 802 4591 resurgit,
833 4522 980 4592 quod
1000 4523 1218 4592 accipit,
1250 4539 1358 4578 non
1382 4531 1498 4588 est,
1539 4539 1649 4580 non
1671 4531 1756 4582 est
1783 4539 1977 4584 neces-
2002 4535 2056 4596 1)
2080 4523 2327 4596 portavi,
2372 4529 2428 4577 et
2473 4521 2637 4577 modo
2665 4537 2764 4576 vos
2807 4523 2925 4577 sola
2958 4522 3201 4577 bonitate
3249 4522 3520 4593 suscipio,
3560 4521 3696 4594 quia

378 4614 555 4673 sitatis
583 4629 713 4681 sum,
743 4623 941 4671 nostrae
969 4622 1053 4670 est
1071 4614 1176 4670 hoc
1202 4615 1408 4671 salutis.

919 4729 1152 4798 SERMO
1191 4729 1427 4788 LXXXI.

381 4823 460 4880 De
484 4825 665 4897 quinta
684 4823 878 4879 Christi
897 4825 1318 4897 manifestatione
1345 4827 1486 4896 facta
1526 4824 1815 4895 discipulis,
1859 4840 1976 4877 cum

943 4895 1167 4951 Tltamas
1195 4895 1412 4950 abesset.

448 4987 588 5078 Dum
633 4987 852 5044 rebellis
897 4987 1081 5044 Iudaea
1128 4986 1446 5045 Creatorem
1490 5004 1648 5046 suum
1697 4989 1974 5046 debellare

448 5200 475 5229 ι
495 5189 694 5244 Omnes
709 5189 872 5252 enim,
887 5189 978 5258 qui
989 5187 1262 5242 Christum
1278 5188 1520 5258 comitati
1536 5188 1748 5258 fuerant
1766 5203 1802 5258 ei
1815 5185 1966 5243 Gali-

372 5261 471 5315 liea
501 5268 674 5324 erant,
699 5267 755 5315 et
781 5273 812 5314 e
841 5257 1058 5315 Galil-.ea
1098 5258 1326 5330 profecti
1351 5258 1418 5313 ad
1441 5257 1633 5315 festum
1657 5257 1957 5314 Paschatis.

446 5331 474 5370 δ
503 5331 774 5387 Solemnis
793 5346 900 5385 vox
941 5331 1081 5402 apud
1102 5329 1312 5402 Patres
1340 5347 1516 5402 creare
1541 5347 1642 5402 pro
1681 5332 1964 5402 immutare

370 5404 429 5474 in
475 5405 686 5474 melius.
735 5399 1153 5474 Chrysos'tomus
1194 5401 1380 5456 homil.
1427 5403 1480 5456 in
1511 5399 1564 5474 lli
1594 5399 1719 5456 Cor.
1753 5418 1806 5467 v,
1851 5401 1913 5474 Π
1948 5421 1959 5454 :

375 5473 530 5546 great
567 5473 726 5539 Deus,
769 5472 976 5546 quando
1016 5474 1210 5546 malum
1247 5474 1530 5546 hominemk
1547 5473 1734 5546 bonum
1775 5472 1964 5546 reddit.

376 5545 622 5610 Basilius,
649 5544 790 5599 orat;
818 5545 850 5596 4
878 5554 1064 5600 contra
1106 5544 1460 5612 Eunomium;
1493 5544 1788 5613 Gregorius
1829 5544 1966 5613 Nys-

375 5630 558 5679 senus,
591 5617 664 5687 de
679 5631 852 5687 scopo
881 5615 1172 5672 Christiani
1193 5617 1369 5672 tom.l
1402 5630 1520 5687 pag.
1544 5615 1680 5678 2'24;
1712 5615 1965 5672 Theodo-

375 5695 526 5749 rotus
555 5686 624 5741 ad
649 5685 693 5742 ll
712 5685 958 5744 COnnth.
989 5707 1042 5758 v,
1071 5689 1158 5754 Π,
1191 5690 1372 5760 ibique
1394 5685 1850 5762 Theopbylactus.

2082 4617 2269 4688 culpas
2299 4615 2485 4672 videre
2513 4615 2687 4672 nescit
2723 4613 2885 4670 Pater
2917 4631 3038 4671 cum
3073 4614 3268 4672 Filium
3297 4615 3518 4686 recipit,
3559 4631 3698 4684 suos

2081 4709 2295 4766 affectio
2329 4724 2453 4764 cum
2498 4707 2743 4764 resumit.
2784 4705 3119 4776 Conturbati,
3157 4709 3351 4779 inquit,
3385 4718 3438 4764 et
3475 4719 3691 4765 conter-

2079 4804 2166 4857 riti
2185 4801 2558 4858 existimabant
2574 4818 2631 4857 se
2649 4802 2893 4873 spiritum
2911 4802 3097 4857 uidere.
3130 4800 3348 4869 Quare?
3365 4802 3494 4872 quia
3525 4802 3694 4858 clauo

2077 4894 2152 4948 sis
2191 4893 2345 4949 ostiis
2381 4890 2410 4930 ἀ
2449 4893 2744 4950 intraverat
2772 4893 3050 4950 Dominus.
3093 4893 3348 4965 Discipuli
3381 4908 3515 4964 ergo
3545 4911 3687 4952 cono

2076 4988 2304 5044 sternati
2336 4987 2588 5045 maeroris
2628 5003 2855 5054 somno,
2892 4987 3096 5046 dabant
3121 4986 3340 5046 Christo
3379 5004 3495 5044 non
3533 4986 3692 5058 quod

2153 5197 2175 5225 ε
2203 5185 2284 5240 Ex
2313 5187 2732 5258 ampliﬁcatione
2777 5187 3031 5263 dictum,
3045 5191 3123 5263 ait
3151 5189 3281 5246 Mita
3299 5193 3434 5263 ;_vel
3465 5195 3604 5263 quia
3631 5196 3692 5254 id

2071 5265 2201 5312 tunc
2221 5267 2576 5334 eventurum,
2615 5265 2696 5314 tot
2732 5261 3140 5318 occurrentibus
3178 5261 3689 5334 prodigiis,thnti-

2069 5344 2166 5384 nes
2195 5329 2544 5384 verebantur.

2144 5397 2169 5435 ἀ
2203 5399 2270 5452 At
2301 5400 2398 5470 ipsi
2430 5401 2590 5455 iidem
2619 5399 2866 5526 disciguli
2901 5400 3030 5460 fassi
3057 5413 3213 5462 erant
3239 5401 3516 5464 Christum
3547 5423 3688 5466 suri-

2144 5471 2279 5524 xisse
2313 5488 2324 5522 :
2358 5489 2470 5526 vere
2488 5474 2716 5526 surrexit
2808 5475 3030 5526 ominus.
3061 5472 3198 5526 Ouid
3228 5488 3358 5526 ergo
3387 5492 3532 5526 num
3559 5479 3686 5526 sui.

2073 5472 2279 5548 rexisse
2313 5488 2324 5522 :
2358 5489 2470 5526 vere
2488 5474 2716 5548 surrepit
2755 5472 3030 5548 Dominus.
3061 5472 3198 5548 Quid
3228 5488 3358 5544 ergo
3387 5492 3532 5536 nunc
3559 5479 3686 5548 δρᾶσι

2071 5541 2236 5616 ritum
2259 5557 2376 5616 esse
2397 5543 2656 5598 credunt?
2684 5543 2943 5616 Apposite
2968 5541 3352 5616 Chrysologus,
3375 5548 3500 5616 quia
3521 5541 3690 5606 clau-

2075 5612 2150 5666 sis
2178 5613 2332 5668 ostiis
2361 5615 2690 5691 intraverat,
2705 5612 2990 5670 et'nullum
3003 5612 3357 5691 adventantis
3383 5612 3690 5691 Strepitum

2073 5693 2374 5740 senserant.
2397 5683 2634 5742 Consule
2652 5685 2983 5758 Brugensem
3003 5687 3112 5746 hic.
