3882 6356
181 233 283 292 429

1548 236 1782 298 SERMO
1817 233 2077 299 LXXXII.

3350 249 3460 310 4⁸50

180 351 354 417 potest
377 344 554 401 divina
582 345 773 413 virtus,
791 346 888 404 sed
906 346 1052 420 quod
1073 358 1265 406 natura
1289 351 1482 422 recipit
1501 351 1754 407 humana.
1787 361 1836 420 Α
1863 353 2034 408 oculis
2081 354 2379 410 suscitavi?
2419 353 2533 410 Nisi
2572 353 2712 412 forte
2751 355 2924 414 virtus
2956 371 3079 429 quae
3109 359 3229 416 aliis
3258 359 3448 431 adfuit,

181 439 440 502 Putabant
465 457 520 496 se
544 443 783 514 spiritum
811 443 982 502 videre
1001 443 1160 516 (Luc.
1184 445 1354 516 xxiv).
1383 445 1626 517 Namque
1648 447 1762 516 spi-

177 535 305 591 ritus
331 521 567 610 hominis
596 537 650 592 in
673 544 830 594 utero
861 547 1013 610 septa
1043 540 1254 605 transit,
1279 546 1530 610 penetrat
1557 555 1760 609 muros,

177 638 230 700 ut
256 628 439 686 clauso
466 646 695 703 corpore
716 634 882 689 intret
907 648 1106 704 corpus
1135 635 1402 690 inclusum
1429 653 1441 688 :
1474 635 1554 692 sic
1581 633 1762 711 anima

175 723 381 794 quando
409 723 504 780 dat
522 724 647 780 vitae
676 725 858 794 tinem,
889 742 921 781 a
949 728 1196 798 corporis
1223 729 1365 785 dulci
1406 728 1762 788 contubernio

175 832 286 898 cum
311 818 538 890 recedit,
567 819 853 892 doiuorum
881 821 1150 888 claustris,
1187 821 1474 882 mundanis
1507 822 1760 892 obstacu-s

174 911 232 966 lis
252 927 354 986 non
377 918 632 976 tenetur:
662 916 962 974 substantia
1001 919 1236 976 cmlestis
1265 920 1492 974 terrenis
1519 927 1763 989 ergastu-

174 1003 232 1078 lis
269 1004 442 1060 nescit
470 1006 705 1074 includi,
744 1008 899 1078 juxta
931 1010 1064 1066 illud
1096 1028 1109 1066 :
1142 1010 1370 1083 Spiritus
1413 1013 1582 1068 nescis
1623 1011 1762 1067 unde

174 1095 347 1168 tentet,
379 1107 476 1152 aut
501 1114 602 1170 quo
632 1098 793 1166 _vadat
823 1099 1011 1172 (toan.
1043 1101 1158 1171 ut).
1183 1101 1441 1172 Discipuli
1467 1116 1596 1172 ergo
1638 1110 1762 1173 post

174 1188 618 1254 resurrectionem
648 1190 849 1248 clausis
870 1191 1022 1254 ostiis
1049 1192 1277 1262 Domino
1306 1193 1548 1263 ingresso
1572 1209 1761 1266 repor:

175 1289 304 1362 tasse
349 1296 482 1340 eum
522 1283 851 1344 soliditatem
896 1287 1144 1356 corporis
1177 1302 1284 1343 non
1329 1286 1622 1344 credebant
1643 1327 1659 1352 ,
1703 1288 1758 1343 in

173 1374 452 1443 imaginem
479 1377 659 1434 carnis
685 1378 857 1434 solam
886 1379 1113 1440 rediisse
1137 1380 1370 1436 animam
1399 1381 1754 1451 suspicantes,

172 1477 222 1528 ut
243 1467 636 1528 dormientibus
653 1473 831 1528 solent
857 1489 1136 1545 corporeae
1171 1475 1434 1543 imagines
1463 1490 1754 1546 apparere.

172 1558 552 1626 Existimabam
577 1581 650 1632 se,
677 1565 869 1636 inquit,
901 1567 1142 1638 spiritum
1170 1566 1361 1624 videre.
1405 1567 1549 1636 Ergo
1573 1605 1590 1632 ,
1619 1567 1759 1634 sicut

171 1653 416 1724 diximus,
466 1659 522 1712 in
550 1658 826 1728 discipulis
866 1675 974 1716 non
1003 1660 1332 1718 sedabuntur
1370 1663 1756 1732 cogitationum

1866 447 2000 504 mihi
2029 447 2218 516 defuit,
2257 448 2410 519 juxta
2452 450 2601 508 illam
2628 466 2819 508 vocem
2864 467 2986 523 qua:
3024 453 3157 510 mihi
3195 456 3452 527 pendenti

1865 540 2144 597 insultavit
2172 541 2195 578 ά
2237 543 2292 596 in
2336 558 2515 610 cruce,
2546 543 2732 599 dicens
2764 561 2779 598 :
2816 545 2961 600 Alios
2989 546 3158 602 salvos
3189 549 3330 620 fecit,
3371 566 3452 604 se-

1862 635 2036 708 ipsum
2055 637 2254 700 saluum
2283 639 2455 710 facere
2481 653 2586 692 non
2606 647 2812 710 potest:
2840 641 2886 693 si
2914 656 3010 695 rea:
3037 639 3207 696 Israel
3232 653 3338 709 est,
3364 643 3453 698 de-

1860 729 2078 785 scendat
2105 729 2170 785 de
2191 742 2412 798 cruce,et
2432 732 2692 788 credemus
2712 734 2759 788 ei
2782 732 2996 805 (Matth.
3021 735 3209 808 xxvn).
3234 734 3303 790 Et
3322 737 3452 806 quid

1861 832 1947 881 est
1973 823 2148 895 majus
2165 865 2179 891 ,
2213 826 2454 883 excussis
2479 825 2646 882 clavis
2673 825 3000 882 descendere
3026 827 3094 886 de
3132 842 3312 890 cruce.
3357 837 3452 884 aut

1861 919 1932 974 ab
1959 911 2146 975 inferis
2173 921 2380 976 calcata
2409 926 2584 976 morte
2609 919 3019 977 conscendere?
3055 918 3198 976 Ecce
3235 930 3293 977 et
3328 936 3446 977 me-

1859 1013 2036 1084 ipsum
2056 1013 2263 1069 salvum
2284 1012 2404 1080 feci,
2429 1020 2484 1069 et
2507 1013 2680 1083 ruptis
2697 1012 2894 1069 inferni
2916 1013 3144 1069 vinculis
3167 1014 3235 1070 ad
3259 1029 3448 1086 super-

1861 1115 1931 1160 na
1951 1105 2260 1172 conscendi,
2292 1113 2348 1160 et
2379 1112 2560 1161 tamen
2607 1120 2784 1176 neque
2815 1106 2958 1176 apud
2985 1121 3084 1161 vos
3124 1106 3284 1162 ﬁdem
3312 1121 3448 1162 mete

1859 1195 2077 1252 deitatis
2096 1197 2296 1253 inveni.
2328 1195 2436 1252 Aut
2468 1195 2608 1253 forte
2647 1197 2897 1252 triduana
2939 1213 3086 1254 mors
3115 1199 3351 1268 abnegat
3382 1198 3447 1252 ti-

1858 1286 1982 1342 dem
2007 1287 2265 1343 credendi
2297 1288 2320 1342 ?
2353 1285 2545 1344 Nonne
2581 1288 2998 1358 quatriduanum
3033 1287 3294 1344 Lazarum
3335 1289 3448 1360 jam

1858 1378 2116 1436 fetentem
2151 1380 2308 1436 vobis
2347 1395 2534 1436 coram
2577 1381 2790 1436 vocavit
2817 1381 2886 1436 ab
2925 1381 3111 1438 inferis
3153 1399 3258 1438 vox
3297 1391 3441 1447 mea,

1857 1485 1978 1526 mea
2001 1471 2174 1541 jussio
2202 1471 2487 1528 revocavit
2512 1471 2582 1528 ad
2607 1472 2775 1528 vitam
2805 1471 2986 1545 (Joan.
3009 1474 3086 1545 x1)
3109 1475 3132 1528 ?
3159 1472 3227 1529 Et
3253 1475 3299 1531 si
3332 1489 3450 1532 ser-

1857 1579 1957 1620 vus
1984 1565 2376 1635 quatriduanus
2408 1565 2598 1636 surgit,
2624 1581 2722 1622 cur
2741 1566 3022 1622 triduanus
3050 1566 3309 1623 Dominus
3341 1583 3451 1625 non

1857 1660 2146 1729 resurget?
2174 1659 2356 1714 Adhuc
2376 1667 2548 1714 autem
2568 1659 2676 1716 illis
2696 1676 2803 1714 non
2831 1659 3153 1716 credentibus
3175 1677 3284 1734 pra:
3321 1679 3452 1734 gau-

168 1748 307 1813 bella,
329 1749 436 1808 sed
465 1753 635 1821 magis
661 1754 940 1823 magisque
964 1755 1356 1823 cogitationum
1375 1756 1519 1812 bella
1543 1771 1757 1812 cresce-
1791 1751 1835 1810 Β
1863 1749 1949 1805 dio
1976 1759 2025 1805 et
2045 1751 2372 1807 mirantibus.
2408 1761 2434 1790 ο
2463 1750 2658 1806 Votiva
2686 1751 2882 1821 gaudia
2923 1759 2980 1806 et
3015 1767 3137 1807 eum
3177 1752 3302 1808 data
3337 1752 3452 1810 fue-

167 1839 314 1907 bant,
363 1850 428 1898 et
479 1845 740 1901 tumultus
777 1848 1038 1906 mentium
1095 1847 1225 1916 ipsis
1267 1847 1431 1902 etiam
1462 1848 1758 1904 visionibus

167 1933 481 2002 augebatur;
523 1947 578 1994 et
606 1937 751 1994 unde
791 1939 1202 1996 resurrectionis
1230 1941 1572 1996 asserebatur
1601 1941 1752 2004 tides,

167 2025 275 2082 inde
315 2029 490 2085 totius
525 2031 884 2086 cunctationis
909 2031 1196 2101 scrupulus
1231 2033 1575 2088 nascebatur.
1600 2032 1756 2100 Quod

167 2128 382 2185 venerat,
412 2129 538 2176 erat
564 2137 683 2188 res;
707 2122 854 2192 quod
883 2123 1079 2178 clausis
1109 2124 1264 2179 ostiis
1283 2125 1598 2189 intraverat,
1623 2123 1758 2180 fides

168 2226 260 2267 non
283 2223 401 2268 erat
435 2231 452 2269 :
479 2229 588 2268 non
616 2223 734 2271 erat
763 2214 914 2281 lides,
949 2214 1044 2270 sed
1071 2215 1244 2271 virtus
1268 2224 1416 2282 erat;
1459 2216 1756 2272 humanum

167 2319 258 2364 non
277 2313 414 2368 erat,
445 2305 546 2362 sed
573 2306 738 2364 homo
767 2313 904 2374 erat,
953 2313 1014 2362 ut
1053 2318 1201 2364 esset
1240 2323 1428 2364 verum
1465 2323 1664 2379 corpus
1699 2308 1757 2364 in

168 2397 359 2456 deitatis
407 2398 679 2468 potentia,
715 2407 742 2436 ει
773 2413 881 2454 non
925 2399 1104 2454 inanis
1131 2399 1311 2454 carnis
1338 2400 1550 2469 species
1577 2400 1633 2456 in
1661 2417 1755 2457 re-

167 2490 506 2546 surrectionis
533 2489 803 2562 iniuriam.
835 2490 978 2561 Ergo
1001 2491 1070 2546 ad
1097 2491 1534 2562 comprimendos
1563 2509 1630 2548 ex
1650 2495 1756 2549 hoc

169 2588 438 2637 mscentes
454 2581 738 2638 conﬂictus
757 2583 1168 2652 cogitationum,
1193 2584 1472 2654 respondit
1485 2583 1752 2644 Christus:

170 2669 288 2737 Quid
314 2672 514 2730 turbati
537 2675 664 2730 estis
680 2675 706 2729 ?
731 2685 783 2730 et
811 2677 1148 2748 cogitationes
1183 2678 1469 2733 ascendunt
1503 2680 1559 2733 in
1596 2682 1756 2736 corda

169 2769 359 2823 vestra?
385 2768 546 2826 Bene
569 2771 888 2838 ascendunt,
923 2788 1030 2829 non
1060 2773 1396 2830 descendunt
1426 2792 1438 2828 :
1484 2774 1610 2845 quia
1656 2775 1755 2830 de-

170 2876 347 2930 pressae
373 2863 565 2918 carnis
588 2864 829 2935 pondere
852 2866 1210 2936 cogitationes
1229 2867 1478 2923 humana:
1499 2866 1566 2922 ad
1589 2869 1757 2923 altum

171 2951 255 3006 Dei
277 2954 596 3026 mysterium
645 2965 914 3013 conantur
943 2959 1256 3024 ascendere,
1307 2968 1362 3015 et
1389 2959 1674 3015 conatibus
1700 2959 1757 3014 in

172 3044 288 3114 ipsis
329 3044 676 3116 franguntur,
699 3057 884 3116 ruunt,
913 3049 1258 3121 deponuntur
1285 3051 1353 3106 ad
1396 3059 1618 3117 terram,
1653 3051 1755 3106 nisi

172 3137 250 3193 ille
269 3137 488 3208 juverit,
513 3141 607 3210 qui
629 3142 796 3197 donat
836 3143 1042 3198 homini
1071 3144 1317 3218 cogitare
1357 3145 1557 3200 divina.
1616 3143 1760 3210 Quid
1785 3138 1832 3204 C

177 3231 344 3286 turbati
363 3233 532 3287 estis?
551 3242 605 3287 et
623 3237 964 3305 cogitationes
989 3235 1272 3291 ascendunt
1297 3239 1354 3292 in
1375 3238 1535 3292 corda
1556 3237 1760 3293 vestra?
1803 3231 1810 3234 ’

181 3321 344 3380 Videte
367 3342 559 3381 manus
603 3343 743 3383 meas
771 3338 823 3382 et
863 3327 1036 3401 pedes.
1069 3327 1279 3396 Videte,
1310 3329 1416 3385 hoc
1443 3338 1527 3386 est
1553 3330 1756 3399 dicere,

173 3412 405 3483 Vigilate.
438 3417 655 3484 Quare?
684 3418 821 3485 Quia
845 3433 953 3475 non
976 3427 1060 3474 est
1079 3421 1346 3475 somnium
1375 3422 1522 3491 quod
1545 3421 1755 3478 videtis.

183 3502 353 3561 Videte
390 3523 575 3566 manus
611 3525 756 3565 meas
809 3519 859 3565 et
904 3510 1078 3583 pedes.
1128 3510 1264 3578 Quia
1308 3513 1544 3582 gravatis
1587 3514 1761 3570 oculis

173 3605 324 3667 caput
347 3599 529 3655 adhuc
563 3601 836 3671 respicere
891 3617 999 3658 non
1048 3603 1307 3673 potestis;
1355 3603 1537 3660 videte
1581 3607 1761 3662 carnis

173 3689 404 3756 vulnera,
429 3691 557 3760 quia
579 3691 675 3747 Dei
691 3707 858 3763 opera
878 3707 988 3748 non
1007 3693 1223 3761 videtis,
1255 3693 1602 3751 considerate
1621 3694 1649 3734 ιι
1665 3695 1764 3751 ini-

176 3775 428 3842 micorum
461 3781 664 3850 titulos,
695 3784 826 3853 quia
874 3783 970 3839 Dei
999 3784 1178 3840 adhuc
1212 3801 1323 3841 non
1373 3786 1762 3845 considerastis

175 3874 410 3942 insignia,
435 3876 671 3947 palpate,
705 3885 764 3932 ut
783 3878 869 3932 vel
889 3892 1084 3933 manus
1121 3876 1280 3934 ﬁdem
1311 3878 1490 3946 faciat,
1527 3882 1652 3950 quia
1679 3880 1760 3936 vi-

175 3964 294 4023 dens
312 3967 518 4033 oculus,
556 3968 636 4025 sic
664 3977 900 4025 ciecatur
931 3987 944 4023 :
989 3969 1181 4025 oculus
1210 3985 1320 4026 non
1365 3959 1530 4038 videt,
1580 3971 1762 4027 videat

175 4067 368 4127 tactus;
389 4060 741 4131 digiti‘vestri
759 4061 964 4118 intrent
985 4061 1210 4130 vestigia
1240 4061 1536 4130 clavorum,
1569 4077 1762 4119 manus

176 4160 356 4207 vestrae
382 4152 493 4206 alta
514 4153 756 4208 vulneris
776 4153 1084 4223 exquirant,
1117 4152 1324 4224 aperite
1344 4167 1602 4208 manuum
1624 4152 1763 4210 fora-

177 4244 328 4313 mina,
359 4246 570 4302 sulcate
607 4246 778 4312 latus,
809 4253 1071 4302 renovate
1108 4245 1354 4314 vulnera,
1387 4246 1514 4317 quia
1563 4262 1764 4318 negare

177 4350 272 4391 non
299 4353 523 4409 possum
554 4339 831 4410 discipulis
860 4339 928 4395 ad
953 4339 1136 4407 ﬁdem,
1161 4339 1308 4410 quod
1324 4339 1557 4396 inimicis
1574 4341 1626 4394 in
1645 4355 1762 4411 pat-

179 4445 290 4484 nam
316 4433 662 4488 smvientibus
692 4449 799 4489 non
823 4433 1047 4502 negavi;
1070 4433 1303 4504 palpate,
1321 4433 1558 4504 palpate,
1584 4443 1640 4488 et
1665 4450 1761 4490 us-

1861 1843 1988 1912 rint,
2019 1845 2110 1899 vix
2157 1845 2483 1911 creduntur;
2533 1850 2720 1916 Optata
2758 1858 2882 1900 cum
2926 1845 3268 1915 perveniant,
3319 1844 3453 1900 dant

1859 1947 2139 2010 stuporem
2173 1957 2186 1992 :
2223 1939 2351 1995 hinc
2390 1946 2475 1995 est
2521 1939 2668 2008 quod
2721 1937 2950 2008 apostoli
2999 1939 3454 1994 resurrectionem

1859 2031 2061 2086 Christi
2089 2031 2407 2086 celeriorem
2440 2043 2604 2100 quam
2639 2037 2990 2101 speraverant
3016 2029 3374 2097 admirantur;
3397 2036 3456 2086 et

1859 2126 2007 2195 quod
2035 2125 2263 2180 credunt
2289 2124 2510 2191 tardius,
2544 2139 2652 2180 non
2683 2133 2767 2180 est
2798 2123 3055 2196 perﬁdiae,
3093 2125 3188 2181 sed
3217 2126 3452 2193 amoris,

1859 2224 2168 2272 scrutantes
2196 2217 2340 2271 enim
2373 2216 2552 2271 taliter
2580 2214 2741 2272 fidem
2772 2229 2880 2270 non
2911 2217 3212 2284 abnegant,
3242 2215 3336 2270 sed
3366 2229 3456 2272 re-

1860 2310 2118 2380 quirunt;
2149 2317 2206 2365 et
2235 2309 2365 2364 dum
2395 2309 2680 2364 intendunt
2717 2309 2895 2374 altius,
2927 2324 3114 2364 verum
3161 2323 3282 2366 esse
3309 2308 3456 2378 quod

1860 2401 2139 2458 intuentur
2156 2408 2439 2472 exoptant.
2461 2401 2698 2465 Fratres,
2713 2401 3006 2471 discipulos
3027 2401 3095 2456 ad
3117 2401 3218 2458 ista
3239 2401 3448 2470 tardos,

1859 2493 2104 2563 stupidos
2114 2493 2182 2550 ad
2195 2501 2363 2554 tanta.
2379 2509 2487 2548 non
2498 2492 2737 2564 perﬁdia:
2748 2493 2928 2559 timor,
2942 2493 3038 2550 sed
3048 2508 3224 2550 causa:
3240 2495 3453 2565 praesti-

1858 2585 1927 2638 tit
1949 2585 2292 2654 magnitudo;
2323 2585 2440 2642 visa
2465 2601 2574 2640 non
2599 2584 2803 2651 videre,
2833 2585 3042 2641 nescire
3063 2586 3218 2651 scita,
3248 2585 3455 2641 credita

1860 2694 1970 2734 non
1985 2679 2227 2746 credere,
2247 2695 2356 2735 non
2378 2679 2728 2736 incredulitas
2745 2678 2890 2746 facit,
2908 2679 3004 2734 sed
3019 2678 3338 2734 miraculum
3352 2679 3458 2732 sin-

1857 2773 2064 2842 gulare.
2080 2771 2317 2838 Fratres,
2333 2771 2401 2827 ad
2413 2773 2641 2830 virtutes
2653 2779 2845 2827 natura
2858 2772 3111 2830 est‘nimis
3126 2771 3322 2839 infans,
3335 2787 3457 2842 quae

1859 2865 1962 2919 nisi
1986 2880 2085 2935 per
2101 2864 2269 2920 Deum
2289 2865 2542 2930 creverit,
2561 2878 2758 2935 capere
2771 2871 2983 2918 matura
3005 2880 3111 2919 non
3128 2871 3329 2936 potest,
3346 2879 3457 2920 non

1858 2956 2005 3012 valet
2042 2955 2280 3026 perfecta
2311 2955 2532 3011 sentire.
2565 2956 2709 3011 Deus
2736 2969 2867 3026 ergo
2905 2956 3052 3026 quod
3090 2972 3191 3027 per
3218 2972 3319 3012 nos
3347 2973 3455 3013 non

1858 3063 2164 3119 possumus,
2190 3048 2306 3118 ipse
2328 3062 2424 3102 nos
2443 3061 2642 3117 capere
2656 3061 2755 3118 per
2773 3061 2852 3113 se,
2873 3053 2928 3102 et
2947 3048 3148 3103 sentire
3169 3047 3451 3104 concedat.

2392 3158 2627 3218 SERMO
2666 3159 2923 3216 LXXXII.

1937 3255 2016 3310 De
2037 3253 2227 3310 Christi
2257 3255 2646 3328 resurrectione,
2664 3263 2728 3328 _et
2755 3264 2941 3328 quarta
2967 3256 3386 3328 manifestatione

2150 3328 2292 3399 facta
2312 3323 2511 3379 duobus
2535 3323 2777 3380 euntibus
2797 3326 2851 3379 in
2882 3323 3166 3380 castellum.

1934 3415 2203 3485 Quoniam
2231 3417 2517 3474 Matthmus
2544 3423 2762 3474 sanctus
2797 3415 2908 3487 jam
2938 3417 3094 3472 nobis
3122 3431 3244 3486 qua:
3270 3417 3338 3474 de
3364 3432 3455 3474 re-

1863 3509 2202 3566 surrectione
2227 3509 2442 3566 Domini
2471 3515 2803 3579 cognoverat
2831 3509 3142 3565 salutariter
3179 3509 3454 3570 indicavit»

1863 3600 2031 3657 hodie
2063 3601 2196 3670 quid
2237 3602 2403 3658 etiam
2450 3603 2640 3657 beatus
2665 3601 2870 3656 referat
2895 3600 3108 3657 Marcus
3155 3601 3454 3660 audiamus.

1865 3692 2065 3749 Etcum
2081 3695 2370 3762 transisset,
2394 3694 2587 3766 inquit,
2604 3691 2894 3759 sabbatum,
2919 3692 3096 3748 Maria
3117 3692 3455 3766 Magdalena,

1863 3795 1915 3841 et
1934 3784 2112 3841 Maria
2130 3784 2314 3842 Jacobi
2339 3793 2390 3840 et
2423 3783 2443 3824 ί
2477 3784 2708 3852 Salome,
2733 3793 2966 3839 emerunt
2987 3794 3244 3851 aromata,
3285 3795 3344 3838 ut
3371 3803 3458 3840 ve-

1865 3881 2065 3936 nientes
2083 3888 2338 3953 ungerent
2354 3877 2741 3951 Jesum(Marc.
2765 3878 2898 3950 1m).
2933 3877 3184 3934 Mulieres
3205 3877 3311 3934 hoc
3337 3878 3459 3934 loco

1863 3969 2096 4026 feminea
2125 3969 2415 4026 devotione
2443 3969 2770 4036 discurrunt,
2799 3983 2920 4040 qua:
2955 3983 3062 4024 non
3089 3975 3150 4023 ut
3178 3969 3379 4023 viventi
3397 3967 3460 4020 li-

1864 4060 2008 4129 dem,
2036 4061 2133 4118 sed
2151 4070 2213 4117 ut
2237 4069 2455 4117 mortuo
2474 4068 2746 4130 unguenta
2768 4057 3018 4114 deferunt
3037 4059 3105 4114 ad
3127 4059 3454 4129 sepulcrum,

1864 4163 1920 4211 et
1939 4163 1999 4211 ut
2019 4155 2232 4228 sepulto
2251 4163 2446 4226 parant
2465 4153 2715 4210 maeroris
2743 4153 3021 4222 obsequia,
3051 4166 3161 4206 non
3190 4158 3251 4206 ut
3278 4166 3462 4206 resur-

1863 4250 2013 4321 genti
2032 4248 2338 4305 divinorum
2370 4246 2562 4318 gaudia
2593 4246 3006 4316 triumphorum.
3039 4244 3269 4302 Mortem
3294 4242 3456 4300 Chri-

1864 4351 1998 4409 stus,
2012 4349 2074 4398 ut
2091 4355 2240 4397 mors
2260 4347 2583 4406 moreretur,
2609 4337 2837 4410 accepit;
2857 4334 3104 4394 Christus
3124 4337 3250 4393 dum
3267 4337 3462 4394 occidi-

1866 4445 1975 4504 tur,
2007 4435 2139 4492 illud
2179 4434 2326 4505 quod
2353 4447 2543 4490 omnes
2583 4431 2867 4489 occidebat
2900 4431 3118 4498 occidit,
3156 4431 3464 4503 sepulcrum

179 4536 272 4590 que
299 4524 368 4579 ad
394 4540 519 4581 ossa
550 4526 900 4595 inquisitores
927 4525 1083 4581 ardui
1112 4527 1411 4597 pervenite,
1432 4536 1492 4582 ut
1519 4529 1606 4584 vel
1633 4544 1759 4584 ossa
1785 4534 1838 4595 D
1863 4528 2111 4586 Christus
2135 4527 2404 4583 infernum
2432 4524 2806 4597 patefacturus
2826 4523 3069 4579 intravit.
3105 4523 3294 4580 Soluta
3332 4539 3461 4594 ergo

179 4617 344 4672 carnis
369 4625 621 4673 astruaut
641 4619 944 4685 veritatem,
969 4626 1140 4674 etme
1166 4633 1288 4675 esse
1327 4620 1501 4690 ipsum
1530 4621 1616 4676 vel
1642 4622 1764 4676 vul-

178 4718 298 4762 nera
326 4719 542 4786 servata
572 4718 857 4766 testentur.
892 4710 1046 4781 Rogo
1075 4726 1246 4782 quare
1271 4727 1362 4768 me
1400 4713 1763 4771 resurrexisse

179 4815 277 4855 non
306 4802 546 4871 creditis,
595 4801 691 4874 qui
729 4803 1044 4861 innumeros
1075 4815 1099 4845 ο
1137 4812 1384 4861 mortuos
1428 4805 1530 4862 sub
1565 4808 1763 4865 vestris

241 4999 267 5028 ι
306 4989 504 5047 Locum
528 4989 677 5044 illum
697 4990 1038 5063 evangelistje
1070 4989 1292 5063 inferius
1315 4992 1549 5062 positum
1584 5012 1596 5047 :
1643 4994 1756 5063 spi-

179 5061 300 5116 ritus
328 5078 446 5117 ossa
473 5072 524 5116 et
551 5077 760 5116 carnem
782 5077 887 5116 non
918 5060 1087 5126 habet,
1119 5062 1277 5118 aliter
1303 5060 1335 5117 a
1364 5064 1576 5120 caneris
1602 5060 1760 5120 Chri-

180 5132 358 5215 stianis
380 5133 876 5215 interpretabantur
903 5131 1234 5215 Marcionita:
1264 5151 1277 5186 :
1309 5147 1381 5189 ex
1406 5148 1583 5203 eoque
1603 5134 1762 5191 colli-

179 5205 384 5275 gebant,
413 5202 634 5258 Christo
671 5204 970 5275 res_urgenti
999 5218 1111 5262 non
1139 5203 1306 5275 fuisse
1323 5202 1510 5260 verum
1540 5221 1758 5275 corpus,

180 5274 269 5345 sed
299 5275 690 5345 imaginarium.
733 5273 1095 5345 Tertullianus
1135 5274 1227 5330 lib.
1272 5289 1342 5339 vr,
1384 5284 1576 5332 contra
1621 5273 1764 5331 hlar-

180 5344 379 5400 cionem
404 5344 422 5400 Ξ
453 5344 578 5429 νειμ
601 5347 781 5429 itaque.
797 5346 873 5429 sic
900 5344 1113 5429 dictum,
1137 5345 1282 5429 quasi
1306 5346 1518 5429 spiritus
1548 5363 1756 5429 carnem

179 5425 227 5468 et
253 5433 366 5471 ossa
394 5433 500 5471 non
523 5413 704 5483 habet,
736 5417 868 5471 sicut
895 5432 976 5470 me
1005 5413 1187 5470 videtis
1233 5413 1505 5472 habentem
1535 5433 1554 5472 :
1585 5415 1656 5471 Id
1681 5426 1758 5472 est

180 5501 280 5558 non
313 5486 575 5543 habentem
602 5503 740 5553 ossa,
771 5487 904 5543 sicut
924 5487 1159 5558 spiritus.

248 5555 277 5596 δ
316 5558 471 5629 Signa
501 5568 557 5616 et
603 5555 961 5629 characteres
983 5557 1294 5624 vulnerum,
1326 5573 1447 5629 qua;
1473 5557 1764 5629 Gregorius

180 5625 418 5698 Magnus,
449 5630 639 5703 homil.
671 5629 740 5703 ac
782 5631 833 5684 in
863 5628 1069 5703 Evang.
1099 5625 1556 5703 -\'ocavit.iiestigia
1586 5625 1765 5684 'vulne-

183 5708 410 5775 ntm;_et
426 5701 648 5775 inferius
669 5699 1051 5775 Chrysologus,
1076 5702 1290 5772 vestigia
1338 5699 1616 5775 clarorum.

225 5777 281 5812 ’³⁸
321 5773 419 5844 Qui
437 5772 593 5829 facile
607 5771 890 5829 numerari
923 5783 1034 5846 non
1071 5771 1315 5844 possunt,
1353 5774 1586 5846 explicat
1611 5771 1762 5830 Mita.

1871 4623 1992 4692 lege
2003 4619 2216 4688 tartari,
2238 4627 2296 4674 et
2309 4616 2508 4674 inferni
2524 4632 2742 4674 carcere
2757 4617 3052 4684 destructo,
3067 4623 3123 4672 et
3139 4617 3254 4688 ipso
3274 4618 3463 4672 mortis

1869 4714 2097 4786 imperio
2123 4719 2430 4785 perempto,
2447 4710 2562 4783 jam
2580 4709 2828 4766 Christus
2847 4725 2956 4766 non
2989 4718 3072 4766 est
3100 4709 3384 4782 ungendus
3407 4719 3465 4765 ut

1867 4815 2134 4874 mortuus,
2167 4805 2266 4863 sed
2292 4804 2599 4862 adorandus
2626 4811 2685 4858 ut
2711 4805 2904 4860 victor.
2927 4801 3179 4860 Mulieres
3205 4812 3231 4852 8
3260 4817 3463 4875 perno-

1865 4991 2056 5048 Adhuc
2082 4997 2263 5046 autem
2282 4988 2558 5058 dubitasse
2584 4986 3254 5058 apostolos,imentemque
3273 5001 3464 5044 eorum

1865 5061 2191 5128 ﬂuctuasse,
2226 5068 2288 5116 ut
2317 5061 2394 5116 ait
2431 5055 2852 5132 Chrysostomus
2891 5056 3078 5112 homil.
3114 5055 3186 5112 85
3211 5097 3226 5124 ,
3267 5065 3324 5112 et
3365 5058 3457 5111 alii

1865 5147 2085 5203 quoque
2111 5132 2371 5188 sentiunt.

1939 5201 1966 5242 ἀ
1997 5197 2106 5260 Ms.
2129 5200 2428 5259 Bonon.'In
2445 5216 2594 5256 cruce
2609 5199 2783 5254 dicens
2807 5215 2824 5252 :
2857 5197 3007 5252 Vah!
3026 5198 3160 5253 vah!
3179 5198 3332 5264 alios,
3351 5206 3457 5254 etc.

1946 5284 1969 5314 ο
2009 5275 2086 5330 Ea
2113 5273 2310 5344 gaudia
2328 5279 2593 5344 vocantur
2613 5271 2959 5344 votiva,_qute
2978 5269 3163 5324 multis
3181 5269 3323 5326 votis
3345 5268 3464 5344 tue-

1871 5354 2000 5418 runt
2023 5338 2259 5418 exp'etita
2279 5362 2294 5418 ;
2324 5343 2393 5400 de
2406 5343 2527 5418 _hac
2540 5338 2906 5418 vocelmulta
2929 5348 3327 5418 commentatur
3352 5338 3463 5396 Go-

1869 5409 2153 5474 thofredus
2181 5416 2250 5472 ad
2279 5409 2316 5471 l.
2349 5430 2367 5470 ι
2396 5411 2614 5472 Codicis
2639 5409 3020 5468 Theodosiani.

1945 5487 1968 5526 ί
2011 5487 2110 5542 Ms.
2143 5487 2377 5550 Bonon.,
2411 5485 2708 5540 Salomene.

1945 5569 1973 5608 ε
2013 5559 2130 5614 lloc
2147 5556 2467 5629 Chrysologi
2499 5558 2619 5612 loco
2650 5554 2929 5629 conciliari
2943 5563 3200 5629 possunt
3230 5569 3467 5629 evange~

1870 5630 2023 5685 listze.
2058 5625 2352 5685 Dicendum
2383 5629 2526 5682 enim
2554 5636 2638 5683 est
2685 5627 2802 5697 pias
2833 5625 3057 5680 feminas
3104 5627 3157 5680 in
3189 5625 3319 5697 ipsis
3347 5627 3463 5682 sab-

1866 5701 1980 5757 bati
2007 5702 2271 5771 vesperis,
2297 5699 2501 5754 scilicet
2521 5699 2810 5771 post_sol:s
2840 5713 3114 5771 occasum,
3147 5698 3329 5768 elapsa
3360 5713 3462 5771 _so.

1873 5768 2175 5839 lemnitate,
2206 5770 2396 5826 Matth.
2428 5768 2614 5838 mm,
2647 5768 2699 5836 l,
2743 5769 2944 5826 emisse
2989 5780 3253 5838 aromata,
3285 5769 3464 5827 exisse
