3882 6356
489 363 587 421 est

1733 348 1791 406 Β.
1832 333 2037 405 perm
2073 349 2502 408 CHRYSOLOGI

3599 367 3683 428 l3!

489 480 666 540 ctant,
702 469 950 539 vigilant,
989 467 1258 520 insomnes
1291 467 1481 533 agunt,
1523 460 1749 514 obscura
1781 469 2067 531 penetrant
2095 474 2146 534 Α
2170 479 2288 517 mus
2312 464 2364 516 in
2384 461 2618 526 Christo,
2644 471 2698 517 ct
2723 477 2753 518 a
2775 464 2978 520 dextris
3000 464 3162 536 positi
3191 482 3475 528 mereamur
3497 478 3680 538 audire:

488 563 821 634 erumpentis
849 574 1055 616 aurorae
1087 575 1100 610 :
1133 556 1276 612 unde
1314 555 1478 610 etiam
1510 553 1686 608 lucem
1723 551 1936 606 dubiam
1960 567 2069 607 non

487 656 670 711 minus
688 653 865 709 cordis
904 650 1150 705 videmur
1179 647 1448 703 sustinere
1484 659 1648 715 quam
1683 642 1950 714 corporis.
2002 641 2071 696 Et

487 747 640 802 ualde
665 761 836 810 mane,
867 741 1056 810 inquit,
1080 757 1184 794 una
1209 737 1557 803 sabbatorum,
1580 735 1868 790 veniuntad
1888 749 2071 788 monu-

489 847 717 893 mentum
746 845 858 890 orto
872 836 988 905 jam
1007 835 1134 888 sole.
1168 831 1227 886 Si
1254 831 1413 885 valde
1440 843 1619 895 mane,
1651 827 1927 898 quomodo
1949 833 2070 882 orto

487 928 600 999 jam
619 927 778 982 sole?
806 925 896 981 Sic
917 925 1087 981 nescit
1105 923 1433 993 evangelista
1458 922 1586 992 quid
1614 921 1800 976 dicat?
1827 919 2073 990 Evange-

487 1021 615 1077 lista
635 1020 765 1090 quid
785 1019 929 1074 dicat
946 1019 1068 1085 scit,
1091 1017 1187 1073 sed
1210 1015 1339 1086 quid
1361 1015 1570 1080 audiat,
1602 1013 1694 1082 qui
1725 1028 1834 1083 non
1871 1012 2075 1068 didice-

490 1113 564 1167 rit
591 1111 780 1176 nescit,
803 1126 913 1166 non
940 1117 1025 1164 est
1051 1108 1252 1165 erroris
1283 1108 1385 1162 ista
1412 1105 1624 1172 relatio,
1670 1105 1915 1160 veritatis
1948 1112 2032 1160 est
2057 1121 2070 1158 :

489 1218 594 1258 nec
617 1203 824 1273 lapsum
844 1202 1048 1273 patitur
1079 1199 1346 1256 sermonis
1378 1197 1631 1264 humani,
1674 1197 1772 1252 sed
1803 1196 1882 1250 rei
1911 1202 2076 1266 gestae

494 1295 709 1352 caelitus
737 1295 912 1364 aperit
937 1293 1243 1349 veritatem.
1269 1291 1489 1346 Dixerat
1513 1308 1526 1343 :
1557 1289 1635 1342 Ab
1657 1289 1787 1344 hora
1807 1297 1972 1354 sexta,
1996 1305 2079 1342 us-

494 1404 592 1461 que
615 1387 685 1442 ad
713 1386 894 1442 horam
913 1401 1103 1441 nonam
1128 1383 1351 1439 tenebrat
1383 1386 1538 1454 {actia
1564 1391 1685 1436 sunt
1707 1379 1898 1452 (Marc.
1942 1380 2033 1451 xv)
2059 1397 2073 1448 ;

496 1494 626 1550 ergo
663 1488 691 1517 κ
734 1479 813 1534 sol
854 1479 946 1548 qui
983 1486 1180 1548 prmter
1215 1477 1404 1532 horam
1443 1484 1502 1531 ut
1539 1475 1765 1530 Domino
1805 1482 2079 1544 compate-

493 1581 648 1628 retur
674 1571 1027 1636 abscesserat,
1068 1568 1313 1624 claritate
1341 1583 1462 1623 cum
1490 1573 1792 1636 resurgeret
1819 1565 2079 1620 Dominus

497 1673 625 1720 ante
655 1673 865 1733 tempus
902 1661 1166 1718 occurrit:
1199 1669 1256 1716 et
1296 1661 1389 1730 qui
1427 1668 1488 1715 ut
1525 1675 1624 1716 suo
1657 1667 2081 1715 commoreretur

497 1755 725 1820 auctori,
751 1755 921 1826 ipsam
942 1753 1290 1808 meridianam
1312 1767 1464 1808 suam
1486 1749 1906 1807 mortiﬁcaverat
1923 1750 2082 1805 clari-

2181 554 2379 622 Venite,
2420 554 2671 608 benedicti
2715 553 2891 610 Patris
2923 559 3044 621 mei,
3085 560 3328 631 percipite
3357 579 3550 636 regnum
3577 576 3688 642 quod

2171 647 2312 703 vobis
2339 659 2578 720 paratum
2606 657 2683 704 est
2709 649 2773 702 ab
2801 652 3000 722 origine
3017 652 3196 706 mundi
3225 652 3430 725 (Matth.
3452 661 3583 732 xxv).
3609 663 3687 721 Co-

2174 751 2406 814 npertum
2430 743 2566 797 stola
2594 744 2837 798 candida.
2869 743 3018 800 Stola
3038 747 3140 801 ista
3159 763 3267 802 non
3295 764 3361 804 ex
3387 756 3579 810 mortali
3601 761 3688 815 vel-

2173 836 2304 904 lere,
2327 835 2423 892 sed
2450 850 2518 891 ex
2542 837 2741 892 virtute
2768 837 2949 904 vitali;
2973 839 3260 908 splendens
3295 841 3486 900 emlesti
3509 845 3687 920 lumine,

2176 944 2283 984 non
2312 927 2495 983 colore
2513 937 2732 984 terreno
2757 945 2771 995 ;
2795 937 2850 984 et
2868 929 3012 984 clara
3052 927 3324 986 Creatoris
3362 949 3580 1006 munere,
3605 957 3688 998 non

2175 1029 2294 1076 arte
2313 1019 2547 1088 fullonis,
2579 1021 2792 1076 dicente
2819 1019 3090 1092 Propheta
3118 1039 3131 1074 :
3163 1023 3386 1079 Amictus
3411 1031 3561 1082 lumen
3589 1032 3693 1087 sicut

2175 1115 2526 1168 uestimentum
2567 1112 2739 1186 (Psal.
2765 1113 2895 1185 cut),
2930 1121 2988 1170 et
3014 1115 3082 1169 de
3105 1115 3265 1184 justis
3289 1135 3302 1169 :
3342 1115 3474 1173 Tunc
3485 1121 3599 1191 justi
3613 1126 3693 1195 [al-

2176 1203 2516 1278 gebuntsicut
2547 1204 2626 1259 sol
2656 1204 2869 1277 (Matth.
2904 1205 3041 1276 xm).
3077 1205 3301 1262 Terreni
3327 1211 3538 1266 terrenis
3564 1214 3694 1273 velati

2176 1304 2302 1351 sunt
2326 1296 2661 1351 vestimentis
2687 1313 2701 1362 ;
2727 1304 2782 1351 et
2819 1296 2939 1352 ideo
2983 1297 3123 1352 sicut
3167 1297 3400 1355 novitate
3434 1301 3692 1374 splendent,

2178 1389 2252 1444 ita
2279 1397 2547 1445 vetustate
2574 1389 2892 1445 sordescunt
2919 1407 2933 1443 :
2973 1389 3221 1445 ccelestes
3250 1405 3378 1446 vero
3406 1393 3584 1450 amictu
3611 1412 3697 1454 cm-

2179 1481 2326 1536 lestis
2353 1481 2566 1536 luminis
2587 1481 2914 1548 ambiuntur,
2955 1490 3012 1538 et
3050 1497 3084 1536 a
3113 1489 3326 1538 terreno
3352 1485 3581 1554 squalore
3601 1505 3696 1546 sus-

2179 1573 2352 1644 pensi,
2375 1587 2476 1628 nec
2493 1571 2761 1628 foedantur
2779 1581 3050 1629 vetustate
3069 1588 3343 1643 umquam,
3365 1591 3461 1632 nec
3481 1578 3590 1634 ullis
3604 1595 3697 1636 sor-

2180 1667 2338 1724 dibus
2375 1667 2768 1734 obscurantur;
2816 1666 2913 1722 sed
2954 1674 3136 1722 vestes
3173 1682 3306 1736 quas
3344 1669 3501 1724 semel
3532 1669 3700 1728 dederit

2181 1759 2524 1826 resurrectio,
2567 1765 2832 1829 perpetuo
2860 1758 3063 1813 lumine
3095 1759 3406 1813 vestiuntur.
3437 1760 3500 1813 At
3519 1760 3611 1814 illa
3631 1778 3699 1816 er-

495 1853 684 1913 tatem,
716 1854 776 1901 ut
813 1853 1164 1915 consurgeret
1203 1844 1410 1900 auctori
1451 1859 1577 1912 suo,
1609 1843 1796 1899 evictis
1823 1843 2077 1909 tenebris,
2110 1855 2158 1916 Β
2183 1857 2357 1904 euntes
2396 1849 2458 1904 de
2496 1858 2845 1912 monumento,
2878 1850 3150 1921 fugerunt;
3183 1849 3436 1904 invaserat
3459 1851 3580 1905 enim
3608 1852 3700 1908 illas

497 1939 850 1994 antelucanus
895 1938 1092 2009 erupit.
1144 1935 1310 1992 Valde
1357 1953 1529 1991 mane.
1577 1935 1714 2003 Quia
1748 1944 1874 1991 tunc
1913 1935 1994 1990 sol
2021 1943 2082 1990 ut

494 2045 654 2086 mane
681 2029 886 2086 faceret
913 2029 940 2068 ιι
981 2029 1306 2095 manicavit;
1339 2037 1396 2084 et
1421 2028 1516 2098 qui
1536 2035 1664 2083 ante
1694 2035 1908 2083 noctem
1931 2028 2083 2097 fuge-

495 2134 600 2193 rat,
632 2142 776 2182 nunc
801 2127 920 2196 ipse
949 2132 1163 2180 noctem
1190 2124 1450 2195 praevenit
1469 2121 1766 2194 fugaturus,
1795 2130 1855 2177 ut
1894 2122 2082 2178 reddat

493 2219 604 2274 luci
628 2235 737 2275 nox
764 2219 928 2274 horas
945 2232 1082 2288 quas
1111 2225 1289 2271 terror
1315 2215 1607 2271 Dominicae
1625 2215 1893 2286 passionis
1931 2215 2083 2269 inva-

492 2319 656 2365 serat.
690 2309 962 2374 Dicebant,
987 2307 1179 2378 inquit,
1204 2307 1274 2361 ad
1303 2307 1551 2362 invicem:
1575 2303 1703 2370 Quis
1731 2305 1949 2361 revolvet
1982 2323 2080 2361 no-

494 2403 570 2455 bis
593 2400 822 2472 lapidem
835 2398 900 2454 ab
921 2401 1054 2455 ostio
1083 2399 1398 2454 monumenti
1419 2399 1444 2453 ?
1462 2397 1544 2454 Ab
1559 2394 1702 2454 ostio
1722 2399 2076 2464 monumenti,

493 2510 562 2548 an
584 2493 761 2550 cordis
781 2495 805 2549 ἲ
825 2509 856 2548 a
877 2493 1144 2565 sepulcro,
1168 2509 1237 2548 an
1265 2493 1335 2548 ab
1373 2492 1542 2548 oculis
1561 2493 1585 2547 ?
1622 2491 1892 2559 Mulieres,
1924 2492 2081 2548 obse-

492 2596 670 2642 ratum
715 2596 800 2643 est
825 2595 1035 2658 pectus,
1060 2587 1203 2642 oculi
1228 2595 1356 2642 sunt
1374 2586 1544 2642 clausi
1569 2605 1581 2640 :
1607 2595 1664 2642 et
1685 2587 1809 2642 ideo
1827 2585 2081 2658 patefacti

487 2679 722 2750 sepulcri
750 2680 979 2749 gloriam
1004 2696 1114 2736 non
1133 2679 1347 2746 videtis,
1380 2679 1561 2735 oleum
1589 2695 1698 2735 non
1737 2678 1953 2750 corpori
1973 2679 2081 2734 Do-

489 2770 710 2833 minico,
735 2771 828 2826 sed
848 2770 1082 2828 lucernte
1101 2770 1280 2826 cordis
1303 2771 1491 2837 vestri,
1521 2770 1570 2826 si
1594 2769 1780 2826 videre
1807 2769 2079 2826 desidera-

489 2862 578 2927 tis,
609 2850 891 2926 infundite,
924 2869 983 2916 ut
1002 2861 1121 2917 luce
1151 2860 1276 2916 fidei
1301 2867 1486 2932 pateat
1506 2860 1654 2930 quod
1681 2860 1951 2916 clauditur
1993 2859 2079 2915 in-

489 2955 822 3009 credulitatis
846 2955 1096 3010 obscuro.
1127 2952 1197 3007 Et
1244 2955 1594 3023 respicientes,
1621 2952 1814 3022 inquit,
1844 2953 2082 3008 viderunt

487 3046 716 3118 lapidem
753 3045 1056 3108 revolutum,
1093 3052 1208 3100 erat
1243 3045 1430 3115 quippe
1457 3060 1678 3115 magnus
1708 3043 1875 3098 valde.
1911 3041 2080 3098 Plane

487 3151 731 3208 magnus,
763 3145 818 3192 et
835 3151 1060 3207 magnus
1080 3135 1254 3200 valde,
1285 3143 1341 3190 et
1365 3134 1486 3206 plus
1507 3133 1623 3204 jam
1649 3147 1874 3204 magnus
1912 3134 2078 3189 meri-

2187 1954 2375 1999 tremor
2392 1951 2442 1998 et
2461 1959 2636 2014 pavor.
2661 1941 2896 2011 Angelus
2916 1941 3070 1997 sedet
3088 1941 3143 1996 in
3163 1950 3518 2007 monumento,
3539 1942 3598 1998 de
3613 1958 3702 1998 mo-

2185 2043 2442 2092 numento
2461 2033 2670 2104 fugiunt
2701 2033 2986 2100 mulieres;
3008 2034 3137 2104 quia
3172 2033 3262 2088 ille
3293 2032 3360 2089 de
3393 2033 3579 2090 cmlesti
3604 2033 3701 2088 sub-

2183 2130 2379 2186 stantia
2407 2127 2646 2194 conlidit,
2668 2126 2950 2182 turbantur
2970 2126 3087 2181 ista:
3111 2124 3178 2180 de
3200 2125 3495 2180 conditione
3511 2133 3698 2182 terrena.

2184 2222 2497 2294 Sepulcrum
2525 2221 2618 2291 qui
2641 2223 2782 2276 mori
2809 2235 2917 2276 non
2952 2226 3138 2291 potest
3167 2219 3356 2274 timere
3386 2220 3573 2285 nescit;
3607 2235 3699 2275 mu-

2183 2317 2342 2372 lieres
2369 2323 2550 2370 autem
2572 2323 2628 2370 et
2655 2315 2723 2369 de
2749 2312 2892 2369 facto
2925 2319 3188 2379 tremunt,
3211 2319 3266 2366 et
3295 2311 3573 2383 sepulcrum
3596 2312 3701 2368 sicut

2183 2406 2440 2462 mortales
2454 2405 2627 2460 adhuc
2639 2404 2941 2459 mortaliter
2960 2409 3326 2474 expavescunt
3344 2421 3356 2456 :
3372 2401 3489 2458 hinc
3505 2411 3575 2458 est
3589 2403 3701 2472 quod

2183 2497 2383 2553 nemini
2397 2496 2686 2567 quidquam
2697 2495 2900 2550 dicunt.
2920 2492 2990 2548 Et
3002 2495 3198 2548 nemini
3210 2492 3472 2566 quidquam
3488 2492 3698 2547 dixerunt.

2183 2589 2319 2657 Quia
2346 2587 2660 2643 mulieribus
2687 2586 2894 2653 audire,
2917 2601 3028 2641 non
3047 2585 3198 2655 loqui
3220 2584 3399 2640 datum
3417 2594 3515 2650 est;
3537 2582 3702 2638 discere

2183 2681 2365 2737 datum
2387 2688 2488 2746 est,
2513 2694 2620 2734 non
2641 2679 2856 2746 docere,
2884 2677 3098 2734 dicente
3118 2675 3374 2747 Apostolo
3397 2695 3410 2730 :
3435 2675 3644 2730 Mulieres
3658 2676 3700 2728 in

2183 2771 2420 2827 Ecclesia
2449 2780 2652 2826 taceant
2679 2770 2723 2842 (Ι
2757 2770 2876 2826 Cor.
2910 2767 3044 2840 xxv).
3088 2768 3332 2838 Denique
3367 2766 3538 2823 eadem
3569 2765 3700 2820 Maria

2181 2871 2370 2934 postea
2400 2870 2456 2918 et
2481 2862 2644 2928 vadit,
2668 2869 2724 2916 et
2744 2859 2976 2926 nuntiat,
3001 2859 3098 2916 sed
3113 2858 3230 2928 jam
3253 2873 3359 2914 non
3379 2855 3700 2923 femiuam,sed

2181 2954 2480 3011 Ecclesiam
2500 2961 2738 3023 gestans,
2763 2961 2822 3008 ut
2841 2953 2915 3007 ibi
2934 2951 3074 3008 sicut
3112 2950 3308 3006 femina
3349 2955 3526 3014 taceat,
3564 2946 3636 3002 hic
3654 2952 3700 3000 ut

2181 3046 2422 3104 Ecclesia
2443 3046 2687 3102 enuntiet
2706 3053 2762 3100 et
2788 3045 3056 3114 loquatur.
3081 3041 3214 3097 Post
3252 3042 3378 3108 haec,
3406 3040 3574 3110 inquit,
3602 3037 3700 3091 duo.

2184 3139 2276 3194 bus
2300 3155 2366 3193 ea:
2393 3139 2474 3192 his
2500 3134 2876 3192 ambulantibus
2906 3145 3144 3190 ostensus
3167 3142 3262 3188 est.
3304 3131 3472 3199 Quare
3508 3145 3598 3186 non
3629 3128 3702 3183 tri-

488 3239 546 3285 to
573 3243 734 3298 quam
753 3227 944 3295 forma,
967 3228 1059 3298 qui
1097 3225 1362 3283 creatoris
1387 3225 1572 3281 mundi
1613 3240 1811 3296 corpus
1848 3232 1904 3280 et
1933 3223 2077 3280 clau-
2107 3233 2153 3297 C
2182 3231 2302 3296 bus,
2325 3244 2494 3300 quare
2522 3213 2640 3283 non.
2654 3237 2904 3297 quatuor,
2939 3226 3037 3282 sed
3072 3225 3288 3282 duobus
3318 3225 3341 3278 ?
3382 3223 3507 3291 Quia
3537 3219 3700 3278 duobus

493 3324 624 3378 dere
643 3329 701 3378 et
719 3321 934 3392 operire
966 3319 1196 3376 sull'ecit.
1229 3319 1298 3373 Et
1323 3321 1638 3374 introeuntes
1671 3327 2075 3385 monumentum,

487 3414 725 3469 viderunt
739 3413 980 3485 juvenem
1006 3410 1266 3466 sedentem
1287 3427 1320 3463 a
1353 3409 1570 3476 dextris,
1611 3418 1906 3482 coopertum
1942 3409 2079 3466 stola

486 3505 730 3560 candida.
759 3503 1086 3559 introierunt
1105 3503 1428 3574 sepulcrum,
1452 3510 1512 3556 ut
1549 3501 1878 3572 consepultae
1922 3500 2079 3557 Chri-

483 3607 591 3664 sto,
617 3595 836 3652 Christo
863 3605 1253 3665 consurgerent
1277 3595 1346 3650 de
1367 3595 1636 3665 sepulcro,
1679 3603 1736 3649 et
1763 3593 2079 3664 impleretur

484 3686 616 3741 illud
653 3685 900 3757 Apostoli
937 3704 950 3739 :
995 3683 1291 3757 Consepulti
1333 3686 1455 3739 estis
1501 3685 1548 3738 ei
1588 3685 1643 3738 in
1685 3684 1968 3756 baptismo,
2018 3686 2076 3738 in

483 3793 583 3849 quo
603 3786 654 3831 et
674 3777 1030 3830 resurrexistis
1085 3773 1282 3844 (Colos.
1330 3774 1412 3845 ιι).
1461 3773 1662 3828 Vident
1694 3773 1972 3843 juvenem,
2015 3783 2076 3828 ut

482 3877 770 3937 cernerent
791 3875 990 3923 nostra:
1034 3866 1448 3922 resurrectionis
1483 3874 1737 3934 aetatem;
1767 3867 1951 3922 vident
1983 3866 2074 3936 ju-

483 3976 697 4028 venem,
749 3960 876 4030 quia
917 3958 1090 4014 nescit
1128 3959 1454 4014 resurrectio
1504 3966 1858 4025 senectutem,
1901 3975 2076 4028 neque

480 4060 668 4108 aetates
695 4050 886 4120 recipit
911 4057 1114 4104 aeterna
1143 4047 1422 4119 perfectio.
1458 4048 1630 4105 Homo
1656 4050 1748 4105 ubi
1775 4050 1948 4106 nescit
1975 4066 2074 4105 na-

479 4143 578 4210 sci,
604 4143 743 4198 mori
766 4141 968 4208 nescit;
999 4148 1056 4196 et
1078 4141 1169 4195 ubi
1189 4141 1336 4196 nasci
1356 4141 1603 4210 morique
1628 4142 1816 4208 nescit,
1846 4142 1920 4198 ibi
1946 4152 2076 4197 teta-

481 4244 596 4288 tum
635 4249 736 4288 nec
773 4233 1009 4287 admittit
1033 4230 1439 4296 detrimentum,
1499 4246 1601 4287 nec
1654 4231 1858 4300 indiget
1901 4232 2075 4288 incre-

481 4325 697 4380 mentis.
732 4324 928 4378 Vident
942 4323 1198 4393 juvenem
1223 4323 1501 4378 sedentem
1524 4339 1556 4378 a
1583 4323 1808 4392 dextris,
1833 4324 1961 4394 quia
1987 4341 2075 4381 re-

481 4415 747 4471 surrectio
779 4415 972 4485 recipit
1003 4408 1079 4468 nil
1110 4414 1404 4469 sinistrum.
1465 4413 1623 4480 Vias,
1657 4414 1868 4484 inquit,
1900 4433 2014 4489 qua:
2039 4434 2074 4470 a

483 4508 679 4561 dextris
716 4516 854 4574 sunt,
907 4507 1048 4561 novit
1083 4506 1332 4560 Dominus
1380 4505 1560 4577 (Prov.
1597 4523 1649 4560 IV
1681 4508 1837 4577 juxta
1871 4506 2069 4579 LXX).

2181 3320 2412 3393 populis,
2432 3320 2484 3375 id
2504 3329 2605 3384 est,
2627 3319 2874 3390 gentibus
2893 3325 2950 3374 et
2966 3316 3186 3386 Judtcis,
3210 3313 3584 3372 resurrectionis
3596 3309 3700 3366 fides

2179 3411 2270 3467 hic
2294 3409 2633 3482 praedicanda
2684 3416 3016 3465 monstratur
3059 3425 3072 3460 :
3123 3406 3291 3474 unde,
3335 3405 3467 3461 sicut
3497 3403 3696 3466 diximus,

2178 3502 2438 3574 probatur
2469 3501 2522 3555 in
2551 3500 2758 3556 duabus
2786 3499 3016 3564 feminis,
3053 3509 3074 3538 ο
3103 3507 3167 3553 ιιι
3186 3499 3240 3553 in
3262 3495 3518 3567 discipulis
3533 3493 3698 3548 duobus

2179 3593 2474 3650 Ecclesiam
2502 3607 2663 3648 unam
2691 3590 2927 3661 ﬁgurari.
2961 3588 3213 3645 Ostensus
3239 3598 3314 3644 est
3346 3590 3399 3643 in
3435 3587 3530 3641 alia
3555 3584 3694 3655 eﬁgie.

2178 3686 2347 3741 Nemo
2373 3692 2527 3756 putet
2569 3683 2843 3739 Christum
2880 3699 2978 3738 sua
3026 3682 3420 3738 resurrectione
3457 3678 3530 3734 sui
3560 3674 3698 3730 vultus

2178 3777 2406 3847 efﬁgiem
2435 3784 2812 3842 commutasse,
2838 3783 2898 3830 ut
2924 3775 3016 3844 qui
3041 3775 3096 3829 in
3119 3775 3345 3829 vulnere
3376 3777 3484 3827 erat
3506 3769 3618 3840 ipse,
3635 3763 3697 3818 al-

2178 3880 2260 3926 ter
2278 3877 2421 3927 esset
2448 3869 2504 3923 in
2531 3868 2718 3935 vultu;
2748 3865 2776 3904 τι
2797 3865 2893 3922 sed
2920 3874 3159 3921 mutatur
3179 3864 3396 3935 elligies,
3433 3861 3546 3917 dum
3565 3853 3698 3912 efﬁci-

2175 3969 2263 4016 tur
2283 3977 2350 4017 ex
2374 3959 2588 4016 mortali
2613 3958 2950 4025 immortalis,
2981 3967 3037 4013 et
3060 3972 3132 4013 ex
3157 3952 3481 4028 corruptibili
3502 3952 3697 4007 incorru-

2173 4053 2395 4124 ptibilis,
2426 4060 2486 4108 ut
2504 4051 2608 4107 hoc
2635 4051 2706 4106 sit
2725 4057 2962 4105 mutasse
2980 4049 3353 4114 substantiam,
3381 4061 3484 4102 non
3504 4049 3698 4098 mutasse

2174 4161 2479 4217 personam,
2510 4151 2566 4200 et
2592 4143 2938 4212 acquisivisse
2964 4142 3144 4196 vultus
3172 4139 3415 4210 gloriam,
3442 4150 3540 4192 non
3555 4131 3696 4188 vultus

2173 4237 2420 4292 notitiam
2447 4233 2765 4307 perdidisse.
2805 4232 2875 4287 Et
2894 4249 2963 4290 ne
2988 4231 3215 4288 festinus
3251 4244 3424 4288 sermo
3447 4234 3530 4282 aut
3545 4221 3694 4292 fugiat,

2173 4336 2268 4382 aut
2307 4325 2604 4382 transvolet
2648 4325 2971 4394 quastiones
2994 4365 3009 4391 ,
3047 4323 3194 4393 quod
3233 4322 3465 4392 sequitur
3495 4313 3694 4390 proximo

2173 4433 2445 4486 sermone,
2463 4417 2692 4473 Domino
2719 4417 3020 4482 revelante,
3051 4416 3462 4472 innotescamus.

2687 4522 2918 4581 SERMO
2952 4523 3232 4579 LXXXII].

480 4597 569 4664 Et,
589 4597 731 4651 Tunc
759 4605 949 4652 statuet
969 4598 1140 4668 justas
1164 4597 1233 4650 ad
1247 4596 1513 4651 dexteram
1532 4613 1680 4650 suam
1703 4595 1915 4668 (Matth.
1941 4615 2065 4666 xxv,

483 4691 630 4741 iuxta
651 4686 801 4741 LXX
807 4688 845 4741 l.
874 4686 1055 4741 Orate.
1086 4687 1298 4741 fratres.
1320 4695 1455 4741 utet
1474 4702 1573 4741 nos
1592 4688 1887 4741 moriamur
1903 4687 2065 4741 vitiis.

2175 4621 2255 4678 De
2295 4638 2432 4676 nona
2473 4619 2664 4675 Christi
2699 4618 3114 4700 manifestatione
3147 4618 3302 4741 facta
3344 4605 3694 4670 recumbende

2678 4688 2914 4741 undecsm
2947 4687 3141 4741 discmu
3169 4704 3230 4741 ts.

474 4691 630 4761 juxta
651 4686 845 4759 LXX).
874 4686 1055 4754 Orate,
1086 4687 1298 4753 fratres,
1320 4695 1380 4741 ut
1398 4695 1455 4742 et
1474 4702 1573 4742 nos
1592 4688 1887 4742 moriamur
1903 4687 2065 4757 vitiis,

399 4811 405 4862 τ
479 4780 804 4851 sepeliamur
813 4779 1194 4850 temporalibus
1207 4779 1439 4850 pompis,
1455 4786 1512 4834 ut
1525 4780 1815 4838 aeternitati
1827 4798 2071 4854 resurga-

477 4929 630 4976 extra
651 4919 858 4986 urbem,
883 4919 1062 4988 ibique
1092 4919 1272 4989 aliquo
1299 4918 1532 4988 quodam
1577 4920 1699 4975 loco
1728 4929 1943 4976 noctem
1971 4922 2057 4978 in-

474 5005 694 5046 somnes
714 4991 905 5058 egisse,
936 4999 996 5044 ut
1023 4991 1196 5060 primo
1216 4991 1396 5045 statim
1423 4990 1646 5046 alterius
1685 4990 1793 5047 diei
1819 4992 2057 5048 diluculo

471 5062 752 5115 venientes
774 5059 1037 5128 ungerent
1053 5059 1236 5115 Jesum
1268 5079 1280 5113 :
1313 5068 1368 5115 et
1388 5061 1488 5114 viae
1516 5076 1575 5116 se
1594 5062 1802 5127 dantes,
1825 5070 1951 5117 ante
1971 5078 2061 5118 so-

473 5133 538 5184 lis
572 5139 768 5201 ortum,
801 5129 958 5186 Lucae
986 5146 1129 5197 xxiv,
1155 5131 1212 5201 il,
1243 5130 1313 5185 ad
1333 5131 1639 5200 sepulcrum
1661 5133 1993 5201 pervenisse.

546 5211 571 5238 ει
614 5200 693 5255 Ex
721 5216 820 5272 ms.
858 5201 1097 5255 Bonon.:
1141 5200 1234 5256 Sol
1275 5202 1361 5272 qui
1395 5217 1460 5254 ea
1500 5201 1630 5255 hora
1657 5200 1763 5272 qua
1799 5201 2056 5258 Dominus

474 5281 738 5339 pateretur
766 5269 1099 5338 abscesserat,
1129 5279 1187 5324 ut
1217 5269 1604 5342 conresurgeret
1644 5269 1891 5340 Domino,
1935 5283 2059 5328 ante

478 5353 675 5412 tempus
705 5354 942 5397 occurrit.

545 5411 572 5450 Ι)
613 5410 769 5482 Lyco:
794 5428 901 5474 χχι,
933 5412 1020 5468 58.
1072 5409 1142 5464 Et
1179 5413 1343 5482 omnis
1395 5412 1938 5482 populusimanicabat
1985 5414 2056 5467 ad

477 5498 610 5536 eum.
643 5479 834 5537 Petrus
859 5482 1166 5546 Damianus,
1196 5481 1288 5536 lib.
1321 5479 1404 5546 v1,
1425 5479 1581 5551 epist.
1608 5481 1668 5535 51
1702 5499 1719 5536 :
1761 5482 2058 5538 Decadente

475 5552 770 5622 crepusculo
789 5568 910 5606 mox
931 5552 999 5606 ad
1021 5552 1278 5622 hominem
1306 5567 1588 5622 properans
1615 5554 1914 5608 manicavit.
1943 5553 2056 5608 Vo-

455 5621 595 5676 ’cem
620 5622 902 5692 barbaram
930 5621 1146 5692 quidam
1167 5621 1364 5689 negant
1391 5621 1544 5692 esse,_
1556 5622 1682 5676 licet
1703 5622 2052 5692 Augustinus,

453 5699 663 5764 gquzest.
689 5690 775 5756 46,
801 5693 854 5745 in
877 5690 970 5746 lib.
993 5690 1192 5764 Judic.,
1212 5707 1333 5764 eam
1361 5690 1746 5764 apuqualinﬁos
1765 5690 2059 5764 scriptores

459 5760 757 5834 occurrere
779 5771 952 5834 neget.
985 5763 1122 5833 Apte
1149 5777 1215 5816 ea
1260 5761 1428 5834 utitur
1464 5760 1845 5834 Chrysologus,
1870 5760 2059 5834 utpote

475 5847 505 5892 θ
533 5847 686 5890 inane
724 5831 971 5903 deducta,
1004 5831 1063 5890 ut
1091 5835 1192 5891 iter
1230 5832 1552 5888 matutinum
1577 5831 1861 5906 designet:
1916 5831 2059 5891 unde

2678 4687 2914 4743 undecim
2947 4687 3141 4759 discipu

2243 4785 2416 4842 Hodie
2442 4784 2634 4840 beatus
2657 4780 2988 4850 evangelista
3025 4779 3104 4835 sic
3147 4777 3330 4834 retulit
3371 4769 3615 4846 apostolos
3649 4765 3694 4820 in

2160 4923 2551 4987 manicationes,
2584 4918 2654 4973 ad
2683 4917 3074 4987 manicationes,
3100 4915 3171 4969 ad
3189 4915 3501 4987 matutinum,
3523 4908 3570 4987 in
3587 4918 3693 4987 con.-

2161 4995 2285 5050 cilio
2315 4979 2616 5047 Turonensi
2643 4988 2696 5053 ‘2,
2722 5003 2844 5058 cap.
2893 4985 2998 5058 l8;
3049 4997 3100 5040 et
3133 4986 3520 5058 nirmicatipnes
3537 4979 3694 5058 {citin-

2163 5042 3021 5134 Iiiiimﬁnii'niimbnnim,ini.
3053 5072 3106 5134 Iv
3132 5055 3331 5134 Histor.
3374 5052 3456 5134 8_l.
3581 5042 3692 5099 Can-

2160 5137 2280 5204 gius
2299 5135 2353 5188 in
2374 5123 2650 5188 Glossario
2679 5129 2767 5184 hic
2792 5127 2975 5183 laudat
2994 5126 3160 5183 verba
3191 5123 3513 5197 Chrysologi.

2235 5238 2257 5267 ο
2297 5225 2380 5279 Ex
2407 5223 2618 5278 Latinio
2648 5240 2662 5289 ;
2694 5220 2856 5286 editi,
2889 5228 2996 5273 aut.

2233 5317 2260 5356 ά
2300 5317 2527 5372 Pristina
2549 5316 2600 5371 ei
2620 5311 2977 5387 erateﬂigies,
2996 5321 3051 5367 at
3070 5310 3353 5387 gloriosior
3370 5314 3423 5387 et
3439 5299 3688 5387 pulchriqp

2163 5390 2338 5458 inquit
2359 5387 2666 5456 Brugensis.
2689 5376 2985 5458 ⁸βιιιῆξῐιιιιι
3027 5376 3690 5458 ριῖὶ-ξιὶιιθιιιῇεπιείθφξςξξς

2162 5441 2573 5525 nuisse-{verm
2595 5471 2661 5512 eo
2689 5455 2889 5525 liquet,
2920 5441 3066 5525 quod
3086 5441 3506 5525 discipulis_opus
3528 5441 3690 5525 erati}

2160 5547 2282 5585 eum
2317 5517 2488 5586 oculis
2508 5517 2884 5596 agnoscerent.
2896 5517 2972 5580 lta
2985 5525 3187 5595 Optime
3214 5517 3343 5596 puto
3359 5518 3573 5596 Marcum

2160 5601 2303 5657 Luca
2333 5585 2624 5656 conciliari.
2645 5597 2818 5652 Locus
2843 5596 2932 5651 hic
2953 5585 3272 5665 ita'habetur
3291 5593 3346 5665 in
3369 5585 3682 5665 ms.‘Bo.non::‘

2165 5651 2500 5736 3532,1581}:
2513 5651 2771 5738 diﬁmtg,
2786 5665 3034 5738 probatur
3054 5667 3130 5738 sic
3149 5667 3206 5720 in
3226 5662 3415 5738 duabus
3444 5651 3626 5738 feminis.

2159 5743 2214 5824 in
2242 5726 2443 5824 populi:
2462 5738 2666 5824 duobus
2686 5726 2922 5824 Ecclesia
2942 5752 3048 5790 una
3066 5736 3303 5812 ﬁgurari,
3324 5726 3536 5792 astutam
3560 5726 3626 5778 est
3641 5729 3690 5784 κ

2158 5814 2213 5867 in
2242 5809 2402 5867 aliam
2422 5809 2638 5882 efﬁgiem
2665 5817 3023 5866 commutasse.
