3882 6356
215 398 313 459 ιὸὗ

1547 344 1780 451 SERMC
1813 344 2098 452 LliXXlll.

3366 413 3474 473 434

213 516 322 585 ipso
357 508 532 568 uncis
556 515 800 581 tempore
818 515 847 548 ι
872 507 1076 566 mensis
1093 507 1305 567 deditos
1332 509 1603 567 inhiantes
1639 525 1777 582 epu-
1805 514 1858 573 Α
1883 512 2057 568 solum
2079 511 2336 570 lateribus
2356 527 2564 583 eorum,
2586 517 2683 573 sed
2703 522 2758 574 et
2777 517 3030 577 cordibus
3049 520 3255 580 doloris
3273 521 3468 583 lancea

212 605 288 669 lis,
309 601 569 659 conviviis
588 607 899 672 occupatos,
941 599 1234 656 Dominicaa
1271 601 1538 672 passionis
1566 601 1782 658 oblitos.

212 692 651 758 Recumbentibus,
676 692 867 762 inquit,
897 691 1006 746 illis
1056 691 1314 758 undecim,
1340 695 1583 765 apparuit
1609 692 1786 749 Domi-

210 801 297 840 nus
319 782 515 854 (Marc.
541 781 676 852 xvi).
709 781 1188 848 Recumbentibus,
1212 784 1350 838 ubi?
1374 783 1443 838 ad
1474 785 1782 855 sepulcrum

209 873 449 938 Domini,
483 888 611 928 mox
654 872 722 927 ad
747 887 990 928 mensam
1017 874 1203 930 servi?
1230 873 1356 930 Hme
1393 883 1477 930 est
1503 890 1782 931 servorum

206 966 328 1023 fides
355 967 380 1020 ?
404 965 526 1022 inec
561 965 947 1036 discipulorum
975 966 1254 1023 charitas?
1287 967 1374 1023 hic
1401 966 1548 1023 Petri
1577 969 1784 1024 ardor?

206 1059 309 1114 haec
351 1064 438 1112 est
484 1055 709 1113 Joannis
750 1057 818 1112 de
861 1058 979 1129 ipso
1016 1055 1216 1114 Christi
1260 1066 1482 1129 pectore
1522 1061 1782 1131 assumpti

204 1149 446 1206 dilectio?
475 1149 593 1206 haec
611 1157 696 1206 est
714 1157 867 1206 tanto
887 1160 1149 1222 tempore,
1182 1153 1346 1208 tantis
1371 1151 1546 1216 donis,
1576 1152 1784 1208 virtuti-

203 1243 294 1298 bus
321 1242 490 1298 tantis
508 1283 524 1309 ,
553 1241 766 1298 affectio
806 1243 1140 1313 conquisita,
1173 1251 1233 1299 ut
1258 1242 1286 1283 δ
1313 1244 1368 1300 in
1408 1245 1526 1315 ipso
1553 1245 1780 1301 articulo

201 1335 479 1409 passionis,
503 1335 718 1392 calente
741 1335 918 1392 adhuc
935 1344 1130 1404 morte,
1154 1336 1358 1393 recenti
1379 1335 1555 1393 adhuc
1572 1335 1776 1403 funere,

202 1427 591 1484 exsultantibus
617 1427 866 1493 inimicis,
897 1427 1188 1484 insultante
1213 1425 1396 1483 Judtea
1422 1435 1534 1483 tota
1555 1469 1570 1496 ,
1613 1427 1777 1485 disci-

201 1519 300 1591 puli
328 1529 351 1558 ε
381 1526 508 1575 toto
539 1518 647 1574 tori
673 1518 852 1585 cultu,
890 1525 1112 1588 totaque
1147 1517 1596 1574 discumbentium
1623 1519 1777 1575 volu-

200 1617 336 1679 ptate
369 1609 752 1680 pranderent?
780 1606 808 1646 ἀ
844 1608 1015 1681 Moysi
1052 1616 1267 1666 mortuo
1306 1610 1563 1666 assistunt
1599 1612 1775 1680 angeli

201 1698 362 1770 (ludia
388 1698 468 1770 9),
533 1701 643 1770 agit
696 1700 926 1771 sepulcri
953 1715 1138 1756 curam
1189 1700 1331 1757 Deus
1372 1702 1487 1772 ipse
1513 1719 1526 1756 :
1551 1700 1772 1759 Judaica

198 1800 360 1848 castra
384 1791 674 1856 sistuntur,
705 1791 1070 1847 dissimulatur
1097 1792 1217 1859 iter,
1241 1791 1458 1847 horrida
1479 1794 1648 1848 eremi
1669 1800 1774 1848 sta-

1890 609 2002 657 tota
2027 600 2315 672 ﬁgebatur;
2345 613 2474 662 tunc
2505 609 2732 664 tristitia:
2759 611 2925 667 clavis
2949 611 3124 669 afﬁxa:
3151 630 3339 673 manus
3377 634 3472 675 eo-

1886 709 2027 760 rum,
2059 694 2329 765 pedesque
2359 698 2708 767 tenebantur;
2742 707 2871 758 tunc
2913 703 3019 758 illis
3050 713 3291 776 acetum,
3343 717 3472 767 tunc

1885 783 1958 840 fel
1986 786 2288 842 amaritudo
2313 785 2535 844 Iudaica
2557 792 2907 862 propinabat;
2935 801 3064 850 tunc
3091 796 3195 852 illis
3215 799 3296 854 sol
3321 801 3469 857 occi-

1887 876 1997 941 dit,
2030 876 2145 931 dies
2171 876 2336 946 fugit;
2373 887 2500 934 tunc
2538 880 2749 936 illorum
2778 893 2986 940 mentes
3019 886 3334 958 animasque
3361 907 3471 947 nox

1885 969 2304 1041 profundissima
2334 973 2680 1043 possidebat;
2713 983 2843 1031 tunc
2861 977 2982 1032 illos
3004 977 3057 1033 in
3088 979 3326 1050 perﬁdiae
3344 997 3470 1039 sco-

1884 1060 2060 1132 pulos,
2093 1061 2147 1116 in
2168 1061 2503 1133 naufragium
2531 1062 2654 1119 fidei
2681 1067 3067 1134 cogitationum
3096 1072 3325 1128 tentatio
3363 1087 3466 1129 sae-

1884 1154 2102 1210 vissima
2139 1155 2458 1224 collidebat;
2507 1165 2635 1214 tunc
2669 1159 3010 1230 desperatio,
3059 1177 3178 1233 qum
3205 1173 3289 1221 est
3328 1165 3470 1223 inter

1883 1246 2062 1302 omnia
2084 1247 2226 1301 mala
2255 1247 2428 1319 pejor,
2453 1249 2582 1304 etin
2603 1249 2843 1307 adversis
2866 1253 3017 1308 venit
3043 1269 3257 1326 semper
3283 1265 3465 1314 extre-

1881 1352 2002 1404 ma,
2047 1335 2286 1393 funereis
2327 1338 2448 1394 illos
2488 1341 2764 1396 sternebat
2803 1343 3080 1414 sepulcris.
3115 1343 3284 1411 Unde,
3327 1349 3466 1406 sicut

1879 1426 2142 1492 diximus,
2191 1444 2301 1484 non
2339 1429 2758 1496 discumbentes,
2791 1449 2898 1490 non
2928 1436 3207 1506 epulantes
3238 1453 3332 1494 eos
3358 1439 3467 1496 Doo

1879 1517 2087 1582 minus,
2119 1518 2215 1574 sed
2237 1519 2480 1588 jacentes
2523 1521 2756 1590 invenit,
2807 1525 2903 1579 sed
2943 1527 3217 1596 sepultos:
3243 1537 3298 1584 et
3342 1531 3466 1588 ideo

1878 1611 2172 1681 exprobrat
2193 1612 2626 1669 incredulitatem
2654 1630 2859 1683 eorum,
2893 1618 3021 1686 quia
3053 1627 3264 1675 tantum
3292 1621 3468 1677 credi-

1877 1702 2069 1758 derant
2095 1703 2481 1775 desperationi,
2514 1713 2575 1760 ut
2602 1709 2983 1764 resurrectioni
3012 1710 3280 1780 prasdicta:
3304 1727 3335 1766 a
3355 1712 3466 1769 Do-

1875 1793 2024 1849 mino
2053 1794 2128 1848 nil
2157 1795 2459 1862 crederent,
2487 1794 2515 1834 h
2543 1813 2574 1852 a
2602 1798 2772 1853 servis
2805 1814 2914 1854 non
2942 1800 3226 1856 crederent
3259 1803 3467 1858 nuntia-

201 1883 267 1937 tio
301 1882 566 1948 duratur,
616 1882 869 1939 indicitur
896 1883 1113 1952 triginta
1156 1883 1365 1939 dierum
1401 1884 1668 1955 planctus,
1717 1892 1774 1940 et
1801 1888 1848 1948 B
1875 1893 1971 1952 tm;
2000 1893 2161 1956 atque
2190 1887 2243 1942 in
2266 1904 2326 1944 se
2347 1889 2478 1944 nihil
2502 1890 2624 1945 fidei
2653 1892 3021 1962 relinquerent
3042 1901 3096 1948 et
3126 1895 3335 1962 salutis,
3367 1895 3464 1952 sed

200 1973 343 2044 longo
381 1973 795 2030 lamentationis
839 1974 1098 2044 obsequio
1135 1976 1330 2031 servile
1357 1974 1516 2031 funus
1541 1977 1777 2032 honora-

199 2073 276 2119 tur
300 2062 481 2135 (Deut.
517 2064 722 2134 xxxiv);
765 2072 820 2120 et
861 2063 1106 2122 Christus
1133 2081 1294 2122 verus
1321 2083 1461 2123 unus
1497 2068 1771 2134 Dominus,

199 2162 393 2212 creator
419 2171 630 2221 rerum,
662 2157 972 2228 redemptor
999 2158 1258 2226 omnium,
1287 2167 1412 2230 post
1439 2160 1584 2214 illam
1611 2160 1776 2230 tragi-

199 2261 304 2302 cam
320 2247 658 2318 passionem,
690 2255 814 2317 post
835 2256 1083 2314 mortem,
1115 2257 1170 2304 et
1197 2258 1426 2306 mortem
1455 2250 1650 2317 crucis,
1673 2251 1774 2306 tri-

200 2337 391 2393 duanus
411 2352 444 2392 a
470 2337 752 2408 discipulis
772 2338 1036 2409 lacrymas
1055 2355 1165 2396 non
1183 2341 1458 2396 meretur?
1479 2340 1644 2396 Terra
1667 2350 1775 2397 tre-

199 2428 298 2493 mit,
328 2427 588 2484 turbatur
611 2436 864 2495 tartarus,
897 2429 1213 2486 scinduntur
1239 2445 1391 2497 saxa,
1423 2439 1773 2487 monumenta

198 2521 470 2586 dissiliunt,
509 2522 594 2578 sol
619 2521 772 2592 fugit,
796 2521 914 2579 dies
939 2523 1217 2594 sepelitur,
1262 2522 1322 2577 tit
1358 2539 1466 2580 nox
1495 2532 1687 2592 totum,
1719 2531 1776 2580 et

198 2613 288 2670 soli
322 2613 580 2685 discipuli
605 2614 716 2670 alto
749 2624 773 2652 ο
794 2614 1051 2684 sigmate,
1097 2615 1266 2671 choro
1295 2631 1436 2682 uno,
1470 2623 1585 2671 toto
1628 2616 1770 2684 otio,

196 2704 383 2761 deliciis
403 2705 592 2762 securi
620 2705 932 2776 epulantur;
963 2705 1163 2770 ethoc,
1187 2705 1402 2772 fratres,
1432 2721 1680 2765 reversus
1705 2707 1772 2763 ab

200 2797 400 2854 infernis
449 2799 577 2869 ipse
620 2798 700 2854 sic
740 2798 995 2868 magister
1042 2799 1247 2854 invenit
1289 2817 1302 2852 :
1353 2798 1772 2854 Recumbentibua

199 2909 304 2964 ergo
327 2892 428 2946 illis
469 2891 746 2955 undecim,
777 2892 1021 2963 apparuit
1057 2889 1314 2947 Dominus
1357 2901 1408 2945 et
1446 2891 1774 2963 exprobravit

203 2984 598 3039 incredulitatem
622 3001 818 3050 eorum,
850 2992 900 3038 et
928 2983 1176 3039 duritiam
1203 2984 1394 3050 cordis,
1423 2985 1545 3056 quia
1571 2984 1653 3039 his
1681 2985 1770 3055 qui

204 3077 409 3132 uiderant
434 3093 561 3132 eum
588 3079 932 3134 resurrexisse
957 3094 1062 3133 non
1102 3077 1465 3133 crediderant?
1499 3077 1579 3132 Ad
1618 3077 1768 3146 hac,

203 3165 341 3224 Petre
363 3167 572 3233 ﬁdelis,
605 3166 766 3224 Petre
799 3168 1170 3233 devotissime,
1201 3168 1329 3238 quid
1356 3169 1634 3224 dicemus?
1662 3166 1770 3222 Re-

1881 1979 2079 2034 szcculo
2107 1981 2325 2047 mortui,
2361 1983 2556 2052 sepulti
2594 1983 2812 2050 mundo,
2844 2001 3005 2040 unam
3045 1986 3263 2041 domum
3293 1987 3460 2052 illam,

1879 2085 2046 2124 unum
2093 2071 2194 2125 sibi
2249 2087 2368 2128 esse
2418 2089 2606 2128 omnes
2652 2075 2936 2131 crederent
2976 2077 3087 2145 jam
3135 2079 3458 2148 sepulcrum.

1879 2159 2017 2216 llinc
2045 2169 2129 2216 est
2156 2162 2302 2231 quod
2323 2178 2418 2219 eos
2441 2163 2701 2219 Dominus
2733 2165 2919 2221 videns
2941 2169 3205 2224 exemisse
3226 2185 3285 2225 se
3303 2185 3464 2225 mun-

1875 2250 1944 2306 do
1967 2291 1982 2315 ,
2013 2250 2083 2306 ad
2110 2251 2367 2306 mundum
2395 2263 2652 2319 revocat,
2683 2256 2909 2310 remittit
2938 2257 2992 2311 in
3040 2258 3296 2314 mundum
3321 2300 3336 2325 ,
3377 2259 3462 2314 di-

1877 2359 2006 2398 cens
2039 2361 2050 2395 :
2087 2342 2168 2398 Ite
2195 2345 2250 2398 in
2277 2346 2526 2399 mundum
2554 2348 2846 2402 universum
2863 2386 2878 2411 ,
2922 2349 3202 2419 prmdicate
3227 2347 3465 2422 Evange-

1877 2436 2006 2490 lium
2044 2439 2296 2493 universa:
2340 2448 2608 2495 creatura}.
2641 2439 2838 2496 Venite
2864 2441 2920 2496 in
2948 2443 3235 2509 mundum,
3274 2450 3336 2499 ut
3371 2446 3465 2513 qui

1875 2529 2080 2599 putatis
2108 2545 2206 2584 vos
2227 2531 2282 2584 in
2305 2546 2416 2587 uno
2445 2547 2633 2588 omnes
2673 2531 2946 2589 domicilio
2969 2533 3082 2603 jam
3107 2535 3308 2604 jacere,
3334 2537 3463 2591 sub-

1870 2619 2054 2690 jacere
2082 2622 2235 2678 vobis
2263 2638 2478 2679 omnem
2519 2624 2778 2679 mundum
2817 2635 3041 2697 repente
3082 2627 3324 2682 videatis.
3365 2627 3465 2681 Ve-

1876 2714 1983 2768 nite
2009 2715 2065 2768 in
2091 2713 2340 2769 mundum
2360 2717 2670 2781 universum,
2694 2718 2974 2788 praedicata
2992 2717 3332 2791 Evangelium
3353 2723 3465 2774 uni-

1876 2820 2034 2859 versa:
2063 2813 2332 2860 creatum.
2366 2804 2481 2861 Hoc
2502 2814 2585 2861 est
2613 2807 2810 2871 dicere,
2843 2807 3020 2864 estote
3043 2825 3141 2864 vos
3179 2825 3301 2881 spes
3342 2827 3463 2866 om-

1874 2895 2054 2962 nibus,
2087 2896 2180 2965 qui
2209 2897 2363 2952 vobis
2390 2899 2520 2966 ipsis
2555 2899 2947 2969 desperationis
2975 2917 3137 2956 causa
3171 2900 3377 2968 fuistis;
3410 2911 3466 2958 et

1875 2985 2222 3043 incredulitas
2262 2997 2440 3044 vestra
2465 2999 2665 3058 quanta
2691 2993 2761 3047 sit
2789 3000 2920 3048 tunc
2945 2995 3193 3063 probate,
3226 3010 3348 3050 cum
3385 2995 3465 3050 vi-

1873 3079 2062 3135 deritis
2094 3080 2297 3136 auditui
2339 3088 2518 3136 vestro
2556 3083 2813 3137 mundum
2843 3085 3082 3150 credere,
3124 3085 3217 3154 qui
3244 3084 3464 3141 credere

1873 3179 2058 3227 vestro
2085 3173 2223 3227 visui
2251 3189 2359 3228 non
2388 3175 2662 3244 potuistis;
2687 3181 2742 3230 et
2765 3176 2946 3230 cordis
2973 3175 3141 3231 vestri
3163 3183 3365 3245 quanta
3392 3176 3463 3230 sit

201 3259 540 3314 cumbentibus
578 3260 702 3315 illis.
757 3259 1025 3330 Numquid
1070 3261 1492 3332 prandentibus?
1529 3260 1765 3328 Fratres,
1793 3265 1840 3326 C
1873 3261 2071 3318 duritia
2094 3271 2223 3319 tunc
2243 3264 2455 3329 scitote,
2481 3281 2604 3319 cum
2628 3265 2923 3332 senseritis,
2952 3281 3061 3321 non
3091 3266 3204 3322 viso
3230 3281 3348 3332 me,
3372 3283 3463 3322 or-

203 3353 295 3409 hoc
317 3352 335 3392 ί
358 3370 470 3410 non
503 3361 623 3409 erat
649 3354 1020 3421 discumbere,
1048 3355 1143 3410 sed
1167 3355 1380 3424 jacere;
1408 3369 1510 3411 nec
1535 3355 1769 3410 convivii

205 3453 312 3499 erat
331 3445 528 3501 chorus
554 3445 678 3513 ille,
710 3445 913 3501 doloris
940 3452 1060 3500 erat
1087 3445 1178 3500 ille
1204 3452 1535 3512 conventus;
1565 3445 1639 3500 ibi
1667 3461 1767 3516 pa-

205 3537 280 3591 nis
298 3553 397 3593 nou
416 3545 546 3593 erat
563 3536 763 3606 gaudii,
785 3537 880 3593 sed
900 3539 1178 3605 mmroris;
1204 3538 1278 3593 ibi
1298 3538 1474 3594 crucis
1493 3536 1635 3606 felle,
1659 3553 1770 3594 non

201 3629 298 3684 vini
332 3629 620 3686 dulcedine
658 3629 852 3700 pocula
892 3630 1272 3686 miscebantur.
1321 3627 1520 3694 Erant,
1575 3629 1767 3699 inquit,

199 3719 344 3774 clausi
369 3729 586 3792 prapter
610 3729 801 3775 metum
825 3719 1128 3777 Iudaeorum
1158 3719 1336 3791 (Joan.
1365 3720 1480 3793 xx).
1514 3730 1540 3770 ε
1569 3721 1627 3778 Si
1651 3737 1769 3777 me-

198 3820 425 3877 tuentes,
459 3812 508 3866 si
535 3811 733 3878 clausi,
776 3820 925 3868 certe
963 3827 1071 3868 non
1097 3812 1451 3883 prandentes;
1481 3819 1538 3868 et
1572 3812 1620 3867 si
1661 3828 1768 3869 non

197 3902 541 3972 prandentes,
590 3918 699 3958 non
727 3911 844 3958 erat
870 3903 1064 3960 domus
1097 3905 1218 3972 illa,
1248 3904 1344 3960 sed
1381 3920 1595 3972 carcer;
1638 3904 1768 3960 illud

196 3995 346 4064 sigma
375 4011 491 4051 non
519 4001 664 4061 erat,
700 3995 796 4051 sed
819 3997 1122 4067 sepulcrum
1153 4015 1166 4051 :
1204 4003 1334 4053 tunc
1361 4003 1475 4052 tota
1503 3997 1570 4052 ad
1597 3995 1762 4052 disci-

197 4087 334 4155 pulos
374 4101 543 4160 pcena
572 4084 862 4144 Dominie'e
897 4087 1183 4144 transierat
1207 4087 1504 4160 passionis;
1551 4095 1608 4144 et
1651 4103 1761 4143 non

254 4247 280 4278 ι
314 4240 415 4296 Ms.
441 4238 702 4306 Ctesenze,
733 4242 922 4297 mensis
944 4241 1194 4296 detentos.

253 4309 280 4349 δ
312 4311 369 4384 l_d
394 4312 500 4384 fuit
526 4315 643 4384 ipsa
671 4303 1072 4384 dieDominica‘.
1098 4303 1540 4384 resurrectionis,
1570 4320 1633 4384 ut
1668 4313 1768 4384 ha-

193 4381 307 4454 bent
315 4380 640 4454 Euthym'ius
657 4391 712 4439 et
722 4382 1174 4454 Theophylactus.
1190 4380 1353 4437 ΜιτΑ.
1367 4415 1440 4425 -
1452 4382 1770 4454 Verosimile

193 4459 265 4506 est
287 4452 430 4508 hanc
449 4451 696 4510 eamdem
724 4451 1208 4507 manifestationem
1230 4467 1368 4516 esse,
1404 4467 1568 4521 quam
1607 4451 1772 4508 Joan-

192 4537 278 4578 nes
296 4532 708 4589 commemorat,
740 4523 867 4578 licet
904 4522 1138 4578 Thomas
1175 4522 1412 4586 abesset,
1459 4523 1552 4577 sed
1595 4523 1769 4578 colle-

190 4593 321 4660 gium
366 4594 730 4664 apostolicum
775 4607 842 4664 eo
888 4607 1113 4664 numero
1150 4592 1454 4664 constabat.
1504 4591 1595 4648 Sic
1628 4602 1764 4664 ante

1872 3353 1944 3408 be
1965 3359 2082 3408 toto
2109 3361 2297 3422 gentes
2325 3354 2686 3409 ferocissimas
2718 3371 2804 3409 me
2835 3354 3008 3420 fateri,
3040 3369 3201 3425 quem
3227 3356 3463 3427 positum

1871 3443 2065 3498 vestris
2093 3443 2148 3497 in
2177 3443 2346 3498 oculis
2373 3459 2468 3498 vos
2497 3444 2750 3512 negastis.
2788 3444 3052 3500 Videbitis
3099 3445 3150 3500 in
3182 3454 3326 3501 terra
3373 3445 3460 3500 di-

1873 3538 2036 3605 visos,
2068 3539 2282 3596 clausos
2309 3539 2514 3606 insulis,
2559 3540 2856 3610 pendentes
2881 3541 3131 3610 rupibus,
3174 3537 3460 3594 solitudine

1873 3636 2129 3694 remotos,
2170 3626 2185 3665 ί
2217 3643 2494 3698 magorlun
2533 3629 2748 3694 sciolos,
2787 3633 2802 3686 i
2840 3628 3148 3685 Graecorum
3183 3628 3458 3698 querulos,

1873 3717 1904 3757 ι
1930 3719 2297 3776 Romanorum
2323 3720 2528 3792 peritos
2555 3719 2713 3776 ﬁdem
2741 3719 2844 3777 ﬁde
2872 3721 2988 3777 sola
3015 3735 3276 3790 quaerere,
3300 3735 3460 3789 quam

1871 3827 2054 3882 manu,
2079 3814 2266 3884 digito,
2297 3815 2518 3870 sulcatis
2544 3815 2680 3869 meis
2707 3815 3021 3870 vulneribus
3047 3829 3146 3869 vos
3173 3813 3457 3884 qumsistis.

1869 3903 1976 3974 Sed
2005 3906 2130 3975 quia
2159 3921 2292 3962 mete
2321 3905 2609 3970 Passionis,
2642 3921 2776 3961 meae
2807 3906 3017 3972 mortis,
3056 3921 3190 3961 meae
3218 3919 3460 3960 resurre-

1866 3996 2062 4052 ctionis
2088 4013 2186 4053 vos
2214 3998 2370 4054 mitto
2400 4007 2566 4053 testes
2585 4037 2600 4063 ,
2645 3998 2804 4054 altius
2835 4015 2934 4055 vos
2963 4000 3063 4053 ista
3091 4005 3458 4068 perscrutatos

1865 4104 1986 4146 esse
2007 4089 2268 4154 concedo,
2297 4089 2587 4145 dummodo
2613 4087 2631 4126 1
2657 4091 2927 4146 cunctatio
2945 4097 3124 4144 vestra
3148 4087 3240 4143 ﬁat
3263 4090 3342 4144 eis
3363 4089 3456 4159 qui

1871 4242 2025 4312 cujus
2071 4242 2403 4297 comestione
2445 4240 2702 4312 Dominus
2739 4239 3021 4312 veritatem
3046 4240 3460 4312 resurrectionis

1870 4309 1983 4368 suae
2008 4313 2238 4382 probare
2265 4312 2451 4376 voluit,
2482 4311 2743 4382 inquiunt
2768 4310 3054 4382 Brugensis
3089 4317 3146 4364 et
3180 4309 3456 4366 Maldona.

1873 4391 1987 4447 tus;
2011 4380 2112 4436 'vel
2136 4381 2286 4450 juxta
2315 4382 2450 4436 alios
2478 4381 2533 4436 in
2563 4380 2667 4436 fine
2696 4396 2879 4445 omnm,
2915 4380 2992 4435 eis
3022 4397 3128 4436 non
3161 4389 3268 4434 tam
3302 4397 3455 4438 com-

1873 4453 2156 4508 edentibus
2176 4467 2336 4522 quam
2364 4451 2830 4506 confabulantibus
2858 4466 2980 4506 cum
3007 4451 3218 4508 duobus
3242 4451 3346 4507 illis
3365 4454 3454 4522 qui

1872 4521 2203 4578 Emmaunte
2223 4522 2512 4578 redierant.

1948 4603 1973 4640 ϐ
2015 4592 2217 4648 Tuetur
2253 4593 2340 4663 hic
2367 4592 2731 4663 Chrysologus
2758 4592 3081 4648 sententiam
3120 4591 3454 4663 opinantium

191 4653 360 4732 casum
401 4653 564 4719 lludze
605 4663 889 4732 collegium
937 4662 1220 4718 duodecim
1264 4663 1577 4716 vocabatur.
1628 4662 1763 4718 Vide
1791 4653 1843 4713 Ι)
1866 4663 2009 4718 hanc
2027 4663 2272 4718 eamdem
2296 4661 2458 4717 fuisse
2478 4653 2967 4718 inanifestationem
2986 4663 3054 4718 de
3074 4653 3180 4732 qua
3199 4660 3452 4718 Joannes.

189 4730 558 4788 Duhamelium
577 4735 682 4799 hic,
713 4730 769 4788 et
791 4731 1172 4788 Maldonatum.

253 4814 276 4843 θ
313 4803 447 4858 Tori
471 4805 527 4858 in
564 4803 757 4874 quibus
798 4803 1174 4874 sternebantur
1209 4816 1408 4874 mensa:
1453 4803 1765 4874 toto_cultu
1798 4839 1800 4842 μ

188 4875 512 4930 ornabantur
543 4871 695 4930 :aua
721 4873 789 4929 de
815 4888 874 4928 re
904 4873 1023 4928 vide
1057 4874 1163 4927 late
1203 4872 1550 4928 disserentem
1581 4871 1763 4928 Philo-

188 4959 299 5000 nem
323 4945 394 5000 de
419 4943 545 5000 Vita
571 4941 1018 5014 contemplativa,
1050 4952 1106 4998 et
1143 4941 1403 5014 Senecam
1448 4942 1517 4998 de
1556 4941 1756 5014 Brevit.

186 5016 318 5086 vitae,
356 5031 478 5086 cap.
512 5014 600 5068 l2.
631 5011 990 5086 Chrysblqgus
1037 5021 1216 5068 autem
1263 5011 1490 5086 fortasse
1526 5013 1763 5086 credidit

189 5081 472 5156 discipulos
493 5081 841 5156 eodem_u'sos
869 5083 1029 5156 fuisse
1057 5081 1336 5140 cceuaculo
1373 5098 1483 5156 quo
1515 5082 1760 5156 Christus

186 5154 234 5209 in
260 5153 446 5211 ultima
473 5171 648 5224 omna.
675 5153 805 5208 Erat
829 5155 972 5209 enim
995 5153 1108 5224 jam
1131 5161 1378 5209 stratum.
1405 5153 1604 5208 Tuetur
1625 5155 1764 5210 hanc

187 5228 502 5281 sententiam
530 5223 769 5280 Grotius.

249 5295 275 5332 ά
311 5296 446 5352 Vide
466 5296 898 5352 dissertationem
919 5293 1262 5360 eruditissimi
1281 5294 1506 5350 Calmeti
1525 5293 1592 5350 de
1613 5295 1762 5350 obitu

186 5374 234 5420 et
260 5368 533 5438 sepultura
564 5365 881 5438 Moysis,_ad
910 5363 1204 5438 Epistolam
1227 5366 1394 5430 Judae,
1421 5366 1764 5422 Dissertatio-

183 5450 303 5491 num
321 5434 463 5492 ‘tom.
485 5436 533 5490 ll
560 5434 682 5507 pag.
709 5434 830 5500 504,
863 5435 991 5507 edit.
1027 5435 1222 5491 Lucen.

181 5574 218 5629 ﬁ
252 5515 276 5544 ε
314 5508 392 5562 De
417 5505 663 5577 sigmate,
695 5507 827 5562 alias
855 5505 1196 5561 observatum
1225 5514 1308 5562 est
1331 5522 1573 5562 mensam
1594 5507 1761 5576 signi-

219 5591 366 5629 care.

219 5591 366 5632 care.

255 5646 274 5719 ξ
307 5647 677 5719 Meritoplane
696 5663 755 5704 se
775 5653 1035 5719 retractat
1052 5644 1435 5719 Chrysologus.
1453 5647 1585 5702 Nam
1606 5647 1761 5703 disci-

181 5717 290 5789 puli
316 5717 678 5785 recumbentes,
710 5719 875 5789 id_est
893 5717 1128 5772 sedentes
1150 5717 1254 5772 una
1273 5718 1432 5772 simul
1453 5726 1626 5782 erant,
1652 5735 1760 5774 non

184 5786 471 5854 caenantes,
499 5805 621 5844 cum
644 5790 722 5844 eis
745 5786 988 5844 Christus
1009 5789 1285 5858 apparuit,
1320 5789 1446 5842 licet
1484 5789 1588 5844 hoc
1625 5797 1762 5845 tem-

183 5873 316 5920 νοτε
343 5873 504 5916 omitte
527 5860 855 5930 contigisset,
875 5876 994 5915 cum
1013 5867 1258 5928 paratum
1273 5859 1542 5913 habebant
1561 5859 1759 5928 cibum,

1869 4733 2004 4804 Vide
2027 4749 2192 4804 supra
2214 4749 2360 4787 num.
2384 4732 2436 4804 ἓν

1938 4799 1966 4839 ³³
2007 4799 2334 4872 Augustinus
2361 4803 2523 4858 etiam
2549 4802 2639 4856 lib.
2665 4819 2721 4858 ill
2742 4802 2809 4857 de
2829 4801 3089 4859 Consens.
3113 4799 3450 4873 Euthymius,

1866 4871 2154 4941 Brugens’is
2178 4913 2192 4937 ,
2234 4873 2482 4934 Grotius,
2514 4873 2758 4928 scribunt
2801 4873 3072 4928 Christum
3115 4871 3454 4940 redarguisse

1866 4945 2159 5012 apostolos,
2192 4943 2334 5011 quod
2357 4942 2536 4997 Marim
2562 4942 2904 5012 Magdalenae,
2933 4943 3113 5004 Petro,
3156 4951 3211 4996 et
3238 4943 3450 4998 duobus

1863 5013 2136 5082 discipulis
2165 5012 2445 5075 Emmaus,
2489 5013 2715 5081 aliisque
2751 5022 2860 5067 tam
2892 5013 3072 5068 multis
3109 5013 3282 5066 visum
3320 5027 3352 5066 a
3389 5027 3452 5067 se

1863 5083 2156 5138 redivivum
2187 5082 2574 5137 afﬁrmantibus
2595 5098 2702 5136 non
2728 5083 3086 5137 crediderunt.

1945 5153 1960 5190 ί
2005 5155 2321 5224 Astrologus
2342 5153 2486 5208 enim
2513 5153 2692 5208 omnia
2713 5155 2852 5208 scire
2871 5152 3164 5222 praesumit,
3188 5151 3314 5207 dum
3334 5167 3453 5208 0m-

1866 5223 1956 5279 nia
1979 5225 2166 5280 nescit.

1941 5300 1955 5345 t
2005 5295 2059 5349 Si
2089 5295 2306 5350 arinlari
2348 5293 2503 5357 licet,
2535 5291 2706 5348 Graeci
2731 5299 3009 5364 vocantur
3037 5293 3274 5364 queruli,
3321 5295 3452 5362 quia

1865 5366 2203 5434 multiloqui;
2247 5365 2366 5428 vel,
2408 5373 2466 5418 ut
2511 5365 2673 5419 habet
2717 5361 3079 5418 (Ecumenius
3118 5364 3169 5416 in
3210 5361 3449 5433 Epistula

1865 5435 2014 5490 ludat
2037 5435 2123 5498 lli,
2151 5451 2270 5506 pag.
2305 5435 2410 5506 2‘59
2436 5453 2448 5488 :
2478 5436 2845 5506 Μεμψίμοιρος,
2873 5434 2960 5505 qui
2987 5435 3161 5506 omnia
3182 5445 3230 5487 et
3251 5451 3451 5506 semper

1867 5507 2100 5579 cavillari
2139 5503 2326 5561 studet.
2365 5503 2661 5577 Hesychius
2692 5503 3254 5579 autem'mpdoipmpoc
3291 5503 3452 5561 vertit

2194 5647 2356 5716 longo
2401 5662 2501 5702 usu
2547 5646 2601 5700 in
2646 5643 2808 5700 rebus
2859 5644 3110 5700 humanis
3156 5646 3445 5702 exercitos.

1921 5733 2030 5772 iTA.

1921 5733 2030 5772 ῙΤΑ.

1945 5786 1964 5824 1
2004 5787 2379 5858 Dubitationes
2397 5786 2770 5858 apostolorum
2786 5785 3072 5858 vo_s_magis
3093 5785 3325 5858 firmant.
3348 5784 3443 5840 Rau

1869 5857 2098 5927 dulpbus
2127 5853 2445 5924 Ardentius,
2491 5858 2678 5915 homil.
2710 5855 2778 5910 69
2803 5874 2814 5909 :
2841 5853 2925 5910 Ne
2950 5853 3042 5912 nos
3071 5857 3414 5916 dubitaremus
3429 5897 3444 5918 ,.
