3882 6356
163 401 260 465 137

1530 366 1762 428 SERMO
1788 364 2081 424 LXXXIV.

3312 378 3424 438 $38

163 516 498 590 degreditur
510 517 730 585 clausis,
755 518 957 591 talique
974 496 1174 579 indicio
1192 532 1255 579 se
1280 518 1446 576 totius
1466 498 1726 576 creaturae

1828 482 2069 591 indebita
2100 474 2335 591 ‘fpfs'itan
2358 472 2644 546 saltaretur
2682 488 2942 546 adversus
2970 486 3232 562 primum.
3270 492 3426 549 Sicut

164 614 488 670 demonstrat
505 618 814 677 auctorem,
843 610 932 668 cui
964 626 1074 669 non
1108 610 1356 689 obsistit,
1386 610 1479 669 cui
1500 609 1735 669 deservit

163 705 223 762 ad
246 701 420 759 omnia
449 702 736 758 creatura?
765 711 791 739 ι
817 699 928 758 Sed
962 702 1011 759 si
1048 710 1372 774 conceptum
1409 711 1737 773 penumque

162 792 422 864 virginitas
449 805 708 847 excusare
735 805 836 848 suo
866 788 1038 849 nescit
1054 786 1294 849 ’creatori
1311 831 1328 860 ,
1357 791 1407 848 si
1432 792 1732 862 ingressum

162 894 528 955 egressumque
564 880 747 938 clausa
780 880 947 951 ianua
987 882 1223 939 creatori
1263 896 1366 939 suo
1398 892 1513 940 non
1550 887 1733 953 potest

162 977 425 1045 denegare,
455 972 912 1043 quemadmodum
930 973 1069 1045 lapis
1090 974 1453 1039 monumenti,
1482 973 1730 1044 quamvis

161 1081 383 1139 magnus,
414 1064 667 1134 quamvis
692 1058 915 1121 Iudaica
944 1064 1149 1121 malitia
1176 1063 1523 1135 obsignatas,
1550 1078 1732 1120 resur-

154 1157 286 1230 genti
304 1158 521 1227 poterat
546 1152 811 1212 obsistere
829 1153 1135 1213 Salvatori?
1161 1148 1266 1217 Sed
1294 1157 1435 1213 sicut
1452 1155 1731 1226 virginitas

159 1258 207 1307 et
223 1249 377 1319 ianua
404 1246 657 1304 claustris
676 1248 790 1305 suis
811 1246 970 1305 fidem
992 1248 1194 1327 faciunt
1219 1248 1454 1317 deitatis,
1480 1249 1553 1304 ita
1572 1262 1732 1305 revo-

148 1338 281 1427 intus
304 1340 440 1413 lapis
469 1338 631 1396 ﬁdem
657 1340 1068 1398 resurrectionis
1105 1334 1368 1409 aflirmat,
1400 1339 1495 1412 qui
1522 1336 1730 1395 nullum

156 1433 184 1477 δ
205 1432 468 1491 revolutus
509 1432 739 1490 Domino
779 1448 878 1490 suo
916 1432 1245 1505 prteparavit
1284 1446 1591 1503 egressum,
1634 1429 1731 1486 sed

158 1532 294 1583 nocte
314 1520 435 1579 ﬁdei
452 1530 678 1595 praestat
696 1531 753 1579 et
771 1523 1007 1580 admittit
1027 1523 1348 1594 ingressum.
1380 1520 1537 1578 Venit
1552 1520 1726 1590 Iesus,

158 1630 201 1691 et
215 1617 340 1673 stetit
363 1617 421 1670 in
442 1614 617 1672 medio
644 1632 823 1673 eorum
845 1632 864 1673 :
893 1624 943 1671 et
970 1613 1095 1670 dicit
1116 1616 1211 1683 eis,
1240 1612 1361 1670 Pax
1380 1610 1537 1670 vobis.
1556 1610 1733 1670 Disci-

156 1702 377 1782 pulorum
405 1706 579 1763 corda
606 1705 734 1763 ﬁdei
761 1714 818 1763 et
844 1705 1228 1773 dubitationis,
1258 1704 1651 1777 deSperationis
1677 1711 1734 1761 et

158 1800 271 1873 spei,
297 1796 548 1855 defectus
576 1798 633 1856 et
654 1798 1117 1869 magnanimitatis
1134 1837 1149 1864 ,
1180 1797 1423 1855 continui
1450 1796 1735 1855 conﬂictus

1826 568 1969 637 iitisit
1994 576 2088 636 tne
2131 574 2313 649 Pater,
2343 580 2420 636 's'ic
2455 582 2508 637 ‘et
2543 584 2637 654 ego
2663 581 2812 638 mitto
2848 596 2959 638 nos.
3000 589 3025 624 ε
3054 580 3205 641 Missi
3238 592 3425 643 sermo

1825 664 1938 731 rion
1962 664 2201 729 minorat
2218 666 2440 740 Filiam,
2464 673 2560 729 sed
2578 673 2835 740 declarat,
2866 674 2995 745 quia
3022 686 3132 733 non
3154 675 3425 736 mittentis

1824 774 2151 843 potestatem
2166 760 2277 836 hic,
2300 764 2400 824 sed
2418 764 2447 806 τι
2477 766 2623 824 missi
2644 768 2814 825 voluit
2832 762 3059 843 intelligi
3077 770 3419 841 charitatem,

1822 862 1946 945 cum
1981 856 2150 919 dicit:
2182 854 2332 919 Sicut
2360 856 2503 917 misit
2528 876 2610 917 me
2638 860 2817 918 Pater.
2840 861 2968 919 ’Noh
2998 860 3283 933 Dominus,
3325 864 3426 923 sed

1822 938 2008 1009 Pater.
2034 951 2130 1011 Sic
2162 962 2218 1011 et
2244 968 2348 1026 ego
2380 954 2542 1011 mitto
2571 968 2691 1011 vos.
2721 948 2840 1011 Non
2880 956 3207 1014 auctoritate
3247 958 3426 1016 adhuc

1819 1026 2084 1118 iubentis,
2125 1046 2223 1105 sed
2260 1055 2379 1105 toto
2419 1044 2690 1120 diligentis
2728 1047 2925 1106 ail'ectu
2962 1066 2984 1105 τ
3024 1050 3184 1108 mitto
3229 1068 3327 1109 vos
3356 1053 3423 1110 ad

1822 1132 2170 1215 tolerantiam
2205 1136 2379 1208 famis,
2414 1136 2484 1196 ad
2511 1154 2677 1197 onera
2714 1139 3070 1209 vinculorum,
3102 1141 3170 1198 ad
3198 1144 3422 1215 squalo-

1819 1214 1940 1287 rem
1968 1220 2222 1296 carceris,
2244 1228 2314 1286 ad
2338 1227 2661 1303 perferenda
2689 1231 2869 1288 omnia
2898 1234 3096 1301 genera
3115 1248 3420 1305 ptenarum,

1816 1320 1896 1380 ‘ad
1936 1320 2322 1380 sublevandam
2363 1320 2573 1382 cunctis
2611 1320 2946 1381 exsecrabile
2982 1325 3176 1382 mortis
3208 1324 3419 1397 jugmn.

1818 1422 1947 1487 ‘qute
1966 1414 2148 1471 omnia
2169 1412 2403 1473 charitas
2434 1415 2623 1487 utique
2657 1404 2911 1473 humanis
2934 1416 3219 1473 mentibus
3251 1416 3423 1489 impe-

1823 1514 1943 1574 rat,
1972 1521 2085 1562 non
2108 1514 2374 1579 potestas.
2407 1502 2641 1573 Quorum
2668 1507 2964 1562 remiseritis
2986 1514 3219 1579 peccata,
3244 1508 3423 1564 remit-

1806 1598 2132 1666 "tuntttr'eis;
2160 1607 2210 1654 et
2229 1614 2445 1673 quorum
2465 1599 2807 1668 retinueritis,
2832 1606 3030 1655 retenta
3051 1609 3190 1655 sunt.
3216 1609 3240 1639 ⁸
3263 1599 3421 1658 Dedit

1820 1698 2150 1766 potestatem
2185 1690 2493 1750 r'emittendi
2527 1698 2769 1764 peccata,
2804 1692 2897 1763 qui
2932 1690 3296 1749 insuillatione
3321 1706 3421 1749 sua

1822 1783 2017 1842 infudit
2058 1782 2234 1857 ipsum
2261 1783 2515 1841 cordibus
2542 1798 2729 1841 eorum
2758 1790 2816 1840 et
2842 1782 3067 1855 largitus
3092 1792 3179 1841 est
3205 1784 3419 1842 Remis-

154 1891 315 1971 puelia
340 1890 717 1960 sustinebant;
759 1891 948 1948 talium
989 1906 1121 1964 ergo
1158 1891 1550 1962 cogitationum
1585 1890 1726 1948 bella

1827 1894 2025 1935 sorem.
2051 1875 2184 1934 Hcce
2203 1893 2319 1933 cum
2346 1876 2581 1945 dixisset,
2602 1876 2894 1951 insufﬂauit
2910 1878 3003 1943 eis,
3029 1877 3208 1934 dicens
3228 1892 3248 1933 :
3272 1877 3421 1934 deei-

159 1984 405 2055 inspector
430 1982 772 2056 praevidens,
801 1994 1136 2042 secretorum
1167 2001 1358 2057 pacem
1396 1984 1646 2057 primitus
1674 1998 1734 2042 se

158 2075 435 2134 videntibus
479 2076 690 2144 reddit,
731 2087 793 2134 ut
830 2078 926 2150 qui
969 2077 1151 2134 taliter
1191 2078 1403 2135 ablatus
1447 2077 1734 2135 materiam

156 2168 420 2237 reliquerat
448 2165 795 2240 conﬂigendi,
818 2168 1068 2226 redditus
1095 2169 1267 2227 oculis
1295 2183 1485 2225 eorum
1512 2182 1735 2227 causam

159 2267 300 2315 totam
342 2259 662 2316 certaminis
707 2268 1033 2333 amputaret.
1086 2259 1261 2318 Garisi
1307 2269 1463 2326 sunt,
1510 2259 1725 2331 inquit,

158 2348 367 2419 discipuli
414 2352 530 2408 viso
577 2351 823 2408 Domino.
873 2350 1059 2411 Gavisi
1104 2361 1267 2410 sunt:
1299 2360 1561 2423 quantum
1605 2358 1737 2425 post

157 2442 375 2501 tenebras
403 2444 620 2513 gratior
642 2444 738 2499 lux
766 2452 882 2510 est,
928 2445 1196 2501 serenitas
1234 2454 1360 2518 post
1398 2445 1734 2517 tempestatis

156 2530 374 2598 obscura,
394 2543 617 2605 tantum
657 2542 741 2591 est
777 2537 1053 2610 acceptius
1089 2538 1341 2608 gaudium
1379 2545 1504 2611 post
1528 2548 1732 2594 moero-

156 2641 269 2681 rem.
296 2622 441 2679 Dicit
464 2626 540 2680 eis
568 2627 771 2693 iterum,
805 2627 925 2685 Pa:
954 2626 1115 2686 vobis.
1146 2627 1286 2699 Quid
1314 2631 1556 2701 repetita:
1581 2630 1734 2703 pacis

155 2714 344 2788 largitas
389 2716 503 2791 ista
549 2718 889 2789 manifestat,
932 2723 1040 2779 nisi
1084 2724 1211 2795 quia
1257 2723 1517 2794 quietem,
1566 2738 1730 2795 quam

156 2806 371 2865 sensibus
396 2804 678 2865 indixerat
704 2811 1057 2882 singulorum,
1097 2812 1226 2870 vult‘
1249 2814 1413 2869 etiam
1453 2813 1595 2870 inter
1632 2828 1730 2871 eos

156 2903 366 2975 repetite
390 2902 553 2974 pacis
590 2902 885 2962 donatione
928 2904 1135 2962 servari
1174 2924 1191 2962 :
1237 2921 1376 2979 quos
1402 2906 1587 2977 utique
1615 2912 1722 2964 net:

159 2992 340 3075 modica
368 2992 665 3053 habituros
697 3011 820 3054 esse
854 3007 1082 3055 noverat
1114 2998 1176 3056 in
1208 3009 1485 3073 posterum
1521 3001 1590 3056 de
1627 3014 1725 3057 sua

160 3086 480 3144 anhelatione
498 3088 819 3154 certamina,
841 3088 968 3145 dum
990 3106 1129 3147 unus
1148 3090 1282 3148 sein
1306 3089 1408 3148 ﬁde
1428 3091 1727 3165 perstitisse

154 3170 358 3249 iactaret
374 3219 393 3245 ,
439 3176 722 3236 dubitasse
766 3180 907 3237 alter
932 3189 1206 3238 maneret.
1236 3179 1311 3239 ‘Ut
1337 3195 1467 3252 ergo
1493 3188 1549 3240 et
1576 3198 1729 3239 arro-

1822 1971 1928 2044 pite
1967 1966 2224 2044 Spiritum
2263 1966 2501 2025 sanctum
2535 1985 2554 2025 :
2588 1984 2805 2043 quorum
2841 1969 3142 2026 remiseritis
3182 1970 3415 2044 peccata,

1820 2064 2156 2118 remittuntur
2180 2061 2275 2117 eis.
2307 2056 2411 2117 Ubi
2442 2066 2570 2117 sunt
2595 2060 2685 2132 qui
2707 2076 2808 2134 per
2836 2061 3085 2119 homines
3109 2062 3420 2119 hominibus

1818 2155 2021 2212 remitti
2052 2162 2277 2228 peccata
2308 2170 2419 2211 non
2458 2158 2623 2227 pesse
2654 2155 3044 2227 prteseribunt;
3078 2153 3100 2194 τ
3130 2156 3223 2226 qui
3249 2155 3419 2213 semel

1819 2246 2088 2305 diabolica
2131 2240 2455 2321 impulsione
2500 2244 2769 2319 collapsos
2814 2246 3154 2319 opprimunt,
3187 2256 3214 2296 ι
3246 2264 3315 2304 ne
3358 2262 3420 2304 se

1820 2340 2064 2412 erigant,
2107 2341 2200 2412 qui
2245 2336 2592 2411 languoribus
2626 2354 2815 2396 curam
2860 2338 3171 2396 vulneribus
3215 2338 3421 2396 crudeli

1820 2435 2017 2510 spiritu
2043 2434 2367 2491 subtrahunt
2393 2441 2700 2505 negantque
2725 2432 3080 2500 medicinam;
3100 2432 3194 2503 qui
3220 2446 3419 2505 pecea-

1823 2529 2030 2587 toribus
2071 2526 2334 2585 redeundi
2374 2524 2808 2597 desperationem
2842 2516 2871 2564 ‘I
2908 2522 3074 2599 impie
3123 2524 3420 2580 insultant?

1821 2618 2070 2678 Remittit
2097 2616 2290 2677 Petrus
2317 2626 2565 2692 peccata,
2595 2626 2651 2674 et
2681 2622 2796 2673 toto
2830 2632 2951 2673 cum
2976 2615 3169 2687 gaudio
3196 2610 3425 2687 suscipit

1822 2714 2168 2789 prunitetites,
2198 2711 2215 2750 ί
2241 2718 2405 2780 atque
2425 2708 2672 2765 omnibus
2692 2702 3059 2765 sacerdotibus
3083 2707 3223 2763 hanc
3249 2722 3278 2762 a
3302 2706 3419 2763 Deo

1819 2819 2136 2862 concessam
2157 2800 2504 2875 amplectitur
2524 2808 2875 2872 potestatem,
2904 2794 2996 2871 qui
3024 2806 3149 2871 post
3177 2807 3393 2869 negatio

1816 2915 1944 2956 nem
1976 2897 2079 2954 nisi
2104 2894 2479 2970 paenitentiam
2506 2893 2813 2966 repetisset,
2836 2890 3168 2964 apostolatus
3188 2890 3419 2961 gloriam

1814 2978 1876 3047 "et
1898 2992 2066 3047 vitam
2094 2990 2298 3064 pariter
2329 2986 2671 3062 perdidisset.
2702 2974 2771 3040 Et
2808 2985 2873 3041 si'
2885 2982 3077 3039 Petrus
3115 2997 3216 3054 per
3246 2980 3421 3053 paeni-

1816 3072 2045 3141 tentiam
2068 3081 2246 3149 rediit,
2269 3080 2391 3152 quis
2409 3079 2527 3135 sine
2545 3072 2864 3151 pmnitcntia
2894 3072 3169 3132 subsistit?
3195 3071 3422 3128 Thomas

1819 3188 1994 3239 autem
2014 3193 2131 3232 cum
2159 3175 2388 3231 audisset
2407 3189 2439 3228 a
2462 3164 2830 3243 condiscipulis
2850 3170 2985 3233 suis,
3011 3167 3148 3242 quod
3176 3165 3421 3223 vidissent

156 3268 649 3340 gantisjaetantiam
671 3278 1045 3344 tumoremque
1073 3281 1376 3339 resecaret,
1407 3281 1464 3333 et
1490 3273 1608 3345 ejus
1633 3274 1728 3347 qui
1746 3270 1801 3338 C
1824 3271 2125 3335 Dominum,
2156 3256 2422 3341 respondit
2454 3283 2474 3322 :
2505 3262 2630 3321 Nisi
2659 3264 2831 3320 videro
2863 3260 3091 3337 ﬁxuram
3133 3261 3414 3326 clarorum,

156 3356 432 3421 inﬁrmms
478 3360 660 3420 fuerat
703 3373 921 3422 sanaret
958 3375 1014 3423 et
1065 3366 1378 3424 excluderet
1426 3368 1725 3439 passiOnes,

160 3467 330 3519 uiuae,
349 3470 458 3511 non
488 3454 789 3528 discipulis,
811 3457 1071 3529 quidquid
1099 3458 1370 3533 acciderat
1396 3459 1516 3532 pius
1542 3459 1722 3517 mode-

154 3536 292 3601 rator
317 3542 627 3615 aseribens,
668 3548 899 3622 imperio
936 3551 1087 3622 pacis
1125 3566 1236 3607 suae
1272 3548 1417 3609 bella
1459 3553 1729 3609 nascitura

151 3626 453 3710 cmpressit
487 3658 503 3695 :
538 3654 608 3696 ne
636 3634 774 3697 alter
800 3641 957 3699 alteri
985 3641 1411 3716 improperaret,
1441 3645 1585 3717 quod
1614 3644 1730 3717 ipse

148 3727 226 3783 cui
265 3737 436 3788 totum
474 3724 808 3803 debebatur,
850 3734 1147 3793 donaverat
1186 3736 1240 3795 in
1279 3735 1484 3796 futuro.
1528 3736 1725 3796 Petrus

154 3830 318 3892 negat,
344 3818 588 3882 Joannes
615 3822 781 3897 fugit,
811 3822 1047 3884 Thomas
1074 3826 1313 3899 dubitat,
1342 3830 1521 3888 cuncti
1555 3830 1724 3887 relin-

151 3922 300 3985 quunt
325 3908 557 3988 (Matth.
596 3935 757 3993 xm,
785 3918 954 3977 Marc.
994 3938 1107 3991 xiv,
1145 3920 1306 3980 Joan.
1350 3921 1457 3995 xx)
1485 3942 1500 3978 :
1530 3924 1725 3995 quibus

153 4002 236 4060 nisi
272 4021 462 4079 pacem
500 4024 656 4066 suam
706 4010 953 4069 Christus
990 4010 1258 4091 dedisset,
1301 4021 1359 4070 et
1397 4008 1593 4071 Petrus
1630 4013 1726 4089 qui

150 4095 329 4155 erimus
354 4106 480 4156 erat
505 4101 749 4159 omnium
786 4110 1069 4175 putaretur
1105 4100 1350 4172 inferior,
1393 4112 1451 4161 et
1489 4120 1726 4177 sequens

144 4262 245 4317 hsta
267 4278 281 4315 :
302 4259 435 4338 Cum
453 4277 572 4338 sero
591 4271 741 4316 esset.
767 4259 973 4338 Inutilis
990 4276 1127 4338 ergo
1146 4263 1236 4320 hic
1264 4273 1545 4322 notaretur
1559 4265 1718 4338 pleo-

145 4345 357 4404 ttastuus.
394 4331 553 4404 Falsa
595 4342 775 4386 autem
812 4342 865 4387 et
909 4331 1078 4387 fmilia
1110 4334 1223 4389 haec
1261 4331 1716 4404 connuentahtur,

294 4404 451 4459 locus
498 4402 584 4458 hic
624 4412 944 4470 argumento
988 4413 1107 4459 crat
1158 4404 1490 4473 Catholicis,
1532 4402 1719 4465 veram

132 4472 318 4551 ﬁbriin
338 4474 755 4551 praesentiarum
777 4473 1096 4530 eucharistia
1119 4472 1504 4551 nescientibus,
1521 4494 1715 4551 eoque,

143 4539 251 4600 licet
280 4539 386 4598 utin
420 4544 643 4605 invicto,
669 4544 735 4599 ad
766 4560 887 4599 eam
911 4548 1256 4604 astrucndam
1286 4539 1595 4605 utebantur.

203 4620 228 4702 ξ
254 4615 421 4702 ptius,
438 4617 584 4697 quod
610 4614 656 4669 si
685 4614 1003 4702 rant-eluunt.

1821 3374 1872 3419 et
1898 3362 2085 3419 misero
2114 3378 2323 3418 manum
2350 3376 2517 3415 meam
2538 3358 2591 3413 in
2621 3357 2756 3414 latus
2776 3354 2908 3426 eius,
2933 3348 3035 3412 non
3058 3350 3284 3410 credam.
3306 3350 3421 3408 Cur

1822 3454 2058 3514 Thomas
2087 3458 2103 3509 l
2143 3456 2366 3531 vestigia
2393 3450 2517 3511 fidei
2542 3452 2622 3511 sic
2645 3450 2910 3523 requirit?
2937 3466 3035 3506 cur
3058 3450 3175 3505 tam
3202 3447 3292 3520 pie
3316 3460 3418 3516 pa-

1823 3552 2067 3619 tientem,
2091 3559 2200 3607 tam
2220 3550 2356 3608 dure
2375 3548 2592 3605 discutit
2612 3544 3018 3616 resurgentem?
3038 3538 3065 3580 ¹ι
3094 3557 3194 3598 cur
3213 3554 3278 3596 ea
3303 3538 3420 3594 vul-

1822 3663 1974 3714 nera,
2004 3661 2127 3717 qute
2155 3660 2349 3701 manus
2389 3641 2562 3713 infixit
2588 3640 2772 3715 impia,
2804 3639 2998 3695 devota
3027 3635 3251 3691 dextera
3282 3629 3304 3671 ι
3339 3631 3421 3688 sic

1821 3736 2095 3797 resulcat?
2130 3752 2229 3795 cur
2262 3731 2425 3804 latus,
2463 3733 2611 3806 quod
2648 3728 2799 3803 impii
2836 3730 3019 3786 militis
3053 3728 3238 3783 lancea
3266 3732 3421 3798 pate-

1822 3827 1969 3899 fecit,
2000 3824 2248 3887 refodcre
2267 3844 2458 3886 manus
2478 3826 2666 3884 nititur
2686 3820 3067 3895 obsequentis?
3087 3835 3185 3876 cur
3202 3816 3420 3873 dolores

1823 3912 2231 3997 persecutorum
2262 3916 2537 3978 furoribus
2569 3918 2870 3988 irrogatos,
2902 3911 3209 3968 famulantis
3234 3908 3419 3965 curio-

1826 4017 1958 4073 sitas
1993 4022 2223 4073 renovat
2249 4010 2503 4070 immitis?
2530 4026 2629 4068 cur
2657 4006 2937 4066 tormentis
2979 4002 3286 4066 Dominum,
3322 4014 3421 4055 cur

1827 4100 2004 4183 pmn'is
2028 4102 2237 4171 Deum,
2265 4122 2365 4165 cur
2389 4104 2669 4163 cmlestem
2694 4099 2961 4157 medicum
2989 4094 3314 4170 probaturus
3349 4092 3419 4149 de

1898 4276 1925 4316 κ
1951 4265 2118 4332 Alias,
2141 4282 2208 4321 ne
2233 4271 2525 4332 resurgant.

1890 4335 1925 4376 τι
1948 4337 2037 4410 Sic
2056 4326 2123 4410 ei
2144 4326 2561 4410 editione-Mitte.
2580 4330 2730 4410 Attae,
2746 4328 3110 4410 promeritus
3120 4326 3419 4410 remittendi

1824 4418 1875 4475 et
1893 4407 2141 4464 redeundi
2163 4406 2518 4475 desperatione
2545 4405 2701 4475 impia
2722 4399 2993 4475 resultant.
3012 4400 3149 4475 Quid
3169 4400 3214 4475 si
3238 4399 3421 4469 legen-

1824 4423 1875 4465 et
1893 4423 2140 4464 redeundi
2163 4423 2251 4462 aes
2318 4423 2518 4460 ratione
2545 4423 2701 4475 tmpla
2722 4423 2993 4457 resultant.
3012 4423 3149 4467 uutu
3169 4423 3214 4455 su
3238 4423 3365 4469 lugu

1818 4423 2708 4552 ilueredeunJiedesperatiouent
2728 4474 2884 4552 impie
2907 4472 3206 4527 inculcant!
3242 4540 3272 4552 Α
3333 4540 3365 4552 η

1902 4547 1922 4589 ί
1957 4548 2086 4605 llaec
2112 4562 2332 4605 sensere
2359 4540 2549 4603 Patres
2565 4587 2582 4613 ,
2611 4540 2840 4602 concilia
2867 4553 2925 4600 et
2951 4556 3142 4613 omnes
3168 4540 3423 4613 catholici

1827 4628 2194 4677 enarratores.
2235 4617 2372 4675 Vide
2397 4612 2772 4674 Tridentinum
2809 4630 2945 4671 sess.
2988 4612 3058 4668 it
3095 4629 3219 4669 can.
3262 4612 3323 4677 ὃς
3364 4620 3422 4667 et

198 4682 228 4723 ι’
246 4682 574 4763 itacui-rexi
595 4702 797 4763 ex_ttts.
820 4682 1077 4763 caseum,
1100 4689 1191 4763 ubi
1213 4690 1361 4761 prius
1380 4699 1500 4747 erat
1523 4688 1722 4747 resolu-
1747 4696 1800 4757 Β
1828 4690 2015 4763 Patres
2030 4691 2172 4763 apud
2190 4688 2592 4757 Bellarminum,
2608 4688 2677 4744 de
2690 4686 3037 4754 Pmnitentia;
3053 4684 3419 4751 Menochinm,

140 4755 349 4831 tus._$et_l
368 4767 648 4827 corrupte.
670 4756 786 4812 Non
807 4757 951 4831 enim
972 4760 1193 4827 angelus
1216 4755 1439 4817 revolvit
1463 4762 1717 4831 lapidem,

130 4834 191 4901 ut
214 4824 455 4883 Christus
476 4824 821 4901 resurgeret,
862 4829 956 4884 sed
998 4824 1285 4901 postquam
1326 4824 1627 4889 resurrexit
1653 4824 1723 4890 ei

136 4896 310 4973 plausu
331 4898 586 4973 seruilem
606 4896 1079 4973 attgelusrevolvit
1107 4896 1357 4973 lapidem,
1389 4912 1448 4958 ut
1477 4905 1724 4961 viderent

134 4966 372 5026 homines
398 4966 1080 5057 Christum’autpliltsuton
1114 4966 1298 5057 jacere
1338 4966 1391 5030 in
1431 4977 1719 5057 sepulcro:

136 5050 423 5112 purpterca
444 5038 724 5112 revolutus
752 5038 888 5112 lapis
916 5043 995 5112 ab
1024 5038 1167 5098 ostio
1196 5038 1532 5102 ntonumenti
1559 5048 1723 5104 disci-

138 5110 282 5180 pulus
310 5113 362 5168 in
396 5110 500 5167 Ihle
528 5110 942 5168 resurrectionis
964 5110 1167 5170 Christi
1199 5115 1527 5173 oblirmavit.
1560 5117 1722 5174 Aliud

139 5195 228 5237 ms.
253 5183 399 5254 legit,
427 5183 738 5254 resignatas.
763 5182 926 5239 Mm.
1508 5233 1521 5249 ,

179 5261 225 5333 ης
252 5252 552 5333 "teretieos
578 5259 757 5333 notat,
779 5254 873 5333 qui
901 5254 1096 5333 ex_hoe
1114 5254 1392 5333 Evangelii
1418 5256 1723 5333 loco‘Patre

141 5318 320 5399 filium
357 5325 629 5399 tninorem
674 5318 839 5396 impie
872 5326 991 5381 ausi
1027 5336 1154 5383 sunt
1190 5318 1420 5385 eﬂ'utire.
1468 5326 1629 5386 Arius
1665 5337 1725 5385 et

142 5386 449 5449 Arianorum
481 5394 597 5450 lilii.

200 5462 237 5590 ἶ.
256 5464 392 5590 Υίάθ
418 5464 742 5537 Gregorium
767 5464 865 5536 DL,
892 5464 1086 5524 homit.
1125 5466 1198 5524 27
1231 5482 1358 5541 pag.
1389 5468 1512 5539 liti,
1547 5478 1721 5542 tergo,

205 5616 230 5645 ο
260 5605 409 5665 Unus
454 5607 675 5665 Palmm
691 5648 709 5677 ,
760 5608 1115 5677 conciliorum
1162 5619 1218 5668 et
1257 5612 1424 5668 totius
1465 5609 1722 5670 Ecclesia:

138 5688 426 5753 consensus
443 5688 548 5747 est,
570 5678 847 5735 Christum
874 5676 964 5753 hic
997 5682 1257 5753 apostolis
1285 5682 1590 5740 facultatem
1629 5700 1716 5740 re-

138 5750 374 5822 mittendi
409 5758 632 5822 peccata
664 5750 1113 5822 communicasse.

207 5818 515 5896 '_H:eresim
544 5818 826 5896 Novatiaui
860 5823 1061 5892 tangit,
1103 5826 1193 5894 qui
1237 5826 1506 5896 quondam
1551 5826 1714 5896 lapsis

142 5891 349 5949 Veniam
374 5891 692 5962 denegabat.
726 5892 858 5949 Vide
887 5891 1069 5951 notam
1091 5891 1159 5950 vn
1189 5891 1348 5950 scim.
1374 5895 1459 5949 94.

1822 4762 2193 4833 Brugensem,_
2206 4770 2313 4817 etc.

1902 4828 2119 4901 Γρυθὰ
2157 4831 2345 4888 Gnece
2379 4834 2465 4890 τὸν
2489 4833 2672 4899 τύπον,
2713 4828 2884 4884 locum
2908 4829 3192 4895 datorum,
3233 4835 3422 4882 noster

1826 4920 1934 4978 non
1955 4903 2607 4978 inepte,_restiginﬁdei._
2724 4969 2738 4978 _
2761 4968 2779 4978 τ
2936 4967 2977 4978 ﬁ

1899 4972 1927 5014 ι
1950 4967 2394 5050 Νθέθιβιθτίςῇς
2422 4967 2475 5029 in
2498 4972 2640 5050 notis
2662 4969 2739 5050 _ad
2761 4968 2909 5025 hunc
2936 4967 3222 5050 Evangelii.
3241 4967 3420 5050 locum

1824 5037 2097 5103 exstitisse
2133 5044 2189 5115 iu
2227 5044 2455 5115 pedibus
2490 5043 2791 5115 cicatrices,
2822 5054 2890 5095 eo
2920 5039 3066 5115 quod
3101 5037 3153 5115 i_n
3175 5038 3254 5092 eis
3281 5037 3422 5115 clavi

1825 5116 1976 5173 inﬁxi
2004 5131 2115 5173 non
2142 5107 2361 5171 fuerint.
2388 5122 2459 5170 At
2478 5122 2593 5170 tota
2628 5113 2891 5169 reclamat
2926 5107 3238 5179 antiquitas,
3270 5107 3422 5179 apud

1827 5204 2130 5259 quamnon
2156 5185 2453 5259 dubitatur,
2474 5185 2639 5259 pedes
2657 5187 2820 5259 etiam
2839 5182 3039 5259 Christi
3059 5177 3226 5234 clavis
3260 5177 3424 5236 fuisse

1830 5253 2139 5314 franslixos.
2160 5253 2825 5324 Qtnestioni'solummodo
2843 5253 3022 5318 datur,
3058 5265 3127 5324 an
3155 5266 3268 5324 un_o_
3298 5259 3421 5305 tan-

1826 5336 1964 5396 tum,
1989 5328 2073 5384 vel
2100 5318 2323 5397 singulis
2348 5327 2404 5383 in
2440 5327 2682 5396 singulos
2707 5325 2890 5396 pedes.
2926 5322 3168 5397 Drusius,
3208 5318 3423 5377 Clerico

1822 5393 1959 5455 non
1979 5393 2223 5468 ingratus
2258 5398 2512 5469 scriptor,
2536 5393 2624 5452 'ait
2646 5393 2917 5469 Christum
2940 5393 3256 5469 cruciﬁxum
3281 5407 3422 5469 qua-

1830 5470 2004 5528 ternis
2030 5464 2216 5536 elavis,
2240 5464 2467 5539 singulis
2485 5481 2598 5594 ‘per
2623 5466 2861 5549 singulas
2892 5481 3102 5526 manus.
3123 5471 3180 5518 et
3197 5464 3422 5546 singulis

1832 5555 1933 5594 per
1956 5539 2198 5594 simules
2217 5539 2407 5594 pedes.
2437 5537 2484 5594 Δ
2544 5534 2813 5593 Clerteum
2840 5536 2988 5594 quod
3008 5543 3238 5594 snectat.
3262 5534 3422 5591 nullis

1832 5555 1933 5614 per
1956 5534 2407 5611 singulos'pedés.
2437 5534 2521 5594 Ad
2544 5534 2813 5614 C_l_erieu_t_n
2840 5536 3238 5614 quod_spceta_t,
3262 5534 3422 5614 nullis

1824 5605 2017 5669 contra
2047 5605 2181 5667 eum
2207 5605 2432 5680 egemus
2468 5608 2719 5680 testibus,
2737 5605 2951 5664 dicente
2982 5605 3420 5680 Luca_(_3hristum

1824 5681 2051 5741 Thomas
2076 5676 2341 5752 quazrénti
2367 5679 2595 5748 vestigia
2633 5678 2923 5735 vulnerum
2964 5676 3267 5734 ostendisse
3305 5684 3419 5735 tum

1822 5770 2026 5820 manus,
2057 5746 2170 5808 tum
2203 5746 2374 5823 pedes.
2516 5746 2533 5748 ⁷

1899 5823 1918 5863 ι
1944 5823 2062 5879 Alia
2082 5822 2245 5879 lectio
2263 5822 2429 5877 habet
2454 5840 2465 5875 :
2490 5822 2569 5876 sic
2587 5821 2881 5892 investigat.
3348 5860 3351 5867 .
3444 5822 3462 5841 '
