3930 6354
496 349 603 406 ιω

1749 339 1805 394 S.
1847 335 2053 394 PETRI
2089 333 2519 393 CHRYSOLOGI

3679 337 3780 393 4ιο

496 463 724 520 vulnere
736 461 1026 533 discipulus
1040 458 1116 514 sic
1132 455 1378 527 requirit?
1390 452 1597 510 Cecidit
1609 457 1852 524 potestas
1865 450 2085 519 diaboli,
2115 453 2167 514 Α
2189 449 2325 505 vivit
2349 464 2418 505 ex
2444 455 2641 515 morte,
2685 450 2918 521 resurgit
2956 463 3026 508 ex
3062 450 3288 506 vulnere
3330 465 3343 502 :
3383 448 3509 520 quia
3551 449 3695 506 talia
3730 457 3782 507 et

499 554 800 628 patefactus
828 561 911 609 est
944 566 1127 608 carcer
1171 547 1385 614 inferni,
1436 546 1678 616 disrupta
1711 551 1835 600 sunt
1871 543 2084 600 vincula

498 655 854 710 mortuorum,
869 645 1131 699 moriente
1142 641 1367 696 Domino
1381 646 1507 694 sunt
1520 637 1700 693 evulsa
1713 642 2082 703 monumenta,

499 748 554 796 et
575 745 885 807 resurgente
905 734 1133 790 Domino
1155 739 1268 786 tota
1289 731 1479 786 mortis
1499 737 1582 784 est
1600 736 1804 784 mutata
1824 726 2084 783 conditio.

500 831 583 886 Ab
613 831 728 900 ipso
756 827 968 883 Domini
994 824 1357 880 sacratissimo
1378 822 1625 893 sepulcro
1652 821 1788 892 lapis
1813 819 2086 876 revolutus

500 928 601 987 est,
621 919 929 974 linteamina
947 917 1181 973 resoluta
1198 923 1341 982 sunt,
1359 921 1415 970 et
1429 913 1755 983 resurgentis
1775 912 1840 968 ad
1861 912 2086 981 gloriam

499 1026 648 1066 mors
675 1009 828 1078 fugit,
852 1009 961 1063 vita
989 1007 1166 1070 rediit,
1199 1022 1324 1061 caro
1354 1005 1583 1075 amplius
1611 1019 1794 1059 casum
1817 1003 2087 1058 nescitura

500 1103 770 1160 surrexit:
804 1112 858 1158 et
885 1117 982 1158 cur
1007 1101 1100 1155 tibi
1132 1100 1250 1167 soli,
1286 1098 1510 1162 Thoma,
1543 1097 1656 1152 sola
1689 1097 1913 1151 vulnera
1950 1109 2088 1166 prm-

501 1195 703 1252 sentari
743 1194 811 1250 ad
838 1193 1092 1249 indicium
1133 1191 1286 1256 ﬁdei,
1319 1191 1476 1246 nimis
1507 1190 1730 1245 callidus
1757 1189 2086 1259 explorator,

502 1287 847 1357 expostulas?
887 1285 1016 1355 quid
1054 1285 1100 1340 si
1141 1285 1240 1340 ista
1280 1299 1399 1340 cum
1441 1282 1557 1337 aliis
1596 1283 1794 1337 abolita
1834 1281 2086 1345 fuissent,

503 1379 646 1449 quod
677 1378 970 1448 periculum
993 1376 1117 1432 ﬁdei
1137 1383 1242 1430 tute
1264 1386 1287 1412 ³
1309 1375 1592 1430 curiositas
1625 1375 1725 1428 ista
1759 1373 2090 1444 peperisset?

503 1471 659 1526 Nulla
695 1471 910 1542 pietatis
937 1477 1302 1532 monumenta,
1344 1468 1489 1522 nulla
1527 1467 1814 1522 Dominic'e
1851 1481 2093 1522 resurre—

506 1569 701 1624 ctionis
731 1566 957 1622 inveniri
977 1566 1209 1620 aestimas
1230 1564 1470 1634 potuisse
1489 1562 1832 1626 documenta,
1856 1560 1959 1615 nisi
1979 1575 2093 1614 ma-

509 1659 665 1714 nibus
713 1660 817 1714 tuis
857 1659 1092 1714 sulcares
1135 1655 1354 1712 Judaica
1393 1655 1707 1711 crudelitate
1753 1662 1971 1709 exarata
2015 1654 2095 1708 sic

510 1751 753 1805 viscera?
781 1748 1052 1816 Quaesivit,
1086 1749 1295 1812 fratres,
1327 1747 1500 1818 pietas
1529 1747 1648 1810 ista,
1673 1747 1852 1816 exegit
1881 1747 1981 1801 ista
2001 1746 2094 1802 de-

2187 550 2338 598 tanta
2366 557 2489 598 cum
2509 545 2827 615 susceperit,
2851 545 2982 600 vivit
3001 551 3058 600 et
3086 552 3277 615 regnat
3299 545 3452 616 Deus.
3471 560 3570 616 per
3588 546 3779 601 omnia

2188 637 2384 693 saecula
2412 638 2749 694 saeculorum.
2775 637 2965 695 Amen.

2677 747 2707 788 δ
2727 750 2808 806 SE
2815 748 2958 806 RMO
2995 749 3255 805 LXXXV.

2258 867 2340 922 De
2381 869 2616 941 ingressu
2662 867 2952 941 Christiin
2999 870 3264 939 templum,
3312 876 3362 922 et
3402 869 3724 924 Judworum

2804 939 3163 994 admiratione.

2261 1028 2373 1086 Etsi
2401 1031 2579 1101 aliqua
2604 1031 2855 1088 videntur
2895 1033 3106 1087 occulta
3149 1031 3233 1088 sui
3260 1031 3637 1103 profunditate
3684 1049 3784 1104 my-

2189 1121 2359 1187 sterii,
2385 1123 2530 1176 nulla
2556 1130 2739 1178 tamen
2759 1131 2842 1178 est
2862 1122 3224 1180 Ecclesiastici
3245 1124 3419 1179 cultus
3446 1123 3785 1181 infructuosa

2190 1211 2504 1266 solemnitas
2539 1230 2551 1264 :
2583 1211 2762 1267 divina
2819 1212 3078 1269 festivitas
3132 1230 3242 1270 non
3293 1230 3389 1285 pro
3441 1216 3661 1271 nostris
3717 1224 3787 1272 est

2191 1302 2552 1358 voluntatibus
2571 1304 2932 1359 consecranda
2947 1346 2962 1370 ,
2988 1307 3083 1361 sed
3105 1321 3203 1377 pro
3223 1307 3336 1362 suis
3355 1313 3436 1362 est
3453 1308 3786 1378 percolenda

2192 1393 2498 1449 virtutibus.
2529 1392 2864 1451 Christianus
2909 1396 3120 1452 animus
3157 1412 3276 1467 qua:
3319 1406 3445 1454 sunt
3493 1400 3787 1456 traditione

2196 1485 2436 1553 Patrum,
2468 1494 2523 1542 et
2558 1487 2687 1558 ipsis
2715 1488 2971 1544 roborata
3003 1490 3352 1560 temporibus,
3395 1492 3568 1547 nescit
3601 1492 3670 1547 in
3707 1491 3787 1547 de-

2196 1580 2558 1651 sperationem
2579 1578 2863 1645 deducere,
2889 1581 2984 1636 sed
3010 1583 3257 1638 venerari
3278 1597 3343 1637 ea
3371 1590 3484 1639 toto
3514 1583 3787 1639 desiderat

2196 1669 2499 1726 devotionis
2519 1670 2754 1739 eloquio.
2775 1669 2901 1725 Jam
2922 1672 3004 1726 die
3025 1674 3173 1743 festo,
3197 1673 3291 1738 ait,
3314 1673 3590 1741 mediante,
3618 1691 3786 1730 asceti-

2199 1761 2277 1814 dit
2301 1759 2552 1815 Dominus
2581 1763 2636 1815 in
2665 1762 2907 1832 templum
2943 1761 3133 1834 (Joan.
3159 1762 3289 1833 vn).
3312 1763 3464 1830 Quod
3485 1765 3785 1836 templum?

509 1845 677 1902 νοῑίοο
704 1851 762 1898 llt
782 1843 1138 1898 TBSUWCXisse
1164 1841 1447 1895 Dominum
1484 1855 1583 1895 nec
1603 1841 1715 1910 ipsa
1739 1840 1791 1894 ίη
1821 1847 2096 1910 Ροεῑθΐυῐη
2128 1841 2174 1900 Β
2202 1849 2431 1906 Nescitis
2454 1854 2574 1924 quia
2597 1854 2838 1923 tentplum
2860 1851 2958 1907 Dei
2980 1855 3122 1920 estis,
3146 1863 3194 1908 et
3216 1853 3444 1926 Spiritus
3464 1854 3567 1908 Dei
3592 1855 3785 1910 habitet

507 1934 538 1974 ’δ
568 1934 837 1990 dubitaret
864 1933 1127 2002 impietas.
1152 1930 1260 1986 Sed
1280 1931 1514 1985 Thomas
1535 1946 1644 1984 non
1673 1929 1848 1984 solum
1875 1940 1897 1968 ο
1919 1928 2098 1984 cordis

508 2026 611 2091 sui,
641 2025 735 2081 sed
759 2026 996 2080 omnium
1020 2024 1295 2079 hominum
1317 2023 1539 2078 curabat
1567 2024 1828 2078 incertum
1849 2039 1861 2075 :
1881 2031 1936 2077 et
1961 2037 2098 2092 prtev

507 2117 781 2174 dicaturus
810 2119 923 2172 haec
951 2117 1003 2171 in
1023 2117 1289 2185 gentibus,
1313 2113 1762 2184 quemadmodum
1786 2122 1946 2168 tantae
1975 2113 2099 2168 ﬁdei

511 2216 776 2263 astrueret
795 2215 1191 2262 sacramentum
1220 2213 1510 2260 exsecutor
1536 2212 1788 2258 strenuus
1814 2203 2096 2273 perquire-

510 2299 622 2352 bat.
640 2297 798 2353 Certe
819 2297 1100 2367 prophetia
1130 2297 1300 2366 magis
1319 2311 1482 2365 quam
1510 2295 1782 2350 cunctatio
1816 2293 1933 2348 fuit.
1964 2293 2099 2349 Nam

511 2405 609 2445 cur
631 2389 753 2444 talia
780 2397 1008 2458 peteret,
1041 2388 1141 2442 nisi
1172 2403 1200 2442 a
1238 2387 1466 2441 Domino
1494 2383 1518 2422 ά
1551 2386 1619 2440 ad
1640 2385 1892 2440 indicium
1914 2401 2096 2440 resur-

510 2481 766 2535 rectionis
801 2495 912 2534 sure
940 2487 1150 2533 servata
1185 2478 1298 2532 sola
1335 2477 1549 2531 vulnera
1579 2477 1881 2546 prophetali
1910 2476 2098 2546 spiritu

513 2572 875 2640 cognovisset?
891 2570 1129 2639 Denique
1141 2577 1332 2639 sponte
1346 2568 1588 2638 praestitit
1598 2569 1826 2634 caneris,
1841 2567 1986 2637 quod
1999 2568 2100 2623 iste

512 2663 718 2717 tardius
745 2661 1016 2731 implorat.
1050 2660 1220 2726 Venit,
1246 2661 1433 2728 inquit,
1455 2659 1487 2711 J
1493 2677 1607 2714 esus
1627 2671 1676 2714 et
1701 2663 1840 2715 stetit
1857 2663 1912 2714 in
1933 2661 2099 2715 medio

511 2763 561 2806 et
588 2753 810 2808 ostendit
836 2755 909 2808 eis
930 2770 1112 2808 manus
1131 2763 1180 2807 et
1208 2758 1363 2807 tatus.
1395 2753 1529 2806 Nam
1559 2756 1648 2822 qui
1679 2755 1948 2822 ingressus
1980 2753 2099 2810 fue-

511 2852 600 2898 rat
626 2844 822 2899 clausis
850 2845 1033 2910 ostiis,
1064 2853 1119 2899 et
1145 2845 1338 2900 merito
1367 2860 1399 2899 a
1439 2845 1712 2915 discipulis
1738 2847 1955 2916 spiritus
1982 2863 2101 2904 esse

512 2935 821 3006 putabatur,
861 2951 970 2990 non
1009 2936 1165 2990 aliter
1203 2937 1376 3005 ipsum
1423 2951 1510 3002 se,
1554 2938 1656 2992 nisi
1704 2939 1816 3008 ipsa
1858 2941 2100 3009 corporis

510 3029 792 3101 passione,
836 3029 966 3098 ipsis
1006 3029 1285 3084 vulnerum
1323 3031 1496 3096 notis,
1528 3031 1710 3085 taliter
1736 3031 2100 3087 dubitantibus

507 3131 723 3193 poterat
750 3123 1072 3193 approbare.
1096 3121 1329 3196 Denique
1348 3125 1482 3178 venit
1508 3133 1557 3178 et
1586 3124 1709 3178 dicit
1740 3124 1986 3180 Thomoe:
2013 3125 2103 3180 In-

2198 1945 2254 1997 in
2283 1944 2422 1998 vobis
2446 1943 2500 2015 (l
2530 1941 2648 1998 Cor.
2688 1960 2744 1998 ιιι
2763 1945 2816 2016 )?
2846 1944 3103 2002 Ascendit
3135 1944 3296 2000 hodie
3324 1945 3587 2002 Dominus
3623 1949 3782 2004 nostri

2198 2036 2435 2106 pectoris
2462 2037 2516 2090 in
2545 2037 2824 2106 templum,
2855 2037 2947 2106 qui
2991 2045 3103 2092 tam
3145 2038 3443 2094 clementer
3469 2042 3653 2096 nostri
3683 2056 3782 2097 cor-

2198 2126 2349 2196 poris
2376 2125 2653 2182 descendit
2674 2126 2727 2181 in
2757 2126 2982 2182 formam
3008 2146 3020 2180 :
3044 2129 3190 2198 quod
3217 2139 3397 2185 autem
3419 2146 3689 2188 ascensus
3705 2132 3781 2188 Dei

2199 2217 2258 2272 ﬁt
2279 2217 2334 2272 In
2355 2217 2574 2273 humani
2603 2217 2782 2274 cordis
2810 2220 3044 2285 excelso,
3075 2220 3268 2278 beatus
3287 2225 3556 2294 propheta
3580 2226 3779 2289 asserit,

2198 2326 2322 2367 cum
2348 2311 2638 2368 decantat:
2673 2312 2859 2368 Beatus
2888 2316 2964 2368 vir
2991 2316 3138 2386 cujus
3176 2325 3252 2371 est
3291 2320 3551 2374 auxilium
3593 2319 3691 2374 abs
3725 2329 3779 2384 te,

2200 2402 2442 2469 Domine,
2465 2421 2705 2460 ascensus
2729 2406 2801 2459 tui
2822 2407 2876 2459 in
2897 2407 3051 2461 corde
3070 2411 3181 2480 ejus
3204 2407 3375 2478 (Psal.
3400 2411 3652 2478 unm).
3673 2409 3780 2465 Just

2201 2494 2284 2550 die
2312 2497 2442 2566 [esto
2466 2496 2742 2561 mediante,
2774 2497 3005 2551 ascendit
3031 2497 3285 2553 Dominus
3306 2502 3363 2554 in
3386 2501 3652 2571 templum.
3677 2500 3777 2560 He-

2197 2585 2304 2639 rito
2324 2585 2411 2640 die
2431 2584 2568 2640 festo
2591 2586 2860 2641 mediante
2885 2589 3126 2643 ascendit
3147 2589 3408 2646 Dominus
3431 2591 3486 2646 in
3508 2591 3776 2662 templum,

2200 2675 2326 2744 quia
2355 2676 2510 2732 nobis
2537 2683 2654 2732 erat
2682 2676 2976 2746 perfectum
3004 2679 3146 2734 diem
3169 2679 3361 2736 festum
3387 2690 3777 2751 priestaturuse

2202 2769 2340 2825 caelo
2367 2787 2379 2822 :
2411 2769 2668 2839 quidquid
2689 2769 2935 2834 sublime,
2959 2771 3215 2841 quidquid
3242 2772 3311 2827 ad
3339 2773 3539 2830 coelum
3568 2773 3778 2830 tendens

2201 2860 2257 2914 in
2287 2859 2540 2916 cordibus
2568 2859 2865 2916 habebatur
2901 2863 3171 2928 humanis,
3205 2880 3378 2934 usque
3415 2864 3486 2920 ad
3526 2865 3774 2922 infernum

2202 2951 2493 3007 Dominicaa
2520 2951 2730 3021 pondus
2759 2952 3136 3008 incurvaverat
3154 2953 3452 3010 Passionis.
3483 2955 3541 3011 Id
3561 2971 3774 3026 namque

2201 3050 2284 3096 est
2310 3042 2456 3112 quod
2482 3040 2726 3099 Christus
2752 3045 3105 3115 quadraginta
3135 3045 3326 3101 diebus
3368 3047 3569 3102 residet
3610 3056 3664 3102 et
3697 3062 3775 3102 re-

2201 3142 2444 3189 moratur
2471 3135 2525 3190 in
2555 3137 2713 3192 terris
2737 3155 2750 3188 :
2780 3146 2855 3201 et,
2888 3139 2933 3192 si
2959 3139 3063 3194 dici
3085 3138 3163 3193 fas
3183 3147 3287 3204 est,
3319 3138 3493 3196 Patris
3512 3157 3776 3198 σοαπ-ξηιλ

510 3216 590 3286 fer
617 3214 834 3286 digitum
876 3224 1017 3268 tuum
1046 3214 1171 3282 huc,
1217 3225 1266 3268 et
1292 3215 1406 3270 vide
1445 3232 1630 3270 manus
1667 3234 1835 3283 meas,
1878 3227 1929 3271 et
1967 3219 2098 3289 affer
2126 3228 2171 3291 (ζ
2201 3223 2408 3291 differt,
2447 3224 2624 3283 Patris
2656 3230 2932 3300 suSpendit
2965 3233 3302 3302 amplexum,
3334 3232 3505 3289 donec
3529 3242 3688 3288 totum
3719 3248 3777 3288 se

507 3323 718 3360 manum
749 3315 907 3368 tuam,
944 3315 995 3360 et
1031 3307 1175 3360 mitte
1211 3308 1265 3360 in
1296 3310 1430 3360 tatus
1460 3324 1646 3373 meum,
1679 3319 1728 3362 et
1748 3309 1856 3364 noli
1888 3327 1999 3364 esse
2018 3312 2099 3364 iu-

506 3397 764 3461 credulus,
795 3398 888 3450 sed
913 3397 1104 3468 ﬁdelis.
1139 3395 1208 3452 Ut
1236 3396 1510 3452 eflundant
1533 3407 1648 3454 toto
1668 3401 1820 3463 orbe,
1857 3411 1879 3438 ο
1904 3402 2098 3457 iterum

506 3497 560 3544 te
582 3492 876 3559 aperiente,
900 3490 1014 3544 haec
1034 3489 1256 3544 vulnera
1281 3487 1458 3552 ﬁdem,
1481 3504 1602 3558 qua:
1628 3491 1645 3528 ι
1672 3507 1864 3560 aquam
1886 3494 1940 3548 in
1960 3494 2101 3548 lava-

509 3587 680 3646 crum,
711 3581 1026 3649 sanguinem
1058 3582 1110 3635 in
1149 3582 1386 3635 omnium
1416 3584 1647 3652 pretium
1672 3583 1784 3652 jam
1824 3585 2093 3642 fuderunt.

512 3669 800 3741 Respondit
841 3671 1062 3725 Thomas
1100 3680 1151 3726 et
1189 3672 1360 3726 dixit:
1393 3673 1646 3728 Dominus
1687 3691 1827 3729 meus
1868 3685 1918 3729 et
1957 3676 2096 3733 Deus

508 3762 694 3816 meus!
722 3760 951 3815 Veniant
978 3769 1034 3816 et
1073 3762 1292 3816 audiant
1319 3763 1556 3819 hinretici
1601 3783 1613 3816 :
1660 3773 1746 3829 et,
1788 3766 1924 3821 sicut
1963 3768 2099 3823 dixit

509 3851 787 3916 Dominus,
830 3867 940 3907 non
972 3853 1079 3907 sint
1111 3853 1392 3920 increduli,
1434 3855 1528 3910 sed
1569 3854 1771 3912 ﬁdeles.
1815 3857 1955 3915 Ecce
1989 3877 2098 3916 non

511 3942 685 3997 solum
727 3957 923 4014 corpus
963 3944 1273 4011 humanum,
1319 3945 1412 4000 sed
1454 3961 1552 4015 per
1590 3950 1817 4018 poenalis
1856 3953 2098 4022 corporis

509 4035 808 4105 passiones,
843 4045 868 4083 ε
900 4036 1069 4091 Deum
1097 4043 1152 4092 et
1180 4037 1464 4092 Dominum
1493 4053 1612 4094 esse
1631 4038 1922 4110 Christum,
1955 4043 2099 4101 Tho-

505 4141 593 4180 ma
619 4125 982 4192 vociferante,
1027 4126 1354 4183 manifestat.
1385 4127 1454 4182 Et
1498 4144 1625 4185 vere
1666 4130 1806 4188 Deus
1847 4141 1962 4201 est,
2004 4141 2097 4206 qui

578 4317 605 4346 ι
639 4307 770 4386 Hoc
791 4308 979 4364 eodem
1018 4311 1284 4386 vocabulo
1325 4311 1634 4386 de_Thoma
1675 4315 1904 4386 loquens
1923 4319 2092 4376 utitur

505 4375 867 4450 Gaudentius,
891 4395 1052 4434 serm.
1081 4381 1146 4434 16
1175 4395 1296 4450 pag.
1323 4381 1442 4436 189.

575 4447 603 4486 δ
633 4447 947 4522 Gregorius,
975 4447 1270 4504 homilfﬁli
1308 4453 1360 4505 in
1400 4453 1690 4522 Evangelio
1731 4475 1743 4509 :
1784 4457 1916 4514 Plus
1946 4462 2094 4517 nobis

508 4517 721 4602 Tltomaz.
767 4520 1048 4602 inﬁdelitas
1091 4537 1244 4602 quam
1287 4523 1416 4602 ﬁdes
1464 4517 1835 4602 disEipuloritm
1877 4534 2089 4602 profuit,

505 4590 644 4658 quia,
686 4589 823 4662 dum?
850 4591 955 4662 ille
978 4590 1048 4662 ad
1093 4591 1248 4661 ﬁdem
1286 4589 1546 4662 palpando
1596 4589 1886 4662 reducitur;
1915 4589 2093 4656 ndstrd

503 4661 826 4732 mensomni
867 4658 1183 4732 dubitatione
1221 4658 1502 4732 postposita
1535 4665 1804 4720 solidatur.
1838 4658 2091 4725 Gauden-

503 4729 630 4793 tius,
662 4729 697 4782 l.
742 4746 789 4784 c.
821 4747 832 4780 τ
869 4728 1017 4792 Quod
1055 4728 1253 4786 avidius
1281 4728 1539 4798 et'videre,
1583 4745 1632 4789 et
1665 4746 1940 4794 attrectare
1977 4741 2091 4797 Do-
2125 4734 2170 4792 Ι)

502 4800 700 4923 militum
747 4801 1068 4872 perquisivit,
1117 4803 1212 4856 hoc
1266 4811 1424 4857 totum
1484 4815 1674 4860 nostra:
1718 4811 2092 4878 procumbatur

502 4885 562 4922 sa
586 4882 681 4923 uti.

500 4882 681 4925 saluti.

577 4939 1002 5014 C_Conveniunt,
1051 4941 1177 5014 licet
1212 4958 1332 5014 _non
1384 4959 1600 5012 omnes,
1656 4945 1917 5004 Thomam
1963 4949 2090 5009 Jesu

499 5008 698 5067 Christi
726 5011 1056 5067 divinitatem
1085 5009 1324 5068 nondum
1353 5008 1663 5081 credidisse,
1697 5025 1752 5072 et
1778 5020 1953 5077 adhuc
1979 5008 2089 5080 ste;

500 5081 629 5163 tisse
670 5083 722 5136 in
773 5082 1040 5151 ambiguo,
1090 5098 1212 5138 eum
1245 5098 1339 5137 sua
1366 5085 1576 5153 ivirtnte
1622 5103 1652 5140 τι
1701 5093 1928 5146 mortuis
1966 5109 2087 5148 sur-

435 5174 442 5184 ’
497 5167 723 5207 rexnsse.

434 5253 449 5262 -
569 5221 595 5258 ἀ
627 5223 836 5278 Docent
867 5225 1031 5279 etiam
1066 5223 1301 5280 Hilarius
1337 5233 1393 5280 et
1426 5226 1534 5282 Leo
1574 5227 1696 5283 ideo
1734 5227 2002 5287 Christum
2034 5235 2088 5290 in

433 5319 439 5336 τ
495 5308 728 5363 corpore
768 5309 866 5349 suo
905 5295 1162 5372 glorioso,
1198 5297 1419 5365 vestigia
1461 5297 1740 5372 vulnerum
1782 5303 2085 5372 retinuisse,

496 5372 559 5417 ut
599 5372 872 5438 constaret
917 5365 1058 5419 idem
1105 5382 1302 5436 corpus
1341 5369 1698 5424 resurrexisse
1725 5373 1870 5438 quod
1915 5365 2089 5431 fuerat

497 5435 832 5489 cruciﬁxum.

577 5515 597 5540 ε
640 5506 962 5561 Dnbitavcre
991 5506 1252 5573 nonnulli,
1284 5505 1610 5577 Augustinus
1649 5511 1809 5566 etiam
1849 5521 1904 5567 et
1941 5514 2083 5573 Beda

500 5577 1272 5653 hic,ran__rcvera_S._Thomas
1305 5576 1504 5635 Christi
1529 5581 1751 5653 vulnera
1785 5592 2081 5653 pertracta-

499 5646 654 5698 verit.
699 5644 866 5719 Negat
907 5645 1251 5719 Euthymius;
1301 5657 1550 5705 asserunt
1593 5644 1800 5707 Patres'
1820 5663 1874 5709 et
1921 5657 2086 5713 inter-

497 5720 679 5793 pretes
709 5715 972 5793 plerique;
1005 5715 1329 5793 Aiigustinns
1355 5719 1468 5793 hic.
1502 5727 1557 5775 et
1585 5737 1744 5776 serm.
1787 5721 1917 5792 158;
1958 5727 2086 5783 Ter—

499 5783 751 5840 tullianus
799 5787 1052 5843 adversus
1102 5783 1393 5857 Praxeam;
1437 5792 1695 5848 Bernard.
1747 5783 1916 5851 serm.’
1963 5797 1994 5849 5
2033 5801 2087 5856 in

2207 3313 2223 3352 ί
2264 3317 2484 3383 revelet,
2518 3325 2573 3372 et
2605 3317 2619 3368 i
2670 3319 2927 3376 reformet
2953 3337 3061 3376 suae
3089 3323 3423 3378 ascensionis
3449 3324 3493 3377 in
3529 3323 3772 3390 gloriam.

2201 3408 2260 3463 In
2288 3409 2440 3479 cujus
2487 3425 2616 3481 ergo
2664 3414 2866 3484 templo
2913 3415 3000 3470 hic
3041 3432 3148 3471 non
3187 3416 3489 3472 ascenderit
3519 3413 3769 3480 Christus,

2203 3500 2399 3554 coelum
2444 3517 2553 3556 non
2595 3504 2851 3559 ascendet
2889 3505 2979 3560 ille
3019 3521 3138 3562 cum
3179 3504 3414 3562 Christo.
3455 3505 3686 3561 Ascendit
3719 3508 3768 3560 in

2205 3591 2462 3661 templum,
2495 3602 2543 3647 et
2569 3593 2801 3660 docebat,
2832 3605 2883 3650 et
2909 3596 3233 3652 mirabantur
3269 3597 3478 3666 Iudici,
3523 3599 3766 3653 dicentes:

2206 3681 2473 3748 Quomodo
2502 3687 2584 3740 liic
2612 3687 2812 3742 litteras
2859 3691 2985 3754 scit,
3028 3708 3142 3744 cum
3183 3708 3288 3746 non
3327 3692 3595 3746 didicerit?
3633 3690 3770 3747 Bene

2203 3776 2468 3831 mirantur
2485 3775 2777 3846 Christum,
2809 3782 2953 3850 quod
2982 3799 3090 3838 non
3118 3783 3365 3840 didicerit
3392 3786 3548 3850 scire,
3571 3782 3767 3855 quando

2202 3867 2303 3936 ipsi
2332 3869 2630 3938 probantur
2665 3887 2785 3941 qua:
2811 3874 3095 3930 didicerint
3122 3883 3177 3931 et
3203 3875 3439 3932 doceant
3481 3878 3607 3947 legis
3635 3891 3764 3948 pm:—

2201 3969 2351 4030 cepta
2375 3963 2602 4028 nescire,
2627 3966 2839 4021 dicente
2859 3967 3088 4023 Domino
3113 3987 3126 4020 :
3156 3968 3230 4022 Tu
3250 3986 3304 4024 es
3325 3970 3507 4026 doctor
3523 3973 3575 4025 in
3594 3968 3761 4033 Israel,

2201 4062 2252 4106 et
2280 4055 2386 4108 haec
2414 4057 2625 4128 ignoras
2667 4058 2854 4130 (Ioan.
2898 4062 3027 4132 in)?
3054 4061 3315 4116 Mirantur
3351 4062 3522 4119 διιόωί
3554 4063 3652 4133 jam
3676 4076 3761 4116 re-

2199 4147 2395 4215 belles,
2428 4150 2619 4204 nolunt
2657 4151 2879 4208 credere
2922 4171 2934 4206 :
2983 4154 3163 4208 mirari
3205 4163 3437 4221 norunt,
3486 4157 3760 4212 detrecunt

2200 4324 2435 4414 Cantica
2467 4337 2523 4385 et
2550 4330 2637 4384 alii
2667 4330 2808 4414 apud
2836 4331 3134 4414 Calmetum
3165 4333 3230 4388 ad
3260 4335 3415 4414 hunc
3436 4337 3631 4414 locum.

2278 4395 2295 4434 τ
2322 4396 2508 4454 Plures
2533 4416 2676 4479 _sane
2702 4395 3023 4473 interpretes
3051 4408 3396 4479 consentiunt
3429 4404 3753 4479 Chrysalogo,

2200 4480 2298 4535 per
2318 4484 2514 4548 aquam
2533 4471 2875 4548 baptismum,
2901 4489 2997 4541 per
3015 4475 3326 4543 sanguinem
3361 4471 3757 4548 redemptionem

2199 4538 2424 4610 mystice
2445 4538 2613 4595 luisse
2627 4538 2982 4610 designatum.

2272 4618 2298 4684 ’ξ
2318 4608 2467 4684 Nunc
2495 4612 2724 4684 pr_imum
2750 4608 2842 4670 Dei
2873 4615 3163 4684 appellatio
3190 4613 3316 4671 Jesu
3348 4617 3564 4673 Christo
3583 4617 3752 4672 tributa

2196 4676 2388 4744 legitur
2434 4676 2511 4735 in'
2535 4680 2843 4758 E_vangelio.
2894 4676 3192 4758 concilium
3231 4685 3756 4758 Constantinopolita-

2199 4765 2324 4828 num
2353 4766 2406 4828 iv
2445 4753 2808 4828 anathemati:
2843 4764 3023 4809 notam
3075 4756 3359 4828 Theodoro
3408 4753 3755 4828 Mopsuestcno

2199 4821 2409 4886 inussit,
2433 4823 2596 4876 verba
2618 4823 2733 4878 haec
2754 4825 2969 4898 Themin
2991 4827 3062 4880 ita
3079 4827 3484 4898 interpretanti,
3502 4821 3566 4886 ac
3594 4829 3632 4883 si
3657 4837 3757 4898 ter-

2197 4904 2321 4964 rore
2340 4899 2402 4964 _ct
2427 4899 2650 4964 stupore
2672 4895 2966 4961 prodirent,
2992 4905 3047 4951 et
3078 4895 3241 4951 Deum
3265 4897 3506 4964 Patrem,
3529 4909 3580 4953 nt
3597 4897 3755 4953 debita

2196 4959 2274 5012 illi
2305 4959 2472 5034 gloria
2508 4959 2747 5034 detanto
2767 4966 3012 5034 prodigio
3035 4967 3358 5031 referretur,
3385 4959 3502 5024 non.
3515 4969 3753 5024 Christum

2196 5031 2546 5108 respicerent.
2585 5031 2784 5108 Noster
2798 5031 2985 5108 autem
3020 5045 3236 5093 naturas
3258 5039 3312 5092 in
3346 5037 3561 5096 Christo
3579 5041 3754 5108 imper-

2194 5101 2391 5223 {mites
2428 5101 2588 5157 docet
2625 5103 2972 5161 disertissime
3011 5116 3200 5162 contra
3241 5109 3545 5166 Nestorium
3578 5119 3626 5164 et
3641 5101 3754 5161 'Eu-

2221 5187 2280 5223 VC
2323 5188 2408 5223 ΘΠ.

2194 5177 2408 5226 tvchen.

2267 5239 2292 5277 ιι
2317 5240 2505 5299 Sermo
2526 5243 2615 5299 hic
2636 5244 2688 5299 in
2711 5247 2982 5301 nonnullis
3015 5248 3344 5305 editionibus
3379 5251 3673 5312 inscribitur,
3695 5247 3752 5302 iu

2197 5310 2568 5388 illud_Jo_annis
2597 5333 2608 5368 :
2635 5314 2766 5388 Jam_
2785 5317 3017 5388 diejesto
3039 5319 3314 5374 mediante.

2273 5383 2285 5419 ί
2321 5383 2374 5438 S.
2402 5383 2532 5464 Leo,
2557 5401 2720 5464 segm.
2747 5386 2770 5439 1
2807 5406 2818 5439 :
2845 5383 2996 5464 Quod
3024 5389 3262 5464 Christus
3289 5393 3622 5464 quadraginta
3649 5388 3751 5441 dies

2194 5469 2306 5506 rum
2341 5457 2509 5524 spatio
2548 5457 2723 5525 diﬂ'ert
2750 5461 3118 5524 ascensionem,
3149 5470 3204 5513 ut
3224 5457 3478 5517 Dominus
3491 5457 3629 5516 7m
3645 5474 3750 5512 rere

2194 5535 2555 5592 agnosceretur
2584 5529 2932 5593 resuscitatus,
2964 5531 3047 5600 qui
3070 5547 3181 5585 vere
3213 5543 3324 5586 erat
3352 5543 3402 5586 et
3421 5544 3562 5586 natus
3581 5542 3752 5598 etpas-

2195 5609 2300 5670 sus,
2315 5604 2382 5670 _ct
2409 5607 2658 5670 mortuus.

2268 5664 2508 5743 alterum
2541 5666 2806 5743 formatur
2841 5668 3083 5726 Christus
3122 5673 3174 5726 in
3213 5676 3479 5729 mentibus
3515 5673 3745 5743 ipsorum.

2193 5733 2281 5812 ille
2305 5733 2443 5812 idem
2465 5738 2554 5812 qui
2579 5739 2728 5806 prius
2749 5747 2865 5794 erat
2884 5749 3009 5812 ante
3042 5751 3288 5810 mortem,
3315 5745 3472 5812 Deus,
3495 5733 3669 5801 séilicet
3688 5746 3750 5794 et

2192 5805 2356 5860 homo
2383 5806 2433 5860 in
2457 5805 2662 5863 unitate
2683 5811 2963 5879 suppositi.
2991 5812 3149 5868 Mm.
