3882 6356
224 311 321 371 ιιι

1576 311 1809 370 SERMO
1845 313 2134 374 LXXXVI.

3396 345 3506 400 4η

225 436 435 530 ,εροτῇ
463 429 491 460 ι
519 420 1000 530 ηθερίτςροῗξιιηι.
1033 421 1363 528 Mirabantur
1387 421 1595 530 Judail,
1618 425 1815 530 ldiceu-n
1830 441 1883 500 Α
1908 445 2018 486 non
2056 445 2178 488 cum
2218 435 2468 506 exigitur,
2507 441 2604 496 sed
2641 456 2764 498 cum
2799 443 2999 516 donat;
3049 465 3157 509 non
3194 467 3316 512 cum
3356 461 3506 530 cogi-

227 528 296 575 tes
325 533 344 570 :
387 512 658 580 Quomodo
698 516 781 570 hic
828 515 1028 570 litteras
1064 516 1192 583 scit,
1235 533 1352 571 cum
1391 533 1498 571 non
1538 517 1815 573 didicerit?

225 605 356 676 Quid
381 607 538 676 virgo
564 607 773 678 peperit
791 605 1037 677 derogas,
1070 624 1179 663 non
1217 609 1458 677 miraris;
1488 610 1632 680 quod
1672 611 1815 667 Deus

225 708 405 756 nostro
435 697 463 737 δ
492 700 656 754 sentit
683 708 738 755 et
765 708 1022 771 operatur
1059 701 1113 755 in
1143 716 1371 772 corpore
1411 702 1670 774 abrogas,
1702 721 1814 761 non

223 791 430 858 fateris;
460 792 608 863 quod
635 807 808 849 aecus
830 793 997 860 videt,
1029 793 1224 849 surdus
1251 794 1418 862 audit,
1442 796 1665 852 claudus
1689 812 1813 854 cur-

221 883 301 946 rit,
325 883 501 951 surgit
527 891 789 951 mortuus,
813 891 868 940 et
895 891 1010 941 tota
1028 884 1275 942 Christus
1294 902 1491 943 arcana
1513 888 1609 944 Dei
1630 888 1809 960 loqui-

222 981 316 1039 tur,
347 988 464 1030 non
493 974 744 1030 miraris?
771 977 877 1032 hoc
901 975 1078 1032 solum
1099 977 1248 1047 quod
1267 978 1404 1034 sciat
1431 995 1554 1036 cum
1583 996 1690 1037 non
1728 980 1810 1036 di-

218 1066 426 1135 dicerit,
457 1069 563 1125 hoc
591 1069 844 1126 miraris?
871 1069 972 1126 llic
997 1077 1084 1126 est
1109 1071 1226 1142 ipse
1252 1072 1346 1142 qui
1368 1087 1478 1129 non
1498 1072 1682 1131 didicit
1713 1074 1808 1130 lit-

218 1168 373 1227 teras,
407 1159 503 1217 sed
535 1160 784 1229 donavit;
818 1163 907 1220 hic
934 1172 1018 1220 est
1043 1165 1137 1236 qui
1166 1180 1382 1222 sensum
1411 1167 1671 1234 condidit,
1709 1185 1808 1241 per

215 1265 369 1322 quem
401 1252 597 1308 littera:
619 1252 920 1324 finguntur;
951 1256 1158 1327 peritus
1179 1256 1330 1326 legis,
1355 1267 1546 1316 auctor
1563 1261 1804 1317 omnium

215 1360 302 1401 cur
327 1344 543 1402 litteras
583 1363 694 1403 non
731 1347 1013 1418 didicerit,
1057 1349 1387 1407 admiratur?
1433 1351 1576 1409 Deus
1619 1355 1804 1426 utique

213 1436 356 1493 adest
386 1439 546 1509 origo
573 1445 913 1506 cunctorum,
944 1442 1038 1512 qui
1071 1441 1200 1498 facit
1219 1458 1339 1499 esse
1365 1445 1510 1513 quod
1533 1461 1644 1502 non
1671 1446 1797 1516 fuit;

210 1543 320 1584 etim
349 1545 467 1586 non
494 1531 760 1600 didicerit,
784 1533 962 1590 docet.

274 1629 295 1658 ο
333 1619 538 1677 Deesse
562 1623 796 1678 videntur
823 1642 929 1681 non
957 1643 1146 1698 pauca.

707 1734 735 1775 ἀ
773 1736 1006 1795 SERMO
1051 1740 1332 1798 LXXXVI.

1917 531 2023 592 tur,
2079 527 2175 583 sed
2219 546 2340 585 cum
2397 533 2561 589 venit.
2617 535 2802 606 Unde,
2847 538 3068 613 fratres,
3101 555 3158 603 et
3199 565 3323 607 cum
3355 527 3506 612 venit

1915 621 2118 689 audito,
2142 631 2198 678 et
2223 639 2345 678 cum
2375 641 2482 680 non
2504 629 2653 683 venit
2679 633 2971 702 sustinete,
3003 647 3060 694 et
3087 655 3208 698 cum
3249 659 3309 700 se
3338 645 3507 702 donat

1913 716 2160 787 accipite,
2193 725 2248 772 et
2272 735 2394 776 cum
2420 737 2480 778 se
2507 730 2669 790 negat
2689 736 2870 796 orate;
2901 731 3027 801 quia
3055 733 3162 790 hoc
3187 735 3379 794 doctor
3407 755 3503 797 ac-

1911 809 2060 880 cipit,
2096 813 2243 881 quod
2287 823 2527 872 meretur
2563 823 2794 879 auditor.
2846 821 2989 894 Ergo
3025 832 3138 882 tam
3158 829 3312 885 vobis
3339 847 3502 901 quam

1909 903 2042 959 mihi
2063 901 2092 942 h
2113 908 2416 976 prmteritus
2435 927 2728 984 suspensus
2755 924 2840 972 est
2865 933 3066 985 sermo,
3097 929 3158 976 ut
3176 924 3501 992 proﬂuvium

1909 995 2170 1063 mulieris,
2202 1006 2259 1053 et
2284 1003 2575 1060 verecundi
2604 1006 2843 1064 vulneris
2862 1024 3102 1079 causam,
3139 1020 3195 1068 et
3222 1015 3366 1072 illius
3394 1032 3499 1089 pu-

1908 1085 2097 1144 dorem
2115 1090 2195 1146 sic
2215 1101 2401 1149 nostra
2429 1099 2754 1155 verecundia
2774 1101 2996 1170 celaret,
3039 1112 3100 1160 ut
3128 1108 3276 1176 quod
3303 1085 3500 1168 illavta-

1907 1181 2037 1245 cuit,
2061 1183 2226 1238 etiam
2266 1194 2452 1242 nostro
2481 1188 2695 1246 silentio
2729 1192 3073 1252 clauderetur
3102 1196 3328 1270 (Matth.
3361 1201 3454 1272 ιι)
3480 1219 3495 1256 :

1905 1273 2001 1330 sed
2027 1284 2262 1348 emptum
2289 1288 2628 1338 revertamur
2654 1285 2722 1340 ad
2758 1287 3003 1343 verbum.
3045 1289 3494 1366 Hierosolymita-

1903 1383 2006 1424 nus
2043 1366 2164 1425 fons
2191 1370 2450 1440 abundat,
2491 1390 2613 1430 cum
2653 1377 2881 1448 impellit
2920 1382 3144 1452 angelus
3185 1383 3363 1456 (Joan.
3396 1386 3492 1456 v),

1901 1476 2012 1517 non
2051 1477 2173 1518 cum
2213 1464 2326 1520 sitit
2376 1466 2618 1535 auditor;
2674 1469 2753 1526 sic
2790 1471 3089 1529 sacerdotis
3127 1490 3306 1532 sermo
3359 1493 3494 1535 exu-

1899 1554 2088 1623 berat,
2119 1559 2338 1627 quando
2367 1559 2461 1614 dat
2487 1561 2648 1628 Deus,
2674 1579 2784 1619 non
2817 1581 2940 1621 cum
2959 1576 3182 1638 perorat
3215 1571 3490 1629 sacerdos.

1899 1645 2036 1704 Hinc
2055 1656 2137 1703 est
2157 1651 2304 1719 quod
2320 1651 2609 1710 Zacharias
2629 1654 2763 1726 ipse,
2786 1657 2879 1727 qui
2900 1659 3214 1730 prophetias
3233 1663 3492 1734 loqueba-

1898 1745 1988 1795 tur
2014 1742 2245 1813 populis,
2278 1752 2423 1801 tacet
2450 1745 2572 1814 sibi,
2602 1755 2663 1802 ut
2691 1763 2791 1805 nos
2810 1750 3006 1820 ingrati
3035 1752 3150 1809 Deo
3170 1770 3278 1810 non
3299 1756 3488 1820 simus,

207 1826 276 1881 De
299 1829 703 1886 annuntiatione
729 1841 780 1887 et
815 1835 1143 1905 conceptione
1167 1833 1238 1888 Β.
1263 1835 1488 1892 Joannis
1517 1837 1786 1910 Baptista.
1821 1826 1867 1887 Β
1893 1832 1939 1886 Si
1959 1849 2060 1890 nos
2086 1836 2253 1892 semel
2275 1845 2452 1894 tacere
2477 1840 2648 1896 voluit
2675 1839 2692 1877 ί
2725 1843 2919 1912 quibus
2937 1859 3152 1916 semper
3171 1847 3490 1906 inoﬂensum

264 1918 575 1979 Mundanus
604 1937 803 1990 sermo,
836 1931 896 1979 ut
922 1924 1160 1982 humano
1189 1926 1464 1997 profertur
1491 1944 1560 1984 ex
1587 1945 1750 1986 sensu
1772 1973 1787 1996 ,

202 2013 448 2072 humanis
476 2016 646 2071 servit
671 2024 726 2072 et
752 2015 1085 2074 obseeundat
1112 2019 1380 2090 ingeniis;
1421 2021 1633 2079 divinus
1659 2039 1790 2081 vero

203 2123 371 2164 sermo
403 2108 461 2163 in
490 2116 764 2181 potestate
795 2111 974 2167 dantis
1001 2120 1104 2180 est,
1155 2128 1263 2168 non
1301 2113 1548 2170 dicentis.
1600 2116 1792 2173 Audis-

202 2199 261 2255 tis
289 2201 754 2271 quemadmodum
784 2204 1075 2261 Zacharias
1103 2204 1195 2260 ille
1225 2213 1249 2242 ⁸
1280 2206 1476 2262 summi
1503 2207 1791 2265 sacerdotii

201 2292 454 2364 splendor
475 2295 603 2352 dum
631 2306 846 2364 exorat,
896 2299 1204 2366 obmutuit;
1235 2301 1404 2358 tacuit
1429 2309 1585 2374 pater
1609 2303 1786 2369 vocis,

201 2384 319 2457 Ego,
337 2387 544 2458 inquit,
567 2406 666 2445 eoa:
685 2390 958 2446 clamantis
977 2393 1032 2446 in
1055 2391 1256 2448 deserto
1285 2393 1463 2466 (Joan.
1484 2393 1522 2465 ι)
1542 2413 1557 2462 ;
1579 2396 1792 2464 genitor

199 2477 449 2535 clamoris
471 2480 770 2550 obmutuit;
801 2491 857 2538 et
876 2498 1124 2554 egressus
1152 2485 1426 2542 silentium
1452 2488 1664 2554 retulit,
1697 2489 1790 2558 qui

203 2568 221 2608 ¹
267 2587 536 2643 responsa
580 2575 850 2632 relaturus
890 2576 1208 2633 intraverat.
1253 2577 1461 2636 Videtis
1498 2594 1627 2650 ergo
1663 2581 1790 2650 quia

197 2664 471 2722 silentium
493 2679 692 2733 meum,
725 2669 869 2739 quod
898 2677 1059 2727 antea
1087 2672 1435 2728 contristavit
1462 2689 1560 2729 vos
1580 2713 1599 2741 ,
1640 2674 1790 2730 venit

199 2767 222 2803 κ
245 2757 308 2814 de
333 2761 571 2830 antiquo
589 2761 887 2832 pontiﬁcali
907 2781 1027 2832 usu,
1052 2781 1161 2821 non
1182 2766 1251 2822 de
1271 2767 1527 2822 novitatis
1547 2768 1781 2825 incursu.

199 2847 281 2905 llle
305 2851 400 2906 ubi
428 2853 605 2908 sensit
632 2853 826 2925 lingum
851 2871 962 2912 sua:
999 2858 1211 2913 vincula
1249 2858 1333 2914 sui
1367 2859 1587 2930 januam
1635 2861 1787 2917 clau-

198 2944 320 3000 sisse
346 2948 658 3016 sermonis,
691 2949 980 3021 imperavit
1006 2959 1140 3007 nutu
1173 2967 1242 3008 ne
1273 2952 1396 3023 quis
1433 2969 1627 3010 causas
1655 2956 1787 3012 taci-

202 3036 468 3093 turnitatis
490 3037 811 3108 inquireret,
846 3042 972 3110 quia
1005 3042 1226 3100 cmleste
1261 3045 1577 3115 mysterium
1605 3045 1787 3102 dicere

199 3142 294 3182 non
313 3127 604 3197 didicerat,
628 3132 721 3200 qui
741 3133 1005 3189 didicerat
1023 3135 1165 3190 scire
1184 3152 1196 3188 :
1221 3134 1317 3189 sed
1336 3135 1442 3191 hoc
1461 3136 1530 3192 ad
1549 3145 1781 3208 tempus,

193 3221 309 3288 quia
336 3222 648 3281 sacerdotis
667 3223 910 3282 differtur
929 3243 1127 3294 sermo,
1159 3245 1268 3285 non
1290 3229 1560 3298 aufertur;
1590 3244 1784 3286 recon-
1808 3206 1855 3268 ί)

193 3311 345 3378 ditur,
379 3329 496 3368 non
524 3325 783 3387 negatur;
833 3319 1093 3392 mysterio
1134 3321 1501 3392 suspenditur,
1546 3337 1655 3378 non
1695 3321 1780 3378 fu-

195 3413 361 3474 gatur.
384 3407 635 3480 Denique
676 3411 963 3469 Zacharias
1003 3414 1118 3485 ipse
1157 3415 1306 3484 quod
1350 3422 1526 3482 tacet,
1561 3431 1670 3471 non
1699 3424 1784 3472 est

195 3513 368 3568 pana,
391 3501 489 3556 sed
511 3502 750 3572 signum;
783 3521 892 3560 non
917 3514 1001 3562 est
1023 3515 1239 3562 terrena
1260 3506 1526 3572 debilitas,
1558 3509 1652 3564 sed
1671 3524 1781 3565 om-

190 3587 319 3648 leste
346 3600 662 3661 secretum;
693 3596 837 3652 Deus
863 3598 956 3667 qui
977 3598 1129 3668 loqui
1157 3598 1269 3665 dat,
1312 3607 1493 3657 tacere
1535 3598 1694 3664 facit;
1726 3609 1784 3656 et

187 3682 416 3756 imperat
457 3688 752 3756 silentium,
788 3691 880 3760 qui
919 3691 1110 3747 inserit
1149 3692 1413 3760 verbum;
1468 3692 1778 3750 dominatur

183 3775 394 3833 divinus
438 3795 617 3836 sermo
639 3821 654 3847 ,
706 3797 814 3837 non
861 3784 1065 3850 servit,
1107 3783 1233 3854 quia
1266 3783 1409 3840 Deus
1430 3785 1690 3852 verbum;
1721 3793 1778 3841 et

183 3868 297 3926 ideo
343 3887 466 3927 non
511 3887 632 3928 cum
683 3873 904 3943 jubetur
951 3875 1222 3944 loquitur,
1279 3875 1375 3931 sed
1421 3891 1544 3931 cum
1585 3875 1772 3946 jubet;

245 4081 273 4109 ⁸
310 4070 442 4126 Alia
470 4069 816 4140 exemplaria,
850 4072 1047 4125 nescire
1074 4071 1288 4141 possint.

242 4141 272 4181 ι’
309 4143 374 4197 In
403 4141 699 4205 nonnullis,
735 4143 974 4196 sentitur.

243 4223 268 4253 ο
307 4213 600 4268 Nonnullae
625 4212 887 4268 editiones
915 4212 969 4266 id
997 4219 1205 4267 notant.

240 4282 266 4321 δ
306 4284 519 4353 Deesse
538 4298 647 4338 non
669 4298 839 4353 pauca
864 4282 1132 4337 videntur.
1155 4282 1316 4338 Mm.

1893 1921 2118 1996 largitus
2133 1939 2216 1986 est
2232 1931 2472 1987 verbum.
2490 1933 2584 1990 llle
2604 1951 2713 1991 non
2728 1936 3047 2008 dedignatur
3062 1957 3093 1996 a
3107 1940 3244 1998 Filio
3265 1944 3488 2000 verbum

1893 2018 2154 2089 recipere,
2179 2022 2265 2076 cui
2305 2023 2530 2079 dederat
2558 2026 2765 2083 lucem:
2798 2037 2852 2084 et
2879 2047 2994 2098 vos,
3020 2031 3134 2099 lilii,
3158 2039 3310 2089 orate
3331 2035 3489 2092 nobis

1893 2125 2102 2176 vocem,
2128 2121 2186 2168 ut
2214 2115 2434 2184 possitis
2461 2118 2650 2174 audire
2689 2136 3012 2178 sermonem.
3059 2123 3329 2196 Reparate
3355 2141 3488 2197 gau-

1892 2202 2039 2258 dium
2059 2220 2256 2272 meum,
2290 2214 2349 2261 ut
2376 2217 2648 2264 assuetam
2675 2213 2894 2282 possitis
2914 2213 3154 2269 laetitiam
3181 2215 3483 2286 possidere,

1893 2300 1949 2348 et
1991 2295 2216 2366 implere
2247 2297 2378 2354 illud
2408 2298 2656 2370 Apostoli
2693 2320 2705 2355 ε
2741 2300 2867 2368 Quis
2897 2314 2974 2359 est
2997 2306 3084 2378 qui
3110 2322 3193 2360 me
3220 2307 3482 2377 lcetiﬁcet.

1892 2387 1992 2441 nisi
2015 2388 2101 2459 qui
2126 2390 2460 2445 contristatur
2489 2408 2554 2446 ea:
2581 2410 2663 2447 me
2691 2393 2769 2466 (ll
2802 2394 2920 2450 Car.
2955 2396 3043 2464 ιι).
3093 2395 3286 2453 Veniat
3313 2413 3443 2469 ergo
3464 2441 3481 2465 ,

1892 2479 2074 2534 veniat
2117 2481 2170 2534 in
2212 2482 2446 2538 medium
2475 2485 2666 2542 beatus
2695 2487 3002 2556 Zacharias,
3035 2491 3129 2559 qui
3158 2506 3258 2546 nos
3296 2498 3485 2548 tacens

1890 2574 1982 2646 pio
2003 2576 2316 2632 consolatur
2336 2580 2617 2651 exemplo:
2641 2589 2697 2637 et
2715 2582 2933 2638 silentio
2961 2599 3060 2638 suo
3079 2599 3181 2640 nos
3207 2583 3275 2640 de
3294 2592 3484 2642 nostro

1889 2681 2000 2721 non
2028 2668 2157 2722 sinit
2175 2669 2358 2724 tristes
2379 2686 2498 2726 esse
2527 2672 2760 2729 silentio.
2787 2673 3002 2742 Veniat,
3043 2675 3227 2730 veniat
3246 2691 3484 2746 przecur-

1889 2774 1983 2814 sor
2026 2761 2197 2827 verbi,
2237 2763 2527 2818 sacerdotii
2579 2764 2886 2834 speculum,
2942 2766 3246 2822 sanctitatis
3295 2781 3481 2823 exem-

1887 2854 2056 2925 plum,
2084 2855 2537 2924 evangelistarum
2564 2857 2834 2928 princeps,
2869 2855 2884 2908 i
2923 2858 3164 2914 clausula
3183 2859 3479 2930 propheta-

1888 2962 2026 3001 rum.
2057 2945 2203 3013 Fuit,
2238 2949 2427 3018 inquit,
2453 2950 2508 3004 in
2538 2950 2714 3006 diebus
2743 2948 2766 2988 ¹ί
2799 2949 3047 3018 Herodis,
3079 2953 3216 3025 regis
3256 2951 3477 3022 Judww,

1886 3040 2127 3095 sacerdos
2155 3040 2366 3112 quidam
2394 3043 2602 3096 nomine
2627 3042 2913 3098 Zacharias
2945 3042 3093 3116 (Luc.
3137 3043 3197 3114 ι).
3234 3044 3371 3100 Dum
3397 3043 3478 3100 di-

1887 3131 2027 3186 citur
2067 3132 2167 3187 sub
2200 3147 2310 3202 quo
2350 3149 2480 3204 rege
2523 3135 2645 3204 quis
2670 3136 2924 3191 sacerdos
2969 3137 3057 3202 sit,
3108 3144 3480 3206 temperantur

1885 3225 2066 3280 mala:
2097 3225 2250 3280 adest
2281 3242 2495 3298 semper
2521 3229 2578 3282 in
2617 3243 2851 3284 mcerore
2891 3228 3163 3296 solatium,
3208 3244 3310 3286 nec
3346 3244 3478 3286 mn-

1884 3315 2089 3372 solator
2106 3317 2277 3382 deest,
2310 3318 2396 3373 cui
2423 3319 2664 3374 imminet
2692 3328 3026 3390 persecutor.
3058 3319 3186 3375 Fuit
3218 3322 3276 3375 in
3298 3319 3478 3376 diebus

1885 3408 2133 3474 Herodis,
2176 3413 2308 3483 regis
2345 3411 2564 3475 Judwte,
2604 3412 2845 3467 sacerdos
2881 3412 3092 3484 quidam
3128 3413 3334 3467 nomine
3362 3411 3477 3467 Za-

1885 3503 2110 3558 charias.
2145 3501 2325 3572 Usque
2353 3503 2422 3560 ad
2450 3503 2717 3560 llcrodem
2736 3504 2970 3561 iudaice
2991 3506 3139 3574 genti
3164 3505 3476 3562 sacerdota-

1883 3596 1950 3651 lis
1987 3597 2264 3661 sanctitas,
2306 3611 2492 3652 senum
2529 3597 2784 3666 gravitas,
2828 3604 3042 3667 patrum
3074 3597 3249 3668 pietas
3286 3596 3474 3668 praesi-

1883 3688 2083 3744 debat:
2113 3687 2204 3758 jus
2222 3695 2341 3742 erat
2359 3687 2448 3743 lex
2474 3687 2676 3755 divina,
2709 3688 2932 3744 ambitio
2961 3688 3037 3743 nil
3064 3688 3156 3756 ibi,
3196 3687 3274 3743 nil
3302 3695 3472 3744 teme-

1881 3784 2035 3851 ritas,
2070 3783 2420 3854 praesumptio
2447 3783 2518 3838 nil
2549 3783 2785 3847 valebat,
2817 3783 2942 3853 quia
2980 3782 3268 3852 gerebatur
3294 3788 3471 3838 totum

1882 3875 2066 3931 divino
2095 3874 2303 3941 ordine,
2339 3890 2450 3931 non
2485 3875 2754 3941 humano;
2778 3873 2874 3930 sed
2913 3873 3154 3930 Herodes
3194 3870 3214 3911 ι
3245 3873 3470 3930 veniens

1881 4071 2368 4144 rapereturdivino,
2390 4071 2447 4125 in
2474 4072 2587 4144 ipso
2617 4079 2787 4126 tamen
2814 4070 3004 4144 ardore
3022 4069 3244 4144 dicendi,
3273 4086 3371 4144 vos;
3384 4072 3466 4144 illi

1877 4141 2302 4214 exstinguebatur
2331 4159 2349 4196 :
2379 4141 2518 4214 quod
2553 4143 2619 4214 in
2645 4157 2707 4195 ea
2747 4142 2973 4214 maxime
2989 4141 3232 4214 conc_io_ne
3251 4141 3460 4214 accidit.

1877 4160 2302 4214 exstsngueaatur
2331 4160 2349 4196 :
2413 4160 2516 4196 uoa
2553 4160 2608 4196 ιη
2645 4160 2707 4195 ea
2747 4160 2970 4195 maxime
2989 4160 3232 4194 concwne
3251 4160 3460 4207 acctatl,

1875 4231 2029 4286 quam
2051 4215 2114 4268 de
2134 4214 2347 4286 muliere
2372 4160 2517 4286 Zama
2542 4212 2824 4286 laborante
2844 4209 3060 4286 dicebat.
3090 4209 3464 4286 Tillemontius

1872 4280 2006 4340 vero
2039 4291 2194 4356 putat
2236 4283 2385 4338 innui
2411 4283 2500 4339 hic
2536 4283 2710 4338 Serm.
2758 4280 2845 4347 55,
2870 4281 2964 4350 qui
2991 4281 3218 4336 aliorum
3246 4281 3464 4339 brevior

241 4365 265 4394 ε
303 4352 682 4427 Chrysologus
714 4354 769 4408 in
821 4369 1008 4410 eorum
1052 4355 1377 4427 sententiam
1423 4353 1768 4427 it,_opinan-
1871 4362 1972 4427 est.

173 4427 302 4484 tium
324 4424 650 4481 Zachariam
686 4440 896 4480 summo
928 4425 1216 4481 sacerdotii
1244 4440 1466 4481 munere
1504 4424 1764 4493 functum,

171 4508 224 4554 et
241 4514 356 4554 non
380 4496 645 4567 simplicis
666 4502 891 4567 tantum,
925 4503 982 4550 et
1008 4495 1076 4550 de
1103 4496 1220 4567 vice
1250 4496 1508 4567 Abim,iut
1537 4497 1770 4552 nonnul-

171 4568 234 4625 lis
255 4565 731 4624 videtur'innuere
774 4565 945 4622 Lucas
983 4582 1021 4621 ι.
1054 4566 1396 4632 Ambrosius,
1435 4566 1592 4621 Luca:
1619 4584 1656 4632 ι,
1683 4568 1765 4621 tit.

171 4640 232 4696 de
250 4642 510 4709 ingressu
539 4638 809 4692 Zachariae
831 4639 882 4692 in
905 4637 1214 4709 Templum:
1257 4637 1470 4691 Videtur
1490 4648 1659 4691 autem
1683 4638 1770 4709 hic

168 4707 466 4765 Zacharias
509 4709 769 4780 designari
810 4707 1052 4763 sacerdos
1093 4724 1350 4780 summus,
1381 4709 1501 4779 quia
1527 4708 1687 4762 semel
1714 4710 1768 4762 in

1952 4426 1967 4463 ί
2014 4427 2181 4491 Alias,
2213 4425 2394 4498 quibus
2406 4425 2630 4498 saepius.

1949 4499 1968 4547 ι
2011 4498 2071 4552 ln
2111 4513 2176 4551 eo
2207 4493 2348 4550 cnim
2387 4493 2661 4551 desierant
2694 4493 3010 4566 pr0phe_ti'.e.
3041 4493 3460 4566 Chrysostomus

1875 4583 1939 4622 ex
1979 4569 2143 4623 variis
2183 4566 2420 4622 Matthmi
2469 4567 2618 4630 locis,
2662 4566 2848 4620 homil.
2891 4564 2960 4618 20
2995 4579 3118 4636 pag.
3159 4564 3298 4619 1074
3325 4567 3456 4623 edit.

1873 4637 2044 4694 Paris.
2079 4645 2237 4694 vocat
2265 4654 2389 4692 eum
2415 4639 2675 4694 silentium
2703 4636 3086 4708 prophetarum.

1946 4711 1968 4747 κ
2008 4710 2130 4764 Fuit
2153 4709 2240 4763 hic
2259 4708 2498 4764 Herodes
2526 4705 2886 4776 cognomento
2919 4706 3161 4776 Magnus,
3191 4705 3452 4776 Innocen-

168 4799 305 4836 anno
336 4782 485 4836 solus
515 4775 741 4853 summus
770 4780 1012 4853 sacerdos
1041 4781 1097 4853 in
1109 4775 1768 4853 secundo_sar_ictuario_in-
1798 4794 1845 4853 υ
1873 4781 2005 4834 tium
2017 4780 2190 4853 caede,
2219 4788 2274 4833 et
2293 4779 2520 4834 aliorum
2551 4775 2838 4853 criminum
2848 4777 3258 4853 perpetratione
3285 4775 3455 4853 famo-

167 4852 361 4907 trabat.
402 4850 536 4905 Vide
565 4849 786 4915 August.
820 4851 874 4905 in
902 4848 1059 4903 Joan.
1085 4849 1270 4903 homil.
1302 4847 1402 4915 49;
1426 4848 1644 4913 Bedam,
1670 4849 1770 4904 ho-

165 4923 278 4992 mil.
327 4923 388 4977 in
430 4921 614 4990 vigilia
647 4919 704 4975 S.
741 4919 898 4975 Joan.
940 4920 1226 4990 Baptistae;
1271 4919 1764 4992 Theophylactum,

165 4990 522 5063 Brugensem,
549 5000 653 5046 etc.

240 5065 258 5102 τ
281 5060 514 5119 ’50111³8
541 5062 684 5116 enim
724 5061 887 5117 fuisse
923 5060 1295 5116 sacerdotibus
1323 5061 1634 5128 contingere
1666 5077 1765 5128 ap-

163 5135 474 5203 paritiones
518 5133 865 5201 angelorum,
898 5133 990 5202 qui
1023 5132 1114 5186 Dei
1145 5130 1294 5199 jussa
1320 5133 1385 5186 ad
1417 5133 1660 5186 homines
1689 5130 1766 5186 fe-

162 5215 290 5260 runt
327 5213 462 5262 tunc
497 5204 731 5258 maxime
759 5220 879 5259 cum
915 5204 1212 5264 adolerent,
1256 5218 1322 5257 ex
1360 5203 1604 5272 pluribus
1638 5203 1764 5256 rab-

161 5275 419 5332 binorum
449 5275 663 5344 scriptis
692 5275 834 5329 eruit
861 5274 1100 5329 Drusius.
1134 5273 1423 5344 Zacharias
1453 5280 1763 5344 autemnon

159 5362 384 5402 sacrum
411 5342 693 5418 penetrale
713 5347 988 5418 ingressus
1015 5349 1151 5410 erat,
1184 5352 1244 5398 ut
1269 5342 1520 5398 mandata
1541 5343 1636 5398 Dei
1663 5359 1760 5398 ex-

159 5418 394 5486 ciperet,
414 5416 522 5473 'sed
543 5425 603 5471 ut
625 5416 885 5472 adoleret.

229 5497 256 5534 ε
302 5487 644 5570 Quandoque
681 5486 1155 5570 pontiﬁcii"mun_ii
1179 5484 1438 5570 _obeundi
1468 5485 1762 5570 necessitas

156 5559 424 5628 praesules
471 5575 502 5613 a
543 5555 895 5614 concionibus
939 5558 1302 5622 distrahebat,
1325 5555 1760 5628 iquodyinferius

157 5629 343 5683 innuit
369 5649 380 5682 :
407 5628 560 5696 Quod
590 5631 838 5684 tacuimus
862 5627 1114 5694 habetote,
1147 5645 1252 5683 non
1281 5627 1550 5682 oblivionis
1577 5628 1755 5699 fuisse,

153 5700 244 5773 sed
277 5703 559 5773 temporis;
590 5701 748 5773 divini
778 5702 988 5773 negotii,
1020 5717 1124 5753 non
1153 5700 1372 5753 rationis
1393 5699 1658 5773 fiuntque.

226 5769 256 5809 ιι
292 5767 534 5840 Rubeus,
558 5767 906 5829 lib.nllist6r.
927 5771 1224 5842 Ravennati.
1242 5784 1364 5840 pag.
1387 5768 1505 5842 l09.
1523 5767 1759 5842 Chryso-

150 5848 317 5912 logus
342 5863 356 5898 :
381 5842 505 5900 Cum
516 5846 795 5901 acerrimus
810 5852 945 5898 esset
957 5843 1012 5897 in
1027 5841 1262 5904 dicendo,
1286 5851 1335 5896 et
1349 5842 1402 5895 in
1426 5841 1598 5912 furore
1613 5841 1758 5912 quasi

1836 5134 2130 5202 'religionc
2161 5149 2419 5203 paganus,
2454 5133 2748 5203 Ascalonita;
2769 5132 2855 5186 vel
2895 5131 3053 5186 natus
3080 5131 3163 5186 vel

1872 4867 1983 4905 sus.
2016 4851 2187 4906 Vocat
2215 4864 2416 4918 regem,
2449 4858 2508 4904 ut
2537 4865 2660 4904 eum
2693 4849 2761 4902 ab
2791 4849 2898 4903 alio
2933 4848 3148 4903 llerode
3181 4848 3454 4904 tetrarcha

1870 4919 2087 4976 Galilezc
2114 4922 2464 4976 discerneret.
2495 4919 2718 4976 Joannis
2750 4928 2929 4975 autem
2964 4918 3247 4990 conceptio
3272 4918 3457 4975 evenit

1870 5008 2012 5046 anno
2035 4991 2101 5045 l9.
2115 4991 2359 5046 Herodis.

1947 5060 1964 5098 ι
2007 5063 2174 5117 Filius
2203 5064 2345 5117 enim
2368 5071 2486 5118 erat
2512 5061 2797 5131 Antipatri,
2823 5070 2877 5115 et
2905 5060 3082 5132 Nepos
3103 5060 3334 5132 Antipae,
3356 5061 3453 5131 qui

3267 5138 3449 5198 uetus,

1868 5201 2074 5274 primus
2100 5201 2375 5259 Iudaicam
2411 5205 2688 5274 amplexus
2727 5201 2900 5274 fuerat
2924 5203 3278 5274 religionem,
3327 5218 3453 5260 cum

1872 5271 1972 5330 sub
1995 5274 2230 5330 llircano
2261 5271 2623 5346 regc,_Jud-.eze
2650 5271 2878 5346 praefuit.
2906 5272 3115 5346 Antipa:
3138 5273 3308 5346 patris
3331 5274 3453 5346 reli-

1907 5347 2084 5402 ionem
2129 5342 2346 5416 secutus
2393 5342 2692 5416 Antipater,
2743 5342 3154 5416 Phasellumiet'
3181 5342 3451 5416 Herodem

1907 5361 2084 5402 nonem
2129 5361 2346 5402 secums
2393 5361 2692 5416 anupater,
2743 5361 3047 5400 rnaseuum
3081 5361 3138 5399 et
3181 5361 3451 5400 nemnem

1869 5361 2120 5485 glagnum
2149 5414 2286 5471 filios
2310 5417 2363 5471 in
2401 5415 2620 5472 Judaica
2663 5416 2778 5482 lege
2811 5415 3014 5470 eduxit.
3061 5415 3252 5485 Mirum
3288 5413 3452 5485 igitur

1868 5483 2130 5564 Harduini
2157 5495 2538 5564 commentum,
2575 5487 3118 5564 qui_eum_paganum
3156 5484 3323 5564 fuisse
3349 5483 3450 5542 do-
3507 5559 3514 5564 ν

1868 5566 1972 5624 cet,
2024 5557 2248 5614 Athenis
2282 5555 2603 5622 oriundum,
2628 5555 2918 5613 Platonicae
2963 5566 3125 5614 sectae
3156 5555 3446 5624 addictum,
3504 5559 3515 5607 ξ

1866 5645 2029 5699 quam
2052 5631 2166 5701 ipse
2195 5629 2248 5683 in
2276 5629 2612 5685 Hcrodianos
2639 5627 2944 5701 transfudi}.
2976 5629 3224 5685 Fabellas
3243 5630 3450 5701 basexc

1867 5699 2089 5770 pungit‘
2120 5703 2412 5773 Basnagius
2472 5705 2525 5759 in
2591 5702 2826 5761 Historia
2882 5699 3188 5758 Judteorum
3242 5700 3448 5759 Gallice

1864 5774 2078 5845 scripta.
2109 5774 2259 5830 Tom.
2285 5775 2304 5830 Ι
2329 5791 2449 5846 pag.
2486 5776 2571 5831 (35.
