3882 6356
499 365 603 428 “1

1749 366 1804 422 S.
1843 361 2047 422 PETRI
2082 361 2509 423 CHRYSOLOGI

3655 373 3768 434 ιη

495 483 667 542 dulcis
686 482 854 541 currit
886 496 1065 540 usura.
1125 481 1482 553 Posteaquam
1507 479 1782 538 Zachariae
1809 480 2078 539 sacerdoti
2099 481 2156 544 Α
2179 482 2427 540 omnibus
2451 483 2562 555 egit
2602 484 2920 558 supplicatio
2953 487 3264 555 sacerdotis,
3294 501 3391 546 cur
3437 489 3663 560 angelus
3701 493 3774 551 de

494 577 809 651 apparuisse
845 577 1093 646 angelum
1137 575 1352 630 Domini
1385 575 1728 645 evangelicus
1771 591 1950 632 sermo
1981 575 2078 632 de-

493 669 727 740 scripsit,
759 667 956 737 adjecit
979 667 1164 722 dicens
1192 683 1204 718 :
1235 664 1308 721 Et
1335 665 1566 722 turbatus
1598 675 1676 722 est
1699 666 1986 722 Zacharias
2004 669 2080 723 vi-

2180 574 2300 632 solo
2325 576 2552 647 pignore
2584 577 2769 634 retulit
2804 577 3122 650 impetrata?
3145 579 3286 649 Quid
3325 590 3594 651 tenemus,
3637 586 3772 655 quid

2179 665 2271 723 diu
2301 667 2674 738 suspendimus
2715 669 2924 725 animos
2961 670 3309 728 auditorum?
3334 688 3500 743 quam
3526 689 3639 732 non
3666 675 3771 732 sibi

427 824 436 848 ι
491 762 637 827 deus,
669 770 719 814 et
748 762 900 815 timor
916 761 1069 815 irruit
1093 776 1248 832 super
1278 777 1395 816 eum
1416 759 1565 834 (Luc.
1596 759 1657 832 ι).
1712 759 1770 816 Si
1790 761 1859 816 de
1877 761 2078 854 iudicis
2177 761 2298 828 soli,
2341 761 2438 818 sed
2466 763 2714 820 omnibus
2747 762 2977 820 adfuerit
3003 764 3107 821 iste
3139 766 3481 824 venerandus
3509 767 3769 836 antistes;

433 851 438 868 ³
483 860 760 925 potestate
778 852 1038 909 sollicitus
1060 861 1174 919 est,
1197 853 1291 922 qui
1314 867 1530 924 semper
1541 853 1610 910 de
1624 851 1949 925 apparitoris
1962 861 2077 910 tur—
2176 869 2346 926 quam
2399 856 2740 926 responderit
2788 857 3012 928 angelus
3049 857 3352 926 universis;
3419 875 3586 930 quam
3625 859 3771 917 Deus

483 949 646 1003 batur
672 953 730 1001 et
763 945 1132 1001 contremiscit
1167 945 1430 1012 adventu,
1473 953 1528 1002 et
1556 945 1794 1001 mandati
1821 945 2073 1002 meritum

481 1039 549 1093 de
579 1052 812 1109 persona
839 1037 1104 1094 venientis
1130 1037 1362 1092 mstimat
1387 1044 1444 1093 et
1469 1037 1717 1106 metitur;
1748 1045 1804 1094 .et
1827 1037 2073 1107 quamvis

485 1130 623 1187 bene
663 1129 910 1186 conscius
946 1138 1136 1200 pavet,
1176 1130 1351 1186 donec
1383 1145 1575 1187 causas
1609 1131 1876 1187 venientis
1903 1144 2072 1200 agno-

483 1229 673 1278 scatet
704 1221 970 1292 intelligat
996 1222 1340 1292 qualitatem;
1371 1223 1500 1293 quid
1519 1222 1699 1290 faciet,
1730 1238 1840 1294 quo
1868 1240 2070 1295 pavore

484 1315 797 1387 trepidabit,
829 1330 952 1370 cum
979 1322 1303 1386 potestatem
1329 1331 1618 1387 supernam
1647 1317 1875 1373 senserit
1893 1318 2067 1374 homi-

484 1405 566 1460 nis
587 1405 853 1461 imbecilla
882 1413 1093 1471 natura,
1125 1421 1248 1462 cum
1273 1408 1575 1477 respexerit
1599 1407 1764 1464 homo
1793 1409 2062 1479 angelum,

481 1505 540 1553 et
564 1498 758 1553 divinae
785 1496 927 1553 sedis
955 1507 982 1536 ι
1009 1497 1311 1554 ministrum
1337 1498 1568 1555 viderit?
1604 1499 1744 1556 Caro
1772 1516 2064 1572 numquam

477 1588 547 1645 de
572 1605 669 1644 sua
697 1589 1028 1646 conscientia
1057 1597 1142 1644 est
1169 1605 1356 1646 secura
1382 1608 1394 1642 :
1439 1590 1580 1647 sicut
1613 1590 1898 1648 Zacharias
1925 1593 2059 1664 ipse,

478 1683 545 1738 de
572 1699 680 1753 quo
700 1683 969 1752 loquimur
988 1699 1150 1748 nunc,
1174 1683 1568 1755 comprobavit,
1591 1684 1684 1754 qui
1713 1685 1766 1739 in
1781 1684 1899 1756 ipso
1923 1693 2061 1742 tem-

475 1789 609 1844 pore
660 1773 977 1844 placationis
1018 1773 1271 1842 offendit;
1319 1776 1412 1845 qui
1440 1775 1569 1831 dum
1594 1775 1796 1843 credit,
1827 1777 2050 1843 dubitat,

2173 949 2513 1021 prospexerit
2549 949 2606 1005 in
2632 965 2740 1006 uno
2778 950 2884 1006 isto
2929 951 3173 1020 germine
3218 951 3520 1008 sacerdotis
3541 991 3559 1016 ,
3604 965 3770 1022 quem

2172 1039 2504 1108 genitoribus
2553 1040 2740 1110 utique
2774 1047 2831 1096 et
2857 1041 2957 1112 ipsi
2985 1041 3056 1097 ob
3082 1041 3189 1098 hoc
3223 1042 3499 1113 delegerat
3534 1049 3767 1108 naturae.

2170 1139 2232 1186 ut
2257 1146 2380 1188 eum
2407 1131 2563 1188 daret
2581 1131 2940 1197 universitati,
2968 1133 3260 1202 largiretur
3283 1133 3515 1200 saeculis,
3546 1133 3769 1205 populis

2167 1222 2527 1289 condonaret,
2559 1231 2616 1280 et
2641 1225 2796 1280 fieret
2832 1224 3157 1280 sacramenti
3183 1222 3325 1281 ﬁlius
3351 1225 3496 1281 inter
3522 1225 3768 1282 sacraria

2172 1323 2196 1350 ο
2216 1312 2448 1380 delatus,
2485 1313 2626 1369 inter
2651 1321 2991 1370 sacramenta
3017 1329 3329 1380 concessus,
3359 1323 3506 1372 esset
3533 1315 3768 1370 antistes

2166 1405 2234 1461 de
2259 1404 2571 1461 venerando
2611 1412 2903 1476 generatus
2929 1405 3191 1470 antistite,
3231 1412 3376 1461 esset
3408 1404 3645 1474 angelus
3672 1419 3768 1458 ore

2165 1496 2342 1566 angeli
2385 1503 2573 1553 sancta
2613 1503 2903 1568 conceptus
2929 1496 2986 1552 in
3024 1496 3262 1562 viscera,
3295 1503 3438 1552 esset
3460 1511 3577 1552 vox
3605 1492 3766 1550 Chri-

2164 1590 2265 1646 sti:
2311 1589 2425 1662 Ego
2484 1606 2584 1645 eoa:
2630 1589 2902 1644 ctantantis
2947 1590 3005 1644 in
3051 1589 3251 1645 deserto
3289 1589 3470 1661 (Joan.
3505 1587 3582 1659 ι);
3617 1594 3766 1644 esset

2161 1697 2269 1737 vox
2287 1680 2489 1737 Christi
2509 1681 2579 1736 ad
2615 1678 2887 1736 Christum
2918 1696 3018 1736 sua
3054 1689 3362 1737 reservatus
3389 1679 3458 1736 ad
3478 1688 3760 1751 tempora,

2161 1781 2500 1844 essetpch
2518 1771 2722 1830 Iudicis
2739 1772 3081 1844 praesentiam
3101 1772 3446 1838 clamatums,
3469 1777 3630 1828 esset
3647 1786 3763 1841 pa:-

475 1864 684 1920 dicente
710 1864 922 1934 angelo,
953 1864 1088 1931 Quia
1107 1881 1218 1922 non
1237 1865 1508 1921 credidisti
1532 1867 1708 1922 verbis
1729 1867 1892 1923 meis:
1924 1868 2053 1924 dum
2082 1863 2130 1925 B
2154 1864 2382 1920 nitentia
2408 1863 2640 1935 populos
2666 1861 2868 1918 Christi
2894 1870 3186 1918 vocaturos
3211 1862 3278 1917 ad
3305 1861 3542 1916 veniam.
3579 1858 3760 1926 Quam

473 1955 737 2025 postulata
780 1965 1140 2027 promeretur,
1185 1957 1440 2023 incurrit;
1483 1957 1891 2026 condemnatur,
1935 1975 2055 2016 mu-
2156 1956 2409 2013 sacerdos
2427 1969 2559 2025 ergo
2579 1955 2682 2011 iste
2707 1955 2820 2025 jam
2848 1955 2932 2011 sui
2960 1955 3195 2020 nescius,
3213 1953 3327 2024 jam
3347 1953 3449 2010 sibi
3478 1961 3757 2016 mortuus,

472 2061 601 2100 nera
630 2046 743 2116 ipsa
770 2061 894 2101 cum
921 2047 1187 2118 suscepit;
1218 2048 1311 2116 qui
1339 2063 1549 2112 vocem,
1572 2063 1697 2104 cum
1718 2065 1910 2105 vocem
1929 2065 2054 2121 per-
2155 2055 2444 2104 extraneus
2484 2046 2702 2117 conjugi
2719 2086 2734 2112 ,
2765 2046 2941 2103 soboli
2963 2049 3076 2117 jam
3105 2054 3333 2116 negatus
3367 2045 3545 2115 egerit
3572 2045 3760 2100 omni-

469 2137 617 2207 cipit,
650 2145 778 2192 tunc
803 2139 1015 2192 amittit.
1058 2137 1194 2193 Hinc
1228 2146 1314 2194 est
1339 2139 1482 2208 quod
1510 2140 1732 2210 angelus
1761 2149 2051 2212 antequam
2152 2141 2280 2208 bus,
2321 2140 2570 2197 omnibus
2610 2139 2940 2211 impetrarit,
2984 2154 3114 2194 mox
3141 2137 3333 2208 angelo
3359 2135 3648 2193 referente
3675 2134 3756 2190 di-

468 2227 719 2282 mandata
739 2229 959 2299 pandat,
980 2228 1121 2284 dona
1143 2229 1338 2296 tradat,
1361 2229 1560 2286 referat
1579 2231 1882 2302 impetrata,
1900 2232 1928 2271 δ
1943 2249 2053 2290 me-
2151 2245 2382 2286 scamus.
2424 2229 2496 2284 Et
2513 2229 2680 2296 multi,
2705 2229 2896 2299 inquit,
2920 2229 2977 2282 in
2996 2229 3266 2282 nativitate
3291 2228 3404 2299 ejus
3423 2225 3752 2300 gaudebunt.

469 2329 580 2376 tum
595 2320 832 2387 discutit,
856 2319 1008 2391 fugat
1026 2321 1292 2388 timorem,
1316 2313 1812 2380 confortatanimbs
1831 2325 2050 2396 ancipiti
2150 2322 2269 2379 Non
2307 2328 2391 2378 est
2417 2321 2728 2390 unigenitus
2779 2319 2872 2390 qui
2917 2327 3002 2374 est
3050 2325 3365 2374 cunctorum
3411 2323 3647 2372 creatus
3687 2315 3756 2369 ad

464 2411 794 2482 cogitatione
818 2411 1065 2467 turbatos
1086 2453 1102 2478 ,
1151 2419 1212 2467 ut
1238 2427 1391 2468 mens
1420 2428 1541 2484 qua:
1578 2413 1904 2484 migraverat
1929 2431 1959 2471 a
1987 2432 2049 2472 se

466 2503 630 2559 nimio
659 2518 876 2574 pavoris
898 2518 1153 2566 excessu,
1183 2503 1238 2558 in
1262 2505 1608 2576 semetipsam
1631 2520 1848 2561 reversa
1877 2507 2045 2564 bene-

463 2593 704 2650 ﬁciorum
733 2602 937 2650 tantam
990 2597 1217 2651 sentiret
1245 2603 1301 2651 et
1327 2605 1549 2668 caperet
1595 2598 1929 2668 largitatem,
1959 2599 2043 2654 di-

2149 2414 2420 2484 gaudium.
2465 2413 2584 2468 Erit
2609 2415 2748 2468 enim
2787 2428 3004 2483 magnus
3033 2427 3210 2466 coram
3237 2408 3482 2464 Domino.
3525 2407 3643 2475 Qui
3663 2421 3755 2463 co-

2147 2521 2264 2560 ram
2285 2505 2398 2561 Deo
2417 2517 2644 2575 magnus
2666 2510 2769 2571 est,
2801 2510 3032 2573 quantus
3058 2502 3129 2556 sit
3156 2515 3322 2572 penes
3339 2500 3596 2556 homines
3627 2501 3754 2570 quis

2146 2596 2428 2668 probabit?
2455 2595 2528 2650 Et
2561 2597 2733 2650 vinum
2772 2602 2824 2648 et
2853 2594 3073 2648 siceram
3107 2609 3212 2647 non
3249 2591 3400 2646 bibet.
3442 2590 3550 2658 Qui
3579 2597 3753 2647 natus

458 2697 620 2738 cens:
655 2680 741 2737 Ne
761 2683 940 2738 timeas
960 2683 1241 2751 Zacharia,
1285 2687 1528 2757 quoniam
1564 2687 1810 2742 exaudita
1840 2699 1918 2744 est
1955 2690 2044 2745 de-
2146 2695 2228 2742 est
2254 2694 2441 2743 sancto
2485 2686 2554 2741 de
2581 2700 2808 2757 corpore
2853 2683 3185 2749 sacerdotis,-
3235 2690 3292 2738 et
3333 2698 3548 2738 summa
3577 2698 3751 2738 sene-

457 2775 684 2842 precatio
715 2781 802 2828 tua
832 2790 850 2828 :
889 2784 940 2828 et
965 2791 1099 2830 uxor
1128 2785 1216 2830 tua
1246 2775 1516 2832 Etisabeth
1543 2780 1709 2849 pariet
1737 2780 1827 2835 tibi
1851 2782 2038 2852 ﬁlium,
2144 2783 2290 2831 ctute
2313 2817 2326 2842 ,
2376 2775 2445 2830 ab
2489 2776 2739 2832 omnibus
2783 2775 2931 2831 vitiis
2956 2773 3238 2840 defaecato,
3279 2783 3444 2844 atque
3479 2782 3752 2846 exempto

454 2875 507 2918 et
544 2866 746 2922 vocabis
793 2883 981 2922 nomen
1027 2869 1138 2940 ejus
1177 2868 1454 2925 Joannem.
1518 2869 1752 2927 Putasne
1789 2874 2042 2930 sacerdos

2156 2866 2434 2928 iuventutis
2463 2865 2740 2932 incendiis,
2764 2866 2950 2921 vinum
2976 2866 3165 2931 nescit,
3199 2867 3414 2934 ignorat
3435 2865 3678 2921 siceram
3702 2864 3746 2932 ί,

453 2964 636 3014 tantus
673 2961 753 3016 sic
782 2967 868 3016 est
893 2962 1114 3032 populi,
1144 2962 1224 3018 sic
1258 2963 1620 3019 universitatis
1643 2965 1858 3032 oblitus,
1889 2973 1948 3020 ut
1973 2966 2042 3022 de

2156 2972 2261 3026 quae
2286 2960 2505 3029 pariunt
2527 2958 2685 3014 luxus
2713 2958 2992 3014 ebrietatis
3018 2966 3074 3014 et
3090 2958 3239 3025 vitia,
3261 2965 3319 3013 et
3336 2965 3452 3014 tota
3469 2957 3750 3030 dissipant

451 3059 718 3122 conceptu
759 3061 1030 3107 veteranae
1075 3053 1318 3123 conjugis
1336 3093 1351 3119 ,
1387 3065 1409 3094 c
1441 3054 1509 3110 de
1546 3062 1709 3126 partu
1744 3056 2040 3128 desperata;
2142 3063 2354 3103 morum
2394 3048 2624 3112 decora,
2657 3057 2978 3105 ornamenta
3018 3049 3302 3105 virtutum.
3367 3046 3441 3102 Et
3482 3050 3672 3104 uinum
3699 3057 3751 3104 et

451 3141 648 3196 sterilis
680 3151 934 3211 rogaret,
985 3150 1044 3198 ut
1089 3144 1192 3200 sibi
1235 3145 1336 3200 soli
1383 3145 1591 3216 legatus
1637 3149 1877 3204 omnium
1912 3158 2039 3206 tunc
2139 3141 2358 3196 8506mm
2385 3157 2489 3196 ηοη
2518 3141 2671 3210 bibet,
2698 3142 2791 3198 sed
2822 3140 3026 3214 Spiritu
3052 3151 3233 3198 sancto
3259 3141 3544 3215 replebitur
3563 3143 3748 3197 adhuc

450 3231 691 3299 adesset,
740 3241 802 3288 ut
845 3233 1140 3290 advocatus
1186 3236 1426 3290 omnium
1466 3253 1566 3308 pro
1606 3253 1666 3293 se
1693 3240 2032 3308 singulariter
2056 3242 2102 3306 C
2135 3236 2193 3288 in
2231 3243 2377 3289 utero
2416 3236 2597 3288 matris
2627 3251 2754 3290 sua.
2794 3233 2957 3290 Juxta
2985 3233 3118 3289 illud
3155 3232 3434 3304 Apostoli:
3481 3231 3743 3298 Fratres,

449 3321 649 3390 craret,
701 3333 762 3381 ut
803 3333 1013 3381 tantum
1051 3328 1398 3398 pontificatus
1444 3328 1679 3386 ofﬁcium
1705 3328 1733 3368 ά
1754 3333 1894 3387 intra
1932 3333 2032 3388 do-

2156 3326 2294 3380 tolite
2338 3326 2587 3381 inebriari
2613 3327 2752 3393 vino,
2781 3326 2837 3379 in
2872 3340 2972 3397 quo
2999 3333 3077 3379 est
3101 3323 3344 3390 luxuria,
3387 3323 3476 3378 sed
3516 3323 3748 3393 repleu-

448 3416 697 3472 mesticas
717 3424 952 3473 arctaret
979 3433 1163 3486 curas,
1195 3419 1338 3475 inter
1363 3418 1654 3477 familiares
1675 3422 1951 3479 clauderet
1977 3432 2035 3479 et

2156 3419 2264 3472 nini
2306 3416 2508 3489 Spiritu
2543 3426 2725 3472 sancto
2765 3415 2937 3490 (Eph.
2967 3416 3056 3488 v).
3113 3415 3183 3470 Et
3203 3415 3404 3487 Spiritu
3429 3425 3620 3470 sancto
3651 3432 3745 3470 re-

448 3516 739 3580 occuparet
764 3510 1055 3580 angustias,
1087 3519 1142 3565 et
1169 3511 1445 3568 incensum
1476 3514 1641 3569 totius
1663 3514 1834 3585 plebis
1862 3516 1916 3570 in
1943 3531 2032 3572 so-
2134 3510 2356 3581 plebitur
2383 3510 2550 3564 adhuc
2585 3511 2643 3564 in
2668 3518 2814 3564 utero
2845 3509 3031 3564 matris
3073 3523 3200 3563 8W9-
3241 3507 3442 3564 Beatlls
3463 3505 3741 3571 Joanne-tt

447 3596 558 3654 lum
585 3599 911 3656 desiderium
941 3603 1146 3673 proprii
1177 3603 1417 3673 pignoris
1447 3604 1718 3661 addiceret
1744 3615 2032 3663 veteranus
2134 3602 2226 3673 qui
2267 3610 2392 3658 ante
2428 3602 2526 3658 Dei
2561 3601 2768 3673 Spiritu
2793 3602 2992 3657 meruit
3018 3602 3268 3656 intonare
3293 3616 3459 3670 quam
3491 3600 3743 3656 hominis

445 3689 691 3758 antistes,
715 3707 781 3748 ac
806 3693 898 3748 tali
933 3692 1200 3749 desiderio
1227 3694 1567 3763 grandaevus,
1607 3703 1663 3752 et
1690 3697 1863 3767 ipsum
1888 3705 2029 3754 tem-
2133 3695 2342 3763 vagiret
2369 3695 2424 3749 in
2463 3693 2623 3760 ﬂetu;
2662 3694 2884 3759 beatus,
2924 3693 3018 3764 qui
3056 3701 3184 3750 ante
3220 3692 3404 3748 divina
3443 3694 3746 3765 possidere

445 3796 548 3852 pus
568 3781 684 3852 jam
710 3783 1024 3855 respiciens,
1057 3785 1125 3840 ad
1147 3795 1362 3856 partum
1394 3787 1811 3844 succenderetur
1831 3789 2028 3846 intem-
2130 3787 2329 3842 meruit
2364 3801 2527 3856 quam
2572 3786 2861 3840 sortiretur
2898 3785 3163 3851 humana;
3201 3783 3424 3852 beatus,
3465 3786 3564 3855 qui
3603 3793 3743 3841 ante

444 3872 748 3942 pestivum?
776 3874 1190 3962 Absitufratres,
1223 3879 1381 3945 absit,
1413 3887 1472 3935 ut
1490 3882 1595 3938 hoc
1615 3881 1682 3937 de
1710 3889 1897 3939 sancto
1928 3883 2030 3939 Za-
2130 3880 2328 3935 meruit
2349 3880 2546 3936 coelum
2563 3878 2703 3934 scire
2721 3892 2885 3946 quam
2904 3885 3136 3945 terram;
3156 3878 3378 3944 beatus,
3413 3878 3530 3948 qui,
3567 3886 3742 3934 ante-

443 3962 624 4020 charia
653 3962 824 4021 fidelis
851 3967 1028 4023 anima
1068 3970 1388 4041 suspicetur.
1439 3972 1508 4026 At
1551 3973 1769 4043 quidem
1807 3976 2028 4045 angelus

442 4053 497 4109 in
539 4054 646 4112 hoc
687 4054 852 4113 fuisse
895 4057 1059 4115 refert
1105 4061 1272 4117 totius
1318 4063 1725 4134 supplicationis
1751 4064 2020 4135 effectum,

439 4142 661 4200 dicens:
691 4145 958 4203 Exaudita
990 4159 1067 4202 est
1094 4149 1385 4222 deprecatio
1415 4161 1521 4217 tua,
1555 4163 1606 4208 et
1631 4171 1765 4210 uxor
1791 4165 1878 4209 tua
1905 4155 2022 4211 Eli-

440 4233 616 4290 sabeth
637 4238 804 4308 pariet
831 4239 922 4294 tibi
949 4241 1138 4310 ﬁlium.
1177 4241 1232 4298 Si
1262 4244 1483 4313 angelus
1510 4245 1579 4301 ad
1606 4246 1774 4316 petita
1793 4263 2020 4319 respon-

440 4325 548 4391 dit,
579 4330 832 4386 sacerdos
875 4345 977 4400 pro
1023 4333 1142 4389 solo
1186 4336 1410 4406 pignore
1462 4338 1807 4408 supplicavit,
1849 4341 1894 4396 si
1921 4356 2021 4412 pro

2131 3987 2293 4043 quam
2331 3972 2543 4028 videret
2593 3970 2881 4043 prmsentia
2905 4011 2920 4037 ,
2968 3969 3147 4026 futura
3190 3971 3391 4026 meruit
3427 3969 3736 4036 nuntiare;

2126 4066 2338 4130 beatus,
2369 4065 2462 4136 qui
2491 4072 2618 4121 ante
2653 4064 2823 4120 Deum
2848 4077 3044 4134 capere
3071 4063 3250 4135 potuit
3278 4078 3445 4133 quam
3471 4078 3574 4118 suo
3605 4063 3736 4135 ipso

2126 4165 2411 4228 caperetur
2429 4172 2461 4211 a
2480 4171 2738 4227 corpore;
2759 4155 2952 4210 beatus
2971 4161 3028 4210 et
3042 4153 3386 4224 singulariter
3405 4161 3492 4210 est
3508 4156 3735 4222 beatus,

2123 4251 2239 4320 qui,
2263 4257 2550 4320 antequam
2569 4254 2784 4319 saperet
2802 4261 3062 4317 quaerere,
3085 4246 3338 4302 meritum
3357 4246 3734 4318 conquisivit;

2127 4343 2343 4408 beatus,
2385 4343 2479 4412 qui
2520 4356 2630 4396 non
2657 4339 2906 4411 pervenit
2943 4338 3012 4393 ad
3048 4339 3276 4408 gratiam
3313 4353 3414 4410 per
3451 4338 3733 4406 laborem,

511 4521 540 4551 ι
576 4511 798 4594 Aliquid
842 4531 1056 4588 semper
1101 4517 1332 4594 exitiale
1352 4589 1366 4594 Α
1390 4521 1758 4594 spectantibus
1802 4530 2018 4594 spectra
2118 4525 2230 4582 mil.
2258 4523 2378 4580 Nat.
2409 4523 2465 4580 S.
2498 4522 2692 4594 Joann.
2723 4522 3005 4594 Baptista;
3039 4522 3445 4594 Theophylacto
3471 4528 3534 4577 et
3547 4521 3731 4594 aliis:

439 4585 1232 4668 haicprotenderencensebant
1273 4585 1511 4668 Hebraei,
1543 4601 1799 4668 certaque
1827 4585 2019 4668 vicina
2120 4612 2222 4667 pro
2251 4594 2457 4668 Messias
2485 4593 2715 4668 adventu
2745 4585 2950 4660 or'asse;
2980 4585 3073 4668 sui
3093 4585 3238 4649 enim
3264 4585 3453 4665 populi
3481 4593 3734 4650 salutem

438 4655 630 4736 mortis
653 4655 1094 4736 gmina.l_Cenes.
1137 4655 1898 4736 xvr,_l_5;_x_x_xu,_50_;'Exod.
1924 4680 2016 4730 xx,
2121 4655 2280 4736 quam
2315 4665 2490 4720 enixis
2520 4664 2770 4735 precibus
2827 4655 3171 4735 expostulare
3222 4655 3419 4720 munus
3464 4670 3590 4718 erat
3639 4679 3734 4721 sa-

562 4723 740 4805 }udic.
773 4743 842 4805 vi,
863 4725 954 4805 ξι,
980 4723 1511 4797 25ςχιιι,12.’νίᾱθ
1547 4723 1922 4805 Euth'ymium,
1965 4723 2022 4789 et
2123 4723 2422 4792 Eerdotum.

437 4794 929 4872 maldgnatumbic.
1122 4869 1136 4872 _
1205 4794 1211 4797 ’
1258 4870 1284 4872 η
1354 4870 1367 4872 _
1455 4869 1498 4872 Δ
1692 4794 1709 4805 ’
1909 4794 1918 4798 ⁷
2199 4817 2222 4844 ο
2263 4805 2362 4861 Ms.
2386 4805 2642 4872 Caesente,
2673 4807 3035 4862 annuntiatus.

507 4864 535 4904 δ
573 4864 778 4947 Similia
801 4867 1074 4947 origenes,
1122 4869 1308 4947 hpmil.
1341 4870 1375 4923 4
1395 4889 1418 4947 :_
1445 4869 1596 4926 Nova
1615 4875 1804 4945 quippe
1835 4875 2016 4947 facies,
2047 4939 2090 4947 _
2195 4875 2219 4947 ε
2261 4875 2445 4947 S_icera
2472 4864 2654 4931 vinum
2681 4885 2798 4947 erat
2825 4876 3181 4932 condimentis
3206 4875 3434 4947 mixtum
3453 4893 3480 4947 εί
3502 4873 3571 4947 de
3607 4889 3732 4947 quo

435 4936 674 4991 humanis
696 4938 950 4993 obtutibus
971 4956 1026 5017 se
1041 4940 1290 5017 prtebens,
1318 4943 1487 5017 turbat
1507 4936 2022 5017 meniem,_an'imum¥
2047 4939 2101 5002 Ῑ)
2127 4945 2245 5017 vide
2273 4945 2629 5017 Theophilum
2681 4946 3078 5017 Antiochenum
3107 4947 3177 5002 ad
3204 4946 3335 5002 Luc.
3379 4963 3418 5011 ι,
3462 4945 3552 5012 l5,
3582 4936 3730 5017 pag.

433 5017 879 5078 queconsternat:
919 5008 1056 5088 unde
1093 5011 1306 5088 angelus
1346 5013 1512 5088 sciens
1559 5013 1692 5088 hanc
1736 5008 2018 5068 humanam
2123 5016 2245 5071 55L
2277 5008 2447 5072 Paris:
2483 5013 2638 5088 19:35.
2681 5015 2811 5088 Post
2835 5018 3024 5088 vinum
3053 5017 3200 5088 nulla
3227 5017 3378 5088 potio
3404 5008 3734 5086 promptior

431 5093 544 5133 esse
562 5088 821 5157 n_aturam,
855 5080 1080 5157 primum
1112 5080 1482 5157 perturbationi
1513 5083 1763 5157 medetur.
1879 5154 1890 5157 _
2121 5096 2177 5142 et
2221 5088 2398 5157 aptior
2442 5087 2755 5142 inducenda:
2801 5087 3066 5143 ebrietati.
3107 5080 3360 5157 Nonnulli
3399 5080 3641 5142 siceram
3694 5103 3730 5143 a

505 5095 544 5133 te
562 5095 821 5144 naturam,
851 5095 1080 5201 grtmum
1112 5095 1482 5151 perturbationi
1517 5095 1763 5136 medetur.
2121 5096 2177 5142 et
2221 5095 2398 5157 aptior
2442 5095 2755 5142 inducenda:
2801 5095 3066 5143 ebrietati.
3108 5095 3360 5142 Nonnulli
3399 5095 3641 5142 siceram
3694 5103 3727 5143 ι

505 5159 528 5188 ⁸
551 5146 726 5239 ,(ἒξεξεε
747 5149 1414 5239 99-ᾼΞέίδμ¹ἶεῖξ⁵μί998ίέἓβ³ἱ
1433 5153 1653 5239 quiia")
1683 5154 2014 5239 SC,“.“..‘.P5€"
2118 5158 2246 5239 vino
2276 5157 2630 5239 ᾲίειξηευιειιιν
2667 5172 2895 5239 eam.un
2912 5172 3082 5239 ,οφηθ
3101 5159 3284 5239 vinum!
3309 5153 3560 5239 θριίιίιιηι
3589 5172 3727 5239 esse

431 5232 496 5274 ac
521 5220 719 5276 sterilis
746 5220 931 5276 uxoris
960 5221 1202 5276 maritus.
1247 5221 1356 5276 Nec
1389 5220 1488 5291 pro
1517 5221 1705 5276 eadem
1734 5220 2018 5282 sterilitate
2120 5229 2322 5284 dicunt.
2368 5220 2473 5282 Alii
2523 5227 2720 5283 docent
2779 5220 2927 5282 innui
2975 5227 3080 5282 hoc
3135 5228 3398 5283 vocabulo
3442 5243 3612 5283 omne
3666 5228 3728 5283 id

430 5303 614 5366 orasse
636 5299 975 5366 pronum-est
1001 5291 1251 5366 credere,
1289 5300 1348 5346 ut
1376 5308 1476 5366 n_ec
1503 5291 1866 5366 Chrysologus
1892 5311 2016 5350 cre-
2119 5298 2264 5366 quod
2301 5297 2562 5364 inebriat,
2594 5305 2820 5366 excepto
2859 5299 3004 5352 vino.
3058 5297 3195 5353 Vide
3222 5297 3724 5366 Theopbylactum,

429 5357 1707 5450 ςίίὲιοέὲίί,Ρὲιειέἒοξῖξίηξιῖρεεεξιιιέξςξιίυῑίῖιω
1747 5357 1859 5433 iam
1887 5367 2013 5450 ,ρι-ίτ
2119 5357 2493 5450 ignauam
2533 5357 2609 5450 ,άά
2655 5357 2787 5450 93'9-
2838 5368 2872 5422 δ
2916 5368 3160 5450 evastat
3209 5381 3332 5450 με·
3373 5357 3496 5422 Ξδιο
3531 5357 3723 5450 Parisl

428 5429 552 5510 dem
593 5444 693 5510 pro
739 5433 1083 5510 susceptione
1127 5429 1296 5510 prolis
1361 5431 1540 5510 Deum_
1579 5429 1765 5490 orasse
1785 5476 1799 5500 ,
1851 5429 1919 5510 ρι’
1945 5436 2013 5490 ad
2121 5437 2277 5510 l558.
2310 5435 2420 5510 Cur
2457 5445 2637 5510 autem
2671 5429 2982 5510 hujusmodi
3018 5429 3257 5510 potionis
3282 5429 3452 5507 genus
3478 5439 3728 5510 vetitum

428 5506 756 5578 transactam
801 5501 1348 5578 illamprecationem
1381 5504 1635 5578 angelum
1669 5505 2009 5578 respexisse:
2117 5508 2279 5563 fuerit
2317 5508 2606 5564 Nazarenis
2651 5509 2696 5563 si
2725 5501 2964 5578 quaeres,
3006 5501 3342 5564 confidentEr
3376 5507 3730 5578 respondeo:

428 5568 561 5644 Vide
590 5567 931 5644 Ambrosium
952 5567 1014 5644 in
1061 5572 1188 5628 Luc.
1221 5589 1256 5644 ιἶ
1289 5572 1398 5644 ίΑό
1424 5567 1540 5628 rem
1569 5567 1815 5644 protinus
1836 5574 2015 5643 Augu-
2117 5577 2331 5633 rabbini
2382 5579 2631 5636 arborem
2690 5567 2898 5634 Adamo
2943 5567 3166 5635 vetitam
3229 5579 3396 5634 vitem
3445 5567 3729 5636 uviferam

427 5640 607 5733 θητιρὲ
618 5639 689 5733 de
719 5640 1335 5733 gumst._Eva'n‘gel;nlib‘.
1377 5645 1539 5733 ‘xi,_in
1568 5639 1853 5715 principio,
1878 5639 2008 5700 tom.
2119 5647 2302 5733 fuisse.
2343 5647 2548 5733 N_uga3..
2569 5648 2686 5731 Vox
2711 5649 2974 5733 Hebraica
2997 5650 3379 5733 ‘s'echar‘ornne
3502 5647 3726 5733 signiﬁ—

426 5709 690 5835 IlldOIper.
725 5727 778 5783 p.
805 5730 839 5767 ιι
860 5727 978 5795 pag.
1011 5709 1265 5797 i79'edit.
1291 5709 1587 5797 .Antuerpf
1744 5709 1761 5714 ’
1841 5709 1847 5711 '
2119 5727 2209 5774 cat
2254 5719 2398 5800 quod
2430 5709 2712 5775 inebriare
2750 5727 2948 5790 potest.
2997 5719 3133 5802 Vide
3173 5709 3722 5801 Iluhameliumthie.

441 5849 459 5869 Δ
495 5865 542 5869 7_
607 5796 746 5869 onge
774 5785 1143 5869 Ipl‘OSlliPlllllb
1194 5785 1427 5869 dicimus
1457 5801 1596 5869 leum
1642 5784 2010 5869 Chrysologo;
2121 5789 2297 5869 Beda,
2350 5805 2404 5843 in
2433 5788 2561 5847 Luc.
2600 5807 2636 5857 ι,
2669 5807 2851 5847 veram
2903 5790 3084 5846 subdit
3119 5791 3280 5860 hujus
3325 5790 3724 5862 prohibuimus

428 5849 742 5922 Augustino,
774 5853 864 5909 lib.
899 5871 916 5909 ι
959 5854 1160 5922 Quaest.
1194 5855 1418 5923 Evang.;
1454 5849 1864 5925 Chrysostoino,
1909 5849 2012 5913 bo;
2119 5849 2403 5914 rationem.
