3882 6356
69 367 156 434 ιιθ

1424 345 1655 421 εειιιιο
1692 356 1980 418 LXXXIX.

3235 349 3342 426 4'50

75 490 149 550 ted
169 486 232 542 ad
259 483 479 540 labores
506 480 674 552 ipsius
695 478 884 550 gratia:
903 477 1216 547 dignatione
1243 474 1542 534 descendit.
1571 473 1640 529 Et
1667 480 1720 541 Α
1746 482 1933 529 ιιοειει·
1955 485 2264 542 prmparare
2289 480 2344 529 et
2369 470 2690 528 conﬁrmare
2719 471 2971 543 dignetur
3016 473 3070 530 in
3112 475 3338 548 gloriam

75 581 236 640 σικιωε
255 619 271 644 ,
301 575 520 646 inquit,
570 572 801 645 filiorum
836 578 1113 625 convertet.
1155 569 1237 626 Ad
1264 584 1426 640 quem
1444 569 1470 623 τ
1501 566 1656 623 Dicat

79 670 290 742 angelus,
327 675 392 724 ut
421 666 552 738 quia
588 663 948 735 blasphemat,
987 662 1115 732 quia
1149 669 1312 731 negat
1345 659 1652 726 haereticus,

79 767 525 826 ncommutescat;
567 757 710 813 dicat
749 755 1004 825 angelus,
1050 761 1111 810 ut
1143 753 1326 810 audiat
1359 752 1558 816 lidelis,
1601 760 1658 808 et

81 857 312 932 gaudeat;
355 852 544 910 credat
587 849 904 914 hiereticus,
951 855 1007 904 et
1045 856 1311 904 recurrat.
1363 845 1651 901 Convertet.

84 950 148 1005 Ad
167 944 356 1016 quem?
408 941 494 997 Ad
540 938 823 994 Dominum
873 937 1079 1004 Deum,
1138 937 1350 1007 inquit,
1400 938 1649 1009 ipsorum.

84 1039 193 1106 Quis
216 1043 296 1092 est
321 1033 412 1090 hic
449 1031 634 1088 Deus?
675 1031 752 1086 De
789 1044 900 1100 quo
935 1029 1202 1102 propheta
1250 1029 1413 1083 dicit:
1448 1026 1553 1081 Hic
1581 1034 1658 1081 est

85 1133 202 1186 Deus
237 1136 430 1192 noster,
481 1133 532 1180 et
571 1140 677 1178 non
723 1131 802 1178 est
850 1121 985 1177 atatis
1031 1120 1222 1195 absque
1249 1138 1309 1175 eo
1347 1121 1434 1194 qui
1461 1120 1659 1174 invenit

87 1239 258 1280 mn
275 1221 411 1275 viam
441 1219 764 1291 disciplima,
797 1226 848 1272 et
872 1216 1010 1271 dedit
1029 1233 1144 1270 eam
1174 1214 1340 1270 Jacob
1363 1231 1519 1288 puero
1539 1230 1652 1280 suo,

87 1326 126 1370 et
143 1311 296 1369 Israel
324 1311 512 1365 dilecto
545 1326 639 1365 suo
671 1308 885 1380 (Barac.
910 1308 1010 1380 ιιι).
1043 1306 1272 1375 Quando
1297 1307 1480 1362 dedit?
1508 1305 1659 1360 Tunc

87 1407 246 1476 utique
267 1403 486 1474 quando
513 1401 778 1470 legalibus
820 1400 873 1454 in
913 1399 1110 1454 tabulis
1151 1399 1317 1454 totius
1343 1398 1468 1454 vita:
1500 1411 1660 1467 regu-

90 1501 178 1553 lam
197 1535 212 1560 ,
235 1503 403 1550 totam
432 1492 731 1563 disciplinac
763 1490 1051 1561 descripsit
1079 1497 1135 1545 et
1162 1503 1428 1545 normam.
1471 1487 1660 1544 Atten-

91 1603 162 1646 tus
188 1596 296 1644 esto
329 1585 566 1648 auditor,
610 1591 668 1639 ut
709 1583 849 1638 scias
877 1582 999 1652 quis
1027 1589 1112 1636 est
1151 1581 1239 1636 hic
1279 1579 1423 1635 Deus
1450 1588 1654 1644 noster,

92 1681 264 1748 absque
289 1691 400 1747 quo
429 1675 568 1730 alius
599 1691 706 1730 non
733 1682 836 1730 est.
879 1673 1010 1741 Quis
1037 1673 1159 1728 est?
1183 1671 1314 1727 Post
1342 1671 1453 1726 haec
1474 1673 1529 1725 in
1552 1681 1658 1726 ter-

94 1776 151 1827 ris
171 1773 292 1826 visus
315 1779 412 1836 est,
441 1778 493 1824 et
520 1784 636 1823 cunt
662 1766 952 1823 hominibus
977 1774 1306 1821 conversatus
1328 1773 1407 1819 est
1437 1762 1652 1837 (Ibid.).

93 1866 200 1935 Quis
217 1874 294 1922 est
317 1865 459 1919 alius
485 1863 634 1919 visus
661 1863 715 1917 in
745 1869 890 1917 terra
925 1860 1027 1916 nisi
1054 1858 1321 1924 Christus,
1353 1859 1448 1929 qui
1475 1865 1660 1913 nostra

95 1967 161 2013 est
182 1962 527 2012 conversatus
555 1953 609 2008 in
643 1952 846 2008 carne?
891 1949 961 2005 Et
998 1951 1121 2021 quis
1161 1958 1246 2005 est
1271 1949 1408 2004 alius
1434 1961 1662 2003 conver-

94 2058 217 2104 satus
247 2061 366 2102 cum
406 2044 748 2108 hominibus,
791 2043 896 2098 nisi
933 2043 1025 2098 ille
1063 2042 1158 2112 qui
1197 2057 1321 2098 cum
1356 2041 1662 2096 hominibus

94 2142 298 2196 humano
337 2146 421 2194 est
467 2145 835 2194 commoratus
871 2136 927 2191 in
965 2136 1234 2208 corpore?
1275 2133 1345 2189 Et
1383 2135 1428 2190 si
1465 2134 1554 2189 hic
1581 2141 1665 2189 est

97 2233 215 2288 Deus
240 2238 443 2295 noster,
477 2238 534 2286 et
565 2245 672 2285 non
706 2229 846 2284 alius
881 2228 1086 2298 absque
1113 2243 1202 2294 eo,
1237 2227 1512 2290 bmretice,
1539 2241 1664 2282 cum

97 2327 216 2381 hunc
252 2339 361 2380 non
399 2323 676 2391 habueris,
707 2337 870 2393 quem
920 2321 1184 2377 habebis?
1230 2319 1356 2374 Non
1396 2330 1472 2374 est
1507 2319 1660 2384 alius,

98 2418 258 2488 inquit,
279 2417 472 2486 absque
511 2433 608 2482 eo;
649 2424 705 2471 et
751 2429 896 2470 nunc
925 2430 1036 2470 non
1064 2413 1232 2478 dicis,
1277 2413 1420 2483 Ergo
1463 2413 1553 2468 ubi
1581 2421 1666 2468 est

99 2507 267 2564 Pater?
307 2505 582 2578 Propheta
617 2506 782 2561 dicit:
830 2503 956 2562 Non
985 2514 1061 2560 est
1089 2505 1225 2560 alius
1259 2503 1450 2578 absque
1481 2521 1574 2570 eo;
1610 2512 1666 2560 et

98 2601 175 2656 ubi
196 2600 304 2655 est?
336 2598 397 2654 In
425 2597 565 2655 Filio
594 2599 801 2667 utique,
831 2597 958 2668 quia
987 2604 1183 2669 praeter
1225 2595 1421 2651 Filium
1449 2611 1558 2650 non
1583 2603 1666 2650 est

99 2691 251 2750 Pater.
287 2691 399 2765 Ego
424 2693 480 2747 in
508 2690 689 2758 Patre,
717 2691 867 2757 dicit,
903 2700 954 2746 et
981 2689 1146 2745 Pater
1177 2690 1235 2744 in
1265 2706 1347 2744 me
1374 2698 1451 2744 est
1481 2687 1660 2761 (Joan.

100 2784 210 2854 xiv).
245 2781 391 2839 Unde
419 2791 476 2839 et
501 2783 768 2855 prOpheta
799 2797 908 2838 non
937 2780 1094 2848 dixit,
1125 2779 1245 2836 Non
1272 2789 1356 2836 est
1383 2780 1538 2847 alius,
1569 2779 1668 2835 sed

102 2874 206 2930 Non
228 2885 298 2932 est
323 2877 458 2932 alius
488 2874 678 2949 absque
705 2891 800 2930 eo:
835 2875 942 2930 hoc
976 2881 1058 2930 est
1085 2873 1265 2930 dicere
1283 2913 1298 2940 ,
1324 2871 1453 2942 Est;
1486 2873 1581 2929 sed
1609 2873 1666 2930 in

100 2971 199 3040 ipso
220 2975 315 3026 est.
361 2967 472 3025 Sed
511 2968 667 3033 dicis,
709 2966 779 3021 Et
807 2967 853 3022 si
891 2967 947 3021 in
986 2967 1105 3038 ipso
1140 2976 1252 3030 est,
1283 2964 1556 3036 quomodo
1583 2972 1668 3021 est

101 3063 258 3118 alius?
280 3061 305 3101 δ
331 3060 631 3126 Ηιειιειὶεε,
674 3061 756 3117 sic
786 3067 871 3116 est
897 3059 1033 3115 alius
1060 3073 1326 3130 persona,
1358 3065 1420 3112 ut
1452 3058 1523 3113 sit
1550 3058 1667 3129 ipse

101 3156 397 3223 substantia;
425 3157 506 3212 sic
536 3163 622 3212 est
649 3155 764 3226 ipse
794 3153 1127 3219 substantia,
1159 3161 1220 3208 ut
1257 3151 1403 3208 nulla
1431 3152 1502 3207 sit
1530 3166 1666 3208 cou-

1755 561 1991 621 nominis
2019 561 2121 619 sui.

2266 632 2499 689 SERMO
2537 633 2820 690 LXXXIX.

2391 727 2465 782 De
2502 729 2712 784 eisdem.

1828 837 2018 897 Omnia
2045 858 2167 913 quae
2209 857 2240 896 a
2268 841 2380 897 Deo
2415 851 2598 898 creata
2620 853 2744 900 sunt
2765 845 2922 902 nobis
2948 845 3093 904 bona
3114 857 3260 917 sunt,
3292 859 3348 907 et

1755 934 1899 991 bona
1919 935 2093 1002 valde,
2136 935 2349 991 dicente
2377 933 2684 1007 Scriptura:
2725 937 2794 994 Et
2822 939 2950 994 vidit
2993 941 3132 997 Deus
3171 949 3348 1001 omnia

1758 1043 2089 1100 quaecumque
2129 1028 2284 1099 fecit,
2321 1037 2371 1082 et
2411 1045 2526 1083 ecce
2560 1029 2708 1084 valde
2747 1029 2883 1086 bona
2915 1030 3068 1104 (Gen.
3111 1050 3160 1102 ι,
3190 1035 3350 1108 juxta

1759 1117 1956 1191 LXX).
1981 1118 2124 1188 Ergo
2167 1120 2348 1175 omnia
2387 1136 2508 1190 qua:
2547 1135 2578 1176 a
2626 1121 2738 1178 Deo
2779 1132 2961 1179 creata
3002 1134 3160 1194 sunt,
3209 1127 3352 1184 bona

1759 1223 1902 1280 sunt,
1935 1221 1991 1269 et
2035 1209 2064 1250 ἀ
2097 1213 2253 1269 valde
2299 1213 2443 1270 bona
2483 1232 2495 1266 :
2538 1214 2634 1270 sed
2668 1215 2809 1270 inter
2850 1217 2978 1272 vitia
3018 1218 3354 1290 virtutesque

1758 1304 1940 1358 media
1967 1304 2048 1360 sic
2074 1303 2374 1368 habentur,
2407 1312 2466 1358 ut
2505 1320 2571 1359 ex
2611 1305 2773 1376 ipsis,
2807 1315 2862 1361 et
2899 1309 3062 1378 periti
3095 1310 3355 1367 doctrina:

1759 1396 2044 1452 materiam
2069 1403 2304 1460 sumant,
2329 1404 2385 1452 et
2411 1398 2613 1452 erroris
2634 1413 2854 1453 causam
2883 1401 3160 1457 inveniant
3185 1403 3357 1475 impe-

1760 1491 1872 1546 riti.
1904 1490 2190 1560 Sapientes
2221 1505 2455 1559 namque
2481 1487 2795 1546 Creatorem
2825 1501 3087 1548 creaturae
3115 1504 3357 1551 contem-

1761 1584 2003 1656 platione
2023 1591 2388 1652 cognoscunt;
2419 1583 2569 1637 stulti
2590 1600 2721 1639 vero
2749 1584 2876 1639 dum
2915 1593 3193 1641 creaturas
3213 1587 3359 1658 ipsas

1761 1675 1893 1732 deos
1926 1675 2256 1736 existimant,
2301 1690 2494 1745 sapere
2542 1684 2821 1745 nequeunt
2847 1675 3183 1734 Creatorem.
3223 1678 3361 1738 Hinc

1763 1775 1846 1823 est
1877 1770 2023 1837 quod
2067 1777 2090 1804 ε
2131 1767 2322 1832 εοΙειιι,
2366 1767 2568 1836 lunam,
2605 1768 2808 1836 stellas,
2859 1785 3083 1836 aurum,
3118 1770 3356 1844 lapides,

1693 1867 1737 1926 Β
1765 1859 1929 1929 ligna,
1960 1858 2093 1914 deos
2123 1859 2227 1914 sibi
2246 1857 2494 1914 fecerunt
2513 1860 2764 1928 gentiles,
2792 1875 2913 1930 quae
2946 1859 3239 1929 Christiani
3266 1863 3362 1919 ad-

1765 1954 1907 2009 dicta
1934 1968 2046 2009 sua:
2065 1954 2281 2024 sapiunt
2300 1953 2565 2008 servituti.
2603 1953 2712 2009 Nec
2737 1954 2932 2009 mirum
2944 1955 3024 2010 sic
3041 1970 3162 2011 esse
3195 1954 3216 1994 τ
3245 1971 3362 2012 me-

1765 2049 1909 2105 diam
1930 2057 2256 2114 creaturam,
2289 2047 2508 2118 quando
2537 2048 2652 2118 ipse
2685 2057 2900 2105 creator
2927 2051 3168 2105 omnium
3199 2051 3362 2106 Chri-

1766 2151 1881 2198 stus
1914 2150 2000 2197 est
2033 2139 2279 2196 ﬁdelibus
2307 2141 2362 2195 in
2391 2140 2640 2206 salutem,
2673 2139 2978 2198 inﬁdelibus
3023 2144 3081 2197 in
3124 2144 3358 2211 ruinam,

1769 2233 2102 2303 evangelista
2135 2232 2351 2288 dicente
2376 2250 2388 2285 :
2427 2231 2532 2286 Hic
2560 2235 2757 2304 positus
2785 2243 2863 2288 est
2893 2236 2949 2289 in
2971 2237 3176 2290 ruinam
3203 2246 3254 2290 et
3280 2253 3366 2291 re-

1766 2325 2136 2380 surrectionem
2161 2322 2443 2378 multorum
2485 2322 2634 2396 (Luc.
2661 2325 2744 2394 ιι).
2781 2323 3031 2395 Apostoli
3053 2327 3216 2382 etiam
3243 2326 3368 2382 aliis

1767 2419 2032 2473 habentur
2061 2417 2114 2472 in
2135 2425 2388 2484 mortem,
2438 2417 2560 2473 aliis
2588 2418 2858 2473 habentur
2886 2419 2941 2474 in
2967 2420 3157 2488 vitam,
3194 2418 3367 2477 Paulo

1767 2509 2051 2580 probante,
2075 2524 2199 2565 cum
2239 2509 2403 2564 dicit:
2439 2505 2764 2573 Quibusdam
2796 2527 2972 2565 sumus
3013 2512 3145 2567 odor
3181 2515 3366 2569 mortis

1766 2602 1824 2655 in
1856 2608 2092 2666 mortem,
2135 2598 2443 2673 quibusdam
2477 2610 2648 2655 autem
2691 2601 2821 2657 odor
2857 2604 2976 2658 vita
3009 2604 3066 2657 in
3103 2605 3262 2659 vitam
3297 2604 3366 2676 (ll

1770 2689 1890 2746 Cor.
1923 2693 2004 2762 ιι).
2035 2691 2179 2761 Ergo
2207 2700 2265 2748 et
2291 2692 2618 2762 evangelica:
2637 2693 2899 2750 lectiones
2929 2693 3063 2750 ﬁunt
3099 2696 3257 2752 bonis
3285 2697 3370 2752 in-

1768 2783 2080 2852 telligentize
2099 2783 2371 2850 salutaris,
2403 2783 2559 2839 malis
2579 2799 2711 2840 vero
2744 2786 2946 2841 erroris
2971 2787 3208 2843 occasio.
3251 2788 3367 2843 An-

1769 2877 1929 2934 tehac
1949 2877 2280 2946 evangelista
2298 2877 2664 2946 beatissimus,
2697 2894 2820 2935 cum
2846 2878 3076 2936 referret
3105 2879 3369 2938 Joannem

1769 2969 2069 3041 Baptistam
2098 2969 2330 3026 Herodis
2357 2971 2638 3027 astrictum
2671 2971 2921 3039 vinculis,
2953 2973 3231 3030 adulteriis
3263 2974 3372 3030 He-

1770 3062 2010 3119 rodiadis
2047 3062 2394 3128 exstinctum,
2431 3069 2740 3118 truncatum
2781 3063 2836 3117 in
2883 3063 3160 3134 praemium
3205 3065 3370 3120 salta-

1771 3154 1938 3223 tricis,
1971 3154 2237 3210 sensimus
2257 3154 2467 3224 aliquos
2487 3151 2652 3210 fuisse
2678 3162 2972 3225 permotos,
2996 3171 3094 3211 cur
3111 3155 3254 3212 Deus
3280 3173 3368 3213 sa-

102 3250 218 3308 lusio
244 3250 549 3319 Trinitatis;
581 3251 662 3306 sic
689 3258 773 3306 est
797 3249 976 3306 unitas
1005 3247 1302 3315 Trinitatis,
1334 3254 1395 3301 ut
1423 3247 1567 3302 nulla
1595 3247 1667 3302 sit
1692 3259 1739 3323 ε
1769 3247 1980 3316 crilegae
2011 3253 2279 3312 sanctum,
2302 3244 2563 3300 adulterae
2603 3245 2884 3314 virginem,
2929 3247 3179 3316 angelum
3218 3247 3370 3304 addi-

103 3347 148 3399 in
165 3344 356 3400 Deitate
373 3344 661 3410 distantia;
691 3343 770 3399 sic
789 3342 844 3398 in
871 3357 930 3398 se
959 3349 1060 3407 est,
1093 3349 1150 3397 et
1176 3341 1293 3396 sine
1320 3355 1379 3395 se
1407 3348 1520 3396 tota
1548 3339 1670 3396 Tri-

101 3437 227 3492 nitas
259 3452 360 3492 non
396 3445 499 3500 est,
542 3444 603 3491 ut
641 3435 767 3492 insit
796 3436 851 3490 in
885 3433 1067 3498 Patre,
1109 3441 1166 3489 et
1203 3432 1359 3499 Filio,
1391 3441 1446 3488 et
1468 3433 1673 3504 Spiritu

101 3537 276 3584 sancto
298 3529 648 3600 personalitas
687 3527 908 3584 deﬁnita
925 3569 941 3595 ,
985 3543 1094 3584 non
1120 3534 1370 3598 separata
1396 3526 1666 3582 divinitas.

105 3618 159 3673 Et
175 3621 280 3691 ipse
305 3621 558 3691 praeedet
591 3629 714 3674 ante
738 3619 906 3674 illum.
947 3619 1087 3674 Ante
1125 3618 1325 3688 quem?
1353 3615 1492 3671 Ante
1509 3615 1670 3671 Chri-

103 3719 223 3765 stum
249 3751 264 3776 ,
306 3712 396 3781 qui
442 3719 529 3767 est
586 3710 733 3766 Deus
774 3711 1033 3781 ipsorum.
1100 3709 1242 3764 Deus
1285 3714 1489 3776 noster,
1531 3707 1673 3763 Deus

104 3803 347 3866 omnium,
380 3801 524 3858 Deus
566 3802 770 3872 absque
810 3817 919 3873 quo
949 3801 1085 3856 alius
1113 3817 1222 3856 non
1244 3809 1360 3856 est:
1387 3799 1454 3854 In
1489 3802 1672 3855 virtute

106 3893 234 3950 Elite.
273 3894 438 3951 Nemo
474 3911 600 3951 cum
638 3895 744 3950 hoc
783 3894 963 3962 audit,
998 3905 1020 3933 ο
1053 3893 1466 3968 μετεμψύχωσιν
1497 3893 1672 3962 impu-

107 3997 200 4042 tet:
229 3989 310 4044 hic
336 3990 590 4060 spiritum
617 3988 748 4044 dicit
775 3988 947 4055 illum,
971 4003 1133 4058 quem
1161 4003 1260 4059 per
1287 3987 1525 4042 divinam
1543 3999 1670 4056 gra-

106 4079 214 4134 tiam
230 4082 424 4136 meruit
440 4124 455 4149 ,
501 4097 613 4137 non
639 4096 802 4151 quem
829 4081 1009 4136 carnis
1044 4089 1126 4136 est
1153 4089 1476 4136 consecutus
1504 4079 1572 4134 ad
1595 4079 1674 4134 vi-

108 4179 224 4238 tam;
251 4181 304 4227 et
328 4172 588 4228 virtutem
622 4171 752 4228 dicit
799 4172 948 4226 illam
987 4187 1149 4242 quam
1193 4173 1260 4228 de
1299 4172 1548 4243 supernis
1571 4171 1671 4227 ha-

107 4260 233 4328 buit,
263 4280 368 4319 non
417 4265 567 4320 illam
605 4279 767 4334 quam
807 4272 1030 4335 propter
1065 4266 1310 4336 corporis
1337 4265 1564 4336 adeptus
1591 4271 1674 4321 est

108 4352 402 4412 ﬁrmitatem.
437 4355 677 4413 Joannes
704 4371 835 4426 ergo
864 4355 994 4412 Elia:
1023 4357 1172 4412 venit
1198 4358 1254 4412 in
1292 4357 1504 4428 spiritu,
1535 4365 1591 4412 et
1618 4357 1674 4412 in

108 4444 202 4514 ejus
223 4448 417 4504 virtute
460 4447 722 4518 graditur,
769 4449 862 4518 qui
903 4456 1077 4504 totum
1105 4451 1283 4516 victu,
1313 4449 1542 4514 vestitu,
1575 4449 1675 4506 ho-

110 4554 248 4607 nore,
278 4541 528 4598 castitate
551 4583 567 4609 ,
598 4541 921 4597 abstinentia
941 4583 956 4608 ,
988 4550 1044 4597 et
1082 4542 1332 4598 omnibus
1371 4541 1542 4596 Eliam
1566 4543 1675 4597 vir-

1776 3341 1918 3397 xerit
1950 3339 2231 3396 saltatrici.
2283 3338 2500 3394 Fratres
2522 3380 2538 3407 ,
2574 3339 2802 3394 virtutes
2833 3338 3058 3396 Joannis
3077 3382 3092 3408 ,
3142 3339 3374 3397 Herodis

1775 3433 2000 3488 crimina
2021 3431 2362 3488 abundanter
2378 3441 2402 3479 ε
2425 3431 2534 3486 alio
2549 3447 2801 3487 sermone
2816 3432 3170 3489 tractabimus
3194 3451 3206 3486 :
3231 3449 3376 3490 nunc

1775 3525 2094 3595 eloquamur
2119 3539 2241 3594 qua:
2267 3523 2607 3580 vinculorum
2639 3539 2827 3592 causa,
2849 3525 3095 3604 carceris
3126 3541 3249 3596 quae
3275 3542 3376 3582 ne-

1775 3618 2018 3684 cessitas,
2049 3632 2170 3688 qua:
2185 3617 2376 3672 mortis
2395 3617 2602 3672 utilitas
2623 3616 2791 3673 fuerit
2807 3617 2863 3673 in
2888 3616 3116 3674 Joanne.
3141 3617 3378 3676 Joannes

1775 3727 1884 3766 non
1906 3710 2084 3781 potuit
2105 3710 2244 3764 mori
2273 3708 2301 3746 δ
2335 3709 2608 3764 εοιιιιιιιιιιὶ
2635 3718 2803 3776 sorte,
2834 3710 2928 3780 qui
2956 3718 3117 3765 natus
3149 3718 3236 3766 est
3266 3711 3379 3781 pri—

1774 3804 1972 3874 vilegio
2011 3803 2268 3872 singulari
2314 3821 2326 3856 :
2358 3817 2480 3859 cum
2509 3801 2760 3858 Christus
2799 3803 2943 3859 Deus
2971 3811 3291 3860 nasceretur
3323 3805 3378 3858 in

1776 3911 1958 3963 carne,
1981 3893 2218 3950 Joannes
2239 3894 2463 3964 angelus
2484 3904 2570 3950 est
2593 3903 2883 3964 generatus
2911 3896 2967 3950 in
2988 3895 3168 3963 terris,
3204 3903 3268 3951 ut
3303 3895 3377 3950 ita

1776 3987 1955 4046 cilicia
1986 3997 2204 4044 terrena
2236 3987 2429 4044 ciliciis
2448 4004 2508 4044 se
2541 3989 2854 4044 caelestibus
2881 3990 3204 4054 miscerent,
3240 3990 3382 4045 sicut

1775 4081 2027 4136 humanis
2049 4097 2108 4136 se
2127 4080 2308 4135 divina
2331 4080 2652 4146 miscebant,
2677 4089 2732 4134 et
2756 4081 2810 4134 in
2844 4089 2986 4135 terra
3003 4080 3117 4135 Deo
3131 4079 3375 4147 angelus,

1776 4173 2006 4229 Domino
2028 4172 2164 4229 ordo
2192 4172 2429 4228 caelestis
2469 4172 2718 4241 obsequii
2747 4188 2856 4226 non
2883 4171 3116 4227 deesset.
3141 4171 3250 4227 Sed
3278 4187 3378 4228 au-

1775 4267 1986 4322 diamus
2006 4266 2250 4322 ordinem
2292 4265 2565 4321 nascentis
2593 4263 2837 4332 Joannis,
2881 4274 2942 4320 ut
2969 4281 3162 4321 causas
3188 4267 3382 4323 mortis

1777 4357 1894 4428 ejus
1921 4359 2166 4414 invenire
2185 4358 2473 4428 possimus.
2503 4355 2652 4422 Fuit,
2690 4357 2886 4427 inquit,
2918 4359 2973 4412 in
3005 4357 3185 4414 diebus
3215 4357 3383 4413 Hero-

1778 4452 1878 4518 dis,
1911 4453 2046 4523 regis
2067 4449 2288 4516 Judtete,
2321 4449 2566 4504 sacerdos
2587 4450 2798 4522 quidam
2827 4453 3036 4506 nomine
3067 4451 3378 4518 Zacharias,

1780 4546 1844 4600 de
1871 4547 1978 4600 vice
2004 4544 2155 4610 Abia,
2187 4554 2237 4599 et
2262 4561 2398 4599 uxor
2417 4543 2530 4616 ejus
2560 4543 2623 4598 de
2649 4544 2860 4615 ﬁliabus
2887 4546 3086 4612 Aaron,
3118 4555 3169 4600 et
3195 4562 3382 4601 nomen

109 4634 285 4691 tatibus
309 4645 669 4708 repraesentat
695 4645 750 4693 et
789 4634 1085 4692 Christum.
1145 4638 1418 4712 Prieparet
1446 4638 1670 4694 Domino
1701 4650 1750 4711 ι)
1776 4638 1890 4709 ejus
1913 4635 2202 4690 Elisabeth.
2229 4635 2398 4690 Erant
2422 4644 2595 4689 autem
2622 4637 2773 4692 ambo
2787 4639 2918 4710 justi
2944 4649 3065 4692 ante
3084 4636 3271 4706 Deum,
3298 4639 3385 4693 in-

108 4727 276 4794 plebem
293 4732 598 4803 perfectam.
649 4729 825 4798 Quam
866 4729 922 4785 in
961 4730 1113 4786 vobis
1150 4730 1294 4787 Deus
1323 4737 1378 4786 et
1417 4730 1677 4786 Dominus

167 4894 191 4921 ⁸
216 4883 310 4941 Vel
339 4885 678 4952 detumescat,
711 4887 788 4942 ait
811 4885 1074 4941 Latinius.
1101 4885 1264 4952 Editi,
1299 4892 1672 4942 contumescat.

163 4953 187 4992 δ
221 4955 470 5023 Arianos,
495 4955 768 5024 Etianos,
781 4957 1041 5027 aliosque
1064 4957 1224 5026 hujus
1247 4955 1471 5012 furfuris
1499 4957 1677 5011 haere-

107 5028 218 5084 ticos
240 5028 586 5111 perstringit,
615 5029 720 5111 _qui
763 5025 980 5111 Christo
1007 5025 1347 5111 divinitatem
1364 5069 1380 5096 ,
1406 5027 1681 5083 eamdem-

104 5112 188 5167 que
212 5097 331 5154 cum
355 5097 519 5155 Patre
548 5097 904 5155 substantiam
931 5098 1220 5168 negabant.

161 5180 184 5250 ξ
219 5169 536 5251 Animarum
560 5170 616 5225 in
637 5171 742 5251 alia
762 5185 994 5251 corpora
1017 5168 1470 5251 transitumzljllize
1499 5175 1682 5251 autem

105 5240 314 5310 animam
333 5242 388 5296 in
401 5239 668 5298 Joannem
691 5239 1105 5310 transmigrasse
1127 5241 1371 5296 nonnulli
1389 5239 1684 5310 commenti

105 5306 313 5384 (nerant,
347 5312 492 5384 apud
513 5312 872 5384 Augustinum
892 5306 1086 5384 quiest.
1115 5311 1266 5384 'l7__in
1295 5310 1514 5366 Numer.
1545 5307 1685 5366 Con-

105 5376 170 5432 fer
192 5376 580 5438 Tertullianum
601 5376 662 5440 in
685 5384 779 5440 lib.
817 5383 886 5440 de
910 5376 1146 5438 "Anima.
1179 5381 1306 5439 Haec
1345 5390 1528 5438 autem
1566 5388 1686 5436 erat

104 5445 479 5525 Pharisaeorum
521 5455 739 5525 opinio,
781 5455 1122 5511 credentium
1162 5454 1372 5525 animas
1417 5454 1685 5525 bonorum

104 5524 328 5597 possein
356 5524 503 5579 aliud
541 5521 740 5597 corpus
767 5526 1098 5595 immigrare,
1143 5521 1685 5597 dumimproborum

103 5590 278 5650 anim
307 5596 583 5668 perpetuis
621 5590 1003 5668 mancipantur
1039 5590 1346 5652 tarmentis.
1389 5590 1528 5650 Vide
1555 5592 1684 5649 Cal-

103 5673 290 5719 metum
319 5665 373 5720 in
400 5665 595 5722 Matth.

160 5733 186 5770 ⁸
222 5734 282 5809 l_d
305 5745 410 5809 est,
433 5739 657 5809 optima.
686 5736 886 5794 Carent
914 5739 1058 5795 enim
1087 5737 1304 5794 Hebraei
1334 5737 1680 5809 superlativo.

165 5815 188 5842 ⁸
223 5804 404 5880 Prima
421 5804 590 5880 fuisse
617 5809 935 5880 idololatriae
969 5811 1258 5880 principia,
1290 5804 1452 5865 uenio
1485 5808 1688 5880 estqui

105 5877 317 5938 nesciat.
337 5877 471 5939 Vide
498 5879 793 5940 Diodorum
820 5877 1059 5940 Siculum
1080 5877 1340 5939 Biblioth.
1373 5880 1466 5938 lib.
1498 5898 1536 5937 ι.
1568 5877 1685 5940 Un~

1785 4731 2019 4784 cedentes
2046 4731 2104 4785 in
2132 4731 2368 4784 omnibus
2399 4727 2665 4782 mandatis
2705 4740 2756 4784 et
2781 4730 3244 4802 justiﬁcationibus
3271 4727 3384 4784 Do-

1785 4883 1854 4941 de
1882 4883 2258 4951 Athenienses,
2309 4891 2504 4955 spretae
2549 4883 2824 4953 religionis
2855 4884 3114 4951 vindices,
3164 4884 3383 4941 Anaxa-

1787 4968 1975 5022 goram
1995 4956 2321 5023 garrientem
2352 4956 2406 5009 in
2427 4955 2617 5020 solem,
2667 4970 2828 5024 quem
2878 4956 2980 5024 ipsi
3007 4957 3166 5011 deum
3194 4957 3386 5012 crede-

1786 5027 1938 5092 bant,
1970 5035 2147 5081 morte
2188 5026 2556 5081 mulctandum
2589 5041 2868 5081 censuere.
2901 5026 3122 5082 Wower
3160 5027 3216 5081 in
3255 5026 3382 5085 Not.

1790 5098 1860 5152 ad
1887 5093 2168 5168 Optavium
2199 5096 2396 5152 Minuc.
2441 5110 2564 5168 pag.
2607 5097 2692 5151 73.
2719 5097 2826 5152 col.
2859 5097 2910 5150 1.

1868 5169 1888 5206 ί
1929 5167 2010 5222 Ex
2040 5185 2144 5223 una
2175 5180 2329 5238 parte
2349 5167 2495 5238 boni,
2527 5183 2597 5222 ex
2622 5168 2728 5222 alia
2749 5169 2876 5222 mali
2898 5167 3163 5223 ministra.

1866 5247 1891 5286 ε
1927 5237 2090 5305 Infra,
2115 5255 2278 5295 serm.
2315 5237 2436 5292 127.

1859 5307 1887 5346 ιι
1926 5309 2027 5365 Ms.
2057 5309 2266 5366 Catseu.
2298 5318 2354 5365 et
2373 5309 2642 5376 Vallicel.,
2668 5311 2924 5365 communi
2948 5319 3130 5365 morte.
3154 5308 3386 5365 Ambroo

1788 5381 1922 5445 sius,
1964 5396 2128 5436 εει-ιιι.
2154 5381 2244 5442 85,
2279 5381 2332 5436 in
2373 5380 2494 5436 Nat.
2522 5380 2580 5436 S.
2620 5379 2776 5437 Joan.
2822 5381 2978 5452 Bapt.
3017 5399 3030 5435 :
3064 5377 3163 5445 Qui
3195 5391 3386 5453 praeter

1788 5453 2056 5524 hominum
2084 5453 2406 5524 nativitatem
2434 5469 2499 5508 ea:
2539 5454 2937 5524 repromissione
2963 5462 3240 5524 generatus
3271 5454 3386 5524 fue-

1788 5533 1904 5587 rat,
1941 5523 2038 5578 hoc
2067 5523 2130 5578 de
2159 5521 2270 5578 Deo
2297 5525 2516 5588 meruit,
2560 5521 2625 5577 ne
2661 5525 2919 5579 communi
2947 5521 3062 5578 eum
3091 5521 3290 5580 ceteris
3321 5524 3386 5579 de

1788 5596 1981 5666 saeculo
2022 5605 2187 5649 morte
2225 5594 2538 5666 discederet,
2590 5595 2681 5648 sed
2721 5611 2940 5666 corpus,
2983 5595 3121 5666 quod
3159 5594 3387 5652 Domino

1793 5665 2022 5738 donante
2059 5675 2383 5736 susceperat,
2427 5664 2710 5738 Dominum
2752 5664 3045 5738 conﬁtendo
3085 5666 3382 5738 deponeret.

1793 5735 1936 5809 Ergo
1955 5735 2303 5865 JoannesBer
2323 5737 2496 5820 omnia
2525 5737 2838 5791 voluntatem
2852 5735 3073 5793 Domini
3093 5735 3232 5810 fecit,
3263 5740 3390 5811 quia

1793 5819 2004 5865 propter
2040 5825 2167 5865 onus
2248 5809 2406 5865 omint
2436 5816 2487 5864 et
2525 5817 2681 5865 natus
2719 5816 2798 5865 est
2821 5816 2871 5865 et
2898 5807 3188 5865 defunctus.
3217 5807 3388 5865 Mm.

1791 5807 2004 5882 propter
2040 5825 2167 5882 opus
2196 5807 2406 5866 Domini
2436 5816 2487 5864 et
2525 5817 2681 5865 natus
2719 5816 2798 5866 est
2821 5816 2871 5868 et
2898 5807 3188 5888 defunctus.
3217 5807 3388 5892 Min,

3420 4818 3426 4870 ὅ

3418 5172 3433 5247 ι
