3882 6356
111 221 197 290 iss
1552 224 1782 282 SERMO
1816 225 1930 281 xc.
2917 205 2926 210 ’
3277 229 3388 288 ist

111 335 384 432 sacerdotis
401 370 416 407 :
457 350 551 430 qui
596 348 719 408 cum
745 365 857 422 non
890 341 1072 405 criadit
1117 348 1214 404 Dei
1252 348 1516 419 promissa
1535 388 1552 415 ,
1584 347 1680 404 sed
1705 352 1761 410 Α
1785 348 1981 414 odisse,
2004 330 2107 401 nec
2129 340 2373 412 vincere;
2413 345 2610 424 debere
2635 348 2749 418 jam
2775 335 3024 402 misereri
3062 336 3266 415 Deum,
3290 313 3408 426 de:

111 443 328 509 discutit;
351 445 410 520 et
419 445 586 520 op'era
601 441 801 508 divina,
821 453 929 496 non
951 439 1055 496 fide
1069 440 1315 512 percipit,
1333 439 1428 496 sed
1441 441 1679 496 humana
1784 438 1916 493 bere
1929 436 2044 508 jam
2069 435 2254 492 taliter
2271 434 2557 493 subvenire
2577 438 2834 508 captivis;
2857 435 3104 512 pontifex
3133 451 3262 514 ergo
3285 438 3390 494 iste
3435 493 3477 520 ,ιτ

109 538 291 594 ratione
316 515 586 607 disquirit,
639 531 969 590 infidelitatis
1013 531 1227 603 culpam
1275 533 1434 603 longa
1481 531 1682 589 silentii
1782 543 1906 584 cum
1926 527 2023 582 Dei
2053 541 2212 582 aures
2232 527 2488 582 continua
2522 535 2578 582 et
2605 527 2698 582 tali
2727 527 2969 598 querela,
2996 527 3092 582 tali
3120 527 3390 582 lamenta-
3433 515 3491 608 ’ἱ

108 631 530 690 condemnatione
550 628 829 701 persolvit.
853 625 1114 683 Audierat
1133 626 1201 683 ab
1229 623 1460 697 angelo:
1491 625 1680 681 Exau-
1782 620 1933 676 tione
1966 619 2226 690 pulsaret,
2269 619 2413 675 Deus
2459 620 2536 676 sic
2562 619 2669 691 pia,
2723 621 2801 677 sic
2833 619 2983 691 justa
3025 621 3291 692 poscenti,
3324 636 3392 677 ex
3433 619 3440 698 ξ

109 731 195 783 dita
220 733 290 782 est
319 723 614 798 deprecatio
651 733 739 792 tua
773 738 792 778 :
822 731 871 776 et
907 739 1043 778 uxor
1083 730 1171 776 tua
1211 718 1478 776 Elisabetlt
1515 721 1684 792 pariet
1784 713 2027 783 germine
2066 712 2236 784 ipsius
2272 713 2640 783 reSponsionis
2667 729 2778 769 suae
2816 715 3047 786 sumpsit
3068 723 3126 771 et
3163 716 3396 771 instituit

109 822 181 874 tibi
198 821 375 892 ﬁliuni.
412 816 514 882 Qui
544 827 662 870 tunc
691 814 997 887 respondit:
1034 811 1184 870 Unde
1210 812 1307 868 hoc
1333 812 1538 868 sciam?
1564 807 1683 882 Ego
1784 807 2034 864 mirabile
2054 807 2455 875 documentum,
2480 822 2589 878 quo
2618 808 2862 864 crederet
2887 825 3052 881 posse
3072 807 3244 864 Deum
3265 809 3398 864 dare

108 915 218 969 enim
244 927 354 966 sum
383 925 573 976 senex,
603 919 656 963 et
679 924 815 963 uxor
843 923 956 962 mea
995 907 1241 978 processit
1271 905 1328 959 in
1367 904 1544 958 diebus
1573 904 1683 957 suis
1784 900 1954 956 vitam
1974 901 2222 967 mortuis,
2241 900 2469 956 salutem
2486 900 2710 956 reddere
2723 901 3045 973 desperatis,
3063 901 3111 958 si
3129 903 3398 958 senectuti

107 1003 246 1077 (Luc.
281 1005 358 1071 ι).
397 999 587 1071 Nonne
614 1008 874 1070 quantum
908 1005 1186 1054 senectute
1213 996 1369 1065 longa
1399 1009 1550 1066 spem
1577 1009 1680 1064 po-
1785 1001 2016 1048 mortuae
2044 993 2308 1058 sobolem,
2333 993 2378 1047 si
2400 992 2670 1047 sterilitati
2691 994 2931 1050 dedisset
2952 993 3121 1049 lilium
3142 991 3399 1064 despera-

107 1094 338 1152 steritatis
358 1093 654 1158 amiserat,
673 1099 882 1146 tantum
902 1091 1065 1159 longo
1084 1090 1206 1144 vitae
1227 1105 1326 1144 usu
1355 1087 1531 1143 fuerat
1551 1087 1684 1142 edo-
1787 1095 1876 1154 tm,
1901 1089 2041 1146 sicut
2060 1087 2406 1156 evangelicus
2427 1087 2600 1158 aperit
2621 1103 2820 1155 sermo,
2854 1104 2978 1145 cum
3006 1084 3140 1144 dicit
3168 1104 3184 1142 :
3216 1085 3400 1142 Exau-

107 1188 206 1245 ctus
229 1185 371 1257 quod
391 1185 534 1241 Deus
555 1183 887 1255 impossibile
911 1183 985 1238 nil
1014 1181 1274 1237 haberet?
1295 1179 1525 1248 Legerat
1545 1180 1682 1233 tanti
1789 1179 1900 1234 dita
1921 1167 1997 1234 est
2018 1178 2309 1250 deprecatio
2333 1188 2439 1243 tua,
2471 1188 2523 1233 et
2546 1196 2682 1234 uxor
2711 1188 2798 1234 tua
2825 1177 3099 1235 Elisabeth
3120 1180 3288 1252 pariet
3311 1177 3402 1231 tibi

107 1274 340 1347 ίεωροτίε
386 1273 660 1340 sacerdos:
709 1271 915 1328 εείθδὶὶῑ
961 1279 1246 1326 veteranus
1283 1266 1525 1340 Ροηῑίῖθκ
1563 1268 1684 1338 Ῑθεθ
1787 1272 1976 1345 ﬁlium,
1995 1271 2382 1343 redemptionis
2401 1270 2561 1342 hujus
2582 1272 2846 1336 nuntium,
2871 1271 3038 1342 hujus
3059 1269 3248 1326 salutis
3269 1285 3406 1340 pne

108 1377 350 1434 naturam,
379 1382 493 1424 non
525 1374 803 1422 auctorem
834 1375 1040 1420 naturae
1067 1378 1229 1435 posse
1269 1361 1594 1430 constringi;
1627 1369 1687 1416 et
1789 1366 1970 1432 vium;
2002 1365 2095 1436 qui
2135 1365 2305 1420 Deum
2346 1380 2473 1431 non,
2498 1365 2638 1420 sicut
2658 1372 2736 1433 tu,
2770 1380 2904 1420 voce
2935 1364 3140 1431 audiat,
3172 1379 3280 1419 non
3309 1377 3403 1431 ge-

109 1469 293 1530 tempus
325 1457 534 1513 homini
582 1471 773 1529 posse,
829 1471 930 1511 suo
972 1471 1081 1510 non
1119 1469 1280 1524 posse
1333 1451 1683 1524 praescribere
1787 1457 2008 1513 mitibus
2029 1455 2230 1513 flectat.
2259 1455 2376 1512 Non
2408 1457 2475 1512 ad
2497 1457 2899 1532 impetrandum
2923 1463 3111 1512 nostra
3132 1455 3240 1522 ille,
3265 1454 3403 1509 sicut

108 1549 368 1610 conditori.
415 1561 438 1585 ιι
467 1547 708 1604 Noverat
753 1547 821 1604 de
867 1546 1097 1602 Abrahae
1125 1555 1181 1602 et
1226 1545 1374 1602 Sane
1419 1545 1683 1601 emortuis
1787 1557 1868 1616 tu,
1899 1547 2152 1620 suffragia
2171 1550 2432 1620 requirat,
2457 1550 2554 1606 sed
2584 1551 2700 1620 ipse
2733 1550 2787 1606 in
2829 1555 3019 1604 nostro
3049 1546 3240 1603 ordine
3267 1561 3403 1602 con-

109 1655 321 1701 estrema
358 1649 640 1699 senectute
677 1641 1016 1712 corporibus,
1050 1647 1103 1696 et
1124 1656 1154 1696 a
1175 1640 1346 1712 patris
1383 1639 1682 1710 matrisque
1791 1643 2032 1710 Stitutus,
2065 1651 2121 1698 et
2148 1643 2392 1712 angelico
2413 1644 2623 1700 honore
2647 1643 2830 1709 fultus,
2855 1643 3025 1698 Deum
3046 1641 3178 1696 satis
3195 1639 3266 1696 ab
3287 1653 3404 1695 om-

109 1737 298 1793 nomine
317 1733 679 1791 famosissima
700 1733 985 1789 sterilitate
1011 1733 1314 1798 summotis;
1338 1731 1488 1788 Isaac
1509 1732 1576 1788 ad
1599 1740 1686 1787 to-
1717 1742 1768 1803 Β
1794 1734 1951 1790 nibus
1977 1735 2364 1802 desideratum,
2397 1752 2499 1793 nec
2539 1738 2617 1792 illi
2639 1752 2897 1807 umquam
2920 1733 3216 1805 cognitum,
3239 1731 3405 1788 etiam

109 1842 199 1886 tam
233 1827 612 1886 fecunditatem
640 1826 919 1884 lsraelitnci
946 1827 1203 1897 germinis
1235 1827 1477 1898 erupisse
1507 1823 1678 1898 (Gen.
1792 1827 1926 1898 ipsis
1964 1827 1990 1865 δ
2031 1830 2236 1898 angelis
2277 1830 2528 1897 invisum,
2581 1845 2746 1886 manu
2791 1837 2996 1896 teneat,
3047 1825 3406 1900 amplectatur

109 1922 315 1993 m),cui
334 1935 444 1977 non
467 1919 638 1976 obfuit
659 1927 865 1974 tantum
881 1918 1114 1974 defuisse
1127 1927 1395 1984 naturam,
1420 1927 1685 1990 quantum
1791 1919 2020 1990 gremio,
2072 1928 2128 1975 et
2160 1919 2272 1990 jam
2311 1923 2663 1992 conspicuum
2702 1922 2906 1978 mundo
2931 1931 2954 1960 ο
2985 1918 3130 1975 ulnis
3161 1916 3406 1974 felicibus

111 2015 232 2070 nasci
257 2011 459 2085 profuit
486 2011 724 2067 auctoris
755 2010 1040 2078 beneﬁcio,
1074 2027 1182 2066 non
1211 2019 1439 2066 naturae.
1474 2011 1687 2066 Didice-
1792 2013 1992 2079 tradat,
2035 2015 2230 2084 palmis
2268 2015 2596 2073 beatissimis
2636 2017 2891 2086 assignat,
2937 2013 3188 2070 humanis
3233 2010 3407 2068 oculis

109 2117 177 2163 rat
200 2107 452 2163 Rebeccae
471 2103 627 2175 (Gen.
648 2102 776 2175 xxv)
808 2111 863 2159 et
884 2102 1051 2158 Annae
1074 2103 1128 2176 (Ι
1153 2103 1279 2176 Reg.
1307 2103 1343 2175 ι)
1368 2102 1541 2158 effetis
1567 2102 1682 2168 diu,
1791 2108 2203 2178 pervidendum,
2248 2108 2420 2162 Deum
2461 2109 2737 2178 cognitum
2768 2110 2932 2166 faciat
2959 2105 3246 2173 universis,
3284 2119 3410 2176 per-

112 2199 183 2252 diu
215 2205 418 2251 natura:
461 2195 718 2264 suffragio
765 2194 1054 2260 destitutis,
1095 2193 1310 2250 dedisse
1349 2193 1514 2249 Deum
1536 2193 1687 2263 quod
1793 2197 1956 2253 ducat
2003 2199 2292 2254 Dominum
2339 2200 2409 2256 ad
2457 2202 2734 2257 consortia
2773 2201 3134 2269 servulorum,
3183 2199 3411 2254 misceat

111 2289 336 2345 sterilitas
363 2287 749 2356 abnegaverat.
786 2285 1026 2344 Edootus
1062 2301 1193 2357 ergo
1220 2287 1404 2353 tantis,
1446 2286 1572 2356 quid
1602 2292 1689 2342 est
1793 2291 1903 2345 reis
1930 2289 2192 2359 Judicem,
2224 2308 2508 2348 censorem
2550 2294 2605 2348 in
2634 2309 2693 2350 se
2723 2302 2955 2350 testetur
2977 2294 3268 2349 noxiorum
3291 2306 3412 2347 sus~

112 2379 230 2452 quod
253 2380 385 2438 dicit
416 2397 430 2433 :
467 2378 620 2435 Unde
656 2378 752 2435 hoc
778 2381 942 2434 sciam
959 2378 1114 2452 ἶλΕθο
1135 2381 1274 2434 enim
1301 2395 1461 2434 senex
1479 2396 1612 2443 sum,
1636 2401 1645 2431 4

1877 2386 2002 2440 )isse
2031 2401 2341 2456 personam,
2384 2401 2448 2441 ac
2487 2387 2533 2442 si
2570 2387 2767 2458 probet
2802 2383 3273 2443 condemnationis
3305 2383 3410 2439 hu-

112 2491 218 2528 ιτα·
241 2489 355 2527 utea
383 2472 639 2546 processit
662 2473 719 2525 in
762 2470 938 2526 diebus
981 2471 1128 2526 suis?
1165 2471 1414 2538 Fratres,
1447 2472 1578 2526 satis
1617 2486 1645 2523 a

1874 2493 1966 2533 mae
2013 2480 2340 2534 sententiam
2379 2487 2743 2544 cessaturum,
2794 2477 3013 2548 quando
3054 2477 3171 2548 ipse
3211 2476 3407 2546 agitur,

113 2565 252 2622 Deum
274 2565 506 2636 trepida,
537 2566 672 2620 satis
711 2564 780 2619 ad
809 2565 1021 2620 divinas
1060 2566 1290 2620 virtutes
1330 2564 1565 2620 hominis
1605 2571 1690 2618 est
1794 2569 1910 2641 ipse
1931 2571 2100 2626 currit
2129 2587 2228 2642 per
2253 2571 2489 2641 veniam,
2521 2572 2613 2642 qui
2649 2585 2776 2626 reos
2803 2577 2924 2625 erat
2943 2569 3169 2626 daturus
3197 2567 3267 2624 ad
3294 2583 3428 2642 pce:

114 2658 353 2715 imbecilla
382 2667 599 2724 natura,
623 2671 725 2713 nec
752 2657 918 2712 talem
944 2671 1004 2712 se
1034 2657 1090 2712 in
1117 2672 1278 2712 causa
1319 2658 1526 2712 invenit
1553 2671 1690 2727 qua—
1793 2673 1939 2716 nam.
1975 2661 2046 2718 Ut
2094 2663 2271 2718 luceat
2312 2664 2418 2720 hoc
2464 2662 2784 2737 mysterium
2831 2660 3050 2743 pietatis
3101 2661 3410 2727 immensae,

114 2751 197 2806 lem
214 2765 271 2806 se
289 2751 524 2804 aestimat
547 2756 674 2804 ante
694 2753 948 2816 causam;
979 2756 1035 2804 et
1055 2750 1186 2804 satis
1207 2764 1266 2805 se
1294 2749 1507 2820 ignorat
1535 2757 1689 2805 ante-
1794 2753 2078 2822 Zacharia,
2123 2765 2250 2812 tuus
2275 2754 2418 2812 filius
2447 2771 2603 2812 suum
2634 2754 2922 2809 Dominum
2952 2739 3286 2824 poenitentiae
3312 2737 3427 2824 de-f

113 2851 251 2914 quam
273 2857 334 2898 se
359 2841 525 2897 rebus
549 2841 776 2913 probet,
817 2849 874 2896 et
901 2842 1214 2912 experiatur
1233 2843 1514 2912 exemplis.
1548 2840 1691 2897 Petit
1795 2849 1991 2917 mergit
2012 2849 2063 2902 in
2081 2848 2371 2920 baptisma,
2389 2849 2446 2904 in
2468 2847 2843 2904 remissionem
2857 2844 3011 2900 diluit
3027 2853 3376 2916 peccatorum
3392 2817 3431 2918 εξ

113 2937 304 3003 celum,
331 2937 469 3008 petit
509 2937 638 3003 alta,
678 2938 951 2992 scrutatur
980 2951 1234 3007 supera,
1267 2945 1449 2992 movet
1469 2937 1689 3005 coelum,
1796 2939 1922 3009 quia
1956 2941 2126 2996 voluit
2144 2940 2266 2996 fons
2287 2939 2438 3008 dilui,
2463 2939 2716 3009 cognitor
2740 2937 3022 3008 suscipere
3051 2937 3282 3004 veniam,
3312 2924 3430 3016 Ju-j

114 3030 516 3102 pulsatvcualum;
538 3029 636 3086 sed
662 3045 787 3086 cum
808 3029 1004 3086 coelum
1030 3030 1279 3096 moverit,
1304 3030 1426 3086 coeli
1447 3030 1694 3100 pondera
1798 3033 1904 3089 dex
1927 3034 2042 3106 ipse
2075 3050 2227 3089 suam
2259 3034 2443 3090 subire
2483 3029 2828 3096 sententiam,
2856 3044 2924 3085 ne
2953 3029 3238 3085 damnaret
3264 3042 3429 3100 reos,

116 3139 209 3178 non
253 3123 446 3194 poterit
472 3122 766 3178 sustinere.
798 3121 981 3178 Ambit
1021 3119 1146 3177 fidei
1188 3121 1373 3178 subire
1410 3125 1692 3193 verticem,
1722 3128 1771 3188 C
1806 3143 1878 3184 ne
1902 3128 2196 3182 vindictam
2220 3124 2488 3196 proferret
2526 3124 2579 3178 in
2622 3125 2847 3189 noxios;
2891 3119 3133 3177 ascendit
3171 3112 3431 3197 crucem,.:

116 3214 248 3273 ardet
277 3216 472 3273 omium
503 3230 605 3272 sua
634 3223 922 3288 penetrare
947 3216 1174 3283 virtute;
1210 3218 1306 3272 sed
1341 3217 1608 3274 :ethereas
1637 3219 1694 3274 in
1803 3221 2056 3289 degustat
2077 3225 2326 3284 mortem,
2347 3215 2676 3288 sepulturam
2693 3215 2924 3286 patitur,
2942 3214 3104 3268 intrat
3122 3211 3431 3280 infernum,’

113 3309 317 3366 viasubi
343 3309 597 3387 incedere
623 3308 872 3364 humanis
909 3308 1180 3378 gressibus
1212 3309 1450 3377 inchoat,
1475 3318 1530 3366 et
1568 3327 1694 3368 cum
1806 3314 1900 3382 qui
1923 3312 2100 3383 puniri
2126 3311 2313 3376 voluit,
2347 3324 2416 3364 ne
2448 3309 2687 3381 puniret,
2710 3308 2803 3380 qui
2833 3306 3004 3361 amari
3034 3305 3205 3376 magis
3242 3303 3433 3386 voluit.

114 3416 254 3458 suam
279 3400 529 3457 deorsum
548 3401 772 3473 respicit
797 3402 866 3456 ad
903 3410 1172 3467 naturam,
1204 3417 1312 3458 non
1335 3411 1544 3459 tantum
1578 3405 1699 3462 fidit
1807 3417 1969 3473 quam
1991 3403 2188 3458 timeri.
2233 3401 2389 3470 Quod
2429 3401 2521 3456 ubi
2551 3399 2871 3466 Zacharias,
2915 3396 3130 3465 fratres,
3183 3395 3434 3468 audivit,.f

114 3491 180 3550 de
201 3494 494 3566 praeteritis,
540 3503 803 3564 quantum
834 3493 1066 3567 trepidat
1085 3495 1153 3551 de
1178 3497 1354 3552 ruina.
1387 3496 1478 3554 Sic
1507 3498 1565 3552 Β.
1593 3498 1697 3555 Pe-
1809 3503 2020 3550 tantum
2048 3511 2108 3551 se
2146 3495 2410 3550 meruisse
2438 3493 2550 3549 suis
2589 3492 2837 3563 precibus
2875 3497 3301 3558 sacramentum,
3334 3489 3434 3565 rei),

115 3594 218 3641 επις
235 3601 353 3643 cum
373 3602 472 3659 per
487 3601 710 3657 aequora
730 3587 941 3643 divinos
959 3587 1202 3644 imitatur
1224 3590 1483 3658 incessus,
1508 3601 1565 3647 et
1591 3608 1694 3648 no-
1810 3580 1980 3660 ipsius
2001 3589 2436 3644 consideratione
2457 3587 2699 3653 territus,
2725 3585 3052 3642 sacramenti
3080 3583 3248 3657 ipsius
3266 3583 3436 3658 :esti-p

115 3679 400 3736 vus-viator
432 3679 603 3735 molle
629 3679 732 3734 iter
759 3679 908 3734 duris
941 3680 1214 3750 gressibus
1241 3682 1431 3750 calcat,
1465 3693 1591 3739 ante
1627 3685 1697 3742 de
1812 3684 2052 3738 matione
2081 3681 2346 3746 turbatus,
2380 3695 2483 3736 nec
2521 3694 2581 3734 se
2621 3679 2816 3734 mereri
2846 3683 3054 3734 tantum
3086 3675 3328 3743 credidit,
3361 3685 3424 3732 et

118 3774 253 3845 lapsu
270 3773 541 3845 supplic-at
558 3787 720 3844 quam
743 3773 974 3843 gaudeat
1001 3773 1069 3831 de
1088 3775 1290 3832 donato
1313 3775 1526 3846 (Matth.
1559 3778 1692 3850 xlv).
1812 3777 1986 3833 Deum
2009 3775 2272 3831 dubitavit
2301 3774 2367 3829 ad
2381 3773 2497 3829 hmc
2515 3773 2646 3828 talia
2668 3781 2723 3828 et
2748 3778 2898 3826 tanta
2919 3768 3263 3827 descendere.
3282 3767 3425 3824 Hine

115 3865 193 3922 Sic
205 3883 343 3923 nunc
361 3866 674 3932 Zacharias,
691 3866 924 3936 quicum
945 3867 1037 3922 diu
1058 3867 1210 3924 fleret
1229 3869 1500 3925 diabolum
1512 3885 1695 3942 posse,
1815 3880 1900 3927 est
1925 3869 2070 3940 quod
2091 3869 2223 3926 dicit
2245 3887 2258 3922 :
2289 3865 2439 3924 Unde
2467 3867 2566 3922 hoc
2584 3865 2788 3922 sciam?
2814 3863 2928 3938 Ego
2948 3864 3086 3919 enim
3105 3879 3263 3918 senex
3281 3878 3416 3926 sum,

115 3972 322 4028 regnare
359 3967 597 4015 mortem
625 3957 781 4029 culpa
810 3958 1044 4015 hominis
1074 3961 1251 4028 unius,
1277 3962 1423 4016 nasci
1452 3961 1702 4018 homines
1813 3973 1868 4019 et
1885 3979 2018 4018 uxor
2045 3978 2162 4017 mea
2199 3962 2449 4033 processit
2473 3960 2530 4014 in
2573 3957 2749 4014 diebus
2794 3957 2921 4012 suis.
2954 3953 3070 4011 Hoc
3097 3962 3181 4010 est
3215 3954 3414 4018 dicere,

117 4051 175 4105 ad
197 4050 430 4120 labores,
453 4051 526 4107 ad
553 4052 802 4123 gemitus,
825 4051 892 4106 ad
922 4053 1177 4124 pericula,
1197 4063 1388 4125 optare
1407 4055 1532 4112 licet
1558 4072 1703 4111 ωηι-
1816 4057 2100 4126 Quomodo
2121 4071 2208 4111 me
2228 4056 2430 4112 habere
2455 4054 2622 4109 tilium
2642 4053 2783 4108 ratio
2803 4067 2916 4106 non
2942 4049 3206 4122 permittit
3224 4047 3417 4103 huma—

117 4156 306 4211 mnosa;
327 4145 619 4210 moritura,
651 4157 751 4198 nec
780 4150 961 4199 tamen
981 4159 1142 4214 posse
1167 4146 1394 4216 pignora
1422 4162 1712 4218 promere-
1817 4163 1908 4216 na,
1935 4151 2008 4206 ita
2038 4149 2186 4205 nasci
2208 4156 2264 4204 et
2281 4147 2422 4204 mori
2445 4147 2616 4202 Deum
2641 4145 2901 4214 majestas
2929 4159 3036 4199 non
3064 4141 3194 4196 sinit
3214 4142 3417 4212 sempi-

115 4235 180 4303 rl;
199 4245 342 4294 stare
370 4238 517 4293 inter
548 4237 694 4294 acies
721 4239 1023 4306 criminum,
1055 4238 1291 4295 obsideri
1323 4241 1578 4297 vitiorum
1611 4256 1714 4299 οτι-
1815 4252 1991 4299 terna.
2022 4241 2121 4298 Cui
2142 4240 2168 4281 ἀ
2198 4241 2418 4312 angelus
2444 4239 2788 4296 veniabiliter
2815 4253 2923 4293 non
2943 4235 3185 4292 credenti
3204 4250 3421 4306 pmnam

115 4331 280 4397 terris,
302 4330 683 4388 inﬁrmitatum
703 4333 925 4402 quatiet
943 4334 1189 4403 quassari
1210 4349 1426 4406 semper
1444 4336 1711 4407 impulsu;
1817 4335 1956 4406 signi
1985 4343 2194 4390 tantum
2233 4333 2408 4397 dedit,
2435 4347 2545 4387 non
2575 4329 2816 4402 perﬁdiae
2848 4347 2860 4382 :
2893 4327 3117 4384 cautelae
3147 4335 3232 4383 est
3268 4327 3424 4384 tarde

114 4421 282 4480 videre
299 4424 520 4480 eminus
545 4423 743 4479 vexilla
764 4424 1042 4493 virtutum,
1065 4441 1217 4497 spem
1245 4426 1398 4497 legis,
1429 4430 1630 4497 gratia:
1650 4431 1714 4485 li-
1817 4429 1886 4484 de
1916 4427 2027 4483 Deo
2048 4426 2271 4481 humilia
2292 4424 2536 4493 credere,
2567 4423 2636 4479 de
2663 4421 2776 4478 Deo
2799 4421 3006 4477 tardius
3031 4420 3432 4480 contumeliosa-

114 4511 383 4583 bertatem,
410 4530 516 4572 nec
551 4524 733 4572 tamen
771 4516 899 4573 illuc
934 4532 1257 4589 quemquam
1287 4522 1716 4594 propriisposse
1749 4508 1800 4570 ι)
1822 4524 2042 4578 sentire.
2087 4518 2299 4589 Adjecit
2326 4517 2584 4588 Angelus,
2618 4516 2803 4572 dicens
2837 4533 2850 4569 :
2891 4513 3004 4587 Ego
3038 4530 3152 4568 sum
3189 4511 3422 4570 Gabriel.

113 4602 297 4662 viribus
323 4607 648 4678 pervenire;
674 4607 814 4664 velle
844 4608 1008 4676 bona,
1031 4617 1087 4666 et
1113 4627 1222 4668 non
1243 4611 1424 4671 facere
1437 4632 1457 4682 ;
1477 4616 1715 4672 crimina
1823 4627 1847 4655 ε·
1866 4615 1938 4672 Ut
1956 4630 2023 4670 ex
2044 4613 2264 4668 nomine
2283 4618 2456 4677 tanto,
2475 4619 2530 4666 et
2550 4625 2619 4666 ex
2638 4609 2836 4666 merito
2857 4607 3085 4664 ministri
3110 4607 3264 4668 tanti.
3288 4622 3438 4678 pen--

168 4757 350 4829 θηκο
387 4760 598 4840 omnia.
615 4775 746 4840 9953
787 4762 1147 4840 proculdubio
1191 4765 1378 4834 ignota
1426 4767 1710 4826 Zachariae
1821 4785 1907 4826 nte
1928 4766 2186 4840 potentia:
2215 4763 2580 4840 exempla;_et
2606 4761 2752 4833 quod
2781 4769 2901 4817 erat
2927 4761 3186 4818 sacerdos
3211 4760 3436 4840 populi-

107 4846 201 4910 non
228 4839 410 4910 erant,
446 4831 840 4910 incredulitatis
881 4834 1107 4910 culpam
1134 4831 1285 4910 ineo
1315 4850 1707 4910 aggravarunt.
1819 4831 2238 4910 que’magister;
2277 4843 2332 4892 et
2368 4831 2516 4910 quod
2542 4831 2648 4890 hoc
2671 4841 2936 4910 tempore,
2972 4848 3094 4910 c_um
3122 4839 3436 4910 cessassent

109 4897 850 4984 Qsmtdocumqueenimpeus
865 4897 1073 4976 aliquod
1093 4906 1307 4984 indicat,
1328 4897 1503 4977 inquit
1538 4910 1714 4984 Chry-
1821 4897 2122 4984 prophetiae
2150 4917 2206 4964 et
2224 4897 2626 4984 'apparjtiones,
2660 4897 2958 4984 ei_angelu's
2987 4897 3160 4984 fuerat
3179 4903 3422 4984 locutus;

106 4983 366 5054 astismos
397 4972 588 5054 homil.
622 4972 658 5026 2
683 4974 751 5029 de
780 4972 1076 5054 incompar.
1115 4972 1462 5054 Dei__Natura.
1509 4974 1714 5054 oportet
1823 4972 1879 5038 Et
1907 4972 2050 5054 quod
2080 4972 2379 5054 demeruit!
2400 4977 2540 5054 ipso.
2553 4975 2894 5054 oraculorum
2935 4975 3074 5054 loco.
3087 4981 3142 5028 et
3159 4980 3434 5054 “tempore

104 5044 583 5128 italidesuscipere;
610 5061 738 5128 nant"
760 5062 913 5128 super
941 5041 1235 5128 {ittjusmodi
1261 5041 1564 5122 disceptare
1590 5070 1716 5110 con-
1823 5041 2172 5128 precationis.
2198 5049 2333 5128 Vide
2356 5041 2718 5128 hightfootum
2742 5045 2796 5128 in
2819 5044 3130 5128 Harmonia.
3148 5041 3432 5128 gate—rum

107 5069 264 5112 ικμας
279 5069 582 5116 “Stupent;
610 5069 736 5099 nam
761 5069 913 5116 super
941 5069 1234 5119 uujusmoat
1261 5069 1564 5122 atscepta-re
1590 5070 1716 5110 con-
1863 5069 2172 5110 recattoms.
2207 5069 2333 5106 V108
2356 5069 2718 5118 hlgnuomuln
2743 5069 2796 5100 Ill
2819 5069 3130 5099 narmuma.
3155 5069 3421 5100 υκιετωιι

107 5119 310 5170 tsmacis
331 5125 414 5172 est
433 5118 644 5170 animas.
679 5115 813 5172 Vide
841 5117 928 5173 hic
947 5117 1069 5174 Not.
1093 5119 1146 5176 4.
1823 5069 1934 5181 Kac
1959 5125 2166 5180 crimen
2197 5120 2410 5177 veniale
2443 5126 2651 5173 tantum
2681 5115 2848 5172 fuisse
2869 5117 3029 5172 docet
3061 5114 3421 5172 Maldonatus.

101 5184 190 5310 he”
223 5185 280 5269 id
323 5195 414 5243 est
444 5203 554 5242 non
579 5189 851 5255 cognitum
880 5188 1158 5260 aquuate
1197 5192 1412 5248 visione
1455 5210 1716 5266 compre-
1825 5192 2194 5319 Chrysglogus
2230 5191 2457 5248 fortasse
2489 5187 2809 5245 veniabiliter
2837 5186 2974 5242 dixit
3005 5205 3017 5240 :
3051 5183 3105 5240 id
3133 5191 3236 5247 est,
3267 5185 3430 5256 culpa-

163 5273 334 5313 nsiva.
1823 5267 1982 5319 venia
2041 5266 2182 5319 iana.

133 5266 334 5313 εηείη.

1823 5266 1982 5321 venia
2004 5266 2181 5321 digna.

125 5305 371 5410 frmi
400 5337 676 5401 corrupte,
714 5329 836 5385 ullis
876 5330 1131 5398 felicibus.
1163 5333 1498 5392 Emendavit
1529 5336 1714 5394 Meur-
2222 5340 2382 5390 sonat
2419 5334 2592 5410 virtus
2621 5329 2719 5386 Dei
2740 5372 2756 5397 ,
2793 5328 2879 5410 vel
2915 5329 3074 5410 uirtus
3111 5343 3224 5410 mea
3253 5325 3422 5409 Ι)οᾷδὶ

98 5400 252 5478 ⁵ί¹²ἓο..
524 5399 583 5478 ,⁷
633 5472 645 5478 ,
733 5472 745 5478 ,
898 5473 910 5478 _
1144 5476 1158 5478 4
1350 5477 1358 5478 ί
1789 5424 1795 5430 ·
1827 5407 2006 5478 angeli
2036 5408 2179 5461 enim
2208 5421 2331 5478 cum
2373 5403 2681 5478 nominibus
2717 5418 2825 5458 non
2862 5399 3162 5478 indigeant,
3186 5399 3429 5478 nomina-

157 5469 186 5509 τι
215 5470 494 5549 Peccasse
523 5471 837 5549 Zachariam
869 5473 1080 5542 signum
1110 5476 1181 5530 ab
1208 5477 1402 5546 angelo
1424 5480 1719 5549 postulan~
1828 5467 2148 5549 accipiunt,
2163 5476 2359 5549 quibus
2391 5474 2688 5549 ministeria
2727 5487 2914 5530 eorum
2962 5467 3282 5549 iudicentur.
3317 5467 3430 5549 lie-

97 5543 176 5608 do,
209 5553 268 5600 ut
298 5544 562 5614 superius
598 5539 1033 5615 Clrrysostoniiis,
1085 5539 1488 5615 eruuut'multi,
1535 5567 1600 5605 ex
1645 5568 1711 5607 eo
1829 5539 2099 5607 [meorum
2123 5539 2213 5602 lilii
2244 5548 2413 5612 aiunt,
2445 5545 2762 5602 Michaelem
2786 5557 2904 5615 esse
2933 5541 3232 5615 severitatis
3259 5539 3425 5594 mini-

95 5617 230 5689 quod
257 5612 497 5689 angelus
518 5612 862 5689 cunctantem
885 5619 1139 5686 punierit.
1166 5618 1298 5675 Vide
1327 5612 1708 5689 Augustinum,
1828 5632 2003 5678 atrum
2023 5664 2037 5686 ,
2062 5617 2369 5676 Gabrielem
2406 5632 2534 5689 vero
2569 5614 2968 5689 misericordia}.
2997 5613 3120 5689 Ideo
3150 5612 3298 5689 illum
3321 5627 3434 5666 una,

95 5683 278 5766 honiil.
313 5683 432 5766 2:90
459 5701 582 5766 pag.
618 5686 758 5766 “633
784 5683 937 5766 novre
965 5691 1092 5766 edit.
1125 5689 1190 5744 Et
1217 5683 1534 5748 difﬁdentia:
1553 5683 1711 5766 culp'a
1732 5727 1756 5744 ρ
1831 5693 1920 5766 ala
1948 5683 2152 5766 volare,
2172 5689 2390 5766 tardior
2427 5688 2569 5766 enim
2609 5687 2690 5744 ad.
2707 5684 3039 5766 puniendum
3079 5683 3253 5752 Deus;
3283 5683 3432 5742 hunc

96 5771 155 5820 eo
181 5759 285 5817 fuit
315 5757 586 5826 deterior,
610 5759 758 5828 quod
780 5759 914 5817 alias
941 5763 991 5818 ei
1021 5763 1202 5830 ignota
1243 5779 1350 5819 non
1380 5772 1544 5840 erant
1570 5757 1710 5821 divi—
1832 5764 2062 5832 duabus,
2095 5763 2222 5835 quia
2245 5761 2406 5818 velox
2428 5759 2496 5816 ad
2530 5757 2930 5834 ignoscendum.

896 5896 956 5932 --~
1745 5843 1802 5948 εξ
