3930 6354
490 322 597 391 455

1743 317 1806 377 S.
1846 316 2052 377 PETRI
2090 313 2524 375 CllRYSOLOGI

3673 315 3773 372 ‘56

490 445 620 503 tifex
639 443 1013 518 promissionis
1031 424 1190 496 ﬁdem
1215 443 1488 510 pensaret,
1517 440 1575 493 ιι
1593 434 1839 491 crederet
1856 435 2087 505 qualita-
2113 436 2164 497 Α
2191 435 2296 488 vice
2314 433 2464 487 Abiu.
2498 431 2615 488 Hoc
2635 430 2747 502 jam
2775 429 3026 486 diximus.
3068 423 3141 486 Et
3165 445 3300 486 uxor
3338 423 3451 502 ejus
3489 427 3556 485 de
3579 429 3778 501 μαι-δ

489 551 618 598 tem.
643 538 757 613 Ego
781 556 896 594 sum
925 533 1152 600 Gabriel,
1182 533 1269 606 qui
1289 539 1403 587 asto
1444 537 1566 586 ante
1603 528 1790 598 Deum,
1821 538 1870 584 et
1899 531 2086 584 missus

487 653 600 691 sum
618 634 755 707 loqui
775 632 848 687 ad
876 640 942 685 te.
960 629 1097 684 Dum
1120 626 1252 682 dicit
1278 640 1498 692 nomen,
1521 622 1770 692 designat
1796 623 2083 690 meritum;

487 739 514 768 ι
543 743 664 785 cum
683 742 744 783 se
763 723 929 780 refert
949 729 1130 777 astare
1148 763 1161 788 ,
1193 734 1253 775 se
1291 718 1516 774 missum
1543 716 1736 784 refert;
1771 716 2087 772 servitutem

483 825 698 885 fatetur,
745 833 813 873 ne
839 814 1198 888 praerogativa
1224 811 1459 868 nominis
1486 809 1728 866 debitum
1753 807 1958 864 celaret
1986 806 2086 862 ob-

481 913 746 983 sequium.
790 907 904 981 Ego
945 924 1079 974 sum,
1131 905 1323 975 inquit,
1376 900 1618 966 Gabriel,
1676 901 1762 968 qui
1808 909 1920 954 asto
1967 906 2089 953 ante

480 1003 665 1067 Deum,
689 1013 739 1057 et
758 1001 945 1056 missus
973 1017 1090 1055 sum
1128 998 1266 1070 loqui
1295 996 1364 1050 ad
1385 1005 1450 1062 te,
1473 1004 1522 1049 et
1543 995 1652 1049 haec
1694 992 1784 1047 tibi
1822 993 2082 1046 nuntiare.

479 1095 618 1150 Vere
655 1110 875 1166 magnus
908 1091 1199 1157 Dominus,
1235 1099 1285 1144 et
1312 1088 1584 1159 sapientia:
1611 1086 1722 1156 ejus
1765 1101 1869 1141 non
1891 1093 1966 1139 est
1986 1101 2087 1138 nu-

477 1204 646 1241 merus
680 1185 872 1258 (Psal.
908 1183 1131 1255 CXLVI).
1162 1181 1534 1236 lnﬁrmantem
1572 1186 1725 1234 curat
1748 1178 1815 1233 de
1841 1178 2084 1244 vulnere,

478 1288 763 1334 nutantem
786 1279 854 1333 de
883 1277 1093 1333 ultione
1113 1273 1419 1338 conlirmat,
1445 1272 1512 1327 de
1533 1271 1796 1341 supplicio
1821 1267 1945 1325 ﬁdei
1972 1284 2091 1340 per-

479 1368 589 1427 ﬁcit
619 1378 1016 1440 argumentum,
1052 1366 1280 1423 dicendo
1310 1384 1322 1418 :
1355 1363 1423 1418 Et
1445 1380 1557 1417 ecce
1579 1363 1679 1418 eris
1711 1371 1884 1415 tacens
1909 1371 1958 1414 et
1982 1377 2088 1416 non

478 1465 672 1535 poteris
694 1462 853 1535 loqui.
888 1459 960 1516 Ut
981 1475 1049 1514 ex
1074 1468 1128 1514 te
1157 1467 1212 1514 et
1241 1459 1294 1512 in
1324 1465 1380 1512 te
1407 1455 1663 1511 credendi
1691 1455 1932 1524 regulam
1953 1470 2087 1511 con-

481 1558 748 1628 sequaris,
782 1564 837 1612 et
877 1554 1166 1610 vernaculo
1195 1552 1446 1623 exemplo
1488 1551 1656 1606 Deum
1694 1564 1854 1620 posse
1899 1548 2088 1604 credas

480 1647 662 1705 facere
681 1648 827 1718 quod
855 1646 1126 1718 promittit
1157 1664 1170 1698 :
1196 1660 1324 1700 nam
1348 1658 1470 1699 cum
1493 1643 1624 1709 vult,
1652 1639 1678 1680 δ
1702 1650 1807 1696 tuae
1829 1641 1976 1696 vocis
2005 1656 2090 1695 or-

480 1753 680 1810 ganum
701 1738 932 1804 claudit;
969 1745 1166 1792 etcum
1200 1737 1331 1802 vult,
1371 1735 1450 1789 tui
1483 1734 1694 1804 aperire
1715 1733 1825 1788 oris
1850 1731 2087 1787 cilicium

2190 528 2368 581 Aaron
2397 524 2560 596 (Luc.
2585 524 2646 597 ι).
2683 524 2775 581 Sic
2801 525 2966 596 erepit
2991 524 3350 594 evangelista,
3382 532 3445 579 ut
3477 538 3535 579 in
3560 524 3776 594 conjuge

2190 619 2489 677 sacerdotis
2517 616 2545 656 ἀ
2565 627 2778 676 servata
2799 618 3152 675 sacerdotalis
3179 619 3482 675 stemmatis
3508 623 3775 691 generosi-

2190 722 2277 770 tas
2296 721 2706 770 monstraretur.
2728 711 2916 781 Erant,
2941 713 3132 783 inquit,
3151 713 3301 769 ambo
3314 714 3448 786 justi
3462 724 3583 770 ante
3601 713 3773 773 Deum.

2190 806 2354 862 Ambo
2369 808 2519 880 justi,
2548 807 2675 877 quia
2703 805 2758 862 in
2787 805 3051 862 ambobus
3093 815 3210 862 erat
3237 822 3344 861 una
3366 806 3596 878 justitia.
3629 808 3775 863 Ambo

2184 900 2336 972 justi,
2367 901 2494 971 quia
2523 899 2807 956 constabat
2833 899 2974 955 inter
3001 915 3098 956 eos
3129 915 3238 955 non
3261 899 3330 955 de
3356 899 3664 970 diligentia,
3693 901 3775 956 sed

2191 991 2262 1049 de
2287 993 2575 1049 sanctitate
2594 992 2923 1063 conjuginm.
2948 991 3111 1046 Ambo
3128 993 3281 1064 justi,
3305 993 3432 1062 quia
3452 1007 3590 1048 sexu
3615 993 3777 1064 dispa-

2190 1101 2297 1153 res,
2328 1102 2488 1158 pares
2531 1087 2739 1142 meritis
2777 1086 3131 1142 habebantur.
3177 1087 3341 1142 Ambo
3370 1088 3535 1160 justi,
3579 1087 3704 1157 quia
3727 1095 3777 1143 ut

2193 1185 2312 1233 erat
2339 1179 2394 1233 in
2415 1178 2627 1234 duobus
2652 1194 2759 1234 una
2788 1193 2936 1244 caro,
2968 1179 3048 1233 sic
3067 1187 3184 1233 erat
3206 1179 3260 1233 in
3287 1178 3502 1234 duobus
3522 1196 3664 1236 unus
3685 1180 3779 1250 spi-

2190 1269 2348 1324 ritus.
2376 1268 2660 1325 lmitentur
2679 1268 2963 1339 conjuges,
2987 1277 3047 1324 ut
3084 1285 3224 1338 quos
3251 1269 3532 1340 conjungit
3558 1270 3775 1336 affectio,

2187 1361 2382 1432 jungat
2435 1370 2490 1419 ct
2549 1364 2737 1418 virtus.
2789 1361 2986 1430 Erant,
3042 1365 3235 1434 inquit,
3281 1366 3414 1437 justi
3464 1366 3620 1420 ambo
3675 1374 3780 1421 ante

2192 1456 2378 1512 Deum.
2419 1458 2583 1512 Ambo
2629 1459 2761 1529 justi
2818 1467 2939 1511 ante
2987 1456 3173 1512 Deum.
3224 1457 3293 1513 Et
3333 1459 3425 1514 ubi
3464 1465 3550 1514 est
3617 1457 3776 1514 illud:

2193 1547 2319 1604 Non
2335 1549 2708 1621 justiﬁcabitur
2728 1551 2785 1604 in
2816 1559 3087 1622 conspectu
3116 1561 3200 1605 tuo
3228 1552 3394 1606 omnis
3417 1551 3589 1605 uirens
3621 1549 3777 1622 (Paul.

2192 1643 2413 1714 cun)?
2452 1642 2592 1697 Ante
2648 1643 2895 1698 homines
2951 1641 3090 1698 forte
3145 1644 3267 1712 quis
3320 1650 3543 1714 putetur
3596 1644 3776 1713 justus,

2191 1737 2319 1806 quia
2365 1737 2614 1792 homines
2643 1746 2703 1791 ut
2743 1736 2933 1807 culpas
2961 1751 3252 1807 corporum
3301 1745 3523 1804 norunt,
3555 1735 3638 1791 sic
3669 1736 3778 1790 vitia

478 1831 724 1906 profecto
750 1838 966 1902 potest;
1005 1836 1061 1883 et
1097 1843 1222 1883 cum
1251 1827 1365 1882 vult
1393 1824 1680 1880 fecundam
1708 1838 1776 1879 ex
1805 1823 1976 1878 sterili
2005 1823 2086 1876 fa-
2117 1839 2166 1899 Β
2191 1828 2389 1884 mentis
2417 1829 2670 1898 ignorant
2694 1847 2707 1881 ε
2740 1837 2867 1884 ante
2897 1827 3068 1883 Deum
3097 1843 3247 1894 vero,
3277 1828 3362 1883 cui
3385 1828 3627 1899 pectoris
3649 1827 3779 1882 dan.

479 1939 621 1991 cere,
645 1938 713 1977 ex
732 1920 960 1977 fecunda
983 1920 1226 1976 sterilem
1253 1933 1375 1974 cum
1407 1917 1699 1988 promittit,
1725 1924 1936 1987 potest;
1962 1930 2085 1970 cum

476 2015 593 2072 vult
613 2014 798 2084 largiri
817 2021 1006 2084 partus
1035 2009 1232 2076 ofﬁcia,
1267 2009 1528 2079 obsequia
1558 2017 1766 2062 natura:
1794 2023 1918 2064 cum
1947 2007 2080 2075 vult,

476 2109 735 2182 praevalet
748 2108 1036 2175 denegare.
1052 2105 1174 2174 Egit
1186 2119 1316 2173 ergo
1330 2105 1552 2172 angelus
1573 2111 1633 2158 ut
1647 2103 1740 2156 tali
1761 2103 2086 2157 documento

477 2199 724 2274 pontifex
742 2201 984 2256 eruditus
1007 2215 1116 2254 non
1136 2199 1280 2253 dicat
1300 2197 1532 2267 amplius
1559 2215 1571 2249 :
1601 2195 1640 2252 ι)
1652 2196 1751 2250 nde
1771 2197 1867 2249 hoc
1887 2197 2050 2250 sciam
2063 2196 2088 2248 ?

480 2294 584 2364 Qui
625 2294 790 2349 totius
831 2301 1094 2348 creatura:
1130 2291 1329 2347 indicio
1358 2290 1536 2362 potuit
1587 2289 1894 2360 approbare
1941 2288 2090 2359 quod

481 2386 625 2441 Deus
663 2386 846 2440 omnia
875 2385 1089 2455 possit;
1131 2391 1187 2438 et
1211 2382 1306 2452 qui
1333 2382 1551 2448 cmlum,
1584 2389 1806 2444 terram,
1841 2394 2010 2446 mare,
2035 2387 2090 2434 et

480 2477 663 2532 omnia
691 2491 812 2547 qua:
833 2478 889 2531 in
931 2477 1012 2532 eis
1050 2483 1195 2542 sunt,
1229 2489 1297 2529 ex
1322 2473 1494 2528 nihilo
1529 2473 1734 2541 legerat
1761 2471 2085 2539 substitisse,

479 2569 702 2624 credere
722 2568 908 2624 debuit
926 2567 1074 2637 quod
1092 2566 1272 2638 potuit
1291 2581 1360 2622 ex
1381 2566 1565 2636 aliquo
1586 2563 1765 2620 facere
1784 2564 1931 2633 quod
1949 2564 2082 2632 vult,

477 2670 533 2716 et
561 2662 850 2733 desperato
878 2660 1105 2716 reddere
1133 2660 1280 2730 quod
1324 2659 1629 2730 promittit;
1674 2667 1729 2714 et
1772 2660 1866 2728 qui
1911 2665 2086 2714 totum

477 2751 606 2808 fecit
630 2769 699 2807 ex
720 2768 787 2808 eo
825 2753 976 2824 quod
1003 2767 1113 2807 non
1136 2757 1274 2819 erat,
1318 2766 1388 2806 ex
1424 2765 1492 2806 eo
1521 2750 1668 2820 quod
1706 2757 1791 2805 est
1826 2748 2088 2819 quidquid

480 2846 594 2902 vult
613 2844 791 2901 facere
811 2861 922 2902 non
960 2845 1192 2900 laborat.
1228 2843 1299 2898 Et
1317 2854 1430 2898 erat
1467 2844 1610 2916 plebs
1634 2854 1940 2916 exspectans
1980 2841 2086 2896 Za-

475 2941 732 3005 chariam,
755 2948 805 2994 et
818 2938 1147 2994 mirabuntur
1172 2937 1312 3012 quod
1329 2937 1563 2993 tardaret
1583 2939 1640 2992 in
1667 2941 1875 3009 templo.
1893 2935 2086 3009 Egres-

474 3051 562 3090 sus
601 3043 771 3088 autem
794 3032 1084 3087 Zacharias
1117 3049 1222 3087 non
1244 3041 1447 3104 poterat
1479 3033 1619 3105 loqui
1659 3031 1729 3085 ad
1754 3031 1894 3097 illas,
1922 3041 1972 3084 et
1992 3047 2083 3086 co-

473 3137 758 3200 gnoverunt
782 3126 919 3200 quod
943 3127 1191 3181 visionem
1213 3125 1424 3180 vidisset
1447 3125 1503 3179 in
1532 3125 1740 3196 templo.
1774 3123 1876 3179 Ille
1911 3135 2083 3179 autem

2193 1928 2306 1976 stra
2331 1929 2539 1992 patent,
2570 1935 2733 1991 quem
2761 1921 3149 1990 cogitationum
3197 1927 3406 1975 secreta
3457 1935 3566 1976 non
3608 1920 3776 1986 latent,

2195 2014 2317 2084 quis
2358 2014 2617 2070 innocens
2665 2013 2895 2068 habetur
2923 2021 2978 2068 et
3012 2011 3229 2083 justus?
3272 2011 3442 2068 Estne
3489 2011 3661 2068 homo
3703 2013 3777 2082 qui

2189 2109 2354 2165 corde
2383 2125 2492 2164 non
2523 2116 2728 2180 peccet,
2760 2123 2870 2162 non
2899 2108 3228 2176 cogitatione
3251 2105 3553 2176 delinquat,
3579 2120 3691 2161 non
3715 2103 3779 2160 of—

2189 2199 2375 2257 fendat
2394 2200 2753 2267 dubitatione,
2778 2215 2886 2256 non
2910 2200 3118 2270 lapsum
3137 2199 3514 2270 trepidationis
3535 2199 3779 2254 incurrat?

2189 2293 2404 2366 Moyses
2418 2294 2627 2349 dubitat
2645 2291 2725 2366 (Ν
2727 2311 2834 2348 um.
2855 2292 2970 2365 xx),
2989 2292 3168 2348 Aaron
3183 2293 3366 2348 deviat
3381 2291 3581 2366 (Exod.
3610 2292 3778 2363 nni),

2191 2383 2387 2442 Petrus
2417 2395 2578 2455 negat
2609 2385 2823 2457 (Matth.
2860 2384 3006 2456 xxvr)
3027 2427 3042 2451 ,
3075 2393 3132 2440 et
3166 2386 3287 2454 quis
3309 2385 3532 2455 justus?
3560 2384 3631 2439 Et
3666 2399 3780 2454 quo-

2191 2479 2356 2535 modo
2405 2480 2557 2534 ambo
2578 2481 2712 2552 justi
2762 2489 2885 2533 ante
2911 2477 3120 2534 Deum?
3158 2481 3290 2533 Ante
3318 2477 3489 2534 Deum
3513 2520 3529 2545 ,
3571 2478 3668 2534 sed
3702 2493 3779 2550 per

2192 2573 2383 2630 Deum.
2414 2573 2578 2628 Ambo
2609 2573 2742 2644 justi
2770 2581 2891 2627 ante
2917 2571 3103 2627 Deum.
3135 2571 3254 2627 Non
3282 2571 3505 2638 labore,
3537 2571 3635 2628 sed
3678 2585 3780 2641 ειπ-

2191 2666 2286 2721 tia.
2327 2665 2466 2721 Audi
2505 2665 2826 2737 Apostolum
2868 2683 2882 2718 :
2924 2664 3208 2737 Justiﬁcati
3247 2667 3413 2737 gratis
3451 2682 3547 2738 per
3573 2667 3777 2738 gratiam

2188 2758 2354 2829 ipsius
2393 2755 2582 2829 (Rom.
2628 2756 2737 2828 ιιι).
2781 2755 2851 2811 Ει
2896 2757 3138 2812 iterum:
3191 2755 3316 2812 Non
3355 2775 3426 2812 ea:
3468 2757 3652 2825 vobis,
3694 2755 3778 2812 Dei

2191 2848 2382 2903 donum
2438 2858 2555 2916 est;
2613 2865 2720 2904 non
2783 2865 2851 2903 ea:
2907 2849 3146 2921 operibus
3171 2890 3186 2913 ,
3247 2867 3315 2905 ne
3375 2852 3493 2922 quis
3547 2851 3778 2922 glorietur

2192 2941 2426 3015 (Ephes.
2493 2942 2592 3015 ιι).
2654 2941 2722 2996 Et
2786 2942 2981 2998 iterum
3035 2962 3048 2998 :
3102 2940 3240 3008 Quid
3296 2945 3456 2999 habes
3516 2945 3654 3018 quod
3689 2960 3779 3000 non

2189 3034 2469 3106 accepisti?
2495 3035 2541 3089 si
2572 3044 2745 3089 autem
2773 3036 3036 3106 accepisti,
3067 3036 3192 3108 quid
3218 3037 3486 3108 gloriaris,
3517 3039 3664 3111 quasi
3689 3053 3780 3094 non

2190 3127 2448 3197 acceperis
2483 3124 2527 3197 (Ι
2557 3124 2677 3180 Cor.
2701 3125 2818 3197 Iv)?
2846 3123 3190 3195 Evangelista
3219 3141 3350 3196 ergo
3370 3127 3451 3183 sic
3468 3127 3650 3197 refert,
3682 3143 3781 3184 non

473 3229 589 3275 erat
613 3221 833 3274 innuens
860 3219 985 3286 illis,
1017 3227 1068 3272 et
1092 3219 1379 3290 permansit
1405 3227 1594 3272 mutus.
1629 3215 1918 3287 Egreditur
1946 3231 2082 3288 pon-
2111 3232 2153 3290 (ς
2187 3217 2317 3287 quid
2359 3232 2468 3272 non
2513 3217 2782 3284 habuerit,
2833 3217 2928 3274 sed
2967 3218 3099 3288 quid
3145 3219 3455 3289 acceperit;
3501 3235 3604 3275 non
3653 3219 3784 3290 quid

474 3314 606 3370 tifex
637 3322 854 3384 gestans
892 3313 949 3368 in
988 3326 1086 3368 ore
1126 3311 1428 3366 sterilitatis
1467 3310 1743 3374 indicium,
1776 3321 2000 3380 portans
2029 3311 2084 3364 in

473 3415 694 3478 pectore
739 3406 1114 3477 conceptionis
1143 3403 1389 3473 ﬁguram,
1422 3411 1482 3458 ut
1519 3419 1640 3458 cum
1670 3410 1847 3458 mater
1865 3410 2084 3474 pareret

473 3500 662 3567 ﬁlium,
707 3501 864 3556 daret
891 3500 1034 3556 ﬁlius
1075 3515 1286 3567 vocem,
1321 3508 1452 3555 tunc
1497 3498 1648 3554 verbi
1693 3506 1850 3570 pater
1895 3498 2086 3553 ederet

472 3600 895 3659 sacramentum,
912 3600 969 3648 et
987 3600 1114 3646 ante
1135 3601 1296 3646 natus
1321 3591 1479 3646 daret
1499 3590 1642 3660 patri
1663 3591 1893 3657 veniam,
1915 3605 2082 3660 quam

473 3686 704 3742 dilueret
731 3685 964 3741 crimina
989 3691 1202 3739 vetusta
1229 3683 1577 3755 pepulorum.
1606 3681 1676 3737 Et
1701 3683 1828 3752 quia
1848 3683 1940 3752 qui
1969 3698 2081 3738 non

472 3777 720 3844 credidit,
765 3777 949 3841 tacuit,
982 3776 1178 3830 merito
1205 3776 1490 3846 propheta,
1521 3773 1650 3844 quia
1690 3773 1938 3842 credidit,
1962 3773 2079 3842 glo-

470 3870 662 3936 riatur,
711 3867 988 3924 dicendo:
1022 3867 1249 3933 Credidi,
1298 3876 1509 3940 propter
1555 3866 1692 3939 quod
1739 3867 1937 3921 locutus
1963 3883 2078 3921 sum

471 3961 644 4031 (Psal.
670 3961 827 4033 ειν).
853 3959 1090 4028 Fratres,
1123 3960 1217 4016 dat
1243 3961 1471 4016 verbum
1499 3959 1666 4027 ﬁdes,
1697 3969 1860 4029 negat
1887 3960 2077 4015 inﬁde-

469 4056 594 4110 litas
617 4054 858 4110 verbum.
891 4053 949 4108 Si
979 4069 1080 4108 nos
1109 4067 1259 4122 ergo,
1291 4051 1505 4120 fratres,
1531 4054 1670 4109 sicut
1697 4054 1828 4121 dixi,
1851 4060 2073 4109 sancto-

468 4162 586 4201 rum
617 4146 798 4216 lapsus
818 4145 1014 4212 erigit,
1061 4144 1237 4198 ﬁrmat
1278 4144 1572 4216 trepidatio
1606 4144 1906 4211 beatorum,
1938 4144 2074 4200 nihil

469 4253 725 4308 umquam
743 4239 852 4294 Deo
869 4253 990 4294 esse
1011 4237 1345 4309 impossibile
1359 4237 1689 4308 judicemus,
1706 4252 1880 4307 neque
1895 4238 2067 4307 inqui-

470 4344 652 4384 ramus
671 4329 1126 4399 quemadmodum
1148 4327 1388 4384 facturus
1404 4330 1492 4396 sit,
1511 4328 1657 4398 quod
1673 4329 1958 4400 promittit,
1977 4344 2072 4385 cu-

466 4419 552 4490 jus
574 4421 808 4478 voluisse
840 4419 1030 4477 fecisse
1059 4429 1161 4486 est,
1193 4420 1346 4491 cujus
1375 4421 1590 4476 dedisse
1615 4430 1700 4476 est
1730 4421 2064 4492 promisisse.

1039 4524 1060 4552 ε
1092 4511 1326 4568 SERMO
1367 4511 1498 4568 XCI.

1114 4603 1195 4659 De
1219 4603 1429 4659 eisdem.

539 4698 744 4753 Aurum
783 4697 851 4753 de
891 4704 1036 4752 terra
1066 4696 1246 4766 legere
1265 4698 1360 4766 qui
1397 4705 1684 4761 noverunt,
1727 4697 1819 4752 ubi
1845 4697 2067 4752 divitem

463 4792 737 4847 senserint
772 4805 990 4856 venam,
1018 4790 1092 4846 ibi
1119 4791 1380 4860 quidquid
1419 4792 1552 4846 artis
1573 4800 1684 4859 est,
1708 4791 1965 4861 quidquid
1986 4791 2064 4845 la-

463 4887 611 4942 boris
633 4884 983 4957 impendunt:
1008 4893 1064 4940 et
1091 4902 1190 4943 nos
1217 4887 1344 4956 quia
1366 4887 1419 4941 in
1449 4895 1638 4941 sancto
1668 4886 1930 4941 Zacharia
1958 4901 2068 4941 coe-

464 4979 654 5033 lestem
679 4979 926 5034 novimus
947 4979 1114 5034 latere
1141 4979 1474 5044 thesaurum,
1508 4980 1561 5032 in
1585 4979 1700 5048 ipso
1721 4985 1894 5032 totum
1921 4977 2068 5047 quod

461 5071 732 5126 sermonis
760 5079 844 5126 est
878 5073 1070 5138 nostri,
1097 5073 1243 5142 quod
1266 5073 1434 5128 vestri
1463 5071 1676 5126 auditus
1703 5080 1806 5137 est,
1831 5085 2064 5142 occupe-

459 5178 601 5229 mus,
631 5169 898 5233 quatenus
920 5179 1205 5220 commune
1235 5165 1443 5221 lucrum
1467 5165 1542 5230 ﬁt,
1567 5167 1712 5236 quod
1735 5165 1894 5221 fuerit
1915 5182 2064 5222 com-

461 5258 610 5312 muni
632 5258 816 5314 labore
837 5259 1142 5328 quaesitum.
1165 5257 1312 5325 Fuit,
1335 5260 1527 5328 inquit,
1553 5261 1605 5314 in
1637 5260 1812 5314 diebus
1837 5259 2064 5315 Herodis

462 5353 599 5423 regis
627 5351 828 5406 Judaza:
862 5351 1106 5406 sacerdos
1145 5351 1355 5424 quidam
1403 5354 1610 5406 nomine
1647 5351 1967 5420 Zacharias,
1999 5370 2065 5409 ea:

535 5479 559 5506 ιι
595 5463 932 5538 Periphrasis
960 5469 1135 5535 servi;
1163 5469 1316 5538 quasi
1346 5469 1489 5524 dicat
1523 5489 1534 5522 .
1564 5470 1748 5524 Astare
1776 5470 1907 5536 Deo,
1939 5488 2052 5526 ser-

460 5541 566 5614 vire
593 5537 723 5614 Deo,
748 5541 1045 5614 ministrare
1064 5537 1197 5595 Deo.
1226 5539 1406 5594 Latini
1427 5556 1643 5609 quoque
1661 5580 1675 5604 ,
1707 5553 1845 5597 stare
1872 5542 1941 5595 ad
1961 5560 2053 5614 pe-

463 5611 572 5676 des,
603 5613 669 5680 ad
698 5612 929 5680 cyathos,
961 5618 1066 5666 etc.

537 5682 560 5718 δ
602 5679 874 5735 Zacharia:
906 5691 1089 5736 autem
1135 5681 1443 5752 ademptam
1486 5683 1678 5748 fuisse,
1706 5699 1814 5738 non
1845 5690 2056 5740 tantum

463 5751 864 5825 loquendi,_sed
891 5760 946 5806 et
989 5753 1242 5825 audiendi
1289 5751 1597 5810 facultatem
1627 5753 1763 5809 infra
1805 5764 2051 5825 apparet,

462 5839 587 5884 cum
607 5823 763 5880 amici
777 5837 902 5880 eum
923 5824 1138 5883 nutibus
1158 5825 1452 5882 allocutum
1468 5825 1631 5883 fuisse
1651 5823 1917 5884 dicantur.
1935 5825 2053 5885 Non

2187 3308 2472 3378 qumsitum
2501 3309 2590 3377 sit,
2622 3309 2718 3366 sed
2744 3310 2873 3380 quid
2901 3310 3178 3367 donatum.
3206 3310 3398 3380 Erant,
3421 3312 3598 3381 inquit,
3624 3313 3784 3368 ambo

2178 3400 2310 3472 justi
2350 3410 2472 3455 ante
2499 3399 2696 3467 Deum,
2729 3401 3023 3457 incedentes
3067 3404 3121 3456 in
3157 3403 3398 3458 omnibus
3442 3404 3701 3459 mandatis
3735 3412 3783 3459 et

2177 3492 2640 3565 justiﬁcationibus
2670 3492 2767 3548 Dei
2805 3496 2918 3550 sine
2944 3496 3172 3568 querela.
3203 3496 3518 3554 lncedentes
3544 3497 3699 3564 dixit,
3725 3506 3780 3552 ut

2185 3601 2281 3641 eos
2310 3585 2624 3641 ostenderet
2650 3587 2957 3644 cucurrisse
2984 3587 3292 3656 virtutibus,
3325 3605 3435 3645 non
3462 3591 3708 3657 stetisse;
3727 3599 3778 3646 et

2184 3678 2488 3734 ambulasse
2516 3679 2571 3733 in
2599 3679 2685 3734 via
2726 3678 2951 3749 justitim
2972 3722 2988 3748 ,
3021 3697 3130 3736 non
3173 3682 3410 3750 sedisse;
3440 3697 3544 3740 nec
3569 3698 3776 3739 reman-

2181 3774 2318 3830 sisse
2365 3775 2418 3828 in
2449 3774 2643 3829 itinere
2690 3773 3101 3843 mandatorum,
3153 3776 3247 3832 sed
3294 3777 3362 3832 ad
3411 3779 3776 3835 mandatomm

2180 3864 2574 3936 plenitudinem
2603 3866 2936 3934 pervenisse.
2967 3865 3274 3922 Incedentes
3301 3869 3355 3923 in
3383 3870 3621 3925 omnibus
3639 3886 3778 3927 αω-

2181 3957 2317 4010 datis
2347 3966 2397 4011 et
2414 3957 2881 4028 justiﬁcationibus
2910 3957 3012 4014 Dei
3050 3961 3163 4015 sine
3197 3962 3424 4032 querela.
3454 3961 3611 4018 Beati
3633 4006 3650 4031 ,
3681 3963 3777 4018 fra—

2177 4057 2310 4115 tres,
2343 4063 2482 4118 quos
2521 4049 2682 4120 culpa
2710 4064 2820 4106 non
2847 4051 3100 4120 percutit,
3135 4068 3244 4107 non
3270 4052 3521 4109 vulnerat
3546 4055 3773 4120 crimen;

2175 4143 2275 4197 sed
2302 4141 2574 4197 beatiores
2603 4143 2692 4198 isti
2720 4157 2858 4213 quos
2891 4145 3068 4214 tetigit
3097 4159 3198 4201 nec
3224 4146 3463 4214 querela.
3498 4146 3630 4202 Sine
3659 4165 3773 4220 que-

2173 4235 2306 4290 rela.
2358 4235 2417 4291 Si
2462 4236 2695 4306 pueritia
2719 4277 2733 4302 ,
2785 4235 2831 4291 si
2878 4235 3273 4303 adolescentia,
3307 4239 3352 4294 si
3379 4239 3641 4308 juventus
3667 4241 3773 4296 sine

2173 4328 2398 4398 querela
2426 4328 2672 4396 exstitit,
2704 4329 2796 4384 ubi
2835 4337 2949 4384 tota
2977 4332 3199 4400 querela
3229 4339 3340 4398 est,
3381 4334 3558 4402 qualis
3583 4333 3771 4390 horum

2172 4422 2466 4477 senectus?
2503 4420 2562 4476 Si
2601 4422 2709 4477 tale
2737 4422 2986 4490 initium,
3031 4425 3207 4494 qualis
3253 4424 3414 4481 ﬁnis?
3457 4426 3772 4483 Ascendisse

2165 4513 2617 4584 justiﬁeationum
2643 4517 2876 4572 vertices
2898 4559 2912 4584 ,
2954 4517 3122 4572 colles
3150 4519 3526 4574 mandatorum
3544 4562 3558 4586 ,
3590 4535 3696 4577 nec
3720 4523 3769 4575 in

2094 4613 2140 4674 D
2169 4608 2354 4680 aliquo
2385 4607 2674 4675 titubasse,
2707 4617 2790 4664 est
2817 4609 3003 4678 gratiae
3032 4610 3320 4680 singularis
3341 4653 3356 4679 ,
3388 4619 3471 4666 est
3499 4611 3675 4667 unica
3698 4610 3770 4667 fe-

2172 4702 2394 4758 licitatis
2433 4703 2662 4771 insigne.
2697 4701 2766 4757 Et
2803 4720 2908 4759 non
2936 4714 3076 4769 erat,
3109 4705 3313 4774 inquit,
3358 4708 3464 4761 illis
3513 4708 3677 4778 ﬁlius,
3713 4723 3767 4762 eo

2170 4795 2307 4866 quod
2329 4803 2466 4850 esset
2485 4793 2753 4849 Elisabeth
2778 4796 2990 4850 sterilis.
3023 4795 3140 4851 Non
3167 4798 3322 4864 dixit,
3347 4797 3466 4854 Non
3494 4809 3654 4855 erant
3674 4800 3770 4858 illis

2173 4887 2296 4954 ﬁlii,
2340 4887 2440 4944 sed
2467 4886 2585 4943 Non
2615 4897 2733 4943 erat
2766 4888 2870 4942 illis
2900 4887 3055 4955 ﬁlius,
3095 4891 3221 4958 quia
3251 4892 3537 4961 singularis
3563 4892 3769 4950 futurus

2172 4988 2289 5035 erat
2310 5022 2325 5047 ,
2358 4981 2456 5051 qui
2484 4988 2602 5035 erat
2629 4979 2698 5036 de
2726 4980 2923 5035 talibus
2951 4983 3272 5038 nasciturus.
3307 4983 3445 5038 Audi
3487 4985 3768 5042 Dominum

2170 5073 2442 5130 dicentem
2496 5093 2508 5127 :
2561 5071 2686 5128 Non
2735 5077 2961 5130 surrexit
3016 5078 3188 5148 major
3221 5079 3276 5131 in
3320 5080 3457 5134 natis
3501 5081 3769 5134 mulier-nt

2170 5165 2378 5221 Joanne
2403 5165 2644 5238 Baptista
2674 5166 2886 5240 (Matth.
2918 5167 3053 5240 xm).
3088 5166 3166 5222 Eo
3195 5169 3331 5241 quod
3351 5180 3482 5225 esset
3504 5169 3769 5226 Elisabeth

2170 5259 2382 5314 sterilis.
2441 5258 2656 5316 Sterilis
2703 5275 2934 5330 corpore
2955 5301 2970 5328 ,
3028 5261 3124 5315 sed
3178 5260 3405 5317 fecunda
3452 5264 3780 5330 virtutibus;

2175 5351 2329 5406 tarda
2356 5352 2553 5418 soboli,
2578 5350 2674 5408 sed
2696 5367 2803 5407 non
2824 5353 2979 5408 tarda
2999 5352 3144 5417 Deo;
3174 5369 3285 5408 non
3313 5355 3543 5424 germini
3562 5355 3774 5416 clausa.

2163 5479 2346 5526 autem
2375 5471 2750 5544 improbabilis
2777 5480 2862 5528 est
2890 5473 3074 5543 opinio
3104 5471 3512 5544 Theophylacti.
3546 5475 3776 5530 verbum

2164 5547 2321 5617 κωφοὶ
2347 5541 2494 5617 quod
2523 5541 2661 5617 infra
2687 5541 3040 5613 subjungitur,
3079 5560 3187 5599 non
3220 5541 3579 5600 tam'surdum
3603 5560 3777 5616 quam

2162 5613 2372 5668 mu'tum
2401 5613 2726 5684 signiﬁcare.

2239 5697 2261 5758 (ξ
2286 5685 2420 5758 Y‘ide
2436 5701 2570 5758 quae
2591 5686 2821 5758 diximus
2843 5687 2895 5742 in
2926 5684 3264 5758 prtcfationc.

2234 5753 2391 5840 dbis.
2424 5753 2658 5840 Gmsen.,
2686 5753 3258 5840 (Servata—sacerdotali
3300 5770 3571 5820 stemmate
3608 5776 3776 5840 θακ-

2164 5837 2354 5892 rosttas
2381 5837 2775 5889 monstraretur.
3197 5882 3204 5889 ,
