3882 6356
1052 370 1065 381 '
2309 367 2328 394 ι

155 413 238 474 ιδι
991 427 1000 434 '
1526 409 1736 466 SERMC

1851 407 1971 463 .Cll.
2469 405 2474 408 ’
3275 411 3390 468 458

153 524 228 584 sed
249 520 498 592 tempori;
529 535 640 575 non
668 528 858 590 negata
876 520 1104 592 pignori,
1135 521 1229 576 sed
1257 530 1466 576 servata
1486 529 1688 594 myste-
1716 535 1767 592 Α
1792 519 2046 590 praecedet
2078 527 2197 572 ante
2235 517 2381 573 illum
2401 520 2456 574 in
2480 519 2682 592 Spiritu
2701 529 2750 575 et
2770 523 2954 577 virtute
2985 521 3142 587 Elite,
3171 534 3227 578 ut
3253 542 3381 582 con-

154 620 233 675 rio.
257 611 506 679 Etambo,
539 612 730 683 inquit,
761 622 1114 684 processerant
1132 615 1184 669 in
1206 613 1380 670 diebus
1407 617 1532 669 suis.
1557 614 1694 670 Pro-
1793 623 1958 668 vertat
1978 612 2137 667 corda
2161 621 2368 683 patrum
2395 614 2450 666 in
2478 614 2637 684 ﬁlios,
2667 624 2718 668 et
2741 614 3032 671 incredulos
3056 617 3126 670 ad
3153 619 3382 689 pruden-

155 715 373 766 cesseraut
411 723 428 761 :
459 706 540 762 sic
583 705 902 764 describitur
928 715 1322 763 sacramentum
1369 709 1692 774 senectutis,
1797 706 1924 759 tiam
1951 706 2223 775 iustorum,
2253 720 2441 775 parare
2463 703 2689 759 Domino
2715 706 2910 776 plebem
2941 719 3242 779 per;ectam.
3274 709 3383 766 Va-

155 816 248 875 qur
270 797 498 854 nondum
527 797 725 854 decidit
761 800 994 868 meritis,
1035 816 1143 856 non
1169 809 1328 857 aetate
1355 801 1534 857 deﬁcit
1554 843 1570 870 ,
1602 802 1698 858 sed
1797 809 1886 856 cat
1930 799 2196 855 humanus
2221 813 2400 854 sermo
2423 840 2438 865 ,
2478 799 2600 854 silet
2627 798 2653 836 ἀ
2699 799 3007 870 praedicatio
3037 804 3344 860 tractatoris
3373 845 3388 870 ,

157 892 387 968 procedit;
418 906 523 947 nec
549 891 714 947 sentit
748 891 1069 949 detrimenta
1097 895 1359 966 corporis,
1389 910 1510 965 quas
1537 898 1700 952 sumit
1799 891 2014 962 quando
2055 891 2300 961 angelico
2326 891 2598 962 praeconio
2625 888 2848 946 Joannis
2874 890 3147 962 profertur
3173 895 3344 963 gloria
3377 913 3392 962 ;

158 991 404 1056 augmenta
442 984 674 1039 virtutis.
708 983 954 1052 Fratres,
986 984 1260 1043 Elisabeth
1288 996 1487 1045 sancire
1514 996 1700 1058 partus
1799 982 1971 1037 virtus
2010 982 2263 1049 insonat,
2307 982 2423 1037 laus
2455 992 2478 1018 °
2505 982 2868 1048 collaudatur;
2900 999 3001 1040 nec
3029 994 3111 1040 est
3138 987 3282 1056 quod
3313 988 3390 1044 illi

160 1096 244 1136 non
268 1079 468 1134 ablatus
496 1085 598 1144 est,
631 1078 726 1133 sed
754 1078 968 1146 dilatus,
1010 1079 1183 1136 donec
1211 1083 1464 1137 transiret
1491 1091 1701 1153 tempus
1801 1073 2020 1145 adjiciat
2069 1075 2233 1130 homo
2256 1112 2271 1138 ν
2327 1073 2414 1129 cui
2469 1073 2612 1129 Deus
2659 1075 2888 1130 contulit
2940 1084 3132 1131 totum.
3186 1077 3390 1149 Spiritu

161 1172 338 1237 carnis,
365 1171 546 1242 passio
584 1171 856 1241 corporis,
913 1171 1150 1242 conjugii
1189 1174 1481 1230 necessitas
1503 1215 1518 1242 ,
1553 1175 1703 1230 volu-
1803 1177 2002 1230 sancto,
2046 1165 2248 1234 inquit,
2279 1163 2556 1236 replebitur
2583 1165 2749 1219 adhuc
2783 1183 2850 1221 ea:
2875 1177 3019 1221 utero
3049 1169 3230 1223 matris
3258 1186 3388 1224 sum.

160 1266 292 1339 ptatis
315 1280 474 1320 causa
497 1305 513 1328 ,
543 1263 851 1335 cupiditatis
891 1280 1099 1332 sensus,
1145 1273 1202 1320 et
1231 1275 1401 1322 totum
1429 1267 1573 1336 quod
1601 1269 1702 1324 hu-
1802 1257 2011 1314 Videtis
2070 1257 2522 1328 quemadmodum
2574 1256 2810 1314 Joannes
2859 1268 2986 1316 ante
3030 1261 3277 1332 pervenit
3322 1262 3394 1316 ad

159 1372 340 1414 manum
389 1355 707 1422 confundit,
772 1364 996 1425 gravat,
1063 1366 1254 1412 onerat
1297 1359 1698 1416 conscientiam.
1805 1350 2002 1406 cmlutn
2026 1364 2189 1418 quam
2217 1357 2461 1418 tangeret
2500 1357 2732 1418 terram,
2764 1359 2892 1406 ante
2918 1354 3127 1423 accepit
3152 1352 3396 1409 divinum

163 1447 480 1504 liuudabatur
520 1448 662 1502 enim
704 1445 869 1515 longo
907 1454 1150 1518 tempore
1191 1448 1438 1505 sacriﬁcii
1476 1449 1665 1508 domus
1687 1492 1701 1518 ,
1805 1443 2064 1513 Spiritum
2092 1457 2255 1512 quam
2283 1442 2508 1498 haberet
2542 1444 2855 1512 humanum,
2895 1455 3022 1502 ante
3049 1449 3285 1519 suscepit
3321 1448 3396 1503 di—

161 1539 424 1598 sanctitatis
459 1538 780 1608 hospitium,
825 1549 850 1576 ιι
880 1548 1114 1596 metatus
1152 1541 1431 1596 metatoris
1469 1540 1702 1610 Christi,
1805 1534 1932 1589 vina
1960 1549 2184 1588 munera
2211 1550 2374 1604 quam
2402 1537 2645 1606 corporis
2673 1537 2944 1602 membra.
2975 1547 3102 1594 ante
3129 1539 3294 1610 coepit
3318 1540 3398 1595 vi-

163 1631 303 1700 angeli
323 1629 668 1696 domicilium,
700 1631 822 1685 aula
845 1629 1075 1702 Spiritus
1093 1633 1286 1700 sancti,
1311 1633 1408 1689 Dei
1429 1636 1703 1706 templum.
1808 1641 1935 1682 Vere
1963 1625 2075 1680 Deo
2103 1641 2266 1696 quam
2306 1627 2407 1682 sibi
2424 1669 2440 1694 ,
2472 1628 2636 1684 immo
2664 1638 2790 1684 ante
2816 1629 2951 1684 vixit
2977 1631 3069 1687 ille
3097 1631 3209 1688 Deo
3236 1648 3399 1703 quam

165 1720 374 1786 Nescitis,
405 1720 582 1790 inquit
609 1720 918 1791 Apostolus,
950 1724 1073 1794 quia
1101 1724 1344 1795 templum
1367 1723 1465 1779 Dei
1485 1728 1625 1794 estis,
1659 1737 1710 1780 et
1809 1721 1951 1778 Deus
1979 1723 2186 1777 viveret
2227 1723 2334 1790 illi,
2364 1722 2518 1793 juxta
2558 1723 2686 1778 illud
2726 1723 2971 1796 Apostoli
3012 1745 3024 1780 :
3065 1726 3192 1782 Vivo
3230 1739 3402 1783 autem

166 1813 476 1886 SpiritusDei
498 1815 701 1870 habitat
727 1817 781 1870 in
815 1815 952 1870 vobis
984 1815 1026 1888 (l
1051 1813 1170 1870 Cor.
1196 1817 1313 1888 tu)?
1341 1818 1580 1887 Denique
1619 1819 1710 1874 ubi
1804 1814 1918 1886 jam
1939 1830 2042 1868 non
2062 1831 2175 1884 ego,
2200 1816 2455 1869 vivituero
2475 1816 2529 1868 in
2549 1832 2631 1870 me
2652 1815 2887 1871 Christus
2911 1815 3054 1890 (Gal.
3080 1817 3160 1890 ιι).
3189 1816 3210 1857 τ
3234 1817 3404 1875 Sexto

168 1917 254 1964 tota
292 1907 534 1979 corporis
560 1907 744 1964 sedata
773 1907 993 1978 querela
1032 1916 1152 1974 est,
1199 1917 1256 1963 et
1285 1909 1338 1963 in
1383 1917 1556 1964 totum
1583 1908 1710 1964 facti
1743 1921 1786 1981 Β
1812 1921 1997 1962 mense
2043 1922 2152 1962 sua:
2197 1907 2386 1962 matris
2415 1909 2648 1963 exsultat
2685 1910 2738 1965 in
2768 1918 2923 1966 utero
2948 1951 2962 1977 ,
2996 1919 3052 1967 et
3097 1911 3151 1966 in
3188 1920 3404 1968 uterum

167 2010 263 2059 sunt
289 2002 398 2056 sine
424 2002 666 2071 querela,
697 2017 826 2056 mox
853 2001 1107 2057 sterilitas
1134 2000 1298 2070 fugit,
1324 2003 1596 2058 reviviscit
1623 2017 1711 2060 se—
1816 1983 2046 2069 Virginis
2074 2000 2286 2056 venisse
2324 2002 2535 2056 nuntiat
2560 2000 2850 2058 Christum.
2884 2003 3123 2060 Fcrvens
3151 2006 3400 2070 nuntius,

167 2101 350 2157 uectus,
382 2091 512 2147 ﬁdes
541 2092 796 2162 concipit,
827 2093 968 2162 parit
999 2092 1236 2155 castitas,
1278 2107 1349 2148 na
1377 2093 1515 2148 citur
1541 2092 1716 2162 major

167 2186 365 2250 homine,
396 2201 495 2257 par
522 2185 744 2255 angelis,
783 2186 908 2240 tuba
937 2185 1077 2251 caeli,
1110 2201 1287 2256 praeco
1313 2183 1533 2252 Christi,
1563 2201 1716 2242 arca-

169 2295 268 2335 num
294 2278 479 2345 Patris,
499 2277 619 2333 Filii
640 2279 875 2342 nuntius,
907 2277 1129 2348 signifer
1153 2279 1370 2350 superni
1391 2277 1573 2348 Regis,
1597 2293 1718 2350 pee-

169 2380 374 2427 catorum
418 2370 578 2426 venia
601 2410 618 2437 ,
647 2368 956 2426 Judteorum
995 2371 1261 2427 correctio
1280 2409 1294 2434 ,
1335 2371 1548 2427 vocatio
1587 2385 1720 2440 gen-

171 2466 289 2529 tium,
317 2473 455 2521 etut
501 2464 718 2535 proprie
756 2463 934 2518 dicam
955 2503 971 2529 ,
1003 2463 1137 2534 legis
1167 2473 1222 2519 et
1249 2464 1433 2534 gratia:
1465 2463 1490 2503 δ
1523 2463 1715 2533 ﬁbula,

168 2573 263 2628 quat
284 2557 568 2628 diploidem
595 2557 789 2612 summi
817 2557 1115 2613 sacerdotis
1143 2566 1331 2614 sancto
1360 2559 1499 2630 patri
1521 2557 1718 2630 junge—

168 2649 241 2706 bat
262 2650 309 2704 in
334 2657 572 2721 pectore.
605 2647 950 2719 Evangelista
991 2664 1121 2720 ergo
1149 2650 1374 2706 virtutes
1402 2651 1568 2722 patris
1606 2667 1722 2707 ma-

170 2743 339 2812 trisque
372 2741 657 2809 describit,
700 2749 761 2797 ut
786 2757 854 2798 ex
880 2751 1260 2813 generatorum
1308 2743 1469 2798 tantis
1515 2745 1722 2800 meritis

171 2835 366 2907 dignitas
403 2835 658 2905 germinis
711 2843 1055 2901 nosceretur;
1095 2843 1150 2890 et
1190 2835 1512 2906 probaretur
1551 2835 1724 2906 major

171 2926 371 2994 homine,
401 2927 493 2998 qui
531 2927 583 2982 in
614 2935 736 2982 ortu
765 2942 865 2983 suo
894 2926 1192 2984 excedebat
1229 2928 1402 2998 legem
1432 2928 1724 2984 nativitatis

1817 2091 1912 2160 qui
1955 2099 2079 2147 ante
2116 2093 2335 2162 gestivit
2380 2095 2628 2148 nuntiare
2667 2110 2830 2162 quam
2856 2096 3066 2162 vivere;
3117 2097 3408 2168 impatiens

1816 2181 1952 2248 dux,
1996 2183 2089 2252 qui
2117 2193 2404 2254 antequam
2435 2187 2745 2256 perveniret
2771 2187 2839 2241 ad
2873 2203 3070 2258 corpus
3106 2199 3131 2236 ε
3161 2191 3410 2261 pervenit

1819 2276 1887 2330 ad
1933 2276 2166 2346 Regem;
2199 2287 2324 2334 ante
2352 2266 2532 2350 rajﬁtit
2573 2295 2723 2334 arma
2751 2295 2915 2350 quam
2961 2282 3236 2349 membra;
3286 2292 3412 2339 ante

1819 2368 1991 2424 aciem
2032 2370 2187 2440 petiit
2229 2386 2393 2440 quam
2421 2372 2626 2439 lucem;
2652 2383 2708 2427 et
2745 2381 2804 2426 ut
2830 2374 3072 2429 vinceret
3111 2376 3368 2430 mundum
3393 2415 3410 2438 ,

1819 2466 1950 2521 vicit
1976 2474 2104 2522 ante
2132 2474 2378 2522 naturam
2396 2509 2412 2535 ,
2443 2469 2559 2539 ipse
2587 2468 2705 2523 sine
2732 2469 3028 2524 visceribus
3055 2469 3263 2524 viscera
3293 2485 3413 2524 ma-

1823 2558 1923 2613 tris
1948 2559 2275 2625 exsuscitat;
2313 2567 2371 2614 et
2391 2560 2516 2629 quia
2547 2559 2794 2615 tardabat
2827 2576 3042 2632 corpus,
3075 2561 3191 2618 solo
3224 2562 3415 2632 spiritu

1822 2649 2011 2721 implet
2037 2651 2459 2720 evangelizantis
2480 2649 2736 2707 ofﬁcium.
2769 2651 2910 2718 Quid
2937 2652 3151 2708 dicam?
3176 2652 3416 2709 Joannes

1824 2753 2115 2814 antequam
2138 2743 2412 2800 Christum
2440 2745 2792 2819 praecederet,
2815 2760 2874 2801 se
2893 2745 3186 2817 prmcessit.
3219 2743 3414 2812 Patris,

1823 2837 2011 2892 matris
2033 2877 2050 2904 ,
2096 2835 2190 2892 ﬁlii
2219 2837 2383 2893 corda
2424 2853 2561 2894 unus
2590 2846 2754 2908 atque
2782 2837 2924 2894 idem
2973 2839 3160 2909 implet
3186 2839 3418 2910 Spiritus

1825 2939 2044 2986 sanctus
2076 2948 2090 2984 :
2123 2939 2184 2986 ut
2213 2947 2320 2987 uno
2348 2931 2649 2987 sanctitatis
2676 2945 2882 3001 organo
2910 2939 3130 2986 resonet
3167 2932 3422 2986 nativita-

172 3019 397 3076 humante.
424 3018 534 3075 Sed
566 3021 613 3074 si
635 3035 986 3090 processurus
1012 3027 1114 3084 est,
1139 3019 1252 3089 jam
1282 3030 1536 3076 nascatur
1561 3019 1727 3076 Joan-
1824 3023 1895 3078 tis
1917 3022 2211 3078 Dominicre
2237 3024 2524 3079 cantilena.
2556 3023 2666 3079 Nec
2695 3023 2910 3087 mirum,
2957 3022 3171 3089 fratres,
3205 3037 3419 3094 semper

172 3130 268 3182 nes,
291 3117 406 3186 quia
447 3117 614 3171 instat
642 3115 894 3171 nativitas
919 3113 1149 3182 Christi;
1193 3123 1377 3186 surgat
1418 3131 1588 3171 novus
1616 3115 1723 3169 Lu-
1827 3124 1978 3171 ortus
1999 3116 2179 3186 regios
2205 3117 2437 3173 honorat
2465 3115 2746 3182 festivitas,
2778 3115 2950 3171 dulcis
2977 3112 3243 3184 gratifieat
3270 3130 3420 3187 sym-

170 3207 294 3277 cifer,
313 3209 431 3279 quia
463 3208 626 3279 jubar
647 3207 759 3279 jam
787 3209 904 3265 veri
941 3206 1084 3263 Solis
1111 3208 1376 3278 erumpit;
1407 3207 1494 3262 det
1535 3223 1725 3263 vocem
1826 3209 2049 3280 phonia.
2083 3207 2151 3264 Et
2177 3225 2277 3266 nos
2300 3251 2315 3276 ,
2347 3211 2539 3265 fratres
2563 3252 2578 3276 ,
2619 3209 2955 3264 nativitatem
2984 3205 3186 3262 Christi
3213 3204 3420 3277 glorifi-

171 3313 337 3372 pmco,
356 3301 480 3372 quia
501 3301 654 3356 adest
663 3299 861 3371 judex;
883 3300 1082 3356 clamet
1097 3301 1244 3367 tuba,
1262 3302 1388 3370 quia
1410 3301 1556 3355 venit
1577 3299 1723 3367 Rex;
1755 3313 1801 3378 ρ
1831 3315 2015 3355 cemus
2043 3301 2289 3367 canticis,
2321 3301 2645 3355 houoremus
2672 3300 2986 3354 muneribus
3022 3317 3034 3352 :
3077 3299 3205 3368 quia
3232 3299 3426 3355 mentis

169 3400 218 3447 et
237 3393 348 3462 quia
375 3408 728 3464 processurus
759 3399 844 3448 est
868 3392 1039 3456 Deus,
1062 3392 1285 3460 angelus
1299 3390 1411 3460 jam
1432 3391 1720 3462 praecedat.
1831 3401 1919 3448 tur
1960 3392 2114 3460 ﬁdei,
2146 3394 2193 3449 si
2220 3393 2368 3463 quod
2394 3391 2522 3450 facit
2560 3406 2748 3461 magus
2789 3391 3002 3464 (Matth.
3049 3390 3129 3462 ιι),
3162 3406 3272 3446 ιιοιι
3297 3389 3424 3446 facit

171 3478 362 3550 Verum,
380 3485 504 3553 quia
541 3482 688 3554 quod
731 3498 894 3554 supra
924 3483 1171 3539 homines
1199 3491 1301 3549 est,
1333 3484 1496 3538 homo
1524 3481 1726 3538 referre
1833 3481 2188 3540 Christianus.

170 3590 264 3632 non
297 3573 478 3631 sufﬁcit
517 3576 744 3630 virtutes
775 3587 797 3614 ε
829 3576 1102 3632 nascentis
1129 3576 1325 3645 angeli,
1357 3576 1580 3645 angelus
1615 3575 1728 3646 jam

170 3665 410 3737 loquatur.
443 3665 595 3722 Dixit
619 3666 834 3738 angelus
856 3666 926 3720 ad
945 3665 1278 3730 Zachariam,
1303 3663 1391 3720 Ne
1413 3668 1591 3722 timeas
1620 3666 1728 3721 Za-

171 3758 323 3812 charia
348 3775 367 3813 :
395 3758 646 3813 exaudita
691 3766 766 3812 est
807 3758 1098 3829 deprecatio
1143 3768 1231 3812 tua
1253 3799 1270 3825 ,
1308 3775 1424 3814 ecce
1463 3759 1730 3854 Elisabeth

171 3865 280 3904 uxor
297 3857 382 3904 tua
399 3849 572 3922 pariet
588 3847 678 3904 tibi
697 3848 893 3920 ﬁlium;
913 3858 966 3903 et
982 3849 1186 3904 vocabis
1207 3865 1393 3905 nomen
1426 3851 1540 3922 ejus
1557 3847 1730 3907 Joan-

173 3955 298 4005 nem;
326 3950 375 3994 et
400 3941 498 3994 erit
531 3940 621 3994 tibi
640 3940 885 4011 gaudium
910 3949 960 3994 et
981 3940 1288 4006 exsultatio;
1316 3950 1368 3996 et
1387 3944 1533 3997 multi
1553 3945 1608 3998 in
1636 3961 1734 3998 na-

175 4031 340 4086 tivitate
361 4033 474 4104 ejus
503 4031 818 4104 gaudebunt.
851 4030 970 4085 Erit
1000 4033 1136 4086 enim
1163 4048 1381 4104 magnus
1411 4051 1585 4089 coram
1629 4035 1736 4090 Do-

175 4122 321 4187 mino;
349 4132 399 4178 et
426 4125 600 4178 vinum
619 4131 669 4178 et
687 4124 908 4177 siceram
929 4138 1032 4177 non
1061 4120 1227 4190 bibet;
1256 4132 1307 4178 et
1337 4124 1536 4197 Spiritu
1555 4136 1736 4182 sancto

175 4213 420 4282 replebitur
446 4214 616 4268 adltuc
634 4231 701 4269 ex
719 4225 861 4269 utero
883 4216 1062 4269 matris
1077 4231 1217 4280 suos;
1239 4226 1290 4270 et
1309 4223 1496 4272 mulsos
1510 4219 1739 4289 ﬁtiorum

173 4299 319 4359 Israel
349 4315 606 4361 convertet
633 4305 704 4361 ad
729 4304 1013 4361 Dominum
1053 4305 1222 4362 Deum
1248 4310 1509 4380 ipsorum;
1537 4321 1588 4366 et
1631 4314 1742 4384 ipse

2417 3572 2649 3630 SERMO
2683 3571 2840 3628 XCII.

2470 3665 2551 3720 De
2590 3667 2802 3721 eisdem.

1909 3761 2121 3816 Sensim
2150 3775 2251 3816 nos
2292 3773 2471 3815 sermo
2511 3760 2852 3829 evangelicus
2887 3760 2954 3815 ad
2985 3760 3178 3817 altiora
3206 3775 3429 3831 promea

1837 3858 1960 3914 vet,
2008 3851 2076 3907 ad
2118 3865 2352 3922 superna
2395 3851 2625 3905 extollit.
2676 3851 2786 3906 Nec
2831 3851 3064 3916 mirum,
3113 3851 3336 3917 fratres,
3386 3854 3433 3906 si

1838 3943 2012 3998 Eliam
2042 3960 2232 4000 currus
2259 3944 2514 4000 aetherius
2537 3944 2716 4000 evexit
2743 3944 2812 3999 ad
2840 3945 3036 4004 cmlum
3065 3944 3154 4017 (ιν
3188 3944 3316 4017 Reg.
3351 3951 3430 4016 ιι),

1841 4052 1966 4091 cum
1989 4036 2234 4106 quotidie
2263 4037 2364 4091 ista
2393 4035 2808 4105 Evangeliorum
2835 4036 3112 4105 quadriga,
3156 4037 3434 4091 hominum

1844 4141 2014 4199 genus
2043 4129 2163 4184 cmli
2193 4128 2431 4199 perferat
2458 4138 2512 4184 et
2560 4129 2886 4184 transmittat
2913 4129 2979 4183 ad
3008 4143 3251 4198 regnum.
3297 4129 3435 4185 Ecce

1841 4223 1954 4291 jam
1983 4237 2083 4276 nos
2111 4222 2260 4292 ipsa,
2309 4219 2502 4277 fratres
2523 4263 2539 4287 ,
2569 4222 2636 4277 de
2677 4229 2833 4292 partu
2864 4221 3059 4276 sterilis
3098 4222 3163 4276 ad
3204 4221 3437 4292 Virginis

1847 4322 2064 4384 partum
2083 4322 2140 4368 et
2158 4329 2191 4368 a
2217 4312 2440 4370 Joannis
2461 4321 2585 4368 ortu
2613 4311 2681 4368 ad
2705 4321 2885 4368 ortum
2913 4313 3086 4369 nostri
3106 4312 3234 4368 fecit
3257 4315 3439 4386 proxi-

234 4509 368 4567 ‘Sic
407 4510 728 4568 emendatus
764 4511 943 4574 locus,
993 4526 1061 4565 ex
1107 4511 1344 4582 editione
1372 4511 1580 4568 Bonon.
1623 4511 1647 4564 i
1681 4521 1738 4568 et
1843 4509 2061 4582 passim,
2084 4511 2306 4566 veniunt
2343 4511 2649 4582 prophetae,
2683 4510 2860 4580 Aggaei
2884 4529 2929 4578 ι,
2965 4511 3049 4566 15.
3095 4509 3268 4566 Judic.
3315 4528 3439 4576 xui,

234 4526 368 4567 ιδιιι
407 4526 728 4568 emendatus
766 4526 943 4574 locus,
993 4526 1061 4565 ex
1107 4526 1344 4567 editione
1373 4526 1580 4568 bonon.
1623 4526 1647 4564 1
1681 4526 1738 4568 et
1884 4526 2046 4566 assrm
2084 4526 2306 4566 veniunt
2343 4526 2649 4582 propnette,
2683 4526 2860 4580 nggmi
2884 4529 2929 4578 ι,
2965 4526 3049 4566 to.
3095 4526 3268 4566 Jutnc.
3315 4528 3439 4576 xm,

177 4579 312 4654 Mitte.
345 4582 604 4654 Reliquae,
629 4593 824 4638 meatus
855 4580 1207 4654 metatoris._A
1231 4580 1616 4654 Clarysostomo
1646 4598 1740 4654 pa-
1843 4526 1911 4648 3;
1937 4599 2009 4646 ιι,
2043 4581 2066 4634 1
2091 4599 2106 4648 ;
2141 4582 2550 4654 pro_cujus_loci
2571 4583 2920 4654 i..telligentia
2943 4583 3163 4638 censule
3192 4582 3441 4651 Augusti—

178 4653 288 4707 riter
307 4650 557 4724 ,HhOniil.
609 4669 674 4708 ex
705 4655 866 4708 variis
910 4653 987 4724 in_
1004 4651 1196 4724 Matth.
1242 4650 1357 4708 locI
1393 4669 1513 4724 pag.
1563 4650 1736 4720 1074,
1848 4650 2213 4724 ιιιιιιι,ιιιιιιλιὲ›ιἒ
2222 4650 2282 4704 91
2323 4653 2374 4706 in
2401 4652 2597 4724 Exod.,
2623 4665 2678 4706 et
2703 4653 3046 4724 Justi..umin
3075 4650 3290 4721 dialogo
3319 4670 3442 4709 cum

178 4669 322 4716 riter,
371 4669 557 4708 nomn.
609 4669 674 4708 ex
705 4670 866 4708 varns
910 4669 963 4707 tn
1009 4669 1196 4706 mauu.
1242 4669 1344 4708 ioc.
1393 4670 1456 4724 pa
1500 4694 1513 4706 .
1563 4669 1736 4720 10M»,
1848 4669 2282 4722 llUllt,q0tBSt.Ul
2323 4669 2374 4706 ιιι
2401 4669 2597 4716 onu.,
2623 4669 2678 4706 et
2703 4669 2968 4709 suntcum
2994 4670 3046 4706 ιιι
3075 4669 3290 4721 utatogo
3319 4670 3440 4709 cum

163 4730 289 4796 tom.
325 4723 388 4785 ll,
420 4731 646 4796 vocatur
674 4724 910 4794 Baptista
949 4721 1140 4796 Christi
1179 4733 1419 4778 metator.
1461 4669 1742 4794 i‘requens
1849 4723 2142 4796 Triphoite.
2176 4721 2430 4796 Clemens
2449 4723 2764 4796 Alexandra,
2795 4724 2887 4779 lib.
2922 4741 2937 4779 ι
2967 4723 3192 4788 Strom.,
3224 4734 3278 4778 et
3308 4724 3440 4796 Teiu-

178 4792 316 4884 hujus
347 4794 525 4874 aetatis
551 4792 905 4884 scriptoribus
940 4794 1164 4874 verbum
1191 4805 1412 4884 metatus
1450 4811 1548 4866 pro
1576 4792 1743 4884 dopti-
1774 4824 1824 4884 Ι)
1849 4795 2106 4884 tuliiatius
2147 4802 2335 4884 contra
2362 4793 2594 4884 Judzeos,
2627 4793 2718 4848 lib.
2754 4811 2804 4856 v,
2837 4803 3033 4884 v'ocant
3057 4794 3440 4884 aug‘elum‘Ma-

180 4865 310 4929 (ilio;
341 4867 648 4936 passimque
662 4863 811 4936 apud
842 4863 1162 4936 Gregorium
1176 4863 1558 4936 _'l‘urnnen.§em
1599 4885 1612 4920 :
1641 4867 1747 4921 Me-
1777 4863 1823 4884 ¹¹
1849 4867 2080 4936 lacltiant
2110 4864 2425 4936 prephctam
2447 4865 2712 4929 ultimum,
2743 4881 2836 4919 seu
2858 4865 3055 4920 Esdras
3083 4863 3332 4936 isffuerit.

184 4933 382 5007 tutorum
427 4933 822 5007 praebendorum
867 4952 1025 5000 onus;
1071 4934 1126 4988 in
1175 4933 1380 5007 Novell.
1433 4936 1638 4993 Theod.
1684 4938 1748 4993 de

183 5003 390 5073 Metatis,
424 5003 515 5061 ubi
544 5007 697 5076 plura
727 5007 795 5063 de
820 5009 924 5062 hoc
950 5019 1145 5069 onere;
1171 5015 1226 5059 et
1255 5007 1307 5061 in
1333 5004 1518 5063 Codic.
1548 5007 1743 5063 Justin.

184 5077 390 5149 eodean
418 5077 502 5131 tit.
537 5076 840 5149 ibietatores
876 5086 1053 5149 autem
1097 5077 1436 5149 mansionum
1483 5095 1750 5149 prmpara-

183 5153 327 5219 tores.
361 5147 507 5219 Bene
535 5148 658 5202 Mita
692 5167 705 5201 :
737 5146 976 5204 Foriero.
1005 5145 1327 5219 Cyprianus,
1351 5145 1508 5219 epist.
1536 5145 1625 5215 Ἡ,
1651 5151 1750 5206 sub

184 5215 336 5290 initio,
366 5220 410 5273 si
443 5217 683 5274 Pamelio
709 5219 762 5273 in
787 5220 931 5290 notis
958 5215 1244 5290 credimus,
1259 5215 1433 5290 vocat
1461 5221 1752 5290 imperato-

183 5303 281 5342 rem
309 5289 526 5344 Decium
567 5300 868 5344 metatorem
902 5287 1224 5344 Antichristi.
1253 5289 1463 5346 Laudat
1496 5287 1641 5348 hunc
1667 5293 1751 5348 lo-

185 5372 290 5431 cum
307 5358 496 5431 Chrys.
527 5358 842 5416 Du-Fresne
865 5360 917 5414 in
946 5359 1122 5414 Gloss.

248 5428 270 5465 δ
295 5428 596 5485 Fibularum
626 5431 834 5502 aliqu
880 5431 1211 5502 vocabantur
1236 5434 1511 5499 vestiariae,
1561 5432 1756 5502 quibus

184 5508 347 5574 vestes
392 5501 836 5574 annectebantur.
885 5500 1038 5571 Apud
1066 5510 1274 5557 veteres
1304 5500 1594 5574 Aoccurrit'
1613 5519 1752 5574 prte-

183 5573 365 5653 positus
378 5591 424 5655 Ia
463 5571 654 5655 ﬁbulis.
697 5572 892 5654 Carum
921 5570 1078 5655 usum!
1107 5572 1343 5655 respexit
1367 5570 1752 5655 Chrysoldgus,

187 5645 329 5715 quasi
369 5642 559 5698 Joann.
590 5642 826 5715 Baptista
855 5643 899 5697 is
925 5641 1086 5699 fuerit
1119 5641 1212 5715 qui
1257 5641 1538 5713 utramque
1584 5641 1756 5713 legem

190 5713 349 5785 univit
373 5724 427 5769 et
451 5713 766 5785 complexus
791 5723 892 5785 est.

259 5793 278 5820 ε
309 5783 751 5857 Αιιεθιιιιιι’νοειιι
788 5784 1051 5842 Joannem
1094 5787 1181 5843 vel
1224 5801 1291 5842 ex
1330 5785 1607 5856 privilegio
1645 5802 1756 5857 quo

182 5856 434 5932 nascitur,
459 5857 542 5912 vel
563 5857 632 5932 ob
655 5859 776 5913 vitae
795 5859 1102 5932 puritatem,
1127 5857 1212 5914 vel
1233 5857 1413 5932 potius
1433 5859 1501 5912 ad
1520 5856 1754 5932 mentem

192 5927 572 5999 Scripturarum
599 5927 843 5998 loquens,
878 5930 932 5984 in
959 5931 1150 5999 quibus
1195 5927 1508 5998 angelorum
1540 5930 1756 5986 nomine

500 6024 770 6086 PATRUL.
820 6025 948 6086 ιιι.

1923 4934 1951 4974 ά
1971 4933 2254 4990 Tractator
2283 4935 2423 4990 idem
2446 4951 2510 4990 ac
2537 4937 2906 4998 cencionator,
2938 4937 3020 4990 vel
3050 4935 3139 5004 qui
3172 4935 3222 4988 in
3255 4933 3443 4988 Eccle-

1853 5009 1932 5063 sia
1961 5007 2268 5076 Scripturas
2295 5008 2546 5076 explicat.
2583 5005 2716 5060 Vide
2743 5006 3091 5060 Claudianum
3123 5004 3446 5076 Mantel'llilll

1853 5081 2020 5148 episc.
2072 5075 2462 5148 Viennensem,
2494 5076 2586 5148 lib.
2620 5093 2637 5130 ι
2665 5077 2732 5148 de
2777 5076 2932 5130 Statu
2961 5077 3196 5136 Animas,
3223 5091 3343 5148 cap.
3377 5075 3443 5148 '5;

1853 5145 2165 5212 Sidonium,
2198 5147 2288 5202 lib.
2322 5164 2377 5210 ιι,
2403 5162 2520 5216 cap.
2553 5147 2618 5211 9;
2663 5147 3076 5208 Cassiodorum,
3124 5146 3332 5216 praefat.
3379 5145 3447 5200 ad

1856 5221 2050 5275 librum
2079 5219 2146 5273 de
2170 5217 2437 5284 lnstitut.;
2469 5215 2785 5286 Gregorium
2805 5217 3069 5286 Magnum,
3100 5215 3150 5269 in
3192 5215 3351 5286 epist.
3378 5217 3448 5286 ad

1855 5289 2198 5346 Leouardum
2248 5288 2410 5358 episc.
2462 5284 2600 5359 capﬁ
2628 5288 2726 5354 il;
2759 5284 3132 5356 Augustinum,
3165 5284 3352 5359 serm.‘
3382 5284 3449 5337 i9

1854 5363 1923 5417 de
1963 5361 2126 5417 Verb.
2160 5357 2349 5430 Apost.
2373 5357 2723 5430 ;Paulinum,
2757 5360 2839 5414 vel
2880 5359 3202 5428 quicumque
3231 5357 3448 5430 tandem

1857 5433 1948 5488 ille
1969 5433 2057 5496 sit,
2085 5432 2138 5484 in
2160 5427 2282 5484 Vita
2301 5428 2358 5484 S.
2383 5429 2686 5497 Ambrosii;
2711 5427 3092 5500 Hieronymum
3114 5435 3303 5482 contra
3323 5427 3450 5481 llel-

1856 5503 2079 5567 vidium,
2105 5511 2210 5556 etc.

1933 5583 1956 5643 ς
1986 5573 2109 5635 Ms.,
2142 5571 2479 5643 prmdicatur.

1935 5641 1956 5681 ι
2004 5643 2103 5698 Vel
2131 5637 2162 5697 εἰ
2199 5650 2442 5712 tempore
2491 5641 2843 5712 apparitionis
2885 5639 3094 5710 angeli,
3125 5637 3212 5693 vel
3248 5653 3280 5691 a
3317 5653 3443 5694 con-

1861 5715 2132 5771 ceptione.

2007 5731 2077 5767 οη
2119 5755 2132 5768 .

1925 5729 2112 5841 ἓῐῆθὲ
2126 5784 2306 5840 medio
2327 5783 2380 5837 in
2405 5797 2639 5853 corpore
2659 5784 2928 5842 exercitus
2945 5781 3148 5838 morari
3163 5780 3320 5844 solet,
3345 5793 3453 5848 quo

1863 5857 2078 5985 glptimis
2109 5856 2342 5923 undique
2388 5854 2616 5910 vallatus
2644 5855 2906 5924 prtesidiis
2943 5855 3186 5912 securius
3231 5859 3450 5922 pugnet.

1891 5945 2026 5985 ιιι.
3441 5939 3450 5952 ι

1891 5939 2026 5985 “TA.
3441 5939 3452 5952 ’

2946 6018 3018 6080 15
