3930 6354
455 407 564 468 850

1715 402 1772 460 S.
1815 401 2018 458 PETRI
2058 399 2350 458 CHRYSOI
2373 400 2486 459 OGI

3630 401 3730 466 uo

454 543 578 585 mos
604 520 920 582 Salvatoris.
963 518 1068 578 Sed
1093 517 1238 589 quod
1262 526 1511 590 superest
1539 516 1715 573 adhuc
1753 517 1820 572 de
1847 517 2055 572 Zacha-
2081 519 2135 580 Δ
2162 518 2332 590 xvm),
2356 533 2475 588 qua:
2496 518 2597 574 sibi
2625 534 2748 574 cum
2775 519 2927 576 reddi
2955 525 3188 592 partam,
3220 520 3414 580 denari
3443 520 3627 597 ιιιιω,
3655 541 3732 588 cm

455 621 537 678 ria
578 614 834 690 pontiﬁce
868 613 1160 685 patientius
1198 611 1516 677 audiamus,
1569 619 1629 666 ut
1675 609 1744 666 ad
1791 609 2058 667 cunabula
2154 609 2266 680 iam
2295 611 2404 667 vita
2432 625 2604 684 prope
2648 612 2838 670 deerat
2877 613 3108 672 Domino
3145 617 3506 688 promittente
3542 631 3731 694 cogno-

455 711 628 768 nostri
658 707 819 778 Regis
859 705 1026 774 regali
1056 705 1248 761 itinere
1292 704 1579 775 pervenire
1617 703 1888 775 possimus
1922 719 1934 754 :
1965 701 2058 770 qui

455 805 528 860 ob
549 804 654 858 hoc
675 799 909 856 caelestis
929 797 1201 868 quadriga:
1233 796 1392 852 ﬁdam
1422 795 1838 852 conscendimus
1859 793 2058 850 sessio-

455 911 581 951 nem
604 932 619 958 ,
652 900 710 948 ut
737 891 995 948 sollicitas
1023 897 1080 945 et
1125 888 1324 944 arduas
1355 887 1800 959 compendiorum
1838 885 2061 942 semitas

453 990 766 1043 vitaremus.
808 983 917 1039 Sed
954 983 1099 1038 enim
1141 982 1341 1038 lectum
1385 990 1514 1038 est:
1557 979 1628 1034 Et
1670 982 1863 1053 factum
1897 984 2059 1034 estut

467 1079 664 1152 impleti
694 1086 814 1132 sunt
864 1077 972 1130 dies
1014 1075 1166 1147 ofﬁcii
1195 1075 1342 1146 ejus,
1388 1073 1515 1128 abiit
1561 1075 1617 1128 in
1665 1071 1874 1128 domum
1911 1085 2060 1127 suam

457 1170 609 1243 (Luc.
653 1172 715 1240 ι).
747 1169 826 1226 ita
857 1168 947 1226 uni
991 1168 1194 1238 templo
1233 1167 1447 1223 astabat
1475 1167 1650 1222 tribus
1690 1174 1806 1224 tota
1838 1182 1852 1218 :
1901 1177 2060 1235 pare-1-

455 1263 590 1319 bant
618 1262 786 1318 millia
815 1260 1159 1320 sacerdotum
1177 1302 1192 1326 ,
1225 1270 1449 1331 propter
1474 1259 1620 1329 quod
1660 1259 1777 1330 ipsa
1806 1257 2061 1312 observa-

457 1358 536 1414 tio
562 1354 891 1429 pontiﬁcalis
921 1351 1084 1410 ofﬁcii
1126 1360 1245 1410 erat
1272 1352 1443 1408 divisa
1487 1367 1586 1422 per
1611 1351 1874 1422 plurimos
1898 1389 1913 1415 ,
1945 1347 2059 1403 dis—

455 1456 684 1522 pensata
711 1462 812 1518 per
842 1453 1087 1515 tempora
1110 1483 1125 1510 ,
1153 1453 1178 1481 ι
1202 1443 1486 1500 distributa
1513 1453 1612 1514 per
1638 1442 1785 1498 vices
1807 1481 1824 1507 ,
1861 1455 1929 1495 ne
1968 1445 2061 1494 aut

461 1541 709 1600 ordinem
737 1539 1026 1597 sacerdotii
1057 1537 1347 1594 multitudo
1391 1538 1617 1593 confusa
1649 1535 1928 1597 turbaret,
1969 1541 2062 1586 aut

461 1636 601 1691 alter
621 1633 850 1704 legendo
875 1631 1076 1702 iugiter
1102 1632 1258 1690 alteri
1289 1631 1530 1686 debitum
1556 1637 1778 1698 negaret
1800 1626 2055 1683 ofﬁcium.

461 1725 595 1783 Post
623 1726 734 1780 hac
781 1733 951 1780 autem
979 1725 1213 1796 concepit
1252 1722 1524 1780 Elisabeth
1571 1737 1704 1778 uiror
1751 1724 1881 1795 ejus.
1932 1719 2064 1775 Erat

461 1820 571 1876 illis
599 1817 834 1888 coniugii
873 1817 1119 1881 facultas,
1163 1824 1282 1873 erat
1326 1815 1432 1871 illis
1459 1816 1678 1872 licentia
1725 1815 1925 1870 donata
1963 1829 2060 1883 ge-

2160 711 2357 771 sceret,
2388 712 2446 760 et
2484 706 2599 776 ipsa
2627 705 2698 761 de
2723 719 2823 763 suo
2850 714 3014 779 parte
3035 709 3188 778 risit;
3214 718 3272 767 et
3297 710 3446 783 quod
3466 713 3598 772 flaui
3620 727 3732 790 pos-

2159 805 2243 854 set
2277 813 2398 856 esse
2423 799 2674 855 omnibus
2697 813 3000 871 pregnans,
3041 805 3098 858 et
3137 809 3361 860 onerata
3389 807 3632 878 canities,
3659 809 3732 881 lp-

2158 891 2272 947 sius
2297 892 2554 962 genuinis
2583 901 2813 949 testatur
2838 904 2907 950 ex
2929 895 3168 962 nomine,
3198 894 3414 955 dicente
3432 895 3730 972 Scriptura;

2161 981 2235 1038 Et
2257 985 2456 1040 vocavit
2493 999 2680 1041 nomen
2711 986 2812 1058 ραι
2838 989 2920 1043 οιαὶ
2951 986 3107 1044 Isaae
3129 987 3282 1063 (Gen.
3318 991 3453 1061 ni).
3485 991 3641 1062 Quod
3668 996 3735 1050 ln-

2162 1075 2449 1148 terpretari
2476 1077 2645 1132 risum
2673 1077 2885 1148 docuit,
2917 1079 3176 1150 adiiciens
3216 1098 3229 1135 :
3264 1079 3446 1139 Risum
3473 1084 3604 1140 mihi
3631 1087 3734 1157 fecit

2160 1165 2438 1239 Dominus.
2489 1167 2626 1224 Hinc
2655 1175 2740 1224 est
2765 1170 2911 1240 quod
2956 1169 3233 1228 Elisabeth
3267 1187 3481 1230 sacrum
3507 1175 3626 1232 vult
3659 1187 3734 1234 cc-

2162 1258 2276 1316 lare
2303 1261 2653 1333 mysterium,
2685 1261 2916 1319 dicendo
2948 1281 2961 1316 :
2995 1263 3132 1329 Quid
3157 1266 3231 1320 sic
3255 1267 3382 1321 "tibi
3418 1267 3542 1340 fecit
3574 1266 3738 1325 Domi-

2163 1365 2280 1406 nus.
2315 1348 2384 1406 Ut
2410 1351 2573 1407 modo
2594 1359 2888 1423 conceptus
2914 1353 3101 1424 fatiget
3126 1355 3469 1424 verecundia,
3495 1357 3736 1429 quamdiu

2163 1446 2344 1514 negati
2371 1454 2559 1516 partus
2585 1459 2825 1501 mmmna
2855 1445 3080 1514 afﬂixit;
3109 1456 3268 1520 pater
3301 1455 3443 1507 tacet
3473 1461 3544 1507 ex
3571 1461 3733 1524 ptent,

2164 1549 2233 1590 cx
2258 1537 2581 1592 verecundia
2602 1545 2778 1593 mater
2803 1538 2962 1596 celat.
2995 1536 3041 1594 0
3059 1547 3260 1610 quanta
3279 1540 3498 1600 alicnth
3518 1555 3628 1600 vox
3653 1555 3735 1600 nae

2164 1629 2364 1684 scituri
2397 1626 2443 1683 0
2481 1637 2682 1700 quanta
2709 1631 3077 1688 taciturnitate
3106 1633 3230 1688 tuba
3260 1631 3466 1690 saeclis
3496 1633 3737 1692 ludam:-

2163 1727 2288 1775 tura
2315 1721 2634 1789 generaer
2683 1719 2731 1776 0
2755 1722 2904 1793 quod
2931 1725 3202 1780 secretum
3238 1723 3404 1780 divini
3430 1720 3640 1782 iudicis
3662 1725 3738 1782 dat

2167 1813 2502 1882 praeconem!
2557 1811 2693 1879 Quia
2731 1817 2809 1870 sic
2845 1815 2974 1871 mihi
3010 1818 3134 1888 fecit
3174 1814 3432 1873 Dominus
3472 1819 3536 1872 in
3585 1813 3737 1874 diebus

459 1911 709 1976 nerandi,
739 1909 937 1980 quibus
965 1909 1142 1966 inerat
1167 1908 1343 1966 adhuc
1370 1908 1506 1978 legis
1535 1906 1904 1964 adolescentia
1928 1947 1943 1972 ,
1979 1906 2060 1959 in.
2089 1903 2140 1970 Β
2163 1905 2346 1979 quibus
2373 1907 2596 1978 respexit
2624 1908 2836 1979 auferre
2860 1905 3195 1980 opprobrium
3223 1913 3392 1963 meum
3415 1906 3559 1964 inter
3590 1910 3736 1965 homi-

459 2003 637 2059 stabat
664 2001 841 2057 adhuc
868 2001 1147 2071 religionis
1175 1999 1418 2056 infantia.
1453 1999 1565 2056 Lex
1583 2041 1600 2067 ,
1625 1998 1840 2063 fratres,
1872 1993 2057 2054 illicita

457 2095 768 2169 prohibuit;
810 2093 958 2150 licita
985 2110 1094 2150 non
1141 2094 1390 2163 negavit;
1423 2093 1562 2149 intra
1602 2092 1806 2148 donum
1851 2090 2055 2155 tenuit,

460 2205 622 2262 supra
651 2189 853 2245 donum
881 2187 1130 2244 conferre
1153 2188 1228 2242 nil
1257 2187 1464 2258 potuit;
1496 2195 1746 2243 naturam
1773 2185 1934 2253 rexit,
1963 2199 2060 2240 su-

460 2298 560 2355 pra
588 2289 837 2337 naturam
875 2280 1150 2336 hominem
1181 2295 1288 2335 non
1328 2279 1520 2335 erexit.
1564 2278 1678 2334 Lex
1707 2276 1828 2333 ﬁdei
1854 2278 2019 2346 ianua
2041 2314 2056 2341 ,

461 2376 651 2447 gratiae
681 2374 888 2442 nuntia,
916 2373 1194 2443 Evangelii
1236 2373 1461 2443 prtevia.
1491 2372 1814 2442 paedagogus
1843 2369 2060 2440 religioe

463 2469 551 2526 nis
583 2458 840 2532 infantiae,
882 2467 1090 2523 remisit
1118 2467 1171 2521 in
1225 2465 1532 2522 sacerdotio
1562 2464 1592 2503 δ
1637 2465 1796 2534 legali
1825 2463 2061 2533 coniugii

462 2560 789 2626 castitatem,
826 2569 848 2597 ο
875 2565 934 2614 ut
963 2559 1017 2614 in
1057 2555 1374 2628 pontiﬁcatu
1411 2557 1597 2626 gratim
1636 2565 1918 2612 venturam
1944 2561 2063 2628 per-

461 2662 642 2726 petua:
681 2653 900 2710 virtutis
946 2652 1178 2722 gloriam
1230 2651 1520 2708 nuntiaret.
1568 2649 1875 2707 Secundum
1923 2650 2062 2705 hanc

461 2759 592 2816 ergo
627 2743 1019 2815 indulgentiam
1047 2741 1326 2798 Elisabeth
1354 2741 1659 2799 annositate
1682 2741 1794 2812 iam
1824 2750 2060 2808 mor-tu,

457 2844 709 2896 sanctum
738 2835 1012 2890 reviviscit
1041 2835 1095 2889 in
1123 2842 1358 2904 partum,
1390 2843 1445 2890 et
1471 2833 1621 2890 arida
1651 2843 1814 2904 atque
1843 2843 2062 2889 exarata

459 2927 612 2999 rugis
639 2926 880 2982 membra
918 2925 1168 2981 medullis
1208 2925 1456 2981 vitalibus
1485 2925 1539 2981 in
1577 2926 1787 2982 viscera
1836 2924 2062 2981 fecunda

457 3018 764 3076 viridantur
796 3036 808 3070 :
835 3018 1008 3090 ipsum
1031 3029 1247 3088 quoque
1274 3026 1504 3088 tempus,
1531 3019 1727 3089 ipsum,
1754 3019 1808 3076 in
1837 3033 1947 3088 quo
1969 3018 2064 3074 de-

460 3115 660 3181 sierat,
701 3120 991 3168 revocatur
1019 3110 1087 3167 ad
1125 3127 1358 3182 corpus;
1389 3120 1446 3167 et
1475 3119 1746 3168 vetustate
1773 3111 1937 3168 nimia
1965 3111 2065 3167 do-

458 3223 584 3262 mus
613 3206 753 3262 uteri
788 3205 1018 3276 dilapsa,
1055 3204 1109 3259 in
1138 3203 1331 3260 faciem
1363 3220 1559 3262 novam
1589 3212 1815 3275 repente
1844 3219 2065 3276 repara-

2161 2015 2270 2054 nos.
2321 1996 2509 2054 Honor
2535 1997 2810 2069 coniugii,
2839 1999 3172 2055 matrimonii
3197 1999 3458 2069 dignitas,
3506 2007 3597 2055 est
3634 2015 3737 2072 pro-

2160 2089 2366 2146 creatio
2393 2090 2634 2147 dulcium
2655 2091 2982 2158 liberorum;
3005 2089 3140 2148 satis
3175 2091 3322 2148 enirn
3359 2099 3526 2162 grave
3555 2099 3669 2158 est,
3696 2099 3738 2147 et

2161 2182 2293 2237 sat
2321 2181 2496 2248 triste,
2524 2191 2580 2236 et
2607 2182 2930 2252 virginitatis
2957 2191 3146 2239 carere
3169 2183 3416 2254 pratulo,
3440 2189 3498 2240 et
3529 2182 3737 2239 ﬁliorum

2161 2275 2355 2332 solatia
2401 2287 2511 2332 non
2565 2276 2802 2344 habere;
2847 2277 3119 2333 stistinere
3165 2287 3332 2333 onera
3388 2275 3734 2340 testimonii,

2161 2377 2218 2422 et
2246 2368 2314 2423 ad
2343 2367 2574 2423 fructum
2602 2369 2934 2424 matrimonii
2960 2380 3068 2424 non
3103 2365 3306 2425 venire.-
3339 2365 3473 2425 illnc
3503 2375 3595 2426 est
3618 2367 3738 2440 quod

2162 2460 2362 2531 gaudet
2382 2475 2411 2516 ει
2433 2476 2492 2517 se
2511 2462 2750 2518 ablatum
2771 2463 3070 2518 sterilitatis
3096 2462 3464 2534 opprobrium,
3485 2459 3736 2518 dicendo:

2165 2552 2305 2620 Quia
2323 2557 2400 2610 sic
2426 2557 2556 2610 mihi
2586 2557 2710 2627 fecit
2736 2554 2998 2612 Dominus
3029 2557 3083 2610 in
3112 2556 3289 2611 diebus
3320 2555 3504 2628 quibus
3537 2553 3739 2627 respuit

2163 2652 2373 2720 auferre
2418 2648 2750 2721 opprobrium
2795 2660 2966 2704 incum
3000 2651 3136 2704 inter
3181 2649 3432 2704 nomines.
3476 2646 3615 2715 Quia
3654 2645 3738 2703 hoc

2164 2743 2310 2813 apud
2336 2743 2581 2800 homines
2603 2744 2857 2799 miserum
2883 2746 3243 2814 eoinputatur,
3271 2740 3411 2814 apud
3440 2741 3613 2798 Deum
3629 2753 3738 2798 vero

2166 2847 2193 2878 ο
2222 2845 2408 2893 reatus
2433 2838 2611 2893 minus
2639 2844 2753 2903 cst,
2785 2837 2880 2892 ubi
2902 2836 3146 2908 parentis
3172 2835 3329 2907 culpa
3356 2833 3499 2890 nulla
3531 2839 3641 2898 est,
3659 2832 3738 2890 sed

2159 2929 2422 3000 iudicium
2449 2929 2786 3000 denegantis.
2827 2929 2990 2986 Certe
3028 2931 3078 2986 si
3103 2930 3207 2987 hoc
3242 2928 3399 2987 aﬂ'crt
3427 2929 3607 3001 aliqua
3632 2943 3735 2986 cor-

2164 3021 2366 3094 poralis
2386 3021 2690 3092 lniirmitas,
2719 3025 3016 3082 necessitas
3037 3023 3092 3080 in
3113 3031 3275 3081 causa
3305 3031 3407 3091 est,
3432 3041 3538 3081 non
3565 3021 3738 3080 volun-

2166 3122 2269 3171 tas.
2319 3114 2427 3172 Sed
2449 3116 2565 3186 iam
2594 3128 2740 3173 nunc
2766 3117 2944 3174 omnis
2973 3117 3162 3188 ignava
3193 3118 3373 3174 carnis
3409 3115 3738 3187 intelligentia

2165 3209 2237 3264 sit
2255 3219 2482 3275 remota,
2508 3217 2623 3266 tota
2643 3211 2896 3282 corporei
2917 3219 3108 3266 sensus
3136 3208 3420 3280 abiiclatur
3438 3207 3733 3263 inﬁrmitas:

458 3308 583 3367 tur;
625 3305 806 3370 stupet
834 3297 968 3353 ordo
994 3337 1008 3362 ,
1057 3295 1240 3352 deﬁcit
1268 3297 1604 3354 consuetudo
1627 3335 1643 3362 ,
1687 3299 1915 3353 miratur
1943 3298 2057 3368 ipsa
2086 3281 2135 3352 (Ξ
2163 3311 2218 3358 et
2238 3313 2589 3372 quascumque
2616 3310 2700 3358 est
2743 3281 2946 3372 ingenii
2980 3301 3202 3358 humani
3241 3301 3418 3357 cumis
3445 3298 3734 3355 excludatur

458 3399 672 3456 natura,
709 3397 764 3444 et
791 3405 859 3444 ex
888 3396 1152 3459 apparatu
1192 3389 1515 3455 mansionis,
1546 3389 1773 3460 hospitis
1806 3390 2057 3445 meritum

459 3481 802 3551 dignitasque
850 3480 1157 3534 innotescit.
1192 3479 1393 3534 Verum
1439 3479 1674 3535 Joannes
1718 3481 1772 3536 in
1821 3482 2060 3551 generali

463 3573 771 3631 liabitaculo
801 3572 932 3626 satis
961 3586 1019 3625 se
1047 3571 1275 3624 miratus
1315 3578 1398 3626 est
1426 3586 1545 3627 esse
1574 3573 1936 3641 peregrinum,
1968 3574 2060 3642 qui

459 3680 523 3721 se
551 3663 826 3719 exclusum
859 3670 1135 3731 tempore,
1168 3661 1476 3718 abdicatum
1505 3671 1698 3718 natura
1723 3706 1737 3730 ,
1784 3674 2060 3736 receptum

463 3771 525 3814 sc
555 3756 609 3810 in
639 3769 705 3808 eo
734 3753 972 3808 auctoris
995 3751 1258 3808 beneﬁcio
1286 3753 1504 3817 didicit,
1539 3770 1649 3810 non
1690 3759 1949 3826 parentis.
1991 3757 2062 3812 Et

463 3845 666 3902 celabat
692 3861 747 3899 se
776 3843 1032 3898 mensibus
1061 3845 1312 3916 quinque,
1346 3844 1548 3911 dicens,
1581 3847 1701 3918 quia
1726 3849 1800 3901 sic
1828 3849 1953 3902 mihi
1985 3851 2060 3921 fe-

462 3941 535 3994 cit
581 3937 857 3993 Dominus.
887 3936 1034 3992 Bene
1065 3943 1235 3992 totum
1284 3936 1476 3994 fecisse
1506 3938 1790 3996 Dominum
1831 3941 2058 3997 conﬁte-

458 4041 569 4099 tur,
601 4047 722 4103 qua:
760 4029 864 4087 sibi
895 4029 1152 4087 collatum
1182 4045 1279 4100 per
1317 4031 1591 4088 hominem
1621 4034 1694 4089 nil
1724 4034 1960 4090 videbat.
1996 4036 2061 4091 Et

461 4125 775 4182 occultabat
811 4138 870 4179 se
898 4123 1178 4179 mensibus
1216 4123 1457 4194 quinque
1481 4165 1495 4190 ,
1528 4127 1655 4196 quia
1702 4129 1803 4184 etsi
1833 4138 1950 4184 erat
1975 4130 2058 4185 di-

459 4217 575 4272 vini
602 4215 862 4282 muneris,
889 4215 970 4270 sui
1001 4223 1180 4270 tamen
1211 4216 1470 4287 temporis
1500 4233 1607 4275 non
1636 4228 1755 4276 erat
1781 4221 1928 4291 quod
1965 4225 2060 4278 ba-

458 4308 643 4365 liebat.
678 4305 889 4362 Celabat
917 4323 970 4361 se
993 4306 1252 4361 mensibus
1281 4309 1521 4380 quinque.
1555 4307 1582 4348 ἀ
1613 4309 1897 4369 Erubescit
1924 4329 2060 4374 anus

461 4399 572 4455 feta
598 4440 612 4465 ,
662 4397 1057 4454 verecundatur
1083 4398 1262 4452 vetula
1303 4401 1461 4470 primi
1491 4410 1677 4472 partus
1699 4443 1714 4468 ,
1748 4413 1802 4459 et
1829 4421 2062 4478 puerpe-

461 4507 580 4548 ram
612 4499 862 4547 senectus
904 4490 1186 4545 abscondit
1223 4500 1463 4548 extrcma
1488 4536 1503 4560 ,
1537 4511 1606 4551 ne
1645 4499 1944 4555 sterilitatis
1970 4517 2063 4572 op-

460 4581 743 4654 probrium
772 4582 911 4637 risus
932 4579 1173 4636 fecunda:
1199 4585 1492 4641 senectutis
1514 4598 1754 4657 augeret.
1781 4589 1936 4658 Quod
1964 4607 2059 4648 au-

2161 3394 2413 3460 intentio,
2443 3395 2565 3450 ﬁdei
2593 3399 2817 3467 pateant
2843 3394 3010 3461 oeuli,-
3039 3393 3220 3451 cordis
3244 3399 3546 3450 reserentar
3567 3403 3734 3456 aures,

2161 3489 2362 3543 mentis
2387 3495 2571 3544 currat
2595 3493 2653 3543 et
2680 3487 2922 3543 incurrat
2960 3487 3200 3543 incessus
3232 3503 3247 3540 :
3292 3491 3353 3540 ut
3383 3483 3654 3556 pervenire
3680 3481 3737 3536 ad

2162 3583 2480 3654 mysterium
2509 3582 2740 3652 virginei
2767 3587 3081 3654 conceptus,
3113 3577 3182 3636 ad
3208 3587 3606 3636 sacramentum
3630 3585 3738 3648 paro

2162 3681 2250 3728 tus
2279 3673 2504 3742 virginei
2532 3679 2822 3744 penetrare
2847 3672 3116 3745 possimus
3137 3712 3153 3738 ,
3202 3669 3494 3742 adiuvante
3527 3665 3737 3725 Domino

2162 3761 2290 3848 {esu
2329 3759 2548 3822 Christo
2571 3805 2586 3829 ,
2619 3767 2710 3836 qui
2740 3777 2807 3821 ex
2854 3779 2918 3821 ea
2965 3765 3179 3836 genitus
3224 3777 3370 3822 nunc
3416 3765 3470 3820 in
3517 3759 3737 3821 calcati!

2162 3869 2327 3929 regna
2358 3869 2482 3914 cum
2520 3858 2634 3915 Deo
2662 3857 2821 3914 Patre
2855 3861 2910 3915 ei
2951 3854 3154 3931 Spiritu
3181 3866 3374 3916 sancto
3402 3855 3529 3914 vivit
3559 3869 3654 3929 per
3670 3853 3740 3910 in-

2165 3953 2312 4010 ﬁnita
2337 3952 2527 4009 saecula
2552 3953 2890 4008 seculorum.
2922 3950 3112 4009 Amen.

2707 4086 2724 4125 ί
2759 4086 2992 4143 SERMO
3031 4085 3207 4142 XCIII.

2550 4201 2629 4256 De
2650 4203 2986 4258 conuersione
3012 4199 3363 4274 Magdalenen

2236 4315 2316 4370 Ad
2361 4315 2673 4386 prandium,
2725 4319 2781 4370 et
2821 4315 2890 4370 ad
2937 4311 3191 4370 Pharistci
3232 4309 3520 4385 prandium
3547 4311 3742 4369 venisse

2162 4405 2435 4461 Christum
2464 4407 2728 4463 sollicitus
2754 4407 2980 4462 forsitan
3025 4405 3252 4461 miratur
3283 4405 3518 4460 auditor.
3568 4403 3738 4458 Phari-

2163 4500 2256 4556 saei
2284 4499 2504 4555 domum
2530 4497 2777 4556 Christus
2805 4499 3046 4564 intravit,
3077 4511 3187 4553 non
3223 4504 3549 4568 accepturus
3573 4493 3740 4550 Iudai-

2165 4609 2262 4649 cos
2305 4592 2478 4656 eibos,
2531 4591 2628 4650 sed
2681 4593 2919 4648 divinam
2957 4587 3387 4647 miscricordiam
3434 4587 3738 4659 largiturus;

463 4682 577 4728 tem
607 4672 737 4727 risui
755 4671 999 4742 subiacet
1026 4673 1211 4727 senilis
1239 4682 1294 4729 et
1313 4683 1571 4734 veterana
1599 4683 1902 4753 conceptio,
1931 4696 2058 4756 per-
2087 4663 2140 4725 D
2167 4697 2342 4756 neque
2364 4683 2614 4742 accubuit
2635 4685 2662 4735 ε
2688 4684 2878 4756 pocula
2906 4691 3161 4755 saporata
3190 4679 3351 4738 melle
3372 4673 3596 4736 ﬁoribus
3625 4673 3743 4735 odo-

423 4776 434 4786 '
461 4764 655 4821 similis
682 4763 840 4835 huius
881 4764 1182 4820 sterilitatis
1211 4773 1266 4820 et
1293 4768 1468 4824 astatis
1497 4768 1628 4827 Sara
1667 4773 1862 4844 probat
1902 4773 2054 4849 (Gen.

537 4934 562 4962 ι
593 4919 830 4979 Familia:
855 4922 1194 4982 sacerdotum
1221 4945 1288 4984 ex
1309 4921 1568 4983 Eleazaro
1587 4935 1642 4983 et
1661 4927 1931 4988 Ithamare
1954 4933 2060 4990 Aa-

461 4995 638 5072 ronis_
663 4993 782 5048 ﬁliis
827 4993 1103 5072 oriundus1
1129 5012 1413 5072 numerum
1443 4997 1758 5072 vigesimum
1805 5014 2060 5072 quartum

463 5065 789 5140 explebant,
815 5073 872 5140 ut
901 5080 967 5120 ex
1007 5063 1027 5120 l
1070 5061 1301 5140 Paralip.
1334 5085 1458 5124 xxw
1483 5061 1790 5128 edocemur.
1824 5061 1930 5129 llas
1959 5076 2061 5132 Dr

462 5136 554 5194 vid
584 5145 729 5210 sorte
759 5136 1051 5204 delegerat,
1080 5147 1138 5194 ut
1166 5136 1502 5210 unaquaeque
1524 5141 1711 5198 ordine
1731 5159 1828 5200 suo
1850 5147 1903 5200 in
1929 5155 2064 5202 icur-

463 5207 914 5282 plogministrarct
936 5223 1033 5278 per
1061 5207 1308 5282 singulas
1321 5207 1721 5282 hebdomadas;
1751 5216 1822 5270 ita
1851 5225 1927 5281 ut,
1961 5216 2062 5272 168

462 5278 656 5338 diebus
685 5278 910 5350 exactis,
934 5295 1130 5350 munus
1159 5281 1226 5334 ad
1253 5279 1478 5350 primam
1500 5278 1879 5342 reverteretur.
1910 5278 2065 5344 Patet

460 5353 639 5408 vicem
669 5348 836 5415 Abite,
869 5343 935 5404 ex
964 5365 1068 5419 qua
1092 5343 1395 5418 Zacharias,
1425 5361 1672 5409 octavam
1696 5355 1877 5413 fuisse.
1905 5343 2064 5416 Vices

463 5423 563 5503 has
593 5419 792 5503 _Gr:ece
833 5421 1153 5492 eplaemeriaz.
1199 5419 1392 5489 Lucas,
1426 5440 1462 5490 ι,
1495 5421 1546 5490 ἐξ
1588 5428 1859 5503 ἐφημερίας
1879 5428 2060 5500 'AGla,

469 5493 531 5547 de
559 5493 665 5546 vice
691 5490 856 5545 Abite.

539 5561 567 5601 δ
598 5562 676 5636 ξι
700 5560 931 5636 Latinio.
966 5562 1127 5636 Editi,
1152 5564 1350 5636 legalis.

545 5644 566 5704 ς
595 5632 929 5704 ῼιειιὶοονυιῐι
953 5632 1254 5704 czelibainin
1285 5636 1560 5704 aptissime
1590 5639 1778 5694 innuit.

532 5700 560 5740 (ί
589 5701 926 5774 Οιιξιηιιηιίόθ
953 5720 1113 5758 causa
1145 5700 1415 5761 Elisabcth
1454 5725 1512 5762 se
1555 5710 1835 5774 celaverit,
1867 5711 2067 5767 obscu-

473 5790 610 5849 rum.
646 5771 916 5849 N_9nnull_i_,
949 5783 1006 5828 ut
1045 5774 1425 5849 Chrysologus,
1466 5789 1657 5849 putant
1699 5782 1769 5837 ob
1810 5771 2069 5839 verecun-

473 5846 634 5921 diam.
664 5835 996 5921 Propudi'um
1025 5835 1174 5902 cnim'
1197 5835 1387 5903 ei-at'in
1413 5835 1519 5906 anu
1561 5835 1720 5908 επειὰ
1739 5835 2065 5921 fecunditas,

475 5915 630 5980 sicuti
663 5915 718 5971 in
746 5908 944 5972 femina
973 5915 1192 5987 integrae
1217 5921 1388 5973 multis
1415 5922 1702 5990 sterilitas;
1737 5925 1855 5986 alii,
1893 5908 1954 5981 ut
1973 5908 2064 5981 ire:

2165 4785 2286 4834 rata
2332 4787 2648 4851 empturus
2668 4817 2686 4846 ,
2715 4777 2812 4834 sed
2851 4775 3166 4849 ponitentis
3201 4773 3473 4845 laer'ymas
3518 4787 3586 4828 ex
3630 4769 3742 4844 ipsis

2165 4944 2332 5020 ponte
2347 4933 2610 5019 prodiens
2645 4935 2701 4990 in
2729 4933 2902 5018 oculis
2927 4933 3208 4990 hominem
3237 4935 3486 4994 timente
3511 4941 3741 5016 corpore.
3796 4979 3804 4998 ,

2167 5008 2434 5064 illustrius
2485 5007 2636 5062 ﬁeret
2684 5007 3032 5071 miraculum;
3070 5006 3156 5060 vel
3205 5007 3261 5059 ut
3307 5004 3480 5061 solius
3523 5002 3618 5059 Der
3661 5013 3746 5074 pro

2167 5087 2320 5133 tanto
2346 5075 2612 5134 beneﬁcio
2658 5076 2903 5132 laudibus
2946 5081 3194 5142 vacaret;
3219 5074 3305 5131 va
3332 5074 3566 5138 demum.-
3594 5071 3746 5128 ut'sb

2167 5150 2317 5205 omni
2342 5149 2678 5204 imtnunditis
2708 5155 2942 5213 careret,
2966 5159 3030 5203 ac
3057 5147 3308 5203 sordibus
3333 5159 3393 5202 se
3416 5143 3743 5202 subduceret.

2169 5219 2338 5276 Filius
2357 5221 2500 5278 enim
2531 5219 2838 5274 Nazarenus
2867 5218 3076 5274 futurus
3103 5225 3239 5273 erat.

2245 5301 2268 5329 ο
2300 5291 2379 5346 Es
2402 5289 2507 5347 hoc
2533 5289 2810 5358 Evangelii
2835 5289 2956 5347 loco
2976 5290 3116 5344 eruit
3155 5285 3496 5358 Maidonatcs
3535 5278 3588 5343 id
3617 5283 3749 5356 quod

2170 5360 2536 5434 Cbrysologus
2561 5355 2942 5434 :_sterilitatem
2987 5361 3330 5434 scilicetnen
3358 5355 3525 5434 ﬁnisse
3557 5355 3746 5428 oppro-

2169 5428 2348 5555 griu'm
2371 5428 2556 5489 coram
2580 5432 2713 5499 Deo,
2739 5447 2838 5490 nec
2865 5443 3080 5503 semper
3107 5431 3176 5487 ab
3203 5431 3344 5487 irato
3371 5428 3596 5486 Numine
3636 5443 3751 5498 pro-

2209 5518 2361 5555 eieci.

2209 5518 2339 5560 (31801
2348 5541 2361 5558 ο

2248 5572 2268 5613 ί
2303 5573 2487 5630 Sermo
2516 5571 2604 5629 hic
2630 5574 2684 5628 in
2712 5574 2830 5629 aliis
2858 5573 3186 5631 editionlb'us
3208 5569 3518 5629 inscribitur
3546 5589 3559 5626 :
3589 5567 3672 5624 De
3696 5582 3753 5622 es

2174 5648 2480 5718 quaiunsit
2498 5643 2782 5718 Dominum
2805 5653 3082 5718 unguento.
3126 5714 3204 5718 μ
3505 5711 3526 5718 _
3760 5649 3763 5718 ξ

2250 5716 2408 5810 ξ.ἕὲ
2437 5711 3103 5810 aeserunium.“

2179 5789 2423 5880 Ξ¹¹¹³ξ¹¹¹¹¹¹ν
2470 5795 2530 5880 E‘.‘
2553 5799 2599 5880 ξ
2623 5789 2882 5880 ἒξ¹¹ΐί¹¹¹ί⁵
2913 5784 3768 5880 ³9³ἏἯΗ¹¹ΞἯ¹⁰Σ¹ῈᾸΕΕΠ

2180 5859 2354 5913 lentor
2377 5859 2598 5913 eruitur.
2623 5856 2874 5914 Crateros
2897 5871 3024 5914 vero
3065 5856 3284 5913 ﬁoribus
3313 5864 3370 5912 et
3400 5857 3612 5915 cercius
3638 5866 3755 5908 mos

2179 5930 2340 5985 fuisse
2362 5929 2632 5987 veteribus
2661 5941 2943 5997 exornare,
2979 5929 3154 5986 nullus
3181 5927 3373 5985 nescit.
