3882 6356
172 379 256 438 tot
897 371 902 376 ‘
1556 372 1787 432 θεειΜο
1825 370 2003 430 xcut.

3320 385 3428 448 462

175 492 424 551 oculorum
463 483 702 545 fontibus
747 495 1030 560 potaturus
1063 504 1076 542 :
1117 487 1260 544 Deus
1304 486 1727 557 delinquentium
1754 504 1809 561 Α
1831 495 2000 552 retro,
2032 485 2158 556 quia
2178 501 2304 544 reus
2331 485 2541 545 animus
2569 496 2693 560 post
2723 498 2930 562 tergum
2958 501 3068 551 stat
3099 497 3167 552 ad
3189 500 3423 568 veniam,

176 585 374 658 gemitus
402 583 603 648 esurit,
630 581 743 636 sitit
763 581 1026 654 lacrymas
1063 589 1425 652 peccatorum.
1475 579 1731 652 Rogabat,

179 678 350 747 inquit,
385 673 666 728 Dominum
700 673 910 746 quidam
938 671 1274 740 Pharis‘wus,
1305 682 1362 729 ut
1397 673 1737 729 manducent

179 777 270 826 cum
294 769 416 824 illo:
447 776 497 821 et
524 768 783 838 ingressus
815 765 1023 822 domum
1058 765 1342 832 Pharistci,
1367 765 1640 822 discubuit.
1665 763 1736 820 Et

179 880 270 918 erce
287 861 462 916 mulier
489 877 606 932 qua
633 868 746 914 erat
770 859 824 914 in
852 860 1057 914 civitate
1084 861 1378 932 peccatrix,
1415 870 1473 916 ut
1500 860 1737 932 cognouit

180 954 292 1028 quod
327 953 644 1007 occumberet
681 952 935 1008 Dominus
963 955 1019 1008 in
1049 953 1203 1008 demo
1231 952 1493 1010 Pharisazi
1514 994 1530 1019 ,
1561 952 1736 1008 attulit

181 1045 468 1102 alabastrum
496 1045 766 1117 unguenti,-
797 1053 848 1099 et
873 1054 1018 1099 stans
1049 1053 1185 1100 retro
1226 1061 1371 1100 secus
1413 1044 1566 1116 pedes
1597 1044 1732 1114 ejus;

182 1138 393 1208 lacrymis
415 1137 564 1206 coepit
590 1137 762 1207 rigare
789 1135 943 1206 pedes
974 1137 1105 1208 ejus,
1129 1145 1179 1190 et
1207 1135 1408 1207 capillis
1442 1136 1626 1206 capitis
1653 1136 1734 1190 sui

184 1229 401 1301 tergebat,
443 1238 495 1281 et
534 1227 866 1282 osculabatur
910 1228 1062 1299 pedes
1108 1229 1240 1299 ejus,
1283 1237 1333 1282 et
1372 1226 1594 1300 ungebat
1636 1243 1734 1281 un-

183 1330 336 1394 guento
357 1318 521 1390 (Luc.
554 1336 625 1375 vn
648 1319 686 1390 ).
722 1317 926 1375 Videtis
954 1320 1080 1389 quia
1109 1319 1178 1375 ad
1205 1319 1460 1374 Pharisaei
1489 1331 1733 1375 mensam

182 1413 299 1470 venit
319 1411 562 1467 Christus
584 1451 599 1474 ,
647 1427 754 1465 non
801 1417 860 1465 ut
899 1411 1206 1466 carnalibus
1243 1411 1545 1481 repleretur
1571 1409 1728 1477 escis,

179 1506 255 1563 sed
273 1514 324 1561 ut
350 1505 402 1559 in
431 1519 595 1560 carne
615 1504 890 1572 negotium
919 1504 1140 1561 caeleste
1165 1511 1520 1572 monstraret;
1557 1518 1733 1576 neque

180 1606 226 1652 ut
260 1598 505 1668 probaret
553 1597 727 1666 posita
757 1596 1066 1652 humanitus
1091 1605 1216 1652 ante
1241 1611 1302 1653 se
1323 1636 1340 1663 ,
1389 1596 1485 1652 sed
1524 1604 1647 1668 post
1673 1610 1734 1653 se

177 1697 296 1760 gesta
321 1689 576 1745 divinitus
603 1689 947 1760 approbaret.
972 1686 1247 1744 Christum
1267 1703 1498 1758 namque
1519 1703 1732 1760 semper

176 1783 482 1852 agnoscunus
522 1798 621 1853 per
663 1782 929 1838 humanos
976 1789 1127 1838 actus
1172 1781 1380 1838 divinas
1426 1781 1732 1837 exercuisse

177 1876 385 1941 virtutes,
409 1874 538 1930 dum
564 1885 704 1931 noVa
725 1881 781 1931 et
803 1881 999 1946 praeter
1035 1889 1166 1930 usus
1201 1873 1510 1930 mortalium
1537 1880 1730 1931 cuncta

176 1977 269 2024 esse
293 1983 408 2037 qua:
437 1967 506 2024 ab
536 1983 603 2024 eo
642 1968 806 2023 etiam
853 1967 1210 2040 corporaliter
1235 1975 1386 2035 gesta
1427 1972 1554 2022 sunt
1581 1980 1734 2021 com-

175 2061 461 2133 probantur.
504 2059 806 2118 Pbarisaeus
835 2060 901 2117 ad
943 2060 1376 2116 manducandum
1396 2068 1556 2116 vocat
1580 2059 1738 2114 Chri-

173 2163 322 2210 stum:
351 2153 481 2222 quid
509 2152 582 2207 ibi
610 2153 801 2223 quaerit
837 2152 1033 2207 mulier
1066 2167 1177 2208 non
1203 2152 1438 2208 vocata?
1485 2148 1736 2206 Claustra

175 2246 334 2302 domus
362 2261 472 2301 non
499 2245 804 2315 prorumpit
841 2252 1162 2311 extraneos,
1193 2242 1426 2300 convivii
1468 2249 1736 2298 secretum

175 2347 260 2395 non
278 2339 551 2410 praesumit
589 2353 698 2393 non
731 2347 754 2375 ⁸
783 2337 1041 2392 invitatus
1069 2337 1292 2401 intrare,
1338 2335 1490 2391 cibos
1516 2341 1738 2405 paratos

175 2429 448 2487 relaxandis
488 2429 759 2485 mentibus
806 2436 933 2499 post
979 2427 1217 2482 laborem
1265 2427 1580 2498 perturbare
1626 2442 1736 2482 non

173 2522 307 2578 audet
325 2523 527 2578 arbiter
547 2521 884 2586 luxuriosus;
909 2527 965 2576 et
985 2519 1114 2590 quid
1134 2526 1217 2574 est
1237 2518 1380 2590 quod
1403 2519 1518 2574 haec
1543 2518 1738 2574 mulier

173 2613 354 2683 ignota,
383 2613 548 2668 itumo
577 2612 718 2668 male
746 2619 874 2666 nota
892 2650 906 2675 ,
939 2618 1133 2666 onusta
1162 2610 1394 2665 luctibus
1417 2645 1432 2675 ,
1464 2609 1626 2681 plena
1652 2609 1732 2664 la-~

175 2705 358 2777 crymis,
385 2705 624 2760 clamosa
650 2703 887 2774 planctu,
915 2702 1098 2758 nescio
1121 2700 1392 2772 ianitore,
1434 2700 1582 2756 nullo
1605 2715 1736 2756 con—

175 2800 282 2868 scio,
309 2800 422 2870 ipso
443 2800 727 2867 ignorante
754 2805 992 2868 pastore,
1035 2795 1227 2852 domus
1254 2795 1432 2851 aditus
1469 2793 1738 2866 percurrit

178 2905 334 2946 omnes
357 2929 370 2954 ,
425 2889 624 2944 transit
664 2895 808 2944 totas
833 2887 861 2926 ι)
900 2887 1327 2943 ministeriorum
1382 2896 1404 2926 ε
1454 2894 1730 2952 catervas,

179 2983 322 3054 ipsum
341 2982 570 3038 convivii
592 2981 841 3053 pervolat
869 2980 935 3036 ad
963 2989 1248 3046 secretum,
1275 2987 1328 3034 et
1356 2977 1485 3035 facit
1513 2977 1734 3033 domum

181 3074 337 3131 latium
361 3075 583 3131 domum
622 3073 1028 3131 lamentationis
1067 3080 1124 3130 et
1161 3071 1447 3144 planctus?
1475 3070 1692 3126 Fratres
1714 3109 1729 3138 ,

179 3185 266 3224 non
288 3178 466 3240 rogata
490 3169 638 3225 venit
665 3169 755 3224 illa
782 3207 798 3233 ,
844 3167 939 3224 sed
983 3167 1167 3238 iussa;
1199 3166 1420 3221 intravit
1448 3165 1688 3220 exhibita
1713 3203 1727 3231 ,

177 3269 264 3318 Ion
282 3276 605 3333 presumens
629 3280 643 3315 :
677 3262 790 3332 ipse
811 3261 889 3316 sic
919 3259 1047 3315 fecit
1074 3275 1194 3314 eam
1216 3259 1333 3313 sisti
1360 3257 1499 3323 sibi,
1542 3257 1633 3326 qui
1663 3257 1731 3310 il-
1762 3295 1807 3358 Ο

173 3354 260 3411 lani
299 3357 496 3412 cmlesti
542 3357 810 3412 sententia
849 3354 1011 3426 jussit
1058 3353 1284 3409 absolvi.
1325 3352 1564 3421 Denique
1603 3350 1729 3405 dum

173 3443 435 3506 Phariaene
487 3456 644 3504 veste
683 3448 896 3513 clarus,
942 3447 1146 3516 primus
1192 3443 1220 3482 ά
1267 3445 1322 3498 in
1361 3445 1606 3513 sigmate,
1662 3443 1717 3496 in

172 3539 284 3610 ipsis
308 3541 466 3596 oculis
491 3538 695 3595 Christi
716 3549 738 3576 ο
771 3547 1002 3604 tumens,
1033 3536 1204 3608 epulis
1219 3535 1444 3602 homini,
1478 3550 1586 3589 non
1615 3533 1728 3588 Deo

169 3631 460 3703 placiturus,
491 3631 717 3688 festivus
738 3630 1054 3696 infunditur,
1080 3628 1226 3684 venit
1252 3627 1466 3690 mulier,
1496 3633 1554 3682 et
1579 3625 1730 3682 venit

220 3844 239 3870 δ
264 3821 401 3888 inter
439 3833 767 3889 triclinarios
815 3847 1002 3888 servos
1035 3833 1358 3887 censebatur
1398 3832 1642 3886 incitator
1674 3837 1730 3886 et

165 3915 358 3970 creator,
401 3919 602 3966 nomen
643 3903 822 3967 sortiti
863 3918 936 3966 ex
975 3919 1218 3968 munere.
1271 3901 1441 3970 Hujus
1483 3902 1730 3968 meminit

164 3975 421 4032 Atheneus
451 3976 545 4031 lib.
574 3992 648 4042 tv,
679 3976 820 4031 illius
846 3971 1106 4028 Martialis
1127 3975 1218 4028 lib.
1250 3989 1336 4035 ix,-
1377 3981 1432 4028 et
1460 3975 1613 4032 vetus
1643 3973 1727 4027 in-

163 4047 357 4118 scriptio
383 4047 532 4118 apud
559 4044 871 4118 Pignorium
898 4045 966 4099 dc
990 4043 1190 4100 Servis.

771 4131 1081 4172 AGATHOPUS

786 4201 942 4241 AUGG.
969 4203 1070 4242 LIB.

788 4259 1074 4312 amurca
1369 4313 1376 4322 ,
1725 4313 1730 4320 ,

162 4327 252 4398 Sed
275 4341 394 4388 esse
423 4329 744 4386 imitatores
783 4343 972 4383 servos
1012 4327 1278 4398 expressit
1313 4325 1559 4383 Christus
1588 4322 1733 4394 apud

162 4397 327 4459 Iattb.
356 4417 432 4458 ιιι
457 4409 514 4457 et
542 4399 743 4455 Lucam
773 4413 880 4454 xxv.
1084 4397 1091 4398 “
1619 4449 1624 4458 ,

217 4453 340 4529 δίΪᾶ
356 4453 581 4530 Euhias.
595 4453 865 4526 Fortasse
885 4468 1172 4538 legendum
1194 4470 1568 4522 ministrorum.
1601 4453 1733 4521 Ηωε

163 4543 292 4604 mins.
316 4543 392 4598 ait
421 4541 709 4611 Pignorius
736 4555 858 4611 pag.
892 4539 980 4605 «i7,
1004 4541 1151 4611 justa
1173 4549 1222 4594 et
1253 4539 1479 4611 legitima
1516 4539 1733 4611 [yittri-

163 4595 768 4669 clinarinome'nclatura.
799 4595 944 4667 Zeno
969 4595 1198 4674 Veron,
1231 4595 1393 4674 sei-ni.
1432 4609 1500 4662 de
1516 4595 1730 4662 'invidia

163 4626 326 4668 cum
355 4626 768 4669 nomenclatura.
799 4626 944 4667 Leno
983 4626 1260 4735 veroo”;

161 4683 390 4741 stlivore
427 4703 441 4737 :
487 4682 682 4752 Ioseph
725 4699 829 4737 non
870 4684 1084 4738 venisset
1107 4685 1163 4736 in

163 4755 386 4814 utinistris
425 4753 722 4809 Pharaonis
755 4755 1049 4808 exstitisset.

223 4835 242 4863 ε
270 4825 459 4881 Mirum
499 4837 630 4880 sane
660 4832 918 4892 quantum
960 4823 1100 4893 apud
1143 4822 1393 4890 antiquos
1431 4820 1733 4893 excreverit

161 4908 418 4950 servorum
441 4891 715 4954 numerus.
747 4894 804 4948 Si
826 4891 1130 4948 testimonia
1159 4893 1228 4948 ad
1247 4893 1552 4947 satietatem
1585 4891 1730 4947 desi-

161 4963 316 5030 deras,
351 4967 440 5020 adi
471 4961 782 5034 Pignorium
813 4965 866 5018 in
887 4964 1092 5034 praefat.

221 5035 244 5072 ἀ
271 5037 451 5106 Signia
473 5053 502 5090 a
524 5033 702 5106 ﬁgura
722 5033 1110 5106 semicirculari
1129 5033 1588 5106 quemadmoqu
1605 5049 1730 5102 por-

162 5107 280 5162 ticus
304 5099 366 5162 C.
409 5105 470 5160 Ρ.
513 5099 708 5161 Juliani
732 5147 747 5172 ,
789 5105 931 5175 apud
962 5099 1234 5175 Zaiimum
1263 5099 1352 5160 lib.
1384 5122 1470 5170 ιιι;
1503 5120 1531 5158 a
1563 5099 1730 5175 ﬁgura

161 5177 510 5248 semirotunda
558 5179 726 5248 sigma
762 5173 1078 5232 vocabatur.
1121 5173 1256 5242 Cum
1295 5184 1476 5230 autem
1521 5174 1735 5248 sigmati

161 5246 254 5301 duo
273 5257 452 5303 essent
472 5245 732 5314 extrema,
751 5247 897 5302 velut
916 5263 1138 5312 cornua,
1156 5248 1436 5301 dexterum
1453 5245 1734 5315 occupanti

161 5318 344 5385 primus
365 5327 484 5374 erat
505 5319 558 5372 in
587 5319 836 5374 convivio
866 5320 1034 5375 locus.
1063 5317 1212 5373 Alter
1239 5318 1290 5372 ei
1323 5317 1609 5384 obtigerat,
1640 5315 1733 5384 qui

160 5388 439 5459 sinistrum.
463 5389 524 5446 Si
543 5402 673 5459 ergo
696 5388 996 5445 Pharisaaus
1017 5389 1222 5459 primus
1249 5394 1368 5443 erat
1394 5387 1448 5442 in
1488 5388 1731 5456 sigmate,

161 5457 392 5514 dextrum
421 5461 514 5518 ille
537 5457 705 5515 cornu
729 5462 962 5516 tenebat.
1017 5457 1035 5459 “
1225 5521 1228 5524 ,

230 5539 253 5565 °
273 5528 561 5600 Gregorius
581 5531 745 5585 etiam
767 5572 783 5596 ,
825 5532 971 5586 hom.
1016 5531 1086 5585 55
1123 5530 1177 5584 in
1207 5527 1520 5599 Evangelio,
1543 5525 1734 5586 Phari-

161 5613 313 5672 suum
338 5602 481 5672 hunc
507 5607 797 5672 superbum
824 5610 874 5656 et
895 5611 1167 5656 tumentem
1180 5607 1357 5656 vocat.

1838 579 1964 650 quia
1992 594 2090 650 per
2117 580 2328 650 culpam
2357 582 2508 636 novit
2535 598 2593 639 se
2613 585 2794 640 vultus
2815 585 3062 644 fiduciam
3091 591 3423 664 perdidisse;

1835 672 1984 728 venit
2009 671 2347 729 satisfactum
2375 672 2506 741 Deo,
2537 689 2643 729 non
2673 675 2875 732 homini
2905 678 3166 750 placitura
3195 698 3318 738 cum
3334 701 3427 741 ve-

1837 763 1943 832 nit;
1973 765 2122 820 venit
2141 765 2358 835 pietatis
2385 766 2494 832 illa,
2527 783 2634 822 non
2657 769 2948 841 voluptatis
2975 773 3277 830 exhibitura
3293 792 3426 834 con-

1835 855 2056 912 vivium.
2089 857 2332 927 Denique
2360 865 2416 913 et
2456 859 2785 929 paenitentia:
2810 864 2965 934 ponit
3003 881 3247 923 mensam
3269 909 3284 936 ,
3317 870 3424 926 fer-

1837 947 1956 1004 cula
1994 949 2424 1020 compunctionis
2449 951 2708 1021 apponit,
2750 968 2948 1024 panem
2975 955 3177 1013 doloris
3220 959 3420 1030 infert;

1833 1047 2025 1111 potum
2053 1039 2304 1113 lacrytnis
2332 1049 2597 1113 temperat
2625 1043 2678 1097 in
2711 1059 2992 1114 mensura,
3025 1055 3080 1103 et
3106 1049 3174 1104 ad
3203 1051 3422 1109 delicias

1835 1131 2049 1186 deitatis
2080 1140 2238 1199 totas,
2277 1130 2297 1171 ί
2343 1140 2511 1189 totam
2557 1134 2738 1206 pulsat
2773 1138 2950 1193 cordis
2979 1140 3061 1194 sui
3083 1148 3138 1196 et
3177 1145 3422 1214 corporis

1834 1221 2242 1293 symphoniam,
2269 1232 2294 1272 tt
2326 1225 2514 1295 organi
2558 1225 2806 1297 planctus
2832 1227 2926 1283 dat
2969 1230 3260 1288 clamorem
3282 1274 3299 1302 ,
3339 1237 3419 1292 ci-

1835 1315 2045 1371 tharam
2073 1332 2172 1387 per
2197 1319 2428 1390 suspiria
2469 1319 2628 1389 longa
2656 1321 2982 1392 modulatur,
3014 1328 3242 1395 gemitus
3271 1335 3423 1399 aptat

1833 1403 1865 1444 ιι
1893 1407 1946 1464 in
1977 1407 2240 1478 fistulam;
2273 1420 2327 1467 et
2353 1413 2479 1468 dum
2508 1423 2696 1485 pectus
2718 1415 2890 1486 ipsam
2917 1417 3302 1473 conscientiam
3330 1435 3420 1475 ar-

1833 1513 2002 1571 guens
2029 1517 2169 1572 saepe
2208 1505 2469 1574 percutit,
2520 1504 2650 1561 facit
2687 1506 2951 1576 placitura
2987 1507 3098 1564 Deo
3127 1506 3144 1547 ί
3177 1495 3422 1583 cymbala

1833 1608 2152 1664 personare;
2184 1595 2418 1666 dumque
2447 1597 2625 1652 taliter
2651 1606 2904 1670 apportat
2929 1599 3122 1656 divinis
3142 1603 3312 1658 oculis
3340 1603 3420 1659 ci-

1834 1685 1952 1754 bos,
1977 1695 2121 1743 totas
2144 1689 2525 1746 misericordia:
2544 1692 2727 1762 copias
2754 1692 2832 1748 sic
2853 1701 3114 1765 reportat.
3144 1693 3282 1750 Ecce
3309 1711 3422 1750 mu-

1835 1777 1929 1834 lier
1949 1797 2062 1845 quae
2081 1790 2192 1834 erat
2220 1782 2275 1835 in
2314 1782 2519 1837 civitate
2538 1785 2821 1855 peccatrix.
2852 1767 3157 1856 Exaggerat
3191 1802 3425 1858 evange-

1835 1867 2004 1926 listal
2043 1871 2284 1926 mulieris
2311 1871 2542 1940 facinus,
2596 1881 2654 1930 ut
2692 1875 2992 1931 accumulet
3035 1876 3423 1947 indulgentiam

1838 1960 2128 2031 largitoris.
2171 1961 2239 2016 In
2268 1964 2470 2017 ciuitate
2509 1967 2788 2037 peccatrix.
2823 1965 2850 2003 κ
2879 1965 3108 2022 Civitate
3155 1983 3421 2039 peccave-

1838 2060 1940 2120 rat,
1966 2054 2091 2123 quia
2120 2052 2260 2108 lama
2288 2070 2385 2110 sua
2414 2055 2611 2110 famam
2656 2058 2822 2112 totius
2860 2059 3109 2128 tetigerat
3149 2055 3421 2127 civitatis;

1837 2145 2024 2215 sicque
2047 2144 2161 2214 jam
2191 2162 2298 2201 non
2327 2148 2600 2217 peccatrix
2628 2143 2830 2222 solum,
2855 2150 2953 2205 sed
2985 2148 3004 2189 1
3037 2151 3204 2222 ipsius
3230 2153 3423 2209 civita-

1839 2238 1909 2293 tis
1936 2237 2077 2294 facta
2117 2238 2291 2295 fuerat
2318 2241 2434 2311 ipsa
2472 2249 2770 2312 peccatum.
2815 2241 2942 2300 Haec
2979 2245 3233 2314 cognovit
3280 2249 3425 2317 quod

1841 2329 1946 2400 nisi
1970 2331 2038 2386 ab
2067 2321 2160 2387 illo
2189 2332 2308 2389 solo
2354 2333 2588 2389 civitatis
2627 2341 2908 2404 peccatum
2953 2353 3061 2392 non
3106 2348 3288 2412 pqsset
3325 2355 3424 2412 au-

1838 2422 1986 2492 ferri,
2017 2423 2110 2494 qui
2140 2424 2289 2480 solus
2316 2425 2501 2480 mundi
2522 2400 2745 2498 venerat
2771 2427 2993 2484 abolere
3025 2400 3324 2500 peccatum.
3355 2407 3429 2485 Et

1838 2525 1895 2571 ut
1916 2518 2152 2589 cognorit
2172 2518 2296 2590 quia
2325 2518 2648 2573 occumberet
2675 2511 2930 2574 Dominus
2965 2521 3020 2575 in
3056 2521 3206 2578 domo
3233 2519 3429 2576 Phari-

1839 2612 1950 2667 saei.
1983 2609 2102 2667 Non
2133 2611 2200 2666 ad
2231 2619 2485 2679 stantem,
2518 2628 2625 2668 non
2654 2612 2720 2667 ad
2749 2613 3027 2669 sedentem
3061 2615 3221 2670 audet
3241 2616 3430 2672 venire

1838 2705 2113 2775 peccatrix
2147 2723 2158 2758 :
2192 2705 2334 2761 Deus
2373 2722 2496 2763 cum
2540 2713 2666 2773 stat,
2709 2707 2957 2779 corripit;
2987 2724 3109 2764 cum
3142 2691 3313 2776 sedet,
3340 2708 3430 2779 ju-

1837 2796 2009 2864 dicat;
2041 2798 2327 2868 prostratis
2348 2789 2614 2867 conjacet,
2647 2814 2770 2854 cum
2810 2791 3100 2854 decumbit.
3139 2799 3207 2854 Ut
3239 2815 3431 2872 cogno-

1838 2891 1908 2944 vit
1935 2890 2071 2962 quod
2099 2890 2422 2944 occumberet
2456 2889 2712 2946 Dominus
2747 2891 2802 2945 in
2833 2890 2984 2945 domo
3015 2890 3296 2946 Pharistei.
3341 2890 3430 2946 ln-

1837 2983 2033 3038 clinem
2049 2983 2116 3037 ad
2141 2983 2505 3039 miserandum
2525 2999 2816 3054 supernam
2843 2977 3026 3040 didicit
3054 2983 3428 3054 majestatem;

1838 3082 1894 3128 et
1921 3074 2042 3129 ideo
2064 3074 2293 3130 credidit
2315 3074 2459 3143 quod
2487 3081 2632 3130 esset
2661 3074 2728 3129 ad
2754 3074 2967 3130 veniam
3001 3075 3102 3150 sibi
3125 3083 3426 3146 promptus,

1837 3167 1930 3238 qui
1951 3165 2209 3222 Phariscci
2240 3174 2461 3222 venerat
2502 3175 2612 3221 tam
2646 3174 2929 3238 promptus
2958 3167 3024 3223 ad
3046 3183 3304 3223 mensam.
3335 3159 3432 3222 At-

1841 3258 1954 3312 tulit
1981 3257 2299 3312 alabastrum
2320 3260 2587 3330 unguenti.
2615 3269 2654 3296 ω
2677 3258 2920 3315 Portavit
2946 3260 3146 3327 oleum,
3169 3260 3296 3330 quia
3317 3276 3432 3317 me-

1838 3352 2068 3407 dicinam
2100 3351 2283 3407 letbali
2309 3352 2518 3408 vulneri
2545 3367 2578 3407 a
2605 3368 2842 3423 superno
2889 3352 3100 3409 medico
3145 3353 3430 3424 perquire-

1837 3443 1951 3498 bat.
1997 3443 2158 3498 Stans
2206 3453 2343 3499 retro
2372 3458 2516 3499 secus
2559 3445 2714 3517 pedes
2749 3446 2880 3517 ejus.
2932 3445 3013 3500 Ad
3046 3446 3212 3517 pedes
3259 3446 3434 3502 tendit

1835 3549 2053 3605 semper
2079 3535 2240 3590 citam
2267 3536 2481 3590 veniam
2521 3537 2615 3606 qui
2654 3537 2898 3606 requirit.
2941 3535 3010 3591 Et
3054 3537 3194 3594 bene
3241 3545 3390 3594 stans
3413 3579 3429 3605 ,

1836 3627 1962 3695 quia
2006 3625 2119 3696 jam
2148 3625 2344 3682 cadere
2371 3643 2480 3683 non
2515 3635 2734 3699 potest,
2777 3627 2872 3698 qui
2897 3636 2925 3666 ιι
2951 3627 3021 3686 ad
3045 3630 3213 3700 pedes
3231 3628 3437 3687 Christi

1908 3839 1933 3878 ε
1967 3817 2220 3885 Sidonius
2242 3815 2335 3885 lib.
2360 3845 2414 3886 rx
2443 3847 2562 3902 cap.
2598 3813 2666 3887 13
2693 3831 2828 3888 dixit
2859 3850 3061 3906 gemere
3091 3831 3287 3894 tibiam.

2020 3941 2244 4005 Crepulis
2269 3941 2484 3994 reﬂanda
2511 3943 2678 3996 buccis

2022 4003 2185 4056 Gemit
2207 4007 2324 4054 aura
2347 4006 2545 4056 tibialis.

1905 4112 1931 4150 δ
1966 4105 2118 4187 Unde
2161 4113 2306 4187 apud
2324 4121 2538 4171 veteres
2573 4105 2911 4187 fistulatores.
2944 4105 3128 4177 Puella
3167 4122 3296 4180 item
3343 4123 3432 4180 illa

1836 4185 1890 4264 in
1921 4186 2079 4264 regio
2088 4185 2344 4264 convivio
2365 4185 2603 4244 calamos
2634 4188 3016 4245 modulabatur
3042 4192 3185 4264 apud
3205 4192 3432 4251 Abdiam

1835 4256 1926 4310 lib.
1961 4271 2014 4310 Ix
2038 4255 2239 4310 llistor.
2272 4254 2462 4326 Apost.
3074 4254 3110 4324 ’,

1915 4325 2162 4410 imllurum
2183 4341 2309 4380 usus
2321 4323 2592 4410 pluruma
2624 4330 2768 4400 apud
2787 4329 3061 4388 Hebraeos.
3089 4333 3222 4390 Vide
3241 4323 3429 4410 Lamy,

1836 4395 2169 4468 deTemplo,
2194 4410 2314 4466 pag.
2332 4395 2462 4451 7120.
2515 4459 2520 4464 ε
2658 4395 2678 4400 ’
2737 4457 2748 4464 ,
3017 4457 3024 4464 _
3115 4463 3120 4468 ἰ
3309 4461 3312 4466 _

1910 4467 1924 4516 i
1966 4465 2162 4547 Fuerat
2185 4465 2327 4547 enim
2349 4468 2626 4547 meretrix,
2658 4470 2746 4547 vel
2773 4473 3082 4547 scortqtrix.
3102 4465 3234 4530 Nam
3266 4476 3318 4531 id
3339 4492 3434 4547 ge-

1835 4553 1937 4619 nus
1968 4536 2452 4619 mulierumﬁraeci
2488 4547 2686 4619 vocant
2724 4536 3057 4619 ἁμαρτάδας,
3101 4536 3428 4616 peccatricem

1909 4607 1933 4645 ¹ι
1957 4607 2106 4672 Alius
2123 4649 2137 4673 ,
2176 4608 2403 4662 civitati:
2426 4611 2480 4662 in
2503 4607 2724 4666 civitate.

1762 4654 1812 4716 Β
2922 4667 3265 4760 ΔΜιιεᾶειῐιξιιίιξ
3292 4689 3435 4760 apud

1839 4758 2067 4807 caeteros
2095 4751 2236 4822 male
2256 4749 2540 4822 audiebat;
2563 4752 2647 4806 vel
2682 4761 2794 4808 tota
2833 4749 3119 4822 civitas'ad
3159 4749 3434 4816 lasciviam

1837 4823 1909 4946 31b
1950 4821 2256 4892 exemplum
2301 4821 2461 4890 huius
2514 4823 2758 4878 mulieris
2803 4823 2981 4882 fuerat
3025 4828 3241 4884 redacta
3265 4871 3280 4896 ,
3324 4839 3430 4887 etc.

1892 4909 2000 4946 ιη.

1892 4909 2000 4948 ῙΤΑ.

1910 4973 1950 5001 ω
1971 4962 2426 5038 Oleumsumpsit
2460 4971 2564 5038 prof
2597 4978 2940 5038 quocumque
2967 4963 3260 5038 unguento.
3312 4971 3434 5026 Ala«

1837 5035 2077 5090 bastrum
2099 5033 2276 5109 enim,
2303 5034 2359 5088 in
2397 5033 2505 5109 quo
2540 5033 3068 5109 ltujusmodi'oleuin'
3097 5041 3430 5109 servabatur,

1837 5121 1933 5160 vas
1961 5105 2336 5182 erat_vulgare,
2367 5113 2423 5182 et
2451 5106 2518 5182 in_
2529 5107 2793 5182 conviviis
2821 5109 3077 5164 usitatum
3099 5150 3114 5175 ,
3140 5105 3436 5182 aptumque

1838 5176 2126 5253 unguentis
2145 5171 2464 5253 condendis.
2482 5171 2701 5253 Plinius,
2728 5179 2818 5253 lib.
2852 5195 3019 5253 xxxvi
3176 5171 3230 5236 ii.
3246 5183 3314 5236 At
3335 5171 3435 5253 po-

1839 5247 1946 5302 tior
1977 5245 2207 5302 fortasse
2235 5247 2502 5302 sententia
2544 5248 2882 5318 opinantium
2919 5245 3174 5306 alabastri
3217 5245 3436 5310 nomine

1839 5331 1903 5373 ea
1926 5318 2105 5389 omnia
2129 5318 2317 5389 vocari
2339 5334 2466 5373 vasa
2505 5319 2562 5389 in
2587 5319 2784 5389 quibus
2810 5330 3082 5389 unguenta
3124 5325 3436 5382 condeban-

1838 5397 1946 5442 tur.
1972 5388 2108 5443 Vide
2128 5387 2392 5458 Epiphan.
2425 5389 2493 5444 de
2519 5385 2784 5456 Peliden;
2807 5397 2862 5446 et
2881 5385 3222 5449 scholiastem
3253 5395 3435 5450 Theo-

1840 5404 1946 5442 tur.
1980 5404 2108 5443 Viue
2129 5404 2392 5513 nrtpnan.
2425 5404 2493 5444 ue
2520 5404 2784 5456 Eunoen;
2807 5404 2862 5446 et
2881 5404 3222 5449 scuoltastem
3253 5404 3435 5450 't‘heo-

1840 5459 1962 5515 criti
1984 5459 2039 5513 in
2061 5458 2170 5530 idyl
2196 5499 2211 5514 .
2243 5457 2313 5512 15
2333 5475 2453 5530 pag.
2481 5459 2603 5526 188,
2628 5467 2681 5514 et
2719 5459 3094 5530 Aristophanis
3124 5465 3191 5520 ad
3230 5466 3437 5523 Acbar—

1840 5544 2078 5600 nenses,
2119 5529 2245 5600 pag.
2295 5529 2425 5596 502;
2475 5547 2584 5600 prae
2612 5532 2732 5590 aliis
2772 5529 3116 5590 Guillelmum
3155 5535 3437 5592 Stucbium

1845 5600 2027 5728 Anti§
2050 5598 2290 5683 Conviva
2308 5601 2400 5656 lib.
2434 5598 2492 5657 ui
2516 5617 2633 5673 cap.
2671 5602 2753 5655 15.

1918 5681 1944 5709 ι
2023 5688 2094 5727 on
2117 5679 2224 5726 tam
2245 5679 2354 5727 cito
2383 5672 2598 5727 modum
2623 5690 2753 5728 accu

231 5669 248 5707 ε
273 5670 506 5728 Deducto
535 5669 758 5744 a'more
777 5673 1115 5744 priscorum,
1146 5672 1238 5740 qui
1268 5672 1322 5726 in
1351 5671 1613 5744 conviviis
1652 5671 1736 5725 in-
1846 5743 1856 5744 ί
1918 5681 1944 5709 ι
1966 5669 2094 5744 Non
2117 5679 2224 5726 tam
2245 5672 2354 5727 cito
2383 5669 2598 5744 moduni
2623 5675 2974 5732 accumbendi
3001 5678 3221 5744 mensis,
3254 5688 3314 5735 ut
3342 5695 3442 5735 nos

164 5747 570 5806 stramentorum
589 5743 897 5808 pulsatione
916 5743 1341 5807 delectabantur,
1366 5742 1608 5808 etJudtci
1630 5757 1740 5808 pra:
1844 5743 1928 5807 bis
1965 5743 2128 5799 hodie
2166 5758 2285 5798 mos
2324 5750 2422 5808 est,
2456 5743 2810 5799 deseruerunt
2848 5745 3077 5803 Hebraei.
3108 5742 3258 5806 Licet
3297 5750 3442 5806 enim

163 5805 966 5886 ceterisLVidelocumﬁmos
991 5830 1074 5877 vi,
1120 5811 1177 5886 ii.
1194 5805 1381 5886 _Verba
1420 5805 1739 5886 Chrysologi
1848 5805 2107 5886 Proverb.
2130 5812 2365 5886 110ml;
2394 5805 2558 5886 Amos
2580 5832 2646 5878 ιν,
2683 5816 2744 5880 7;
2778 5817 3042 5873 Ezechiel.
3077 5805 3235 5886 nni;
3260 5805 3315 5877 et
3343 5805 3444 5877 To-

164 5879 335 5938 laudat
363 5881 644 5954 Pignorius
671 5883 738 5940 de
765 5883 947 5940 Servis
967 5898 1089 5956 pag.
1119 5883 1237 5939 162.
1536 5879 1551 5886 ’
1695 5879 1711 5882 ⁷
1849 5886 1950 5942 biaa
1972 5902 2026 5952 ιι,
2060 5884 2124 5950 4;
2157 5879 2369 5940 Esther.
2400 5901 2435 5952 ι,
2469 5883 2532 5953 6;
2561 5903 2648 5954 vn,
2681 5879 2739 5950 l,
2761 5904 2869 5944 non
2900 5891 3127 5947 obscura
3151 5879 3446 5963 appareant
