3882 6356
407 387 520 451 463

1666 375 1724 431 S.
1767 371 1971 432 PETRI
2003 369 2435 432 CHRYSOLOGI

3611 375 3727 432 ιω

402 502 604 562 meruit
639 488 946 573 pervenire.
989 496 1150 552 Stans
1183 497 1319 547 retro
1358 503 1505 544 secus
1541 487 1695 560 pedes
1738 489 1869 560 ejus.
1922 485 1995 543 Ut
2021 491 2072 549 Α
2097 502 2406 543 mereamur
2445 484 2783 555 aliquatenus
2827 485 3166 556 computari,
3211 491 3268 540 et
3307 499 3584 556 ungamur
3623 501 3729 542 nn-

405 596 608 655 Christi
647 593 888 664 vestigiis
927 588 1110 645 innixa
1157 588 1502 657 percurreret
1535 596 1635 652 per
1655 579 1801 636 viam
1839 579 1960 634 vitae
1983 620 1998 646 ,

403 707 526 764 quae
561 706 662 762 per
694 689 838 744 viam
878 689 1194 741 cucurrerat
1234 677 1444 734 mortis.
1476 674 1747 748 Lacrgmis
1794 673 2004 746 rigabat

404 787 560 861 pedes
588 785 719 857 ejus.
752 781 834 836 En
874 785 1114 833 mutatur
1147 773 1285 830 ordo
1311 787 1494 828 rerum
1517 811 1532 837 ,
1564 769 1804 842 pluviam
1842 775 2002 823 terra:

402 878 601 934 caelum
640 874 734 929 dat
760 886 976 941 semper
1009 887 1024 923 :
1068 882 1198 925 ecce
1237 881 1381 922 nunc
1407 863 1547 934 rigat
1586 869 1730 918 terra
1775 861 2000 925 caelum,

403 969 572 1024 immo
587 981 752 1036 super
765 963 934 1020 caelos
955 969 1011 1018 et
1039 975 1211 1030 usque
1229 957 1297 1013 ad
1325 958 1501 1028 ipsum
1523 955 1811 1010 Dominum
1833 951 2006 1007 imber

405 1061 766 1115 humanarum
807 1054 1020 1126 prosilit
1055 1053 1413 1124 lacrymarum
1436 1088 1452 1115 ,
1497 1056 1557 1103 ut
1578 1047 1742 1117 juxta
1773 1043 2004 1101 Psalmi-

401 1160 547 1208 stam
575 1159 631 1206 et
649 1149 716 1204 de
737 1147 892 1218 aquis
913 1145 1135 1201 lletuum
1153 1150 1402 1199 cantetur
1423 1141 1555 1197 illud
1588 1159 1601 1194 :
1629 1138 1701 1194 Et
1728 1156 1873 1213 aqum
1892 1153 2006 1212 quae

407 1262 564 1318 super
575 1243 727 1299 caelos
741 1249 880 1304 sunt,
905 1237 1116 1294 laudent
1126 1253 1310 1291 nomen
1325 1234 1538 1290 Domini
1556 1231 1729 1304 (Psal.
1760 1229 1998 1300 cxtvm).

408 1336 682 1408 Lacrymis
712 1331 921 1406 rigabat
948 1330 1100 1402 pedes
1126 1329 1259 1400 ejus.
1283 1325 1328 1382 Ο
1347 1334 1549 1397 quanta
1562 1325 1644 1380 vis
1672 1324 1726 1379 in
1755 1323 2004 1394 lacrymis

402 1425 783 1501 peccatorum!
817 1425 995 1495 rigant
1017 1422 1217 1479 caelum
1238 1461 1254 1486 ,
1285 1428 1488 1476 terram
1514 1417 1756 1483 diluunt,
1798 1415 2002 1470 exstin-

401 1529 574 1592 guunt
591 1520 895 1590 gehennam
915 1555 930 1581 ,
958 1515 1143 1572 delent
1176 1514 1232 1568 in
1257 1527 1419 1568 omne
1447 1510 1653 1565 facinus
1680 1509 1790 1562 lata
1823 1507 2004 1562 divina

396 1612 833 1683 promulgatione
861 1606 1205 1664 sententiam.
1239 1602 1309 1657 Et
1339 1602 1542 1674 capillis
1572 1601 1756 1672 capitis
1784 1601 1865 1654 sui
1901 1608 2005 1653 ter-

394 1706 566 1777 gebat.
613 1703 926 1760 Dominicos
962 1699 1131 1772 pedes
1175 1699 1324 1752 lavat
1367 1694 1655 1767 lacrymis,
1704 1702 1730 1730 ⁸
1759 1693 2000 1748 crinibus

393 1798 576 1867 tergit.
607 1795 778 1852 Vacat
802 1795 870 1850 ab
897 1791 1248 1849 excusatione
1275 1797 1599 1862 paupertas;
1630 1786 1999 1841 inhumanitas

2107 589 2308 652 guento
2336 579 2482 651 quod
2509 578 2734 650 pedibus
2777 576 3017 634 funditur
3039 577 3340 634 Salvatoris
3374 595 3386 629 :
3417 580 3548 649 quia
3575 579 3731 637 sicut

2107 673 2312 729 oblatio
2341 680 2442 736 est,
2475 687 2597 728 cum
2642 669 2868 727 offertur
2896 679 3257 740 unguentum;
3302 671 3376 726 ita
3406 681 3432 720 ε
3470 671 3728 728 chrisma

2105 764 2406 838 perfectum
2428 773 2532 830 est,
2557 763 2626 820 de
2665 764 2958 820 Dominicis
2985 764 3228 832 vestigiis
3255 779 3379 820 cum
3417 764 3726 821 redundat.

2107 856 2274 928 Cujus
2306 866 2485 913 autem
2520 857 2716 912 mulier
2756 856 2858 911 ista
2889 865 3075 929 typum
3115 855 3404 932 przeferat,
3434 858 3528 913 vel
3549 873 3730 928 quam

2105 964 2358 1020 magnum
2389 948 2697 1021 pneliguret
2726 964 2983 1004 arcanum
3006 988 3022 1012 ,
3053 947 3292 1004 donante
3317 948 3448 1016 Deo,
3478 958 3623 1004 tunc
3644 948 3730 1004 di-

2106 1057 2324 1106 cemus,
2367 1041 2583 1112 quando
2625 1057 2690 1097 ea
2727 1055 2848 1111 quae
2884 1047 3012 1096 sunt
3054 1039 3110 1095 in
3147 1040 3501 1112 sequentibus
3541 1057 3728 1112 expo-

2106 1141 2322 1189 nentur.

2672 1223 2907 1282 SERMO
2953 1223 3136 1281 XCIV.

2105 1320 2187 1376 De
2225 1321 2425 1388 eadem,
2457 1330 2509 1377 et
2534 1321 2809 1378 Pharist
2837 1330 3211 1390 murmurante,
3243 1338 3308 1376 ac
3353 1321 3572 1378 Christo
3629 1337 3716 1376 re-

2753 1393 3056 1465 spondente.

2176 1504 2445 1574 Quoniam
2497 1521 2752 1561 sermone
2797 1505 3048 1575 proximo
3087 1513 3298 1575 partem
3339 1505 3585 1578 primam
3618 1504 3728 1560 ho-

2103 1599 2303 1655 dierna:
2345 1599 2711 1670 percurrimus
2758 1597 3028 1663 lectionis,
3061 1597 3315 1653 admirati
3363 1598 3582 1668 pariter
3635 1612 3726 1652 su-

2102 1708 2224 1748 mus
2251 1707 2361 1762 quo
2408 1692 2640 1755 lervore,
2669 1707 2775 1762 qua
2820 1691 2945 1755 lide,
2995 1691 3144 1760 quali
3174 1707 3329 1757 ausu,
3371 1698 3587 1760 quanta
3621 1690 3727 1745 oh-

2103 1785 2275 1854 sequii
2308 1787 2568 1852 novitate,
2598 1784 2872 1855 peccatrix
2902 1783 3094 1839 mulier
3123 1783 3290 1854 ipsius
3316 1783 3548 1853 vestigia
3583 1799 3727 1838 con-

386 1887 611 1944 veniam
637 1901 747 1941 uou
769 1883 1006 1948 habebit,
1032 1881 1158 1952 quia
1187 1880 1243 1935 in
1265 1887 1438 1935 totum
1459 1878 1564 1934 sibi
1582 1885 1775 1933 natura
1802 1875 2001 1932 suflicit
2029 1900 2078 1960 B
2105 1876 2288 1946 tigerit
2310 1875 2610 1932 Salvatoris
2637 1894 2650 1929 :
2675 1876 2837 1932 modo
2866 1876 2993 1946 quid
3024 1873 3326 1931 Pharisaaus
3355 1882 3544 1931 tacens
3569 1874 3727 1931 dixe-

386 1979 459 2035 ad
487 1979 807 2049 obsequium
832 1973 1128 2031 Creatoris.
1163 1971 1234 2026 Et
1263 1972 1469 2043 capillis
1500 1971 1686 2042 capitis
1718 1970 1799 2024 sui
1829 1979 1997 2041 terge—
2099 1972 2190 2034 rit,
2222 1970 2350 2040 quid
2378 1968 2644 2034 Christus,
2678 1970 2762 2026 cui
2794 1969 3088 2039 loquuntur
3126 1969 3307 2036 tacita,
3337 1967 3723 2040 responderit,

385 2071 496 2126 bat.
519 2071 578 2127 In
598 2069 920 2144 peccatricis
939 2075 1104 2139 caput
1130 2063 1425 2136 purgandis
1453 2062 1768 2118 criminibus
1797 2059 1993 2117 rellue-

384 2164 482 2220 bat
529 2162 702 2228 unda,
743 2169 804 2216 ut
843 2175 940 2216 sua
986 2159 1137 2214 fonte
1173 2156 1369 2211 mulier
1394 2155 1448 2210 in
1486 2170 1688 2210 novum
1726 2153 1995 2224 baptisma

383 2270 610 2312 suorum
639 2253 872 2309 dilueret
899 2250 1139 2306 illuviem
1168 2255 1540 2320 peccatorum.
1570 2245 1641 2299 Et
1668 2246 1874 2316 capillis
1905 2263 1995 2300 ca-

385 2347 510 2419 pitis
529 2346 610 2400 sui
635 2342 882 2440 l‘rgebal.
903 2341 974 2398 Ut
989 2341 1144 2412 juxta
1169 2339 1511 2396 Psalmistam
1529 2338 1790 2394 verticem
1812 2337 1994 2410 capilli

390 2437 578 2513 (Psal.
613 2431 755 2494 ιὶνιι
775 2437 794 2511 )
815 2479 830 2504 ,
882 2452 950 2492 ex
986 2450 1097 2506 quo
1132 2433 1508 2489 ambulaverat
1535 2433 1590 2487 in
1616 2431 1830 2488 delictis
1857 2432 1989 2497 suis,

391 2533 456 2590 in
485 2533 828 2589 sanctitatem
857 2529 952 2584 tali
979 2535 1217 2584 verteret
1248 2527 1530 2582 servitute.
1563 2523 1635 2579 Et
1659 2524 1993 2580 osculabatur

383 2627 543 2699 pedes
568 2625 698 2697 ejus.
734 2621 1128 2678 Prmeesserant
1153 2619 1577 2676 intervenientes
1613 2618 1866 2692 lacrymze
1889 2660 1904 2685 ,
1929 2627 1991 2674 ut

389 2717 574 2776 oscula
602 2716 798 2772 devota
828 2721 1205 2784 sequerentur,
1233 2713 1361 2782 quia
1389 2713 1643 2785 lacryma:
1661 2711 1988 2768 satisfactio-

385 2809 474 2866 nis
501 2817 627 2864 sunt
653 2807 1063 2870 documentum,
1096 2803 1123 2842 δ
1147 2803 1332 2860 oscula
1374 2810 1501 2858 sunt
1533 2802 1989 2859 reconciliationis

385 2901 608 2958 indicia.
637 2899 709 2955 Et
742 2898 966 2973 angebat
998 2906 1276 2970 unguento.
1315 2906 1336 2934 ε
1369 2894 1649 2950 Mulierem
1691 2909 1856 2966 super
1891 2909 1985 2950 ca-

377 3004 481 3066 put
509 2992 720 3048 Domini
748 2991 947 3047 fudisse
976 2990 1176 3056 oleum,
1201 2987 1310 3043 alio
1335 2987 1665 3057 evangelista
1695 2985 1981 3049 referente,

383 3084 742 3156 cognovimus
772 3082 1000 3156 (Matth.
1032 3079 1190 3152 xxvn)
1226 3099 1239 3133 :
1281 3095 1392 3135 non
1420 3088 1506 3136 est
1529 3093 1658 3148 ergo
1687 3079 1835 3148 quod
1858 3079 1986 3135 facit

385 3177 507 3234 lucc
544 3177 738 3232 mulier
773 3175 953 3232 mollis
987 3181 1044 3230 et
1070 3171 1304 3229 carnalis
1331 3171 1607 3240 obsequii,
1632 3169 1658 3208 ἀ
1689 3173 1784 3228 sed
1811 3173 1985 3245 plenae

377 3267 731 3325 humanitatis
751 3274 836 3323 est
862 3271 1293 3330 sacramentum;
1315 3262 1442 3332 quia
1469 3271 1493 3300 ο
1525 3261 1581 3317 in
1609 3265 1787 3335 capite
1826 3262 1983 3320 Chri-
2007 3297 2054 3361 ρ

376 3361 452 3418 sti
497 3359 638 3416 Deus
683 3366 786 3424 est,
837 3358 895 3412 iu
941 3355 1171 3428 pedibus
1229 3353 1717 3423 evangelizantium
1764 3371 1974 3427 pacem.

382 3450 405 3491 τ
431 3450 615 3517 Orate,
642 3449 838 3506 fratres
859 3489 874 3516 ,
907 3455 967 3503 ut
993 3454 1050 3502 et
1077 3461 1178 3501 nos
1201 3443 1258 3498 in
1295 3443 1533 3513 unguine
1575 3445 1790 3502 Domini
1823 3463 1976 3504 com-

377 3625 604 3692 vestigia
650 3622 1006 3679 accubitionis
1049 3637 1211 3692 super
1250 3630 1419 3677 strata
1442 3662 1456 3687 ,
1487 3620 1575 3675 vel
1621 3618 1972 3692 lectisternia,

375 3711 499 3752 mos
521 3688 615 3750 hic
633 3695 808 3748 adhuc
828 3692 970 3763 apud
990 3688 1180 3748 omnes
1201 3708 1307 3747 non
1330 3692 1658 3746 obtinuerat.
1683 3688 1836 3763 Quod
1859 3703 1980 3763 pro-

376 3783 537 3824 cessu
566 3764 827 3836 temporis
847 3760 1100 3836 evenisse
1119 3764 1346 3836 credunt
1366 3763 1690 3836 interpretes
1711 3775 1778 3815 ex
1807 3760 1980 3813 imita-

375 3839 529 3894 tione
558 3830 841 3890 Persarum
880 3841 937 3889 et
971 3831 1366 3889 Chaldaeorum.
1410 3830 1572 3887 Certe
1600 3830 1870 3894 Salvator,
1922 3839 1979 3885 et

375 3908 434 3966 in
457 3909 560 3964 hoc
588 3905 842 3961 Pharisaai
871 3905 1141 3969 convivio,
1177 3913 1234 3959 et
1273 3904 1326 3958 iu
1367 3904 1554 3958 ultima
1590 3900 1976 3972 discipulorum

377 3995 534 4036 coena
555 3978 708 4034 lectis
737 3976 998 4032 incubuit.
1033 3973 1111 4028 ita
1131 3990 1261 4030 vero
1277 3973 1550 4043 jacehant,
1582 3982 1643 4028 ut
1669 3973 1835 4045 pedes
1856 3987 1978 4026 ver-

375 4066 470 4106 sus
490 4063 752 4113 mensam,
776 4055 834 4102 et
857 4054 1022 4115 caput
1050 4047 1380 4101 anteriorem
1408 4056 1619 4115 partem
1656 4044 1972 4114 reSpiceret.

378 4120 778 4177 Accumbebant
805 4117 1066 4173 detractis
1093 4116 1309 4181 calceis,
1333 4124 1390 4170 et
1408 4116 1591 4180 soleis,
1631 4130 1766 4184 quas
1789 4123 1976 4184 postea

374 4207 584 4255 servus,
607 4206 769 4260 quem
792 4188 1022 4243 Romani
1045 4188 1311 4243 vocabant
1339 4186 1409 4240 ad
1424 4185 1971 4260 pedes_,_custodiebat.

449 4272 475 4299 ³
505 4255 644 4317 Heri
661 4274 881 4331 quoque
908 4273 1190 4314 servorum
1221 4255 1441 4313 suorum
1462 4258 1672 4329 capillis
1692 4255 1977 4324 tergebam

375 4347 592 4390 manus.

449 4403 476 4441 δ
498 4401 634 4457 Vide
654 4399 818 4458 Hebr.
842 4417 898 4468 ῃ,
921 4398 1010 4469 21,
1041 4408 1098 4455 et
1124 4399 1252 4454 alibi
1280 4400 1507 4469 sepius;
1531 4407 1585 4453 et
1605 4396 1830 4454 consule
1841 4395 1978 4452 Wo-

375 4488 586 4529 werum
607 4471 676 4526 ad
705 4471 900 4540 Minue.
933 4468 1215 4526 Octavium
1239 4468 1366 4540 pag.
1395 4468 1482 4523 l8.

453 4555 476 4583 °
507 4542 739 4598 Dubium
768 4557 838 4596 an
857 4539 1223 4613 Chrysologus
1242 4537 1530 4613 :putaverit
1565 4540 1704 4613 hanc
1729 4537 1974 4613 eamdem

374 4613 542 4672 fuisse
566 4613 846 4668 mulierem
874 4611 942 4666 de
969 4609 1074 4680 qua
1115 4609 1397 4665 Matthmus
1425 4626 1565 4665 xxvi.
1607 4609 1779 4680 Aliam
1811 4611 1878 4664 ab
1909 4624 1975 4664 eo

377 4685 742 4742 existimatam
781 4679 1098 4747 crederem;
1142 4681 1288 4736 illam
1336 4681 1481 4735 enim
1517 4679 1677 4736 vodat
1728 4680 1977 4735 absolute

375 4756 680 4819 mulierem,
708 4754 851 4809 hanc
871 4767 999 4808 vero
1019 4768 1117 4823 per
1147 4752 1463 4819 particulam
1491 4751 1601 4805 haec
1624 4751 1970 4823 determinat,

374 4827 531 4897 quasi
559 4826 702 4897 dicat
734 4841 748 4877 :
780 4824 889 4897 haec
917 4819 1101 4897 mulier
1119 4823 1183 4897 de
1202 4839 1304 4894 qua
1343 4823 1615 4897 loquimur.
1639 4819 1973 4897 Chrysologo

375 4891 709 4954 conveniunt
741 4894 1077 4964 cordatiores
1116 4891 1460 4964 interpretes.
1486 4892 1636 4946 Alius
1675 4891 1763 4946 hie
1801 4891 1968 4964 locus,

375 4945 515 5023 gius
523 4945 733 5022 ἓὶὶἒὲὶί
747 4945 1376 5021 maiusmagis;
1389 4945 1722 5024 inrigans;
1743 4945 1973 5018 ima:
2000 4945 2051 5006 D

375 5040 506 5103 das;
557 5047 627 5118 et_
654 5037 868 5118 diversa
914 5035 1427 5118 propemodumuest
1459 5034 1970 5118 obmurmurationis

374 5126 538 5165 causa
572 5127 586 5161 :
616 5108 703 5163 hic
729 5105 969 5163 mulieris
995 5105 1228 5162 attactus
1246 5147 1260 5173 ,
1306 5106 1414 5161 illic
1452 5105 1706 5176 unguenti
1735 5105 1967 5176 perditio

373 5179 738 5236 redarguitur.

445 5193 860 5304 gagightglibus
882 5249 1229 5304 humanitatis
1249 5245 1484 5302 ollicium
1515 5246 1630 5312 fuit,
1654 5245 1967 5317 prandenti—

372 5323 475 5377 bus
495 5330 550 5376 et
577 5321 914 5392 cenantibus
933 5329 1091 5392 caput
1115 5320 1390 5392 pedesque
1407 5328 1680 5392 unguento
1699 5318 1923 5392 delinire
1949 5337 1961 5371 :

372 5392 676 5462 cujusmodi
722 5391 901 5446 ollicio
941 5389 1174 5446 feminte
1204 5391 1542 5460 potissimum
1585 5389 1961 5462 fungebantur,

370 5460 567 5530 quibus
589 5464 757 5530 magis
777 5477 938 5530 quam
961 5478 990 5515 a
1015 5462 1144 5516 viris
1172 5477 1258 5514 res
1280 5462 1630 5528 unguentaria
1652 5460 1957 5514 curabatur.

370 5532 551 5587 Videl
580 5533 795 5586 Samuel
820 5549 940 5597 vm,
989 5532 1074 5597 l3,
1102 5540 1156 5586 et
1186 5532 1273 5586 hic
1302 5531 1686 5584 Maldonatum.
1730 5530 1856 5583 Mita
1887 5531 1964 5584 ait

369 5617 472 5672 pro
501 5605 623 5658 oleo
651 5603 813 5672 capiti
852 5601 1041 5666 ell'uso,
1074 5603 1389 5672 obsequium
1431 5601 1722 5672 significari
1747 5599 1962 5655 Christo

370 5671 603 5729 Domino
632 5671 960 5738 exhibitum;
985 5689 1082 5743 pro
1103 5671 1232 5727 oleo
1247 5673 1418 5726 ell'uso
1441 5673 1682 5743 pedibus,
1717 5671 1961 5743 humani-

371 5753 454 5816 tas
477 5746 710 5813 pnestita
731 5742 998 5816 apostolis
1011 5753 1063 5798 ct
1083 5742 1500 5799 successoribus.
1521 5743 1673 5816 Quod
1704 5742 1748 5796 si
1769 5745 1962 5816 mulier

362 5815 626 5872 Ecclesiae
643 5814 928 5886 personam
955 5830 1135 5883 agens,
1171 5831 1290 5884 qua:
1320 5824 1403 5870 est
1441 5825 1495 5871 et
1523 5815 1748 5868 aliorum
1793 5814 1961 5870 inter-

365 5894 584 5962 pretum
629 5900 810 5950 mens,
855 5887 1170 5956 obsequium
1208 5887 1574 5942 dimidiussvl,
1634 5903 1736 5940 nun
1787 5893 1958 5940 totum

2098 2064 2400 2120 audiamus.
2451 2063 2666 2125 Videas,
2722 2062 2916 2133 inquit,
2950 2063 3275 2127 Pharisaeus,
3319 2063 3407 2134 qui
3433 2069 3726 2117 vocaverat

2097 2173 2230 2224 eum,
2263 2159 2337 2212 ait
2364 2159 2507 2212 intra
2535 2174 2592 2212 se
2621 2157 2797 2212 dicens
2828 2173 2846 2212 :
2879 2154 2984 2210 Hic
3010 2157 3057 2212 si
3081 2165 3212 2211 esset
3238 2155 3516 2227 propheta,
3551 2155 3727 2210 sciret

2095 2253 2270 2323 utique
2297 2266 2414 2322 quia
2440 2260 2492 2304 et
2519 2250 2690 2322 qualis
2718 2259 2796 2305 est
2822 2248 3009 2304 mulier
3035 2263 3150 2320 qua
3181 2249 3348 2319 tangit
3388 2263 3508 2301 eum
3549 2244 3723 2316 (Luc.

2094 2342 2209 2412 vn).
2255 2339 2544 2404 Pharisme,
2575 2341 2720 2412 quod
2763 2339 3034 2410 conspicis
3085 2355 3193 2394 non
3235 2346 3320 2395 est
3371 2337 3718 2408 ignorantia,

2094 2433 2190 2489 sed
2220 2442 2496 2504 potestas;
2529 2442 2614 2489 est
2641 2433 2808 2488 divini
2843 2430 3052 2501 judicii,
3087 2447 3195 2486 non
3227 2430 3428 2486 erroris
3453 2428 3718 2486 humani.

2095 2523 2387 2591 Phariszne,
2414 2541 2586 2588 erras,
2618 2523 2830 2581 nescire
2859 2523 3029 2593 magis
3059 2523 3238 2594 potuit
3276 2522 3322 2577 si
3350 2521 3542 2578 fuisset
3575 2537 3719 2593 pro-

2093 2618 2278 2689 pheta,
2310 2619 2436 2688 quia
2475 2616 2762 2688 prophetia
2801 2632 2911 2671 non
2955 2623 3039 2671 est
3067 2614 3284 2670 humani
3315 2614 3546 2679 arbitrii,
3584 2629 3717 2670 mu-

2095 2710 2241 2764 neris
2270 2718 2353 2764 est
2381 2709 2550 2764 divini
2583 2727 2596 2762 :
2643 2709 2784 2764 unde
2812 2707 3080 2780 propheta
3107 2704 3135 2744 ιι
3163 2707 3267 2762 scit
3295 2723 3404 2762 non
3431 2716 3715 2777 quantum

2091 2801 2228 2868 vult,
2255 2800 2350 2856 sed
2400 2808 2668 2872 quantum.
2703 2798 2914 2855 dederit
2941 2798 3030 2853 ille
3076 2795 3094 2834 ί
3123 2797 3217 2867 qui
3245 2796 3434 2876 tribuit
3462 2795 3716 2869 prophe-

2090 2894 2242 2948 tiam.
2278 2893 2381 2948 Hic
2408 2896 2454 2949 si
2482 2904 2615 2950 esset
2662 2894 2934 2967 prapheta,
2965 2894 3122 2949 sciret
3148 2894 3323 2966 utique
3346 2909 3466 2966 qua:
3491 2901 3543 2948 et
3573 2909 3713 2966 qua-

2089 2985 2152 3040 lis
2181 2997 2258 3040 est
2279 2986 2463 3041 mulier
2490 3003 2606 3059 qua:
2632 2987 2798 3059 tangit
2826 3003 2960 3041 eum.
2997 2983 3011 3036 i
3051 2984 3290 3041 Mulieris
3318 2985 3477 3040 mala:
3517 2991 3709 3041 tactus

2089 3078 2198 3133 urit
2221 3079 2360 3134 male
2381 3079 2678 3142 conscium,
2713 3094 2899 3149 parem
2928 3077 3141 3149 polluit,
3173 3065 3487 3147 suspectum
3517 3084 3704 3141 notat,

2087 3170 2366 3227 hominem
2396 3171 2551 3226 malae
2597 3171 2889 3226 voluntatis
2919 3168 3143 3224 infamat
3168 3187 3181 3222 :
3213 3177 3469 3225 ceterum
3499 3183 3708 3239 pecca-

2087 3264 2193 3319 trix
2236 3263 2294 3318 flt
2323 3264 2485 3328 bona,
2535 3262 2593 3318 lit
2620 3272 2826 3328 sancta,
2860 3261 2919 3317 lit
2965 3263 3246 3328 innocens,
3291 3277 3417 3316 cum
3455 3261 3705 3330 tetigerit
3785 3329 3790 3332 η

2087 3357 2257 3413 venize
2288 3357 2620 3427 largitorem.
2669 3356 2922 3412 Stercora
2949 3357 3288 3426 contingunt,
3329 3354 3426 3411 sed
3454 3370 3561 3411 non
3603 3353 3700 3410 in-

2085 3450 2315 3520 quinant
2339 3451 2530 3508 solem.
2574 3448 2601 3488 ιι
2633 3449 2898 3505 Medicqu
2921 3465 3046 3505 cum
3070 3456 3300 3519 tangunt
3325 3447 3578 3515 vulnera,
3601 3462 3704 3520 pu-

2077 3620 2289 3696 Christi
2303 3621 2503 3696 corpu‘s
2523 3625 2808 3696 mysticum
2831 3624 3096 3696 tinxisset.
3119 3623 3394 3696 [ntegrum
3415 3623 3699 3696 praestitit.

2077 3693 2205 3749 dum
2223 3693 2507 3765 Christum
2549 3693 2713 3765 caput
2745 3694 3000 3751 Ecclesia:
3021 3736 3036 3760 ,
3079 3703 3136 3750 et
3163 3693 3480 3751 sacerdotes
3507 3693 3697 3750 verbi;

2118 3780 2188 3891 1ιὲ
2199 3764 2312 3889 lDei
2358 3764 2640 3836 pnecones
2662 3806 2676 3831 ,
2719 3766 2813 3835 qui
2847 3766 3012 3837 pedes
3040 3774 3204 3832 sunt,
3255 3776 3534 3837 unguento
3562 3781 3696 3837 per-

2173 3853 2192 3890 l
2222 3875 2236 3889 .

2103 3843 2236 3890 uau.

2153 3919 2176 3945 ο
2200 3905 2337 3974 Quia
2367 3906 2507 3978 idem
2555 3908 2699 3978 Deus
2723 3946 2748 3978 ,ί
2770 3907 2864 3975 qui
2893 3915 2976 3962 est
3005 3907 3059 3962 in
3088 3907 3265 3978 capite
3311 3906 3555 3972 Christi,
3611 3914 3696 3962 est

2077 3978 2239 4032 etiam
2271 3979 2322 4033 in
2345 3977 2575 4058 pedibus
2602 3977 2845 4045 ejusdem
2875 3979 3120 4061 corporis
3141 3977 3376 4049 mystici,
3409 3979 3464 4033 in
3483 3978 3694 4103 (quibus

2077 4055 2203 4102 sunt
2227 4051 2613 4103 Drmdtcatores
2644 4048 2922 4103 Evangelii
2947 4091 2962 4103 .
3005 4065 3100 4103 aut
3128 4049 3250 4103 ideo
3289 4050 3456 4103 pedes
3530 4050 3694 4103 hrtstt

2077 4055 2203 4120 sunt
2227 4048 2613 4120 prmdicatores
2644 4048 2922 4117 Evangelii
2947 4048 2988 4114 ,ί
3005 4049 3100 4119 qui
3128 4048 3250 4106 ideo
3289 4050 3456 4120 pedes
3483 4048 3694 4104 Christi

2077 4117 2502 4191 dicuntur,quia
2530 4117 2779 4176 Christus
2822 4117 3097 4190 tamquam
3119 4117 3428 4191 caput'illos
3456 4120 3691 4191 pmcel-

2077 4188 2156 4254 lit,
2203 4190 2605 4261 illuminat,ac
2635 4192 2801 4261 regit,
2846 4198 2906 4246 ut
2945 4188 3242 4261 sequantur
3265 4188 3495 4261 vestigia
3542 4189 3686 4260 ejus,

2075 4269 2238 4330 prout
2283 4260 2480 4316 dicitur
2521 4260 2678 4328 intra,
2705 4259 2893 4316 'serm.
2940 4259 3444 4318 95(Verumtamen
3489 4259 3687 4318 obser-

2076 4331 2311 4404 vandum
2334 4339 2438 4404 est,
2471 4331 2524 4385 in
2565 4341 2682 4404 toto
2709 4332 2816 4387 hoc
2853 4347 3085 4404 corpore
3130 4332 3360 4404 mystico
3386 4332 3588 4404 Christi
3631 4340 3690 4388 et

2075 4399 2354 4466 Ecclesia),
2385 4401 2553 4456 Deum
2600 4403 2816 4459 diverso
2845 4399 3019 4473 modo
3063 4399 3258 4459 inesse.
3293 4402 3572 4473 Siquidem
3603 4411 3690 4458 est

2075 4473 2502 4543 eminentissime
2529 4473 2580 4527 in
2612 4475 2790 4543 capite
2827 4472 3060 4541 Christi,
3092 4475 3198 4529 hoc
3224 4484 3307 4530 est
3346 4472 3399 4528 iu
3429 4474 3686 4529 humani-

2079 4551 2190 4615 t_ate
2216 4541 2418 4599 Christi
2467 4559 2564 4614 per
2592 4541 2986 4615 hypostaticam
3028 4545 3316 4612 unionem;
3350 4545 3405 4599 in
3453 4544 3688 4615 pedibus

2075 4612 2295 4686 Christi,
2312 4615 2418 4670 hoc
2440 4605 2523 4669 est
2546 4605 2878 4686 iniEcclesia,
2897 4630 3017 4685 qua:
3046 4605 3314 4686 praecipue
3341 4630 3406 4671 ex
3429 4605 3688 4684 gentibus

2075 4683 2306 4739 conflata
2338 4692 2438 4748 est,
2471 4700 2570 4755 per
2590 4685 2746 4742 iidem
2773 4683 2929 4741 adest
2943 4694 3000 4741 et
3025 4683 3284 4755 gratiam,
3318 4683 3482 4756 atque
3511 4686 3688 4742 inter-

2077 4771 2201 4810 nam
2219 4757 2701 4827 iglluminationem,
2733 4756 2971 4824 dirigens
2993 4772 3183 4812 eorum
3213 4765 3367 4827 actus
3390 4798 3404 4821 ,
3435 4771 3679 4827 gressus,

2076 4834 2182 4898 etc.
2218 4825 2381 4882 Unxit
2408 4828 2521 4882 haec
2549 4828 2742 4882 mulier
2769 4836 2931 4896 caput
2951 4835 3006 4882 et
3028 4827 3194 4897 pedes
3221 4825 3461 4892 Christi,
3496 4837 3556 4883 ut
3585 4843 3682 4898 pe-

2074 4897 2231 4952 dibus
2258 4913 2355 4968 per
2382 4908 2576 4966 caput,
2605 4907 2661 4954 et
2680 4899 2842 4968 capiti
2873 4914 2970 4968 per
2988 4898 3154 4968 pedes
3182 4898 3503 4969 obsequium
3535 4897 3680 4969 prte—

2073 4976 2242 5023 staret
2270 4969 2652 5030 humanitatis,
2685 4978 3005 5037 argumento
3030 4983 3218 5024 eorum
3248 4984 3368 5038 qua:
3395 4968 3546 5024 dixit
3575 4968 3681 5024 Au-

2073 5046 2192 5110 ctor
2213 5038 2382 5110 infra,
2414 5055 2577 5095 serm.
2608 5038 2711 5092 175
2745 5057 2757 5091 :
2785 5038 2933 5110 Sicut
2949 5040 3115 5094 honor
3139 5040 3346 5110 capitis,
3373 5048 3480 5096 etc.
3507 5039 3676 5096 Mm.

2149 5109 2168 5147 τ
2203 5109 2406 5165 Suadet
2430 5111 2586 5165 nobis
2609 5125 2766 5164 orare
2790 5109 2978 5175 Deum,
2999 5119 3058 5180 ut
3085 5120 3142 5164 et
3171 5109 3269 5165 nos
3298 5125 3563 5180 ungamur
3584 5127 3678 5166 un~

2069 5188 2270 5248 guento
2292 5182 2437 5250 quod
2467 5181 2694 5250 pedibus
2725 5180 2963 5235 funditur
2991 5179 3309 5248 Salvatoris,
3342 5179 3447 5238 hec
3471 5189 3576 5249 est,
3608 5181 3676 5238 de

2069 5251 2326 5308 Ecclesia:
2349 5253 2708 5322 sacramentis
2733 5253 3132 5322 participeanus.

2145 5333 2169 5394 ts
2204 5323 2298 5378 Ms.
2331 5321 2494 5383 Caes.
2524 5325 2598 5376 ita
2620 5321 2851 5394 profecto
2881 5323 3104 5376 chrisma
3141 5331 3240 5394 est.

2141 5391 2169 5430 ιι
2191 5395 2291 5449 Alii
2321 5409 2537 5463 quoque
2557 5391 2898 5449 enarratores
2923 5401 3110 5448 notant
3137 5393 3225 5449 hic
3241 5392 3497 5449 Pharistei
3515 5409 3671 5450 erro-

2069 5479 2204 5536 rem,
2237 5466 2388 5536 quasi
2449 5465 2726 5536 propheta:
2757 5465 2934 5536 omnia
2981 5465 3120 5520 scire
3167 5465 3495 5521 debuissent.
3534 5464 3672 5521 Vide

2069 5533 2338 5600 Gl‘tllililll,
2372 5533 2724 5600 Brugensem,
2759 5545 2814 5590 et
2841 5534 3163 5590 Calmetum.

2151 5604 2164 5642 ί
2201 5606 2435 5661 Consule
2459 5604 2822 5661 Maldonatum
2855 5607 2922 5660 ad
2947 5607 3089 5662 hunc
3119 5606 3314 5661 locum.

2096 5694 2100 5696 ·
2146 5677 2161 5725 l
2194 5678 2394 5745 Nempe
2424 5677 2535 5748 haec
2565 5686 2682 5732 erat
2712 5675 3104 5732 Pharisaeorum
3145 5678 3358 5748 opinio,
3391 5692 3460 5732 ex
3481 5684 3666 5748 conta-

2067 5752 2156 5802 ctu
2177 5748 2455 5804 hominum
2472 5746 2856 5817 llagitiosorum
2879 5748 3014 5803 alios
3031 5745 3318 5818 inquinari.
3353 5748 3455 5804 lsa.
3480 5745 3664 5818 uvﬁs

2149 5818 2174 5857 ιι
2205 5818 2286 5874 Ex
2315 5819 2546 5875 Latinio.
2578 5818 2739 5886 Editi,
2771 5819 3025 5875 medicum
3053 5836 3167 5874 cum
3198 5821 3381 5893 tangit.
