3882 6356
140 425 218 481 4815
1511 407 1597 464 SE
1605 406 1702 462 RM

1805 406 1966 462 ww.
3293 406 3404 470 ωε

139 533 266 594 ιη(ιο
287 548 394 590 non
419 530 630 604 polluit.
662 528 903 585 Judicem
923 524 1168 596 quamvis
1198 531 1384 594 tangat
1416 537 1564 588 reus,
1588 536 1700 578 non
1724 525 1777 588 Α
1803 536 1947 577 mam
1989 521 2264 592 acceperis
2307 535 2407 593 per
2446 521 2863 594 chirographum
2910 523 3064 593 legis,
3118 523 3409 598 stlpulsnti

139 636 289 705 potest
325 624 601 682 maculare
642 637 767 679 cum
813 618 1099 692 supplicat.
1151 616 1244 674 Sic
1293 624 1551 689 peccator
1575 628 1701 671 cum

138 722 388 783 Dominum
417 719 612 789 tangit,
638 732 745 771 non
775 713 1062 770 Dominum
1083 710 1356 778 sordidat;
1379 709 1476 766 sed
1506 710 1622 780 ipse
1645 717 1704 765 et

139 824 330 893 peccato
357 820 510 868 caret
531 810 698 877 omni,
730 815 787 864 et
811 807 954 878 rapit
974 805 1153 861 subito
1181 805 1544 860 sanctitatem.
1569 801 1704 859 Pro-

139 913 214 969 bat
233 910 328 966 hoc
347 906 546 962 mulier
573 906 626 959 in
650 899 916 975 profluvio
942 899 1218 969 sanguinis
1245 900 1557 963 constituta,
1581 911 1702 967 qua:

142 1012 188 1059 ut
211 1011 231 1039 ⁸
267 999 437 1068 tetigit
476 995 738 1052 ﬁmbriam
769 993 1002 1054 Domini,
1037 1007 1142 1046 non
1180 990 1444 1045 limbriam
1487 989 1698 1060 polluit,

141 1095 214 1152 sed
241 1096 344 1164 ipsa
374 1106 504 1146 mox
527 1089 936 1159 inquinamento
965 1093 1190 1140 vetustae
1218 1084 1391 1139 caruit
1412 1082 1695 1154 passionis.

142 1188 223 1244 llic
256 1188 297 1242 si
323 1195 454 1240 esset
481 1184 755 1256 propheta,
797 1181 951 1234 sciret
979 1180 1152 1251 utique
1193 1195 1309 1251 qua:
1333 1188 1382 1232 et
1429 1177 1597 1250 qualis
1626 1185 1703 1231 est

142 1280 293 1336 mulier
312 1293 426 1351 qua:
466 1277 634 1349 tangit
661 1291 795 1330 eum.
831 1271 1134 1327 Pharisreus
1161 1271 1434 1326 Christum
1463 1270 1700 1341 prophe-

142 1384 229 1429 tam
253 1371 510 1436 crederet,
559 1370 605 1424 si
634 1366 880 1438 exposita
909 1365 1098 1430 oculis,
1145 1373 1272 1419 uota
1304 1363 1514 1435 populis
1542 1363 1588 1419 si
1617 1364 1700 1418 vi-

141 1466 281 1521 deret.
321 1461 459 1530 Quid
506 1469 664 1532 putas
710 1457 1016 1514 crediturus
1053 1456 1177 1522 erit,
1228 1472 1350 1511 cum
1399 1471 1526 1510 mox
1577 1470 1700 1510 eum

142 1557 301 1615 mentis
344 1569 455 1610 suae
511 1553 793 1618 arbitrum,
845 1550 1028 1608 cordis
1083 1551 1166 1606 sui
1207 1549 1464 1619 judicem,
1509 1557 1700 1605 testem

140 1646 447 1707 conscientiae
487 1660 616 1711 suze,
649 1643 1038 1714 cogitationum
1067 1657 1284 1697 suarum
1333 1642 1582 1697 didicerit
1607 1658 1703 1699 co-

141 1739 406 1812 gnitorem?
453 1737 692 1793 Putasne
739 1736 824 1792 vel
865 1744 996 1792 tunc
1024 1734 1278 1790 fatebitur
1321 1734 1508 1801 Deum,
1539 1751 1698 1806 quem

140 1836 271 1892 modo
311 1841 437 1906 post
475 1833 700 1887 virtutes
741 1839 922 1885 tantas
961 1828 1168 1900 judicat
1206 1843 1306 1884 nec
1346 1830 1700 1898 magistrum?

1803 613 1918 670 Deo
1946 612 2304 685 spopondisse
2331 621 2387 670 te
2424 629 2534 670 non
2578 622 2737 686 potes
2765 612 3004 670 difﬁteri.
3035 613 3142 672 Sed
3168 615 3299 673 dum
3343 625 3407 676 te

1802 721 1904 782 per
1927 706 2060 762 vitia
2106 706 2287 763 carnis
2332 707 2387 762 in
2424 706 2598 762 lutum
2652 707 2824 763 instar
2862 707 2974 764 suis
3027 707 3311 780 demergis,
3342 719 3402 768 et

1803 799 2218 872 quadrupedum
2250 814 2405 856 more
2443 799 2630 856 vivens
2657 815 2762 870 qua
2805 801 3061 872 praeditus
3088 817 3148 858 es
3185 803 3403 862 ratione

1801 896 2051 969 priveris,
2083 904 2140 952 et
2169 896 2222 951 in
2251 895 2462 966 gurgite
2490 895 2774 951 criminum
2814 895 2939 952 boni
2965 897 3159 953 malive
3186 899 3401 968 perdita

1804 992 2131 1049 discretione
2178 990 2482 1058 confundis,
2540 997 2595 1046 et
2621 989 2814 1045 divinae
2861 990 2994 1061 legis
3040 991 3399 1049 substantiam

1804 1085 2052 1156 dissipas,
2079 1084 2106 1124 δ
2132 1085 2401 1141 mundana
2431 1084 2706 1156 voluptate
2733 1085 2993 1156 captivus,
3019 1087 3190 1143 factus
3211 1103 3270 1144 es
3288 1089 3400 1158 glo-

1802 1177 1933 1234 riosi
1960 1177 2160 1234 fenoris
2187 1178 2402 1234 debitor
2441 1178 2738 1241 luctuosus,
2777 1180 2864 1233 cui
2889 1175 3262 1237 deficientibus
3289 1182 3401 1237 vir-

1804 1282 1978 1329 tutum
1999 1273 2163 1330 lucris
2201 1273 2484 1329 criminum
2513 1273 2901 1345 multiplicatur
2938 1291 3118 1331 usura.
3142 1275 3249 1333 Sed
3270 1278 3398 1335 licet

1803 1367 1858 1422 in
1887 1368 1989 1424 hac
2033 1383 2094 1424 re
2134 1367 2411 1434 cecideris,
2463 1367 2591 1424 licet
2633 1367 2800 1423 fueris
2839 1368 2892 1424 in
2937 1370 3040 1425 ista
3087 1371 3394 1438 devolutus,

1810 1469 1831 1497 ο
1849 1459 1971 1515 vide
1989 1474 2054 1515 ne
2066 1459 2320 1530 desperes
2348 1476 2362 1512 :
2388 1459 2574 1521 homo,
2601 1461 2862 1514 remansit
2883 1459 2976 1515 tibi
3000 1461 3140 1516 unde
3157 1462 3396 1533 piissimo

1804 1551 2004 1609 satisfaz
2024 1553 2102 1607 ias
2130 1550 2405 1607 creditori.
2431 1549 2651 1606 Absolvi
2676 1552 2791 1606 vis?
2819 1551 2973 1606 Ama.
3008 1551 3248 1608 Charitas
3277 1571 3398 1609 coo-

1809 1645 2362 1718 perietmultitudinem
2377 1651 2703 1716 peccatorum
2721 1643 2763 1716 (l
2775 1643 2934 1699 Joan.
2961 1644 3056 1718 tv).
3088 1643 3400 1714 Negationis

1803 1742 2029 1797 crimine
2057 1741 2185 1811 quid
2210 1741 2403 1813 pejus?
2445 1748 2501 1796 et
2523 1745 2703 1797 tamén
2734 1740 2927 1798 Petrus
2950 1758 3136 1799 amore
3164 1744 3282 1800 solo
3304 1761 3400 1800 va-

1803 1834 1902 1889 luit
1927 1835 2031 1890 hoc
2057 1835 2258 1901 delere,
2290 1834 2556 1905 probante
2583 1835 2834 1901 Domino,
2858 1851 2980 1890 cum
3008 1836 3140 1892 dicit
3177 1855 3190 1890 :
3219 1835 3397 1901 Petra,

141 1928 222 1983 Hic
259 1928 301 1983 si
336 1936 468 1981 esset
496 1925 769 1998 propheta,
802 1925 957 1977 sciret
994 1923 1168 1994 utique
1193 1937 1308 1994 qua!
1344 1931 1394 1975 et
1431 1923 1598 1994 qualis
1627 1930 1704 1975 est
1733 1931 1782 1992 Β
1808 1944 1954 1982 amas
1979 1943 2060 1982 me
2084 1925 2263 1998 (Ioan.
2296 1943 2406 1993 xxi,
2439 1925 2734 1997 12)?lnter
2775 1927 2957 1982 omnia
3003 1928 3100 1984 Dei
3128 1938 3400 2000 praecepta

139 2019 289 2075 mlier
311 2033 426 2091 quin
455 2017 623 2089 tangit
646 2032 784 2070 eum.
817 2013 1008 2068 Mulier
1035 2012 1275 2068 habebat
1317 2012 1531 2076 vulnus,
1564 2014 1703 2068 scie-

139 2115 209 2170 bat
228 2111 366 2178 illud,
396 2121 454 2168 et
479 2111 603 2166 ideo
632 2110 816 2164 taliter
843 2107 981 2162 tanti
1008 2106 1252 2161 vulneris
1280 2105 1548 2162 medicum
1579 2121 1704 2177 per-

142 2206 382 2276 quirebat;
415 2202 721 2260 Pharisaeus
747 2200 988 2274 perﬁdiae
1015 2200 1208 2256 morbo
1248 2201 1482 2263 saucius,
1515 2215 1703 2272 super-

143 2300 220 2354 bim
243 2297 451 2352 llamma
477 2295 736 2361 febriens,
768 2310 866 2366 per
893 2293 1205 2365 phrenesim
1234 2307 1295 2348 se
1321 2292 1597 2348 nesciebat
1622 2293 1704 2348 in-

144 2406 315 2448 sanum.
346 2389 483 2446 Hinc
521 2397 605 2445 est
644 2387 791 2458 quod
828 2384 1074 2442 Christus
1112 2385 1240 2442 illuc
1261 2385 1493 2456 primum
1517 2400 1703 2440 curam

147 2484 292 2548 vertit,
319 2481 409 2538 ubi
431 2481 613 2552 ignota
641 2479 900 2536 saeviebat
927 2475 1231 2543 infirmitas,
1261 2485 1320 2532 ut
1341 2477 1577 2533 cmlestis
1598 2491 1705 2532 me-

152 2577 270 2632 dicus
292 2590 396 2630 uno
420 2573 777 2629 medicamine
798 2571 938 2628 duos
965 2577 1183 2627 curaret
1209 2579 1459 2639 aegrotos.
1509 2569 1703 2624 Videns

155 2668 414 2724 Pharisteus
431 2667 520 2739 qui
545 2674 815 2720 vocaverat
840 2681 973 2730 eum,
1006 2665 1084 2718 ait
1103 2664 1243 2718 intra
1263 2679 1337 2727 se,
1362 2663 1554 2717 dicens.
1578 2660 1700 2727 Cui,

155 2761 250 2832 quia
274 2760 400 2815 intra
421 2774 481 2815 se
509 2759 843 2828 cogitaverat
871 2755 1192 2823 Pharisaeus,
1223 2752 1470 2811 Christus
1489 2754 1704 2827 publica

158 2867 259 2908 voce
281 2849 581 2922 respondit;
603 2859 659 2905 et
687 2849 814 2904 dum
844 2847 1100 2904 Pharisaei
1126 2848 1305 2904 cordis
1329 2846 1583 2918 patefecit
1610 2863 1701 2902 ar-

159 2948 340 3011 canum,
381 2944 556 3016 ipsum
602 2941 766 3001 fuisse
817 2942 984 2996 totius
1030 2940 1328 3012 prophetiae
1367 2939 1704 2996 demonstrat

161 3046 403 3093 auctorem.
457 3034 822 3106 Respondeas,
877 3032 1070 3102 inquit,
1122 3030 1296 3096 Iesus,
1340 3032 1462 3085 ait:
1493 3030 1698 3097 Simon,

161 3131 286 3185 habeo
310 3129 390 3184 tibi
412 3127 613 3201 aliquid
632 3127 821 3182 dicere.
853 3125 992 3188 Tibi,
1025 3125 1112 3180 cui
1142 3140 1279 3194 opus
1301 3133 1384 3179 est
1413 3123 1698 3186 medicina,

160 3234 202 3280 et
223 3225 370 3281 nescis
403 3237 648 3293 quaerere
687 3220 1048 3285 medicinam;
1083 3218 1199 3282 tibi,
1242 3218 1333 3287 qui
1381 3217 1548 3272 Deum
1588 3230 1701 3270 ma-

1804 2035 1958 2074 amor
1978 2019 2187 2074 obtinet
2215 2019 2594 2090 principatum.
2627 2017 2848 2091 Diliges,
2891 2019 3086 2089 inquit,
3120 2018 3402 2076 Dominum

1801 2111 1970 2167 Deum
1997 2121 2138 2168 tuum
2159 2130 2226 2167 ea:
2257 2121 2362 2167 toto
2398 2113 2554 2167 corde
2583 2122 2687 2179 tuo,
2720 2122 2770 2167 et
2796 2131 2862 2168 ex
2890 2123 2997 2169 tota
3017 2116 3194 2169 anima
3217 2125 3324 2182 tua,
3350 2122 3404 2169 et

1802 2221 1868 2259 ea:
1892 2213 1998 2259 tota
2039 2214 2207 2259 mente
2237 2214 2342 2270 tua,
2375 2213 2426 2259 et
2452 2221 2518 2259 ex
2544 2213 2651 2259 tota
2686 2205 2871 2259 virtute
2914 2214 3001 2259 tua
3031 2205 3254 2278 (Matth.
3278 2207 3399 2278 xu).

1805 2296 1938 2350 Ama
1967 2311 2116 2366 ergo,
2144 2297 2329 2364 homo,
2355 2297 2548 2362 Deum,
2580 2304 2635 2352 et
2656 2313 2777 2352 ama
2807 2305 2973 2363 totus,
3002 2307 3062 2354 ut
3089 2299 3263 2370 possis
3284 2315 3402 2354 om-

1805 2388 1894 2444 nia
1936 2388 2054 2443 sine
2097 2388 2284 2444 labore
2312 2389 2529 2445 vincere
2568 2398 2624 2444 et
2667 2389 2850 2446 delere
2903 2399 3146 2461 peccata.
3180 2390 3404 2446 Tenere:

1803 2479 2029 2545 militias,
2061 2480 2279 2536 delicati
2307 2477 2590 2536 conllictus
2618 2488 2700 2536 est
2728 2496 2916 2536 amore
2942 2480 3061 2537 solo
3099 2481 3167 2536 de
3195 2482 3406 2538 cunctis

1805 2572 2120 2628 criminibus
2148 2580 2430 2643 reportare
2455 2572 2758 2639 victoriam,
2802 2573 2941 2628 sicut
2963 2588 3028 2628 ex
3055 2573 3406 2641 sequentibus

1805 2666 2079 2721 elucescit.
2119 2664 2423 2732 Conversus,
2467 2665 2658 2734 inquit,
2703 2665 2775 2719 ad
2817 2665 3100 2731 mulierem,
3144 2665 3276 2719 dixit
3308 2664 3402 2720 Si-

1805 2759 1966 2812 moni.
1991 2757 2128 2824 Quid
2152 2765 2254 2820 est,
2286 2756 2433 2827 quod
2454 2772 2753 2812 conversus
2781 2756 2849 2813 ad
2869 2756 3172 2821 mulierem,
3196 2756 3406 2813 Simoni

1807 2850 2048 2920 loquitur
2093 2849 2377 2906 Christus?
2422 2849 2558 2918 Quia
2597 2865 2720 2906 cum
2766 2849 3119 2922 paenitentem
3164 2849 3402 2921 respicit,

1805 2944 1982 3012 arguit
2005 2943 2387 2999 oblatrantem.
2409 2941 2562 2998 Dixit
2591 2942 2795 2999 Simoni
2821 2959 2838 2997 :
2879 2941 3034 2997 Vides
3063 2942 3199 2997 hanc
3221 2943 3407 2998 mulie-

1805 3035 1954 3090 rem?
2001 3034 2205 3091 Intraui
2233 3037 2288 3090 in
2331 3036 2540 3091 domum
2589 3046 2749 3102 tuam,
2783 3053 2970 3108 aquam
3017 3037 3231 3109 pedibus
3276 3039 3405 3093 meis

1806 3145 1909 3182 non
1942 3127 2150 3195 dedisti,
2183 3128 2295 3184 [nec
2315 3138 2488 3183 autem
2516 3129 2762 3200 lacrgmis
2785 3129 2969 3200 rigavit
2988 3128 3142 3201 pedes
3171 3146 3330 3196 meos,
3353 3137 3406 3184 et

1808 3219 2011 3290 capillis
2041 3220 2224 3290 capitis
2253 3219 2337 3273 sui
2379 3221 2553 3285 tersit;
2600 3218 2832 3274 osculum
2876 3219 3006 3274 mihi
3039 3235 3144 3274 non
3192 3219 3401 3287 dedisti,

158 3318 340 3387 gistrum
370 3331 554 3382 vocas,
600 3322 655 3369 et
680 3313 775 3369 Dei
815 3312 1022 3368 deseris
1067 3311 1403 3380 disciplinam
1435 3328 1447 3362 :
1481 3310 1699 3379 ignoras
1727 3308 1774 3372 C
1803 3311 1914 3366 hac
1943 3322 2112 3365 autem
2151 3329 2217 3366 ex
2243 3328 2342 3384 quo
2388 3313 2581 3367 intravi
2608 3329 2714 3368 non
2753 3313 2970 3368 cessavit
2996 3313 3221 3368 osculari
3248 3313 3404 3385 pedes

157 3411 368 3482 quoniam
392 3409 652 3479 magistro
681 3421 930 3477 magnam
953 3405 1080 3460 facit
1111 3403 1381 3475 injuriam,
1407 3404 1499 3474 qui
1529 3418 1588 3458 se
1615 3403 1700 3458 di-

159 3502 373 3574 scipulum
392 3501 593 3558 fatetur
612 3500 748 3570 ejus,
779 3499 934 3570 cujus
957 3514 1066 3554 non
1088 3498 1334 3568 sequitur
1361 3496 1701 3552 institutum?

156 3591 266 3648 Nam
287 3594 405 3650 sicut
426 3593 680 3664 discipuli
719 3592 964 3663 probitas
1023 3590 1141 3645 laus
1187 3597 1273 3645 est
1321 3589 1584 3659 magistri,
1629 3589 1702 3642 ita

154 3686 355 3755 magistri
379 3684 708 3756 vituperatio
735 3682 1032 3754 discipulus
1063 3681 1311 3736 nesciens
1339 3679 1698 3749 disciplinam.

155 3777 320 3844 Simon,
348 3778 505 3833 habeo
534 3777 626 3832 tibi
655 3774 855 3849 aliquid
871 3775 1062 3830 dicere.
1097 3771 1403 3844 Respondit,
1434 3773 1698 3844 magister,

155 3873 233 3927 dic.
259 3871 459 3939 lterum,
491 3873 758 3944 magister,
789 3870 891 3937 dic,
919 3876 974 3924 et
1003 3884 1110 3923 non
1141 3867 1281 3922 Deus
1310 3867 1413 3922 dic.
1445 3864 1562 3920 Jam
1587 3866 1702 3935 jam

154 3965 290 4021 Deum
316 3967 570 4030 sentiens,
596 3979 759 4034 quem
779 3970 941 4020 vocat
967 3962 1304 4030 magistrum.
1336 3959 1473 4024 Duo,
1507 3959 1698 4029 inquit,

152 4057 363 4113 debitores
406 4066 558 4112 erant
587 4055 794 4110 cuidam
823 4054 1106 4128 feneratori
1139 4069 1158 4107 :
1193 4069 1326 4106 unus
1355 4051 1571 4105 debebat
1610 4050 1703 4107 de-

151 4152 294 4204 narios
319 4152 644 4222 quingentos,
677 4157 725 4202 et
763 4147 898 4202 alius
919 4145 1309 4219 quinquaginta.
1356 4140 1481 4197 Non
1509 4143 1705 4197 haben-

152 4241 254 4295 tibus
283 4242 380 4296 illis
419 4240 558 4295 unde
586 4239 878 4303 redderent,
913 4237 1123 4292 donavit
1150 4234 1411 4307 utrisque;
1441 4235 1552 4306 quis
1581 4251 1702 4305 ergo

149 4350 238 4388 eum
263 4335 472 4406 amplius
497 4332 712 4404 diligit?
746 4330 1080 4403 Respondeas
1105 4329 1289 4384 Simon
1319 4328 1450 4382 dixit
1478 4343 1497 4380 :
1523 4325 1701 4380 zEsti-

150 4443 215 4480 mo
237 4427 360 4500 quod
385 4428 431 4482 is
462 4427 544 4480 cui
572 4423 688 4496 plus
711 4423 939 4478 donauit.
988 4421 1059 4475 Et
1085 4420 1360 4485 Dominus,
1407 4429 1541 4474 recte
1558 4419 1703 4490 judi-
1751 4482 1760 4490 ,

151 4519 267 4572 casti.
305 4517 540 4573 Audistis
566 4513 1019 4586 quemadmodum
1067 4512 1300 4568 cmlestis
1342 4511 1579 4566 creditor
1621 4518 1702 4565 to-

150 4618 238 4665 tum
261 4612 492 4668 debitum
542 4610 804 4666 charitate
832 4615 1168 4678 compensat,
1201 4613 1255 4660 et
1294 4604 1360 4660 ad
1402 4604 1703 4660 incremen-

1805 3423 1980 3470 meos;
2010 3405 2123 3460 oleo
2165 3415 2324 3476 caput
2350 3422 2519 3460 meum
2558 3423 2664 3461 non
2691 3407 2907 3472 unxisti,
2951 3406 3061 3461 ham
3090 3416 3260 3460 autem
3304 3422 3405 3460 un-

1805 3509 1994 3572 guento
2022 3500 2175 3554 unxit
2203 3498 2359 3572 pedes
2387 3516 2552 3554 meos.
2585 3499 2892 3571 Propterea,
2930 3499 3046 3555 dico
3078 3499 3209 3554 tibi:
3229 3498 3406 3554 dimit-

1807 3604 1984 3648 tuntur
2010 3593 2090 3649 illi
2105 3603 2318 3665 peccata
2342 3594 2529 3658 multa,
2561 3594 2808 3665 quoniam
2831 3593 3014 3649 dilexit
3035 3593 3287 3658 multum;
3318 3594 3405 3648 cui

1807 3696 1978 3741 autem
2009 3687 2180 3740 minus
2219 3685 2515 3751 dimittitur,
2560 3686 2732 3739 minus
2763 3684 2954 3756 diligit.
2999 3682 3293 3740 Probatum
3321 3689 3407 3739 est

1805 3781 1933 3851 quia
1961 3779 2180 3835 dilectio
2207 3778 2353 3834 delet
2373 3786 2428 3832 et
2449 3777 2620 3832 abluit
2635 3778 2889 3832 universa
2904 3784 3148 3848 peccata.
3167 3775 3308 3844 Quid
3321 3784 3408 3832 est

1807 3877 1985 3926 autem
2015 3869 2159 3940 quod
2203 3868 2340 3923 dixit
2373 3886 2386 3922 :
2421 3866 2516 3922 Cui
2544 3869 2714 3922 minus
2745 3867 3042 3933 dimittitur,
3073 3869 3244 3922 minus
3284 3865 3408 3921 dili-

1805 3963 1919 4037 git?
1963 3961 2107 4031 Ergo
2137 3961 2204 4016 ad
2234 3959 2566 4032 peccandum
2595 3959 2729 4015 satis
2767 3968 2853 4015 est
2882 3969 2941 4014 ut
2967 3957 3144 4028 major
3170 3958 3407 4014 charitas

1805 4052 2176 4125 comparetur?
2188 4049 2529 4106 Absit.Chari
2536 4060 2618 4105 tas
2629 4051 2697 4106 de
2707 4050 2996 4120 praeteritis
3008 4049 3278 4112 subvenit,
3296 4064 3407 4104 non

1804 4147 2003 4202 liberat
2023 4145 2092 4200 de
2107 4142 2330 4208 futuris;
2353 4142 2592 4198 charitas
2613 4142 2786 4196 nescit
2806 4155 3033 4211 peccare
3053 4156 3175 4195 eum
3198 4139 3403 4209 diligit;

1805 4239 2045 4295 charitas
2064 4251 2171 4291 non
2187 4244 2270 4292 est
2284 4233 2538 4296 charitas,
2558 4232 2902 4302 sidelinquit;
2919 4231 3155 4287 charitas
3179 4230 3270 4286 Dei
3290 4247 3406 4287 cus-

1807 4341 1892 4386 tes
1903 4342 1987 4386 est
2005 4328 2326 4386 sanctitatis.
2347 4327 2582 4392 Fratres,
2600 4327 2645 4381 si
2667 4340 2768 4380 nos
2786 4340 2906 4382 esse
2927 4333 3244 4396 peccatores
3257 4325 3408 4380 novi—

1805 4439 1945 4489 mus,
1978 4430 2179 4477 etesse
2217 4419 2470 4475 nolumus
2491 4425 2831 4488 peccatores,
2884 4414 2908 4453 ἀ
2935 4416 3162 4488 pedibus
3201 4412 3406 4470 Christi

1807 4515 1998 4570 demus
2019 4513 2305 4583 lacrymas,
2329 4524 2646 4581 Spargamus
2661 4509 2888 4581 capillos
2903 4550 2919 4576 ,
2940 4508 3166 4579 ligamus
3188 4508 3370 4564 oscula
3385 4552 3402 4577 ,

1809 4604 2026 4677 pietatis
2052 4603 2229 4658 oleum
2265 4610 2378 4656 tota
2417 4601 2707 4658 devotione
2745 4602 3060 4668 fundamus;
3111 4609 3170 4657 ut
3196 4601 3407 4657 dicatur

151 4710 238 4758 tum
274 4706 431 4761 totius
470 4703 675 4759 fenoris
721 4701 924 4757 amoris
963 4701 1130 4755 solius
1167 4699 1336 4768 exigit
1384 4707 1436 4753 et
1478 4697 1704 4766 requirit
1732 4680 1781 4744 ι)
1807 4693 2532 4752 nobiszDimittunturvobis
2547 4702 2771 4766 peccata
2794 4694 3125 4763 multa,quia
3141 4693 3405 4750 dilexistis

150 4808 346 4852 usuram.
369 4795 691 4854 Plectendus
719 4794 950 4859 debitor,
982 4793 1073 4862 qui
1102 4791 1388 4846 dilectione
1411 4789 1526 4846 sola
1548 4805 1700 4845 suam

150 4889 334 4959 negligit
359 4889 626 4945 redimere
674 4888 998 4944 cautionem.
1032 4885 1125 4940 Vis
1153 4885 1311 4947 scire,
1344 4883 1526 4951 homo,
1573 4883 1704 4954 quid

147 4981 233 5037 Deo
253 4982 479 5038 debeas?
505 4980 662 5050 Quod
691 4981 865 5036 factus
893 4996 971 5044 es,
999 4978 1094 5034 Dei
1120 4978 1383 5034 creditum
1413 4985 1526 5043 est;
1557 4975 1703 5046 quod

145 5088 188 5126 es
211 5075 421 5130 rationis
449 5089 642 5145 capax,
675 5073 770 5127 Dei
794 5071 948 5128 fenus
978 5079 1100 5137 est;
1132 5069 1278 5140 quod
1318 5068 1702 5124 discretionem

144 5165 245 5220 mali
268 5166 458 5224 bonive
485 5164 750 5236 possides,
776 5163 1060 5234 accepisti;
1083 5171 1140 5218 et
1159 5160 1306 5231 quod
1330 5159 1548 5216 vivendi
1576 5175 1705 5216 nor-

197 5400 218 5429 ι
244 5389 319 5445 Ex
349 5389 585 5444 Latinio.
616 5386 797 5458 ,Alias,
849 5385 1034 5458 tangit.
1076 5383 1155 5438 Ex
1195 5388 1466 5458 prtecepto
1500 5379 1700 5454 Moysis

140 5460 268 5516 hum.
314 5477 402 5528 xv,
444 5459 536 5526 8'5,
577 5457 788 5513 Hebraei
832 5453 1219 5526 quadratorum
1261 5453 1548 5528 palliorum
1577 5453 1703 5528 oras

140 5470 268 5516 hum.
314 5477 402 5528 xv,
444 5470 536 5526 85,
577 5470 788 5513 ﬂebunt
832 5470 1219 5526 quadratorum
1261 5470 1548 5578 Palinurum
1577 5470 1698 5507 oras

140 5533 312 5588 tcuiola
358 5533 646 5596 ornabant,
699 5528 1075 5596 addebantque
1121 5540 1260 5594 angu
1283 5525 1329 5578 is
1357 5524 1698 5595 panniculos,

141 5603 208 5678 vel
233 5601 458 5678 ﬁmbrias
476 5601 664 5678 Gtmce
683 5599 960 5678 κράσπεδα
979 5613 1048 5652 ex
1069 5596 1316 5678 Iino‘,‘_vel
1337 5597 1587 5678 cannabe
1602 5609 1704 5678 cm-

141 5673 284 5740 rulea.
317 5675 424 5731 Hoc
450 5673 688 5730 vestium
714 5666 886 5740 genus
905 5678 1148 5739 gestasse
1171 5666 1445 5722 Christum
1477 5673 1706 5720 testatur

143 5739 531 5801 hemorrhoissa.

197 5817 220 5855 δ
237 5816 320 5874 Sic
347 5815 600 5873 emendat
629 5812 891 5867 Latinius.
924 5809 1088 5875 Alias,
1130 5808 1398 5863 mundana
1419 5807 1700 5862 voluntate.

200 5899 218 5926 ε
248 5888 301 5943 lu
332 5887 661 5943 Novatianos
706 5883 951 5950 insurgit,
983 5881 1076 5951 qui
1124 5879 1255 5934 nihil
1277 5879 1406 5951 Aspei
1436 5878 1706 5951 relinque-

149 5956 250 6014 bant
289 5962 348 6015 iis
375 5960 465 6024 qui
496 5958 664 6012 semel
699 5949 1090 6025 peccaverant;
1139 5949 1513 6018 docebantque
1541 5949 1705 6019 impie

1804 4787 2337 4844 multum.lmitemur
2360 4786 2502 4841 hanc
2520 4786 2824 4852 mulierem,
2857 4801 3018 4856 quam
3041 4785 3404 4856 conspicimus

1806 4899 1913 4938 non
1942 4883 2116 4938 solum
2148 4880 2388 4937 caruisse
2411 4880 2671 4952 peccatis,
2695 4880 2788 4935 sed
2818 4879 2884 4935 ad
2901 4887 3072 4935 totum
3101 4879 3405 4936 sanctitatis

1804 4976 2063 5031 verticem
2088 4973 2421 5045 pervenisse.
2447 4972 2577 5041 Qua:
2596 4974 2668 5029 sit
2695 4982 2874 5029 autem
2892 4973 3007 5028 haec
3034 4973 3246 5037 mulier,
3273 4973 3404 5042 quia

1807 5067 2102 5123 hodiernus
2151 5081 2332 5122 sermo
2369 5066 2650 5122 charitatis
2694 5081 2794 5120 nos
2831 5064 3056 5129 distulit,
3105 5064 3245 5119 sicut
3287 5065 3405 5134 jam

1807 5159 2175 5230 promisimus,
2221 5159 2277 5214 in
2301 5159 2656 5228 sequentibus
2684 5158 2797 5214 Deo
2826 5165 3050 5213 auctore
3076 5155 3398 5228 pandemus.

1807 5397 1917 5439 non
1939 5397 2108 5508 £9558
2135 5383 2204 5440 ab
2232 5384 2544 5442 hominibus
2571 5394 2791 5458 peccata
2825 5385 3041 5442 dimitti.

1881 5453 1911 5528 (ξ
1989 5455 2192 5524 ipedes
2219 5464 2348 5512 sunt
2373 5457 2684 5528 sacerdotes
2711 5457 3043 5528 confessarii,
3075 5457 3142 5512 ad
3169 5471 3405 5528 quorum

1809 5526 1977 5599 pedes
2019 5536 2249 5599 peccata
2304 5537 2432 5582 sunt
2481 5527 2799 5598 deponenda
2845 5545 2944 5599 per
2982 5526 3401 5599 confessionem,

1811 5597 1990 5670 dando
2018 5598 2280 5670 lacrymas
2307 5597 2669 5662 contritionis,
2704 5597 3016 5670 rspargendo
3055 5599 3281 5670 capillos
3319 5598 3405 5654 af.

1811 5666 2080 5739 fectionis,
2133 5666 2360 5737 peccata
2405 5682 2501 5723 ore
2529 5666 2758 5739 proprio
2780 5666 3051 5735 mutando,
3082 5666 3280 5725 amoris
3309 5685 3404 5725 os-

1812 5739 1934 5810 cula
1967 5737 2205 5810 ligendo,
2230 5739 2399 5794 Deum
2421 5737 2546 5792 toto
2575 5737 2740 5794 corde
2767 5740 3058 5810 diligendo,
3084 5743 3262 5796 oleum
3290 5742 3406 5810 pie-

1813 5809 1940 5864 tatis
1979 5807 2368 5878 fundendo,’et
2396 5817 2738 5878 peccatorum
2785 5807 3212 5870 satisfactionem
3251 5807 3405 5870 eihi-

1811 5877 2009 5934 bendo.
2043 5876 2187 5950 Lege
2213 5876 2573 5946 infra,'serm.
2603 5879 2692 5936 95.
2725 5879 2890 5938 Mira.
