3882 6356
477 275 582 331 ιιι
1744 268 1803 326 S.
1846 267 2049 325 PETRI

2162 264 2515 323 lRYSULOGI
3632 287 3719 347 ωε

476 388 560 446 dit
603 386 872 452 inimicus,
903 392 964 441 ut
989 382 1291 454 manipulos
1339 380 1463 437 ﬁdei
1503 379 1765 449 gehennae.
1787 378 2074 436 fasciculos

450 460 708 548 tfaceret,
739 496 810 537 ne
846 480 1085 536 triticum
1116 477 1270 533 ﬁeret
1297 475 1598 534 omlestium
1631 474 1975 531 horreorum.
2006 471 2078 528 Et

475 576 609 650 quid
637 574 832 647 plura?
859 572 1218 641 Posteaquam
1258 576 1345 625 est
1381 569 1498 640 ipse
1535 568 1591 624 in
1615 567 1917 625 dremonem
1944 582 2077 624 con-

473 684 671 728 versus
697 682 769 724 ex
795 663 1006 734 angelo,
1036 678 1106 719 ne
1132 676 1241 732 qua
1269 669 1518 718 creatura
1559 661 1613 717 in
1653 676 1754 718 suo
1773 669 1919 717 statu
1943 676 2078 717 con-

477 764 716 827 sisteret,
747 766 883 824 arte,
906 756 1062 823 dolis,
1092 754 1379 821 machinis,
1411 753 1599 811 fraude
1637 754 1937 812 contendit.
1967 753 2077 811 Sed

471 852 585 924 jam
614 850 897 924 praesentis
920 847 1195 920 parabolae
1236 846 1399 903 verba
1426 846 1743 918 pandamus.
1779 845 1963 903 Simile
1997 854 2076 903 est

471 962 691 1019 regnum
738 943 983 1000 caelorum
1018 942 1237 997 homini.
1281 940 1419 996 Cui?
1460 937 1660 1011 Utique
1703 939 1940 997 Christo.
1971 938 2076 1005 Qui

470 1039 744 1095 seminavit
770 1037 959 1092 bonum
1000 1051 1193 1091 semen.
1225 1032 1363 1102 Quia
1403 1034 1459 1089 in
1500 1033 1618 1104 ipso
1644 1048 1828 1090 rerum
1867 1032 2074 1091 semine

471 1130 647 1188 nescit
690 1130 895 1186 malum
938 1128 1178 1186 conditio
1203 1125 1499 1184 Creatoris.
1534 1124 1602 1182 In
1628 1143 1757 1199 agro
1802 1142 1918 1181 suo.
1958 1125 2075 1185 Hoc

466 1233 571 1291 est,
597 1225 650 1281 in
671 1225 892 1288 mundo,
925 1223 1139 1280 dicente
1160 1221 1278 1295 ipso
1306 1221 1559 1289 Domino,
1582 1223 1720 1295 Ager
1740 1222 1824 1276 hic
1851 1221 2089 1278 mundus

466 1328 548 1374 est
570 1317 788 1392 (Matth.
832 1319 970 1389 va).
1000 1317 1129 1372 Cum
1169 1326 1340 1372 autem
1370 1316 1692 1372 dormierunt
1729 1317 1981 1372 homines.
2013 1315 2073 1372 Id

467 1418 572 1477 est,
604 1411 778 1467 sancti
820 1409 1030 1477 Patres,
1067 1410 1422 1482 patriarchae,
1472 1409 1768 1481 prophetae,
1815 1408 2068 1481 apostoli,

465 1510 751 1577 martyres,
784 1503 840 1558 in
868 1518 1067 1574 sopore
1091 1503 1285 1558 mortis
1313 1502 1690 1574 temporaliter
1715 1501 2067 1569 dormientes,

466 1596 599 1666 quia
628 1603 942 1651 sanctorum
978 1609 1126 1651 mors
1153 1609 1377 1650 somnus
1415 1602 1532 1661 est;
1564 1601 1915 1666 peccatorum
1938 1607 2072 1649 vero

465 1704 616 1746 mors
635 1697 738 1756 est,
768 1689 896 1759 quia
916 1688 971 1744 in
994 1687 1206 1745 inferno
1228 1702 1404 1759 ptume
1435 1688 1642 1753 vivunt,
1670 1688 1795 1744 vita:
1838 1696 2072 1759 pereunt

463 1789 803 1853 peccatores.
857 1780 1079 1837 Veniens
1121 1781 1366 1836 inimicus
1410 1781 1541 1853 ejus.
1573 1779 1633 1835 ld
1661 1788 1762 1847 est,
1794 1780 2063 1837 diabolus.

463 1871 910 1945 Superseminavit
966 1874 1189 1928 sizania.
1243 1872 1742 1946 Superseminavit,
1811 1889 1922 1929 non
1977 1889 2067 1930 se-

460 1962 707 2020 minavit.
760 1962 1076 2021 Praecedunt
1120 1962 1398 2021 Creatoris
1444 1964 1621 2030 bona,
1672 1963 1815 2020 mala
1865 1964 2069 2021 diaboli

459 2061 921 2127 postsequuntur;
968 2063 1032 2111 ut
1058 2054 1261 2110 malum
1288 2054 1435 2125 quod
1463 2062 1549 2111 est
1592 2070 1663 2110 ex
1709 2054 1946 2122 diabolo,
1998 2056 2070 2112 sit

458 2147 731 2214 accidens,
767 2163 877 2202 non
905 2157 1121 2203 natura.
1162 2146 1606 2219 Superseminavit
1631 2148 1837 2202 sizania
1870 2149 1927 2203 in
1954 2165 2065 2203 me-

459 2239 547 2295 dio
580 2240 755 2294 tritici.
788 2238 927 2307 Quia
954 2239 1205 2295 diabolus
1251 2240 1488 2296 hatreses
1514 2240 1659 2297 inter
1684 2240 1891 2306 ﬁdeles,
1923 2242 2067 2298 inter

457 2344 681 2387 sanctos
706 2340 1009 2404 peccatum,
1034 2333 1178 2389 inter
1213 2330 1471 2404 paciﬁcos
1498 2333 1643 2401 lites,
1677 2335 1821 2390 inter
1857 2334 2067 2406 simpli-

456 2440 552 2481 ces
590 2424 766 2493 dolos,
799 2426 944 2481 inter
971 2426 1288 2483 innocentes
1335 2428 1631 2498 nequitiam
1676 2430 1845 2499 gratis
1881 2443 2066 2485 serere

457 2518 743 2574 consuevit
779 2536 792 2572 :
840 2534 946 2574 non
980 2526 1041 2574 ut
1073 2520 1320 2589 acquirat
1355 2521 1594 2587 zizania,
1618 2520 1712 2577 sed
1740 2529 1801 2576 ut
1826 2521 2064 2577 triticum

456 2610 683 2682 perdat;
705 2626 811 2667 nec
830 2619 891 2667 ut
919 2626 1043 2669 reos
1063 2612 1263 2684 capiat,
1288 2612 1383 2669 sed
1411 2621 1471 2669 ut
1493 2614 1697 2669 adimat
1726 2614 2058 2672 innocentes.

454 2702 642 2761 Hostis
660 2704 784 2776 plus
810 2705 1002 2762 ducem
1045 2721 1210 2777 quam
1256 2706 1484 2762 militem
1511 2707 1681 2779 petit;
1714 2722 1816 2764 nec
1852 2707 2065 2764 obsidet

454 2809 720 2868 mortuos,
762 2801 859 2858 sed
886 2802 1167 2874 impugnat
1214 2801 1462 2858 viventes
1504 2820 1517 2856 :
1558 2802 1638 2859 sic
1677 2802 1924 2858 diabolus
1953 2818 2063 2859 non

453 2904 772 2969 peccatores
812 2896 1006 2966 quaerit
1032 2911 1258 2967 capere,
1289 2911 1427 2967 quos
1455 2895 1698 2968 possidet
1724 2895 2060 2967 subjugatos,

451 2989 552 3045 sed
580 2996 640 3044 ut
657 2988 835 3060 justos
858 2989 1057 3060 capiat,
1080 2989 1161 3046 sic
1189 2989 1416 3045 laborat.
1451 2987 1894 3061 Superseminavit
1920 2990 2063 3044 ziza-

451 3084 544 3137 nia
589 3083 645 3137 in
683 3082 852 3138 medio
883 3084 1059 3145 tritici,
1095 3091 1147 3136 et
1180 3081 1327 3136 abiit.
1357 3080 1495 3149 Quia
1540 3080 1791 3137 diabolus
1828 3081 2060 3152 impellit

452 3174 672 3246 quidem
704 3175 907 3231 viribus
934 3174 1001 3231 ad
1021 3174 1262 3240 ruinam,
1293 3174 1391 3231 sed
1424 3181 1780 3245 posteaquam
1806 3182 2055 3245 prostra-

450 3269 610 3335 verit,
635 3267 986 3339 derelinquit;
1017 3267 1267 3324 diabolus
1288 3283 1393 3324 non
1424 3268 1616 3338 quzerit
1640 3267 1938 3334 hominem,
1961 3268 2058 3324 sed

449 3356 690 3416 hominis
717 3359 995 3415 interitum
1022 3360 1230 3429 qumrit.
1282 3357 1522 3423 Fratres,
1554 3359 1644 3415 ille
1672 3360 1831 3415 malis
1856 3361 2058 3417 nostris

451 3451 667 3521 gaudet,
702 3458 879 3522 turget
898 3451 1071 3508 ruinis
1102 3452 1321 3518 nostris,
1349 3453 1551 3509 nostris
1570 3452 1883 3510 vulneribus
1920 3469 2054 3511 con-

449 3544 699 3611 valescit,
732 3555 977 3600 nostrnm
1021 3546 1338 3615 sanguinem
1376 3546 1516 3611 sitit,
1562 3554 1751 3602 nostra
1779 3555 2057 3604 saturatur

450 3650 524 3690 ex
549 3650 745 3702 carne,
779 3636 979 3692 nostris
1008 3644 1034 3673 ι
1064 3636 1199 3692 vivit
1229 3652 1300 3693 ex
1344 3638 1632 3693 mortibus.
1664 3638 1920 3696 Diabolus
1955 3641 2056 3696 ho-

450 3729 653 3785 minem
674 3744 782 3783 non
809 3728 924 3784 vult
950 3727 1173 3796 habere,
1205 3728 1301 3785 sed
1320 3730 1566 3801 perdere.
1590 3729 1806 3799 Quare?
1827 3729 1963 3800 Quia
1986 3732 2054 3790 ad

451 3818 648 3876 malum
677 3820 820 3876 unde
841 3820 931 3876 ille
950 3820 1160 3887 cecidit,
1186 3837 1296 3877 non
1324 3822 1463 3890 vult,
1492 3838 1601 3879 non
1629 3821 1751 3891 fert,
1783 3840 1891 3880 non
1913 3826 2055 3897 pati-

451 3920 541 3967 tur
582 3911 859 3968 hominem
912 3913 1214 3984 pervenire.
1264 3912 1333 3970 Et
1358 3914 1485 3985 quia
1524 3931 1624 3973 nos
1669 3932 1849 3974 sermo
1889 3918 2055 3974 trahit

451 4003 667 4073 longius
703 4003 883 4070 hodie,
919 4003 1127 4075 reliqua
1167 4004 1499 4072 diﬁ‘eramus,
1526 4014 1585 4063 ut
1614 4016 1670 4065 et
1708 4025 2049 4066 communem

451 4095 758 4151 relevemus
784 4095 1049 4161 laborem,
1083 4105 1139 4152 et
1164 4112 1287 4168 qua:
1317 4097 1544 4155 dicenda
1572 4108 1698 4159 sunt
1726 4101 1937 4172 plenius
1956 4117 2053 4158 ex-

452 4200 757 4256 sequamur.
791 4186 935 4244 Deus
973 4195 1154 4243 autem
1195 4197 1382 4245 noster
1417 4198 1473 4246 et
1507 4191 1639 4248 mihi
1679 4191 1891 4248 dicendi
1923 4208 2049 4264 gra-

452 4278 610 4345 tiam,
668 4287 725 4334 et
775 4280 931 4336 vobis
994 4281 1247 4337 audiendi
1308 4282 1637 4341 desiderium
1700 4285 1908 4343 donare
1969 4287 2051 4342 di-

453 4378 665 4438 gnetur.

1017 4442 1251 4501 SERMO
1281 4443 1484 4502 XCVII.

1098 4536 1181 4593 De
1207 4538 1407 4594 eadem.

524 4642 662 4713 Quia
691 4646 917 4704 festinus
945 4650 1177 4707 antehac
1205 4666 1385 4709 sermo
1402 4694 1417 4719 ,
1450 4661 1509 4708 ut
1535 4669 1877 4712 communem
1907 4664 2045 4712 tem-

449 4746 670 4809 peraret
713 4739 983 4809 laborem,
1026 4742 1095 4798 ad
1137 4751 1309 4800 totum
1354 4746 1627 4821 -abol:c
1668 4750 2048 4820 praetereuntis

449 4843 559 4884 non
587 4829 756 4885 valuit
801 4832 1083 4902 pervenire
1124 4843 1427 4903 secretum,
1459 4853 1603 4894 nunc
1648 4838 1890 4909 reliqua,
1933 4838 2046 4897 Do-

449 4921 600 4976 mino
642 4923 948 4991 revelante,
985 4925 1302 4997 pandamus.
1348 4927 1662 5000 Proposuit,
1706 4930 1907 5000 inquit,
1938 4932 2046 4988 illis

448 5015 773 5087 parabolam,
807 5017 982 5073 dicens
1009 5036 1021 5072 :
1048 5019 1232 5074 Simile
1250 5030 1327 5075 est
1346 5037 1560 5094 regnum
1582 5021 1822 5077 ctelorum
1848 5023 2047 5079 homini

446 5107 536 5179 qui
564 5109 835 5164 seminavit
871 5109 1061 5166 bonum
1099 5128 1273 5167 semen
1305 5113 1361 5167 in
1398 5129 1527 5185 agro
1568 5130 1696 5181 suo;
1733 5131 1848 5169 cum
1877 5124 2049 5170 autem

446 5199 735 5257 dormirent
762 5201 1014 5270 homines,
1037 5205 1176 5259 venit
1203 5205 1447 5259 inimicus
1476 5205 1619 5277 ejus,
1655 5215 1707 5260 et
1733 5209 2048 5279 supersemi-

517 5348 545 5416 _‘
571 5339 671 5416 b_Is.
694 5338 927 5416 Casca,
958 5344 1158 5416 nostris
1177 5343 1453 5416 saginatur
1470 5360 1537 5398 ea:
1555 5345 1826 5400 mortibus.

476 5410 542 5487 ’,ξ’
572 5410 654 5469 Ex
694 5410 1045 5487 ιιιειηςὶιιειεη.Δ
1080 5410 1347 5487 ᾼιὶαεζ-ἱη
1383 5416 1663 5487 gramine;
1702 5417 1791 5487 cui
1824 5417 2040 5473 lectioni

443 5483 771 5557 adhaerendo
797 5483 923 5557 lita
957 5483 1149 5557 subdit
1182 5502 1196 5538 :
1226 5484 1283 5541 ιιι
1311 5483 1402 5540 est
1424 5486 1478 5541 in
1517 5486 1702 5552 herba,
1728 5486 1881 5557 juxta
1912 5486 2043 5543 illud

442 5553 596 5611 Isaia:
624 5570 761 5619 nn,
792 5553 918 5628 l5;
944 5553 1209 5628 Desertos,
1228 5557 1421 5628 faciam
1454 5568 1654 5612 montes
1691 5553 1745 5613 et
1780 5558 1956 5619 colles,
1991 5567 2043 5611 et

440 5641 596 5753 me
621 5641 836 5696 gramen
860 5626 1071 5682 illorum
1101 5625 1374 5683 miscebo
1403 5643 1422 5684 :
1449 5628 1503 5684 id
1530 5638 1631 5694 est,
1657 5644 1874 5684 omnem
1908 5629 2038 5684 her-

518 5779 542 5807 ο
569 5764 631 5822 In
658 5767 892 5839 quadam
910 5768 1296 5826 constitutione
1318 5768 1580 5826 Manuelis
1593 5767 1877 5837 Comneni,
1895 5770 2038 5842 apud

2098 384 2153 443 Α
2177 380 2321 434 navit
2344 380 2547 434 simia
2576 379 2631 434 in
2660 380 2829 437 medio
2851 381 3029 449 tritici,
3050 390 3102 438 et
3128 382 3279 439 abiit.
3304 382 3428 441 Cum
3454 399 3609 450 autem
3621 398 3720 455 ιον.

2179 471 2369 527 mire,“
2410 469 2644 527 homines
2677 470 2898 546 (Matth.
2928 472 3065 545 nn).
3109 472 3399 547 Insidiator
3434 479 3484 536 in
3516 489 3721 551 noctibus

2178 563 2373 629 latitat,
2399 563 2453 619 in
2482 563 2674 621 diebus
2697 565 2982 637 vigilantes
3007 564 3164 638 fugit,
3189 571 3396 641 appetit
3414 571 3718 654 dormientes,

2176 655 2332 713 fortis
2357 655 2671 715 conﬂictum
2700 660 2868 731 petit,
2894 670 3160 732 provocat
3196 663 3377 735 palam
3404 676 3720 739 spectantibus

2176 751 2457 819 omnibus,
2496 760 2553 809 et
2587 768 2771 809 coram
2814 755 3029 826 populis
3064 756 3186 811 vult
3224 757 3425 817 habere
3459 763 3716 830 victoriam.

2175 842 2424 901 Maxima:
2468 846 2795 905 inﬁrmitatis
2844 848 3099 906 indicium
3140 859 3228 906 est
3267 851 3631 918 dormientibus
3662 865 3719 920 ἰι-

2173 939 2368 995 ruisse.
2400 939 2528 996 Cum
2556 952 2729 998 autem
2757 942 3044 1000 dormirent
3073 945 3344 1014 homines,
3367 950 3499 1005 venit
3525 953 3719 1014 inimicas

2174 1032 2307 1104 ejus.
2333 1030 2504 1089 Malus
2538 1050 2830 1107 numquam
2866 1053 2974 1094 non
2999 1040 3218 1096 stultus.
3247 1038 3388 1108 Quid
3413 1041 3496 1100 hic
3521 1046 3617 1116 egit
3639 1049 3719 1106 ini-

2175 1123 2383 1181 micus?
2415 1124 2548 1182 Esto
2573 1126 2720 1198 quod
2741 1127 3060 1185 dormierint
3085 1131 3263 1196 servi,
3298 1135 3542 1204 numquid
3567 1146 3616 1193 et
3634 1138 3718 1196 Do-

2174 1216 2354 1273 minus
2380 1217 2725 1275 dormiebat’?
2749 1219 2882 1277 Esto
2908 1221 3054 1291 quod
3086 1223 3281 1280 oculos
3303 1238 3568 1284 servorum
3591 1246 3719 1303 sopor

2173 1310 2430 1367 clauserit
2452 1318 2577 1383 post
2607 1311 2885 1379 laborem;
2918 1314 3179 1385 numquid
3203 1323 3260 1372 et
3286 1314 3595 1378 dominantis
3619 1340 3721 1383 ocu-

2174 1403 2256 1459 los
2307 1404 2416 1459 ulla
2463 1404 2672 1462 vicerat
2716 1405 3018 1462 lassitudo?
3070 1406 3327 1477 lnimice,
3377 1410 3505 1469 lucis
3542 1415 3716 1491 rciuga,

2172 1496 2436 1566 vigilasti,
2469 1497 2757 1563 laborasti,
2782 1498 2877 1555 sed
2900 1515 3010 1555 non
3039 1499 3248 1557 latuisti
3275 1519 3289 1555 :
3314 1517 3463 1572 nam,
3494 1505 3720 1568 dormien-

2173 1589 2317 1645 tibus
2351 1591 2556 1656 servis,
2596 1591 2859 1648 Dominus
2898 1592 3015 1664 ipse
3056 1602 3113 1648 te
3153 1593 3337 1663 videt;
3370 1596 3599 1656 desertor
3623 1605 3716 1663 cali

2173 1682 2515 1753 praevenisti,
2558 1681 2760 1749 fecisti,
2800 1682 2897 1741 sed
2938 1700 3046 1740 non
3094 1686 3393 1757 profecisti.
3439 1689 3545 1746 Deo
3577 1696 3718 1766 perire

2099 1771 2147 1832 B
2174 1791 2283 1831 non
2320 1782 2502 1846 potest
2543 1775 2688 1846 quod
2730 1777 2846 1848 ipse
2887 1777 3125 1833 custodit
3158 1796 3173 1832 :
3218 1777 3421 1836 fraudis
3456 1790 3638 1851 auctor,
3674 1787 3714 1844 in

2172 1866 2463 1922 Dominum
2502 1883 2611 1923 non
2639 1869 2962 1936 committis,
3001 1869 3098 1927 sed
3133 1871 3190 1926 in
3223 1887 3436 1941 servos,
3474 1874 3586 1931 dum
3614 1877 3715 1937 facis

2170 1968 2230 2016 ut
2258 1961 2597 2031 negligentiae
2622 1954 2839 2018 illorum
2867 1963 3015 2034 quod
3047 1972 3154 2019 tum
3187 1962 3391 2021 fraudis
3416 1973 3495 2022 est
3520 1969 3714 2028 ascriba-

2169 2060 2277 2108 tur.
2313 2051 2435 2119 ille,
2471 2052 2562 2109 ille
2586 2061 2643 2109 te
2672 2055 2846 2122 videt,
2876 2055 2971 2127 qui
2999 2056 3168 2113 totius
3197 2065 3254 2113 et
3283 2055 3477 2115 fraudis
3498 2061 3629 2117 testis
3650 2074 3713 2119 est

2170 2156 2226 2203 et
2258 2146 2478 2202 laboris.
2523 2146 2744 2205 Manent
2783 2163 2916 2220 ergo
2942 2148 3149 2206 laboris
3183 2152 3270 2208 sui
3304 2149 3502 2209 fructus
3531 2154 3710 2213 benefa-

2167 2238 2420 2304 cientem,
2454 2247 2678 2296 manent
2697 2248 2755 2296 et
2781 2242 3037 2312 nequitiis
3063 2258 3177 2299 suae
3201 2260 3377 2316 paena:
3398 2244 3708 2317 fraudantem;

2166 2328 2244 2383 illi
2285 2330 2522 2386 triticum
2556 2330 2625 2387 ad
2656 2330 2915 2389 horreum
2951 2334 3179 2391 cmleste
3215 2336 3527 2407 portabunt,
3560 2348 3609 2394 tu
3637 2341 3709 2397 tibi

2164 2422 2496 2478 zizaniorum
2525 2431 2741 2481 tuorum
2762 2426 3008 2497 portabis
3036 2426 3325 2485 fasciculos
3353 2430 3417 2485 ad
3438 2430 3707 2500 gehennam.

2163 2511 2295 2569 Cum
2316 2524 2486 2570 autem
2519 2515 2809 2573 dormirent
2839 2519 3074 2575 homines
3089 2562 3105 2585 ,
3129 2522 3270 2577 venit
3287 2522 3519 2578 inimicus
3536 2524 3655 2594 ejus,
3672 2534 3711 2580 et

2164 2611 2589 2681 superseminatvit
2617 2612 2842 2667 zizania.
2870 2610 2942 2668 Ut
2968 2613 3135 2683 quid?
3170 2611 3243 2669 Ut
3271 2616 3465 2685 periret
3487 2615 3707 2674 dominica

2160 2701 2383 2763 messis,
2424 2708 2481 2757 et
2521 2703 2627 2758 hoc
2664 2703 2731 2758 ad
2766 2703 2974 2760 lucrum
3013 2705 3147 2776 quid
3188 2707 3489 2778 pertinebat
3519 2707 3704 2775 inimici,

2160 2791 2267 2848 nisi
2306 2793 2450 2863 quod
2495 2794 2706 2850 invidiae
2743 2795 2966 2867 spiritus
3006 2797 3289 2854 hominum
3316 2798 3552 2855 damnum
3580 2816 3704 2857 suum

2162 2893 2442 2957 computat
2469 2886 2708 2953 lucrum,
2744 2895 2801 2943 et
2836 2888 2980 2959 quod
3014 2890 3243 2961 perierit
3278 2891 3590 2959 hominibus,
3622 2890 3703 2948 hoc

2160 2996 2221 3036 se
2251 2981 2483 3036 aestimat
2519 2982 2906 3052 acquisivisse?
2935 2982 3044 3040 Sed
3074 2985 3330 3041 diabolus
3367 2986 3465 3041 hoc
3503 2986 3628 3051 ideo,
3657 2994 3703 3041 ut

2160 3072 2424 3139 diximus,
2461 3074 2702 3131 tenebris
2739 3074 3040 3133 celantibus
3068 3085 3156 3133 est
3186 3077 3431 3140 molitus,
3457 3084 3513 3132 ut
3534 3074 3702 3131 adulte-

2084 3157 2131 3220 C
2161 3173 2291 3220 rata:
2317 3164 2508 3223 messis
2541 3182 2682 3223 noxa
2716 3167 3046 3225 redundaret
3070 3169 3141 3226 ad
3169 3185 3384 3236 servos,
3409 3176 3460 3224 et
3485 3168 3588 3223 hinc
3607 3181 3700 3238 pm-

2162 3272 2289 3312 nam
2321 3266 2626 3326 sumerent,
2658 3258 2802 3316 unde
2840 3269 3196 3332 speraverant
3231 3261 3477 3333 palmam.
3504 3258 3695 3327 Denique

2142 3350 2444 3421 vigilantes
2470 3353 2615 3408 servi
2644 3368 2755 3423 prae
2797 3353 3020 3423 timore,
3061 3355 3166 3410 ista
3203 3370 3303 3411 cur
3341 3352 3589 3410 evenerint
3620 3364 3698 3405 ex-

2159 3452 2460 3515 pavescunt
2492 3463 2504 3499 :
2534 3445 2644 3501 hoc
2677 3454 3013 3511 metuentes,
3047 3462 3117 3503 ne
3156 3446 3477 3503 zizaniorum
3502 3443 3697 3515 germina

2159 3536 2227 3592 ad
2272 3537 2486 3594 illorum
2533 3538 2776 3596 redirent
2814 3540 3105 3607 offensam,
3156 3555 3385 3612 quorum
3421 3534 3696 3595 conscientia

2158 3636 2355 3700 praeter
2386 3628 2593 3699 iactum
2638 3631 2771 3687 boni
2813 3632 3034 3688 seminis
3075 3631 3152 3688 nil
3194 3632 3444 3688 habebat.
3483 3627 3601 3684 Hinc
3635 3630 3698 3680 est

2158 3722 2304 3791 quod
2337 3721 2579 3778 auditum
2614 3724 2697 3780 sui
2727 3724 2932 3782 domini
2961 3733 3362 3798 przevenerunt,
3394 3741 3459 3781 ne
3480 3720 3630 3780 securi
3645 3717 3697 3774 de

2156 3814 2496 3883 innocentia,
2542 3825 2750 3873 reatum
2799 3818 2868 3876 de
2929 3819 3147 3877 silentio
3202 3820 3517 3877 sustinerent
3556 3834 3567 3869 :
3600 3826 3696 3869 cum

2156 3916 2385 3965 vocatur
2428 3910 2690 3967 innocens
2725 3911 2794 3968 ad
2829 3921 3069 3982 reatum,
3110 3913 3241 3970 dum
3283 3911 3490 3986 purgari
3524 3912 3693 3971 aestuat.

2156 4010 2312 4071 urget
2348 4011 2404 4057 et
2439 4003 2681 4058 stimulat
2717 4002 3074 4075 cognitorem.
3126 4004 3256 4062 Cum
3300 4013 3465 4060 autem
3503 3999 3697 4057 crevisset

2157 4093 2315 4148 herba
2351 4102 2402 4149 et
2437 4096 2662 4168 fructum
2701 4097 2934 4170 fecisset,
2971 4107 3118 4166 tunc,
3163 4098 3363 4169 inquit,
3400 4098 3697 4168 apparuerunt

2154 4195 2206 4238 et
2254 4186 2478 4240 zizania.
2529 4184 2687 4254 Quod
2734 4186 2869 4244 latet
2918 4188 2973 4244 in
3021 4189 3221 4255 herba,
3271 4185 3618 4244 manifestatur
3651 4180 3694 4235 in

2155 4280 2332 4352 spica;
2375 4289 2432 4337 et
2470 4281 2498 4321 ¹³
2542 4281 2689 4352 quod
2728 4283 2940 4340 celatur
2980 4284 3033 4339 in
3075 4285 3348 4355 germine,
3397 4279 3613 4352 aperitur
3648 4273 3689 4327 in

2153 4373 2333 4428 fructu
2364 4391 2377 4427 :
2410 4373 2489 4429 sic
2523 4387 2661 4443 quos
2691 4373 2976 4431 credentes
3002 4383 3256 4447 putamus
3280 4387 3460 4448 pares,
3493 4367 3584 4423 ﬁde
3606 4364 3693 4419 dis-

2154 4482 2317 4539 pares
2349 4466 2685 4534 invenimus,
2722 4468 2804 4524 sic
2827 4467 3018 4538 judicii
3044 4468 3226 4540 prodit
3254 4465 3439 4524 messis
3464 4458 3593 4534 quod
3612 4454 3694 4510 Ec-

2070 4548 2127 4611 D
2152 4557 2334 4613 clesia:
2371 4573 2593 4628 germen
2635 4559 2891 4616 occultat.
2921 4559 3084 4616 Juxta
3120 4560 3252 4617 illud
3274 4559 3466 4615 dictum
3493 4548 3692 4610 Domini-

2153 4666 2276 4706 cum
2295 4669 2309 4704 :
2330 4648 2413 4707 Ex
2433 4649 2694 4707 fructibus
2716 4667 2905 4709 eorum
2927 4654 3266 4724 cognoscetis
3285 4668 3379 4710 eos
3399 4640 3690 4724 (Nattam)-

2154 4741 2343 4800 Flores
2387 4745 2584 4810 multi,
2632 4745 3030 4802 multitudinem
3085 4747 3354 4804 fructuum
3397 4741 3690 4816 pollicentur,

2156 4835 2250 4891 sed
2280 4836 2571 4892 exanimati
2603 4844 2889 4893 ventorum
2929 4836 3139 4907 ﬂabris,
3178 4839 3248 4895 ad
3273 4837 3492 4893 fructum
3514 4825 3691 4904 paucis-

2156 4928 2278 4984 simi
2326 4937 2679 4998 perseverant
2732 4947 2745 4983 :
2797 4930 2876 4985 sic
2922 4931 3207 4987 credentes
3244 4931 3295 4985 in
3330 4926 3529 4984 Christo
3569 4914 3690 4974 mulli

2158 5016 2413 5076 Ecclesiae
2440 5020 2693 5077 videntur
2720 5022 2774 5077 in
2817 5036 2985 5094 pace;
3016 5021 3106 5078 ubi
3148 5032 3325 5079 autem
3354 5007 3690 5092 persecutionis

2155 5112 2393 5185 procella
2441 5114 2780 5184 perﬁaverit,
2824 5116 2983 5186 pauci
3029 5116 3271 5189 martyrii
3309 5111 3613 5183 reperiuntur
3645 5100 3685 5155 in

2156 5206 2352 5262 fructu.
2383 5204 2493 5262 Sed
2524 5217 2548 5247 ο
2585 5206 2886 5279 Euphemia
2916 5216 3104 5264 sancta
3137 5208 3258 5280 plus
3290 5204 3445 5262 solvit
3470 5201 3520 5257 in
3546 5195 3687 5253 frusta

2148 5343 2430 5400 Suicerum
2468 5343 2629 5400 Thes.
2667 5342 2874 5400 Eccles.
2906 5352 3039 5417 tom.
3073 5345 3139 5413 ll,
3172 5360 3293 5417 pag.
3315 5339 3400 5417 25,
3430 5338 3482 5417 ἐξ.
3508 5328 3682 5417 Eupbf:

2146 5417 2255 5470 mia
2280 5423 2507 5495 γοοεμιιιι·
2529 5417 2914 5495 haliaeetus
2944 5415 3026 5495 ita
3051 5408 3195 5495 ερίεπὶ
3224 5408 3390 5495 (ἕνεςὲ
3419 5408 3681 5495 ille”???

2147 5485 2416 5541 vocabant
2446 5481 2822 5541 fetninas'ill'as
2841 5481 2940 5557 pro
2967 5485 3269 5544 Christiana
3298 5483 3534 5557 religione
3553 5481 3678 5557 p19:

2144 5563 2255 5611 tem
2298 5565 2640 5626 oppetentes.
2686 5558 2761 5613 De
2806 5543 2872 5614 ea
2917 5543 3163 5616 meminit
3202 5543 3444 5613 Paulinus
3482 5543 3679 5603 Nolanus

2139 5625 2449 5697 poema’26.
2480 5642 2604 5697 pag.
2632 5628 2738 5683 6'58
2769 5647 2784 5683 :

2272 5717 2332 5787 Et
2354 5730 2466 5781 qua
2490 5716 2778 5787 Chalcidicis
2798 5720 3070 5782 Euphemia
3093 5731 3274 5787 martyr
3292 5720 3335 5769 in
3359 5716 3468 5775 οῖ’ἱεο

2268 5780 2441 5841 Signat
2463 5781 2691 5842 virgineo
2709 5780 2955 5835 sacratum
2974 5780 3378 5847 sangume'litlus.
