3882 6356
121 351 210 411 175
1495 348 1622 405 SER
1629 347 1671 404 III

1780 349 1984 407 (CVIII.

3269 359 3376 426 474

122 463 582 540 quampromisitin
597 463 748 531 flore;
765 479 904 536 quae,
921 474 1176 521 manente
1193 465 1513 536 virginitatis
1527 462 1679 533 llore,
1709 468 1761 529 Α
1787 477 2052 538 quantum
2083 469 2306 540 singulis
2342 474 2691 546 scientiarum
2724 475 2950 547 largitor
2980 475 3235 534 indulsit?
3263 473 3374 538 Sed

122 560 370 633 copiosum
402 560 644 633 martyrii
673 561 920 632 pervenit
944 559 1011 616 ad
1040 558 1292 617 fructum.
1318 561 1678 628 Accesserant,

125 653 297 725 inquit,
326 653 456 708 servi
485 654 906 726 patrisfamilias,
951 653 1178 710 dicentes
1200 655 1266 709 ei.
1300 653 1677 723 Accesscrunt,

124 749 314 812 fratres,
357 755 537 800 mente
585 762 693 801 non
739 762 1001 818 corpore;
1056 762 1164 802 non
1206 746 1360 814 loco,
1406 747 1502 804 sed
1543 747 1678 816 ﬁde;

125 843 341 896 dixerunt
380 853 487 892 non
523 838 760 894 clamore
789 839 968 906 vocis,
1011 839 1106 894 sed
1140 838 1319 894 cordis
1354 840 1518 895 tacito
1557 827 1679 896 cum

124 935 281 990 dolore
305 953 316 986 :
341 931 594 999 Domine,
640 950 814 989 nonne
862 933 1048 989 bonum
1096 949 1268 989 semen
1315 935 1584 988 seminasti
1625 935 1681 988 in

125 1044 228 1100 agro
247 1027 361 1082 tuo?
389 1025 676 1082 Seminasti
694 1069 708 1092 ,
749 1045 856 1084 non
885 1029 1270 1084 seminavimus
1303 1047 1316 1083 :
1359 1040 1383 1066 ⁸
1407 1045 1508 1085 nos
1535 1028 1682 1099 quod

123 1119 329 1193 perfecte
381 1117 634 1188 facimus,
687 1120 782 1175 tibi
837 1136 1052 1192 semper
1104 1130 1293 1178 nostro
1345 1122 1682 1191 assignamur

125 1213 317 1275 auctori,
346 1219 400 1268 et
423 1220 481 1268 tu
503 1213 558 1267 in
587 1213 650 1269 iis
671 1228 793 1283 quae
819 1213 974 1269 nobis
1004 1211 1247 1270 facienda
1268 1213 1534 1284 praecipis,
1565 1213 1680 1284 ipse

108 1315 342 1378 operator
379 1306 604 1361 assistis.
648 1304 790 1376 Ergo
837 1307 883 1362 si
921 1323 1021 1364 nos
1061 1306 1242 1378 operis
1278 1307 1355 1360 tui
1389 1304 1520 1362 facis
1559 1320 1680 1360 esse

123 1416 204 1470 pro
229 1408 307 1454 tua
337 1398 648 1468 dignatione
682 1409 997 1468 consortes,
1035 1416 1145 1456 non
1185 1399 1343 1456 nobis
1370 1399 1501 1455 solis
1533 1397 1680 1470 quod

124 1495 291 1550 zizania
331 1504 626 1551 nascuntur
665 1496 922 1552 ascribas.
957 1495 1202 1561 Domine,
1244 1503 1337 1550 aut
1365 1503 1542 1550 tecum
1582 1509 1680 1549 nos

123 1588 264 1642 munit
287 1587 618 1652 innocentia,
664 1597 758 1643 aut
794 1589 1075 1645 nobiscum
1115 1596 1170 1644 te
1207 1596 1391 1644 reatus
1431 1587 1676 1655 attingit;

123 1697 202 1736 nos
243 1688 419 1735 nostro
459 1681 613 1751 operi
666 1697 773 1736 non
831 1681 1107 1752 potuimus
1148 1680 1423 1746 invidere,
1469 1678 1679 1748 magnis

121 1775 365 1832 sudoribus
417 1773 680 1831 offensam
723 1791 830 1831 non
894 1775 1169 1846 potuimus
1224 1787 1572 1844 comparare;
1621 1780 1678 1828 tu

1785 563 1936 630 dicis,
1976 563 2092 622 Iloc
2125 566 2395 624 occultum
2426 569 2501 625 nil
2535 578 2673 637 erat,
2709 569 2784 626 nil
2817 579 2936 627 erat
2973 569 3046 626 ibi
3079 570 3369 642 occultum,

1781 657 1998 728 quando
2017 657 2161 715 aliud
2186 659 2469 718 videbatur
2498 661 2552 718 in
2584 663 2784 734 specie,
2816 663 2962 719 aliud
2989 663 3290 720 habebatur
3316 665 3371 722 in

1783 748 1948 818 ﬂore;
1987 759 2042 807 et
2081 751 2225 822 quod
2258 753 2418 809 hodie
2447 762 2565 809 erat
2609 755 2847 823 zizania,
2883 770 3005 812 cras
3043 755 3097 811 in
3131 756 3370 812 triticum

1781 844 2092 901 vertebatur
2115 864 2129 899 :
2153 845 2232 902 sic
2255 845 2417 903 hodie
2437 847 2668 904 habetur
2687 847 2988 914 haereticus,
3019 849 3111 919 qui
3133 849 3370 906 crastina

1784 935 1844 991 ﬁt
1891 933 2093 1004 ﬁdelis;
2130 945 2185 992 et
2221 938 2313 1008 qui
2351 938 2420 994 ad
2457 953 2694 1010 praesens
2720 948 2976 1011 peccator
3009 941 3264 1006 cernitur,
3301 939 3370 997 ad

1781 1027 2018 1084 futurum
2050 1029 2226 1099 justus
2266 1031 2484 1086 assistit.
2522 1029 2659 1088 Hinc
2695 1039 2779 1088 est
2807 1031 2970 1088 etiam
2995 1031 3138 1102 quod
3179 1041 3370 1089 auctor

1782 1129 2010 1193 utraque
2042 1120 2312 1179 referebat
2343 1123 2411 1178 ad
2445 1139 2695 1192 messem,
2727 1123 2780 1180 id
2811 1131 2910 1189 est,
2936 1138 3106 1194 usque
3136 1123 3202 1179 ad
3225 1124 3368 1194 judi-

1781 1216 1924 1271 cium
1966 1215 2160 1271 divinaa
2205 1217 2480 1288 patientiae
2527 1231 2639 1274 suac
2679 1225 2735 1272 et
2785 1226 2984 1274 nostrae
3036 1217 3367 1288 prrnitentiae

1780 1317 2022 1380 tempus,
2061 1317 2122 1364 ut
2159 1309 2250 1380 qui
2290 1309 2357 1366 de
2388 1325 2447 1366 se
2479 1310 2625 1366 malo
2651 1310 3000 1366 commutarit
3039 1310 3108 1366 ad
3140 1311 3364 1377 bonum,

1781 1403 2118 1459 Dominicum
2139 1402 2435 1474 deputetur
2453 1404 2507 1458 in
2538 1403 2790 1470 triticum,
2823 1403 3132 1460 caelestibus
3156 1404 3367 1461 horreis

1781 1495 2183 1567 aggregandus;
2219 1495 2311 1566 qui
2343 1510 2402 1552 se
2438 1495 2506 1552 de
2536 1495 2678 1552 ﬁdeli
2718 1495 2904 1552 fecerit
2938 1493 3239 1562 inﬁdelem,
3274 1509 3367 1566 ge-

1779 1589 1973 1646 hennae
2003 1588 2290 1660 deputetur
2322 1587 2590 1645 incendio.
2625 1587 2694 1643 Et
2729 1587 2857 1658 quid
2899 1588 3089 1660 plura?
3125 1585 3182 1644 Si
3222 1587 3359 1644 ziza-

1781 1680 1886 1737 niis
1907 1696 2014 1736 non
2039 1679 2137 1736 Dei
2172 1679 2429 1751 patientia
2462 1679 2791 1744 subveniret,
2824 1693 2924 1734 nec
2955 1677 3262 1734 Mattbaeum
3298 1679 3368 1735 de

1781 1772 2078 1828 Publicano
2107 1770 2510 1841 evangelistam,
2544 1785 2646 1826 nec
2669 1767 2896 1825 Paulum
2921 1769 2989 1825 de
3017 1778 3366 1842 persecutore

120 1868 235 1940 quod
270 1868 374 1935 vis,
412 1867 559 1922 unde
585 1868 694 1932 vis,
727 1866 946 1938 quando
975 1866 1088 1932 vis,
1121 1865 1322 1934 habes;
1355 1880 1454 1920 nos
1480 1871 1679 1936 praeter
1709 1867 1754 1928 Β
1781 1867 2083 1939 apostolum
2154 1864 2392 1921 Ecclesia
2458 1863 2780 1936 possideret.
2836 1861 3076 1932 Denique
3128 1860 3366 1918 Ananias

120 1970 238 2014 tuam
261 1959 482 2030 gratiam
522 1959 596 2013 nil
625 1959 914 2024 habemus,
945 1974 1046 2030 per
1077 1973 1238 2029 quam
1270 1966 1504 2025 stamus,
1551 1958 1674 2014 vivi-

119 2067 224 2117 mus,
253 2067 504 2106 movemur
528 2061 580 2105 et
610 2069 785 2106 sumus
822 2049 958 2124 (Act.
988 2049 1137 2120 xvn),
1176 2059 1232 2106 et
1258 2051 1378 2107 sine
1396 2065 1503 2120 qua
1520 2049 1673 2121 jace-

119 2160 229 2208 mus,
262 2141 535 2200 deﬁcimus
568 2153 623 2199 et
650 2144 907 2215 perimus.
946 2142 1087 2213 Ergo
1125 2159 1226 2200 nos
1260 2143 1376 2199 haec
1405 2143 1564 2199 nobis
1595 2142 1676 2198 sic

120 2236 462 2302 laboravimus,
489 2245 552 2292 ut
591 2237 875 2307 perirent?
915 2235 1022 2292 Sed
1054 2236 1177 2306 quis
1208 2237 1314 2292 hoc
1343 2234 1550 2301 fecerit,
1582 2235 1675 2305 qui

120 2330 236 2384 solus
265 2343 368 2383 non
395 2327 621 2394 dormis,
660 2330 816 2384 nobis
854 2329 1262 2395 dormientibus,
1296 2336 1354 2383 tu
1381 2327 1594 2394 vidisti;
1620 2334 1676 2382 et

121 2425 216 2478 situ
247 2422 442 2487 vidisti,
476 2421 624 2491 juste
657 2419 832 2478 Judex
864 2421 1096 2494 (factum
1127 2421 1248 2491 quis
1282 2422 1422 2478 scit?
1458 2421 1548 2476 ille
1581 2421 1674 2490 qui

120 2517 298 2592 vigilat,
340 2531 448 2570 non
492 2516 582 2572 ille
625 2517 718 2586 qui
767 2517 968 2571 dormit
1013 2515 1140 2589 (Ps.
1184 2515 1392 2587 cxm),
1441 2529 1572 2586 ergo
1617 2522 1677 2571 tu

123 2607 255 2678 prode
279 2622 432 2674 eum,
468 2618 526 2662 ut
561 2623 658 2662 nos
684 2623 822 2678 quos
853 2609 932 2665 sic
964 2609 1154 2665 anxios
1179 2609 1464 2680 conspicis,
1507 2605 1674 2664 facias

121 2701 180 2756 sic
200 2714 424 2756 securos.
475 2700 564 2754 Ait
600 2700 870 2767 dominus,
915 2700 1167 2756 Inimicus
1211 2701 1364 2756 homo
1403 2701 1500 2756 hoc
1528 2701 1669 2772 fecit.

120 2793 332 2848 Inimicus
362 2793 530 2849 homo
552 2794 656 2849 hoc
679 2792 836 2861 fecit;
874 2801 928 2849 et
958 2801 1016 2850 tu
1043 2810 1213 2864 quare
1233 2795 1337 2850 hoc
1363 2809 1488 2851 cum
1518 2792 1673 2849 vide-

121 2901 212 2952 res,
245 2885 490 2952 Domine,
534 2885 864 2956 permisisti?
897 2884 1109 2953 Quare?
1138 2885 1272 2953 Quia
1303 2887 1494 2942 timere
1528 2884 1674 2941 frau-

121 2978 196 3033 des
242 2993 337 3032 non
393 2985 602 3048 potest,
648 2977 732 3032 cui
773 2977 848 3032 nil
893 2986 1072 3049 potest
1123 2977 1403 3049 deperire;
1444 2985 1500 3034 et
1547 2979 1674 3048 quia

121 3077 143 3116 δ
154 3079 252 3149 plus
269 3088 344 3135 est
357 3079 523 3134 mixta
541 3079 849 3137 discernere
863 3095 1024 3149 quam
1045 3066 1334 3150 prohibere
1361 3078 1670 3146 mixturam,

120 3180 264 3249 majus
286 3189 365 3236 est
394 3195 655 3251 reparare
685 3181 892 3250 perdita
919 3194 1080 3250 quam
1114 3179 1277 3234 illaasa
1312 3194 1565 3246 servare;
1595 3179 1672 3234 si-

123 3271 209 3326 mul
237 3274 349 3342 quia
387 3280 608 3343 oportet
657 3272 860 3327 zizania
895 3287 1047 3336 esse,
1088 3272 1258 3340 utqui
1291 3270 1507 3341 probati
1547 3278 1675 3326 sunt
1701 3253 1747 3316 C

122 3365 354 3422 manifesti
376 3367 506 3422 ﬁant
530 3366 572 3439 (I
594 3364 714 3422 Cor.
741 3365 839 3437 ιι).
867 3365 1013 3421 Servi
1035 3374 1205 3420 autem
1227 3364 1470 3419 dixerunt
1487 3365 1554 3431 ei,
1584 3363 1674 3419 Vis

120 3459 235 3512 imus
259 3470 302 3512 et
335 3459 618 3531 colligimus
648 3460 851 3513 zizania
871 3459 896 3512 .9
916 3459 1008 3514 Sic
1032 3457 1214 3513 devoti
1251 3458 1394 3515 servi
1436 3456 1674 3514 indefes-

121 3564 226 3602 sum
266 3551 571 3619 promittunt
615 3549 890 3614 laborem,
936 3563 1037 3604 nec
1072 3549 1350 3619 patiuntur
1381 3547 1676 3605 Dominicae

122 3641 287 3697 messis
324 3640 503 3697 videre
553 3641 638 3696 vel
685 3641 1058 3711 temporaliter
1092 3637 1399 3706 feditatem;
1435 3639 1530 3694 sed
1563 3639 1675 3695 Do-

122 3730 285 3797 minus,
308 3745 466 3802 quem
496 3739 740 3802 tempora
772 3747 882 3786 non
921 3729 1176 3800 fatigant,
1209 3739 1266 3786 et
1301 3730 1519 3801 quando
1562 3731 1678 3786 vult

121 3833 269 3894 potest
297 3825 513 3881 abolere
541 3840 652 3881 suae
693 3825 886 3880 messis
922 3824 1198 3896 injuriam,
1237 3831 1385 3880 vetat
1408 3823 1672 3880 dicendo:

122 3914 239 3969 Non.
282 3915 347 3972 Et
381 3933 553 3987 quare
593 3917 932 3988 prohibuerit
977 3933 1105 3973 mox
1146 3917 1370 3974 revelat.
1422 3915 1507 3972 Ne
1545 3920 1678 3988 forte

121 4009 380 4082 colligentes
423 4012 662 4076 zizania,
705 4011 979 4066 eradicetis
1011 4011 1168 4065 simul
1202 4027 1317 4066 cum
1351 4012 1424 4065 eis
1459 4019 1509 4065 et
1545 4011 1678 4065 triti-

122 4121 223 4159 cum.
264 4104 352 4160 Sic
385 4105 624 4176 imperiti
656 4113 815 4160 erant
851 4105 1119 4170 cultores,
1151 4105 1230 4160 sic
1257 4105 1440 4175 operis
1487 4104 1674 4172 nescii,

121 4197 178 4251 sic
193 4197 528 4253 discretionis
555 4197 839 4255 scientiam
863 4213 972 4251 non
993 4197 1274 4262 habentes,
1298 4205 1358 4251 ut
1383 4197 1679 4252 evellentes

121 4289 306 4356 inania,
335 4288 680 4344 eradicarent
711 4296 766 4344 et
794 4288 1069 4343 triticum?
1107 4286 1207 4343 Ubi
1241 4295 1367 4342 sunt
1398 4287 1679 4359 prophetae

120 4394 194 4448 per
216 4380 301 4436 Dei
335 4381 584 4453 spiritum
606 4381 1033 4451 prophetantes?
1057 4378 1157 4435 Ubi
1187 4379 1381 4435 Petrus
1405 4380 1491 4436 cui
1517 4377 1680 4434 Pater

121 4471 288 4528 revelat
327 4472 556 4546 (Matth.
599 4472 759 4542 xvi)?
801 4470 904 4527 Ubi
945 4470 1145 4528 Paulus
1183 4473 1237 4526 in
1274 4487 1383 4542 quo
1421 4480 1678 4544 operatur

122 4559 232 4630 (Gal.
259 4563 316 4633 ιι)
347 4572 404 4620 et
441 4562 681 4633 loquitur
711 4561 777 4634 (Il
804 4562 922 4618 Cor.
960 4562 1073 4635 xm)
1105 4561 1387 4619 Christus?
1427 4563 1528 4620 Ubi
1561 4580 1678 4620 om-

1777 1960 2054 2016 eradicare
2083 1958 2316 2014 triticum
2342 1965 2470 2012 tunc
2494 1957 2788 2026 quaerebat,
2811 1952 3024 2025 quando
3053 1952 3120 2009 ad
3143 1951 3365 2008 Saulum

1775 2055 1988 2119 missus,
2020 2053 2088 2109 de
2121 2051 2289 2107 Paulo
2322 2051 2449 2106 talia
2478 2050 2806 2121 querebatur
2836 2067 2849 2102 :
2877 2047 3136 2113 Domine,
3162 2053 3364 2116 quanta

1775 2147 1916 2201 mala
1937 2143 2064 2201 fecit
2082 2142 2280 2199 sanctis
2301 2142 2406 2197 tuis
2429 2141 2566 2214 (Act.
2599 2140 2674 2208 ix)
2695 2139 2708 2193 l
2734 2139 2840 2194 hoc
2860 2145 2960 2204 est,
2985 2136 3200 2192 eradica
3219 2135 3362 2191 ziza-

1777 2240 1896 2306 nia;
1934 2237 2062 2308 quid
2103 2237 2172 2293 ad
2209 2237 2393 2308 lupum
2423 2235 2579 2290 ovis?
2611 2233 2741 2304 quid
2776 2232 2845 2288 ad
2870 2240 3240 2287 contumacem
3270 2230 3365 2286 de-

1775 2329 1968 2386 votus?
1987 2327 2115 2398 quid
2135 2327 2204 2384 ad
2225 2334 2627 2399 persecutorem
2649 2325 2770 2380 talis
2795 2323 3117 2395 praedicator
3137 2322 3366 2378 missus?

1775 2420 1881 2477 Sed
1911 2436 2032 2477 cum
2069 2419 2308 2474 Ananias
2335 2417 2544 2473 videret
2577 2415 2817 2482 Saulum,
2855 2412 3080 2470 Paulum
3106 2413 3366 2468 Dominus

1774 2523 1904 2571 tunc
1946 2513 2196 2579 videbat;
2237 2527 2360 2568 cum
2406 2509 2640 2565 Ananias
2682 2515 3082 2580 persecutorem
3126 2504 3361 2574 diceret,

1776 2616 1906 2664 tunc
1949 2606 2208 2663 Dominus
2261 2603 2670 2674 praedicatorem
2715 2599 2957 2666 sciebat;
3008 2605 3064 2653 et
3100 2611 3221 2654 cum
3272 2595 3363 2652 iIle

1775 2715 1900 2756 eum
1927 2698 2131 2754 zizania
2151 2696 2418 2768 judicaret
2451 2692 2662 2759 inferni,
2685 2691 2930 2747 Christus
2963 2706 3088 2747 eum
3120 2705 3217 2744 vas
3240 2688 3354 2746 ele-

1775 2791 1988 2855 ctionis,
2012 2790 2248 2846 triticum
2273 2788 2328 2844 in
2343 2787 2548 2844 caelesti
2572 2787 2767 2842 horreo
2793 2787 2895 2852 fam
2911 2783 3168 2856 ponebat.
3191 2780 3356 2849 Vade,

1777 2882 1970 2953 inquit,
2001 2883 2123 2956 quia
2149 2899 2238 2937 vas
2266 2881 2528 2937 electionis
2556 2888 2634 2934 est
2660 2878 2788 2934 mihi
2813 2889 2856 2931 ο.

2298 2993 2531 3052 SERMO
2566 2991 2794 3048 XCVIII.

2161 3086 2242 3142 De
2275 3085 2530 3158 parabola
2565 3085 2717 3158 grani
2755 3083 2966 3155 sinapis.

1848 3180 2085 3237 Audistis
2113 3178 2294 3243 hodie,
2319 3177 2530 3244 fratres,
2553 3174 3004 3246 quemadmodum
3025 3185 3196 3244 grano
3216 3172 3360 3228 sina-

1775 3279 1860 3350 pis
1885 3285 1998 3331 tota
2036 3273 2191 3344 regni
2218 3272 2453 3329 cmlestis
2473 3277 2784 3341 comparata
2819 3275 2902 3324 est
2939 3264 3267 3338 magnitudo.
3291 3263 3360 3322 Et

1775 3369 1906 3439 quid
1933 3374 2016 3424 est
2045 3365 2191 3436 quod
2218 3371 2542 3436 potestatem
2582 3370 2805 3426 tantam,
2836 3361 2916 3418 sic
2944 3374 3127 3431 parva,
3158 3357 3236 3414 sic
3258 3358 3360 3414 mi-

1776 3460 1940 3526 nima,
1958 3459 2123 3513 immo
2143 3457 2484 3512 minit'norum
2505 3455 2726 3510 minima
2745 3452 3036 3509 similitudo
3056 3451 3360 3508 concludit?

1776 3551 1867 3608 Sic
1897 3550 2042 3606 enim
2077 3550 2153 3604 ait
2181 3548 2436 3604 Dominus
2461 3565 2475 3601 :
2506 3544 2600 3602 Cui
2620 3547 2788 3602 simile
2813 3555 2890 3600 est
2918 3560 3131 3617 regnum
3155 3541 3291 3598 Dei?
3310 3549 3361 3596 et

1777 3645 1859 3699 cui
1889 3644 2058 3698 simile
2089 3640 2354 3697 aestimabo
2379 3639 2512 3694 illud
2541 3637 2690 3705 (Luc.
2722 3639 2874 3708 xui)?
2903 3633 3038 3691 Cum
3071 3633 3238 3690 dicit:
3265 3631 3360 3688 Cui

1776 3745 1853 3791 est
1879 3735 2064 3801 simile,
2101 3733 2254 3804 quasi
2288 3731 2580 3803 quaerentis
2618 3729 2821 3786 indicat
2851 3736 2908 3784 et
2931 3727 3182 3800 producit
3225 3725 3359 3783 alle-

1777 3836 1942 3884 ctum.
1975 3825 2044 3881 Et
2088 3827 2179 3882 ille
2225 3826 2373 3882 solus
2413 3823 2669 3889 Verbum,
2711 3821 2950 3878 scientiae
2980 3819 3120 3888 fons,
3150 3819 3361 3877 dicendi

1777 3919 1996 3987 ﬁumen,
2027 3919 2121 3989 qui
2147 3919 2386 3974 omnium
2408 3915 2570 3972 corda
2594 3916 2752 3985 rigat,
2783 3929 2972 3970 sensus
2995 3913 3185 3984 aperit,
3213 3913 3362 3982 inge-

1779 4015 1926 4069 nium
1954 4014 2172 4079 dilatat,
2203 4013 2257 4068 in
2287 4011 2606 4067 invenienda
2645 4008 2993 4064 similitudine
3030 4023 3172 4063 nunc
3211 4006 3362 4062 labo-

1777 4107 1896 4161 rat?
1918 4104 2026 4161 Sed
2057 4105 2184 4175 quid
2213 4104 2478 4160 invenerit
2507 4101 2804 4157 audiamus.
2830 4100 3014 4156 Simile
3040 4109 3136 4164 est,
3168 4099 3358 4168 inquit,

1777 4213 1993 4269 regnum
2030 4197 2271 4251 caelorum
2311 4210 2474 4267 grano
2511 4194 2724 4261 sinapis.
2761 4189 3017 4257 Quaerenti
3053 4189 3106 4243 in
3135 4188 3274 4244 c0310
3307 4195 3362 4243 et

1779 4290 1834 4344 in
1862 4297 2026 4355 terra,
2063 4287 2136 4342 nil
2165 4287 2370 4341 invenit
2407 4284 2509 4340 nisi
2539 4297 2764 4354 granum
2792 4281 3015 4352 sinapis,
3047 4280 3102 4334 in
3129 4295 3237 4350 quo
3263 4294 3355 4350 po-

1778 4382 2002 4436 tentiam
2056 4385 2224 4433 totam
2272 4391 2519 4449 supernas
2557 4373 2939 4432 dominationis
2982 4371 3252 4438 includat;
3308 4378 3362 4427 et

1780 4471 1909 4527 illud
1945 4484 2169 4540 regnum
2209 4469 2582 4540 singularitate
2618 4476 2844 4539 potens,
2880 4465 3184 4522 aeternitate
3214 4463 3358 4528 felix,

1778 4562 2056 4620 divinitate
2081 4559 2308 4630 fulgens,
2343 4557 2594 4616 diﬁ‘usum
2631 4565 2748 4614 toto
2775 4557 2932 4624 coelo,
2966 4563 3077 4611 tota
3107 4567 3249 4611 terra
3277 4554 3361 4610 di-

120 4673 193 4713 nes
213 4659 394 4726 sancti,
426 4657 590 4729 plane
622 4657 813 4724 sancti,
851 4655 948 4713 sed
981 4657 1142 4723 servi,
1176 4665 1384 4712 tantum
1414 4659 1665 4724 scientes,
1697 4649 1749 4710 D
1773 4655 2026 4719 latatum,
2082 4655 2136 4709 in
2180 4653 2335 4722 grani
2365 4652 2569 4725 sinapis
2605 4658 2850 4708 coarctat
2876 4658 2934 4707 et
2960 4646 3232 4706 concludit
3263 4661 3360 4702 an-

119 4885 444 4947 Chalcidicum
474 4889 564 4943 hic
590 4894 673 4942 est
690 4884 1056 4940 Chalcidonia.
1089 4882 1418 4940 Chalcidone
1445 4883 1589 4938 enim
1615 4883 1671 4938 in

120 4957 346 5032 Bithynia,
379 4975 488 5032 non
528 4957 801 5032 Chalcidis
829 4957 880 5011 in
902 4954 1114 5032 Euboea
1145 4971 1313 5032 passa
1343 4954 1670 5032 est__Euphe-

119 5025 228 5084 mia:
272 5025 343 5087 Ita
383 5030 640 5086 Sidonius
689 5042 855 5097 carm.
899 5025 935 5079 ἓ
961 5025 1159 5097 panng
1192 5026 1464 5097 Anthemii
1508 5040 1672 5096 agens

119 5099 178 5182 de.
219 5101 540 5228 Btyzanthio,
601 5098 688 5155 cui
735 5096 910 5152 Eurus
957 5094 988 5152 ἐι
1035 5094 1281 5168 proxima
1328 5094 1672 5153 Chalcedone

119 5185 232 5228 sutra
281 5192 294 5227 :

167 5185 257 5228 trat
281 5192 294 5227 ε

119 5185 164 5240 sp
212 5273 433 5325 Proxima
451 5272 738 5325 Chalcidicis
758 5273 942 5321 sensim
967 5271 1085 5321 tuba
1107 5276 1355 5334 temperat
1378 5269 1512 5320 Euri.

116 5375 174 5433 De
196 5377 504 5451 Euphemiai
520 5357 1123 5451 meiminereizinnodius
1161 5376 1304 5451 apud
1329 5374 1672 5451 Sirmondum

119 5457 222 5522 tam.
247 5446 413 5522 l'pag.
446 5449 570 5517 “0,
603 5448 884 5522 hymni,”
914 5457 970 5504 et
1001 5463 1125 5522 pag.
1164 5446 1319 5522 illa,
1352 5463 1513 5522 nuim
1538 5447 1669 5522 ιω,

117 5519 187 5574 ubi
227 5516 338 5592 ejus
363 5516 950 5592 'Iegesepitaphium;
980 5516 1376 5592 Calendarium
1426 5516 1669 5592 Selileni,

115 5605 218 5661 pag.
242 5587 406 5660 I359;
437 5587 745 5648 Mediolane'
777 5606 836 5647 se
858 5589 999 5660 apud
1026 5589 1412 5661 Muratorium;
1429 5598 1483 5661 et
1502 5587 1673 5661 Fron-

117 5659 237 5736 tonis
272 5659 405 5736 pag._
431 5661 568 5729 229;
601 5664 669 5717 de
697 5678 801 5736 qua
848 5659 1013 5717 etiam
1054 5675 1360 5736 sermonem
1392 5659 1587 5736 habuit
1610 5659 1668 5715 S.

118 5729 664 5791 Asterius'Amasenae
709 5729 1011 5803 epiSCOpus.
1057 5730 1326 5803 Ravennae
1368 5729 1674 5803 fuitutem-

118 5805 244 5873 plum
303 5806 434 5862 divae
484 5799 796 5876 Euphemiae
844 5799 1087 5876 sacrum,
1141 5801 1306 5876 quod
1351 5799 1674 5872 Apollinaris

121 5872 376 5948 episcopus
413 5872 586 5945 longo
611 5874 942 5946 postliminio
978 5887 1226 5928 reversus
1268 5872 1368 5927 rite
1396 5888 1676 5928 consecra-

1781 4881 1894 4948 vit;
1943 4881 2124 4950 ibique
2165 4879 2301 4934 divae
2347 4876 2683 4950 iipsaua__ab
2725 4873 3052 4950 Hermacora
3098 4873 3355 4950 Aquileiae

1780 4945 2056 5027 episcopo,
2095 4950 2310 5027 diiique
2349 4945 2510 5027 Marci
2550 4947 2812 5027 discipulo
2853 4955 3071 5027 accepta
3100 4945 3358 5027 reposuit,

1781 5014 1920 5079 téste
1949 5014 2136 5078 Rubeo
2167 5014 2365 5074 lli'stor.
2394 5019 2658 5079 Ravenn.,
2687 5014 2746 5072 et
2773 5032 2841 5071 ex
2879 5030 2946 5070 eo
2989 5014 3276 5070 Bacchinio
3305 5016 3359 5070 in

1781 5093 1988 5164 Agnelli
2021 5091 2497 5164 Pontiﬁcali_tom.
2542 5085 3130 5164 lipag._l5l..__Pronum
3181 5090 3360 5164 autem

1783 5155 1866 5220 esvt
1907 5165 2128 5220 credere
2171 5163 2224 5217 in
2255 5162 2442 5217 eadem
2472 5155 2700 5216 ecclesia
2726 5156 2999 5212 homiliam
3027 5156 3168 5211 hanc
3209 5155 3360 5209 habi-

1785 5245 1892 5290 tam
1937 5234 2100 5306 l‘uisse
2139 5249 2169 5288 a
2209 5231 2562 5306 Chrysalogo.
2594 5230 2795 5306 Ibidem
2823 5229 2985 5306 enim,
3022 5242 3129 5281 non
3144 5226 3213 5306 _in
3243 5225 3361 5280 aliis

1781 5307 2024 5379 ecclesiis
2059 5297 2501 5379 Ravennaiibus,
2521 5301 2854 5379 habebantur
2896 5297 3068 5352 Missae
3095 5297 3162 5352 ad
3191 5310 3361 5379 popu-

1780 5378 1908 5442 lum,
1941 5378 1993 5432 id
2031 5384 2116 5432 est
2152 5376 2403 5431 solemnes
2430 5374 2484 5428 in
2523 5372 2716 5443 quibus
2745 5370 3030 5440 episcopus
3068 5370 3360 5424 concione-

1777 5449 1982 5603 ὗῗέυὲξ
2009 5533 2136 5573 mss.
2161 5515 2367 5575 Cmsen.
2393 5523 2448 5571 et
2466 5512 2728 5569 Vallicell.
2752 5509 2910 5575 Editi,
2935 5507 3070 5583 quod
3087 5525 3179 5581 per
3209 5516 3254 5562 ιε
3274 5509 3360 5579 fa-

1780 5607 1983 5716 anguls};
2015 5660 2253 5716 editione
2283 5657 2442 5712 Mitae.
2477 5656 2608 5711 Aliae
2635 5673 2646 5708 :
2676 5653 2805 5709 Plus
2827 5661 2906 5707 est
2921 5652 3140 5724 mystica
3169 5649 3358 5705 discer-

1782 5749 1902 5786 nere
1925 5749 2077 5803 quam
2102 5729 2370 5803 prohibere
2396 5729 2714 5803 mysterium.

1857 5815 1878 5843 ο
1910 5794 2045 5859 Huic
2073 5794 2307 5858 sermoni
2342 5794 2595 5857 nonnulla
2627 5799 2814 5856 deesse
2841 5794 3110 5852 videntur.
