3930 6354
534 370 646 433 479

1791 376 1847 434 S.
1892 377 2091 434 PETRI
2130 376 2566 437 CHRYSOLOGI

3704 396 3801 457 680

535 497 622 546 est
647 486 718 545 ab
739 486 911 544 Adam
938 503 1109 560 usque
1136 488 1204 544 ad
1229 487 1364 557 Noe,
1395 505 1426 545 a
1450 489 1565 547 Noe
1587 507 1757 563 usque
1785 491 1853 549 ad
1880 493 2120 567 Moysen,
2152 497 2204 560 Α
2227 494 2327 552 tati
2359 509 2480 567 quae
2507 510 2618 553 non
2657 499 2825 555 libera
2853 507 2908 556 et
2941 500 3189 558 absoluta
3232 501 3505 559 voluntas.
3550 503 3798 580 Leprosus

535 599 566 638 a
592 581 777 656 Moyse
801 598 966 654 usque
991 581 1058 639 ad
1085 581 1389 652 Christum;
1413 594 1472 640 ut
1499 585 1693 642 mulier
1709 601 1829 658 quae
1861 603 2122 660 corrupe-

534 686 620 733 rat
647 675 913 732 fermento
942 677 1133 732 mortis
1160 677 1213 732 in
1245 677 1416 732 Adam
1447 687 1614 734 totam
1643 695 1875 736 massam
1908 682 2122 750 generis

533 767 781 835 humani,
832 767 1095 825 fermento
1136 772 1548 827 resurrectionis
1588 782 1757 829 totam
1796 776 1973 831 carnis
2016 791 2119 833 no-

532 870 656 917 stra
676 877 907 917 massam
937 862 1328 934 redintegraret
1357 865 1408 919 in
1437 864 1682 930 Christo;
1709 876 1766 921 ut
1784 869 1977 923 mulier
1999 884 2120 938 quas

529 952 839 1009 confecerat
882 969 1076 1024 panem
1117 957 1348 1025 gemitus
1385 966 1438 1011 et
1486 958 1726 1022 sudoris,
1775 974 1968 1028 panem
1995 961 2118 1016 vitae

527 1054 785 1114 coqueret
812 1055 866 1100 et
894 1047 1112 1115 salutis;
1149 1057 1204 1103 et
1233 1057 1377 1104 esset
1403 1050 1642 1104 omnium
1675 1051 1966 1106 viventium
1997 1068 2116 1108 ma-

527 1148 609 1195 ter
635 1155 762 1196 vcra
793 1156 890 1212 per
908 1140 1199 1210 Christum,
1231 1159 1350 1213 quae
1377 1154 1494 1200 erat
1522 1145 1574 1199 in
1605 1143 1772 1200 Adam
1795 1154 1968 1202 mater
1994 1162 2113 1202 om-

527 1235 672 1290 nium
723 1247 1080 1292 mortuorum.
1131 1235 1210 1292 Oh
1252 1238 1356 1293 hoc
1403 1253 1634 1308 namque
1675 1237 1919 1295 Christus
1967 1241 2115 1297 nasci

523 1327 731 1394 voluit,
769 1337 828 1382 ut
864 1329 1002 1385 sicut
1059 1345 1154 1400 per
1186 1329 1351 1386 Evam
1391 1333 1540 1387 venit
1595 1332 1664 1387 ad
1712 1348 1900 1389 omnes
1933 1349 2110 1400 mors,

523 1420 598 1475 ita
644 1436 743 1492 per
785 1420 1008 1477 Mariam
1055 1424 1256 1479 rediret
1296 1425 1544 1480 omnibus
1594 1426 1721 1480 vita.
1761 1426 1890 1494 Quae
1945 1425 2112 1482 Maria

523 1512 682 1581 hujus
703 1511 950 1570 fermenti
979 1516 1164 1587 implet
1196 1525 1378 1588 typum
1396 1559 1411 1583 ,
1440 1518 1842 1574 similitudinem
1873 1519 2108 1591 praefert,

526 1607 808 1676 consignat
830 1608 1073 1676 ﬁguram,
1101 1609 1227 1664 dum
1249 1610 1316 1665 de
1337 1611 1587 1681 supernis
1619 1613 1841 1684 suscipit
1879 1613 2114 1669 fermen-

525 1709 637 1755 tum
680 1699 859 1768 Verbi,
892 1711 947 1756 et
993 1703 1282 1757 humanam
1337 1720 1554 1760 carnem
1597 1707 1650 1760 in
1690 1707 1812 1763 alvo
1855 1707 2107 1777 Virginis,

523 1793 687 1848 immo
721 1793 774 1847 in
805 1794 926 1848 alvo
961 1792 1191 1864 Virginis
1219 1795 1495 1851 cmlestem
1528 1805 1696 1853 totam
1726 1801 2027 1870 conspersit
2056 1801 2111 1855 in

520 1900 770 1941 massam.
804 1885 909 1942 Sed
938 1887 1066 1956 quid
1104 1888 1379 1957 allegorici
1407 1904 1598 1945 sensus
1628 1891 1680 1944 in
1717 1891 1819 1946 hac
1858 1892 2108 1947 similitu-

2227 589 2356 645 dicit
2376 589 2443 645 ad
2465 589 2750 648 Dominum
2775 611 2788 646 :
2814 592 2877 649 Si
2903 596 2998 660 vis,
3021 604 3165 668 potes
3192 612 3275 652 me
3306 597 3564 654 mundare
3600 598 3794 673 (Matth.

2223 684 2370 757 vm);
2403 695 2458 740 et
2479 687 2809 756 evangelista
2838 688 3001 745 dicit:
3038 688 3234 758 Voluit,
3257 699 3309 746 et
3325 707 3431 747 non
3453 695 3637 764 potuit.
3677 693 3796 764 Quid

2221 779 2298 834 ait
2325 780 2516 836 beatus
2543 780 2790 837 Marcus?
2813 781 3080 854 Numquid
3101 784 3409 841 extollenda
3454 786 3530 841 ita
3570 796 3653 844 est
3695 805 3796 846 mu-

2220 872 2367 929 lieris
2389 871 2538 941 ﬁdes,
2569 883 2629 929 ut
2651 875 2940 931 inclinetur
2967 876 3179 932 Domini
3201 877 3536 949 possibilitas
3555 889 3612 935 et
3629 881 3794 938 volun-

2221 968 2341 1022 tas?
2389 966 2495 1022 Aut
2537 977 2620 1023 est
2651 976 2797 1023 tanta
2838 971 3106 1040 sagacitas
3154 970 3298 1038 ﬁdei,
3346 980 3407 1027 ut
3449 972 3669 1030 nolente
3703 975 3793 1032 Deo

2216 1057 2454 1114 divinum
2484 1060 2663 1115 valeat
2689 1060 3013 1131 investigare
3038 1064 3347 1118 secretum?
3370 1062 3502 1121 Tale
3522 1064 3652 1120 mihi
3671 1066 3790 1122 vide-

2218 1154 2307 1202 tur
2333 1157 2388 1204 et
2417 1149 2544 1204 illud
2575 1165 2713 1215 esse,
2746 1166 2868 1206 cum
2895 1151 3154 1208 Dominus
3181 1151 3618 1210 Hemorrhoisste
3657 1153 3788 1211 ﬁdem

2217 1240 2269 1295 in
2294 1257 2404 1297 sute
2433 1241 2645 1298 virtutis
2684 1244 2799 1298 vult
2827 1245 3079 1315 prodere,
3111 1262 3175 1302 ac
3204 1247 3434 1317 probare
3463 1247 3786 1312 documento,

2217 1333 2636 1404 interrogando:
2676 1334 2804 1402 Quis
2841 1355 2924 1393 me
2965 1341 3168 1412 tetigit?
3207 1338 3301 1395 Cui
3332 1339 3582 1412 discipuli
3603 1341 3785 1395 dicunt:

2219 1426 2406 1482 Turba:
2427 1440 2474 1483 te
2502 1433 2866 1501 comprimunt,
2890 1441 2940 1485 et
2959 1432 3108 1498 dicis,
3135 1430 3264 1497 Quis
3291 1450 3374 1489 me
3405 1436 3576 1507 tetigit
3616 1433 3781 1506 (Hm.

2214 1517 2314 1588 v)?
2355 1519 2639 1591 Discipulis
2669 1521 2953 1578 videbatur
2975 1523 3121 1592 quod
3151 1539 3340 1580 omnes
3373 1533 3656 1594 tangerent
3695 1525 3783 1581 Do.

2215 1613 2416 1668 minum
2439 1614 2557 1670 solo
2577 1631 2808 1686 corpore
2829 1617 3272 1687 comprimentes,
3296 1625 3352 1672 et
3383 1616 3478 1671 tali
3499 1618 3699 1672 carnali
3714 1619 3781 1672 in-

2213 1721 2369 1761 cessu
2398 1722 2586 1762 omnes
2606 1707 2854 1763 similiter
2877 1708 3274 1778 jungerentur:
3301 1709 3557 1765 similiter
3581 1709 3684 1773 ille,
3708 1709 3780 1781 qui

2213 1797 2372 1852 aliter
2391 1807 2653 1862 senserat,
2680 1807 2736 1854 et
2755 1800 2911 1854 aliter
2931 1799 3254 1870 inquirebat,
3279 1802 3596 1871 pervenisse
3621 1801 3778 1857 mulie-

2215 1903 2328 1944 rem
2353 1888 2419 1944 ad
2451 1889 2789 1960 majestatem
2818 1906 2990 1958 suam,
3020 1890 3087 1945 ad
3113 1906 3265 1946 suam
3287 1901 3615 1962 penetrasse
3638 1893 3776 1948 virtu—

517 1978 640 2035 dine
688 1989 933 2043 maneat,
972 1979 1086 2050 jam
1127 1983 1435 2052 prodamus.
1465 1994 1489 2020 α
1521 1983 1712 2040 Mulier
1739 2001 1859 2055 quae
1899 1985 2109 2056 accepit
2139 1982 2182 2042 Β
2213 1990 2342 2047 tem,
2385 1991 2584 2050 mente,
2630 1999 2736 2038 non
2765 2000 3015 2056 corpore,
3059 2000 3168 2041 non
3197 1986 3477 2041 communi
3506 1994 3673 2052 tactu,
3705 1986 3776 2042 sed

515 2070 856 2138 fermentum,
895 2073 1134 2131 Ecclesia
1164 2085 1247 2131 est
1284 2095 1296 2130 :
1331 2075 1652 2134 fermentum
1693 2080 1838 2150 quod
1872 2081 2100 2152 accepit,

515 2165 752 2221 caelestis
791 2167 1054 2223 doctrinm
1085 2177 1169 2222 est
1206 2179 1604 2226 sacramentum
1643 2190 1656 2224 :
1689 2188 1956 2228 mensurae
1999 2183 2110 2230 tres

515 2257 571 2312 in
611 2257 805 2326 quibus
845 2260 1159 2329 perhibetur
1196 2262 1544 2318 abscondisse
1588 2265 1938 2332 fermentum,
1972 2265 2101 2334 Lex,

525 2347 829 2421 Prophetas,
854 2349 1168 2422 Evangelia,
1195 2355 1285 2410 ubi
1308 2356 1522 2411 divinus
1541 2373 1731 2413 sensus
1743 2360 1969 2431 mystico
1985 2360 2109 2414 abs-

522 2441 775 2496 conditur
801 2451 857 2497 et
906 2444 1114 2498 celatur
1143 2445 1198 2499 in
1229 2447 1413 2510 verbo,
1448 2457 1505 2502 ut
1541 2446 1750 2505 ﬁdelem
1786 2467 1891 2505 non
1917 2452 2102 2519 lateat,

517 2534 684 2591 lateat
705 2536 995 2593 infidelem.
1019 2537 1174 2605 Quod
1204 2548 1384 2596 autem
1412 2541 1582 2597 dixit:
1614 2542 1792 2600 Donec
1827 2548 2107 2617 fermenta-

515 2636 623 2682 tum
649 2641 725 2684 est
755 2638 944 2694 totum;
981 2631 1110 2686 illud
1144 2641 1228 2687 est
1272 2633 1416 2703 quod
1454 2633 1744 2706 Apostolus
1795 2638 1924 2694 dicit
1967 2658 1979 2692 :
2025 2639 2104 2696 Ex

511 2728 666 2791 parte
693 2722 911 2789 scimus,
941 2731 996 2778 et
1033 2739 1099 2778 ex
1127 2733 1280 2796 parte
1307 2727 1694 2798 prophetamus
1727 2748 1740 2783 :
1772 2746 1892 2786 cum
1923 2741 2104 2788 autem

512 2814 722 2869 venerit
744 2815 887 2884 quod
930 2815 1224 2886 perfectum
1273 2827 1373 2885 est,
1399 2821 1690 2876 ceSsabunt
1709 2837 1828 2892 quae
1857 2840 1924 2880 ex
1951 2837 2104 2896 parte

512 2915 639 2959 sunt
685 2903 729 2977 (l
766 2903 884 2961 Cor.
917 2908 1054 2980 xm).
1099 2907 1155 2962 In
1183 2913 1568 2982 conspersione
1597 2915 1819 2970 scientia
1860 2934 2003 2975 nunc
2030 2920 2106 2974 di-

511 2995 635 3051 vina
661 3006 770 3064 est,
812 3001 1048 3070 aspergit
1087 3017 1304 3068 sensus,
1343 3002 1487 3058 levat
1515 3006 1712 3070 corda,
1747 3008 2102 3066 incrementat

508 3088 743 3158 ingenia,
775 3099 832 3146 et
857 3093 1221 3149 doctrinarum
1263 3110 1415 3150 more
1452 3096 1519 3151 ad
1549 3099 1828 3168 sapientia:
1866 3103 2103 3158 caelestis

508 3180 728 3249 dilatat,
760 3185 1015 3252 suscitat,
1046 3185 1296 3242 diffundit
1324 3200 1702 3259 augmentum,
1744 3190 2102 3250 fermentatur

508 3281 699 3331 totum.
727 3276 988 3346 Quando?
1018 3280 1352 3339 Adveniente
1384 3281 1622 3342 Christo.

1136 3395 1370 3453 SERMO
1406 3397 1467 3455 C.

793 3507 874 3563 De
914 3509 1335 3583 Symp/taenissa,
1372 3515 1478 3569 sive
1505 3513 1804 3572 Chananea.

579 3620 752 3678 Hodie
779 3622 979 3682 Beatus
1020 3626 1248 3694 Marcus,
1281 3645 1403 3685 cum
1443 3631 1471 3670 ι’
1511 3631 1939 3704 Syrophmnissm
1975 3655 2096 3694 mll-

508 3713 654 3768 Iieris
682 3716 1027 3771 commendat
1055 3719 1414 3788 prudentiam,
1445 3721 1602 3779 ﬁdem
1645 3727 1828 3794 refert,
1859 3730 2091 3785 creduli-

508 3804 634 3859 tatis
672 3805 884 3860 extollit
911 3807 1179 3875 ardorem,
1211 3811 1456 3869 sollicitis
1487 3816 1822 3873 auditoribus
1841 3834 1947 3874 non
1969 3837 2093 3892 par-

507 3909 624 3949 vam
653 3905 879 3964 generat
915 3900 1289 3968 quaestionem,
1323 3903 1553 3962 dicendo
1579 3926 1591 3960 :
1624 3906 1692 3962 Et
1723 3911 1846 3965 inde
1877 3929 2090 3986 surgens

502 3983 760 4041 Dominus
783 3988 909 4042 abiit
928 3991 983 4044 in
1004 4001 1176 4063 partes
1219 3993 1340 4066 Tyri
1375 4006 1424 4051 et
1464 3997 1697 4067 Sidonis,
1742 4011 1792 4056 et
1829 3983 2090 4076 ingressus

501 4077 738 4145 domum,
785 4084 1040 4138 neminem
1081 4087 1214 4139 scire
1253 4087 1428 4156 voluit,
1477 4101 1529 4144 et
1566 4109 1669 4147 non
1716 4097 1881 4165 potuit
1930 4097 2091 4154 latere

501 4169 696 4244 (Marc.
721 4174 834 4242 vn).
863 4173 1045 4230 Voluit
1064 4185 1119 4231 et
1143 4193 1251 4233 non
1273 4181 1450 4250 potuit
1475 4201 1487 4236 :
1518 4186 1674 4249 velle,
1700 4196 1882 4244 etnon
1907 4205 2084 4260 posse,

501 4279 608 4318 non
630 4273 712 4319 est
737 4265 931 4321 divinae
951 4269 1266 4338 majestatis,
1294 4283 1377 4328 est
1401 4287 1423 4314 ο
1452 4276 1778 4335 inﬁrmitatis
1807 4282 2085 4352 humanm;

499 4356 754 4424 scriptum
784 4369 868 4413 est
909 4361 1090 4416 enim:
1134 4363 1326 4420 Omnia
1354 4385 1683 4442 quaecumque
1709 4373 1869 4427 voluit
1906 4373 2090 4432 Domi-

497 4462 594 4500 nus
627 4450 747 4520 fecit
786 4452 841 4505 in
867 4454 991 4508 caelo
1029 4466 1081 4510 et
1122 4459 1180 4512 in
1217 4469 1382 4527 terra,
1421 4464 1474 4516 in
1504 4466 1637 4519 muri
1677 4461 1734 4519 δι’
1764 4468 1819 4520 in
1852 4470 2088 4525 omnibus

503 4538 700 4610 abyssis
732 4542 966 4614 (Psalm.
1012 4553 1260 4623 cxxxrv).
1304 4552 1372 4607 Et
1423 4555 1760 4627 Apostolus:
1820 4558 2088 4617 Voluntati

495 4635 607 4704 ejus
642 4638 754 4707 quis
790 4641 982 4695 resistit
1015 4642 1204 4714 (Rom.
1254 4648 1428 4717 xcv)?
1495 4649 1808 4708 Succumbit
1851 4657 2087 4711 necessi-

2215 2072 2339 2139 ﬁde,
2364 2073 2388 2112 ἀ
2414 2076 2571 2131 istam
2614 2077 2839 2132 sciebat.
2887 2075 3040 2134 Unde
3069 2077 3270 2133 clamat
3319 2094 3428 2134 non
3477 2078 3663 2143 homo,
3705 2077 3777 2136 sed

2212 2165 2384 2233 Deus;
2409 2183 2516 2222 non
2547 2183 2696 2235 caro,
2721 2167 2819 2224 sed
2845 2168 3069 2239 spiritus
3093 2189 3106 2224 :
3133 2166 3262 2234 Quis
3279 2187 3362 2225 me
3387 2170 3602 2243 tetigit?
3618 2179 3774 2226 atem:

2209 2261 2465 2332 proderet
2491 2263 2661 2318 virtus
2685 2263 2886 2334 operis,
2919 2278 3080 2334 quem
3107 2271 3238 2320 tunc
3282 2265 3602 2322 humanitas
3628 2265 3775 2322 occul—

2208 2353 2376 2408 tabat.
2411 2353 2516 2408 Sed
2547 2355 2675 2425 quid
2704 2357 2774 2410 sit
2802 2357 2980 2424 uoluit,
3005 2357 3205 2428 etquid
3234 2358 3306 2413 sit
3335 2375 3443 2414 non
3475 2361 3662 2432 potuit,
3688 2360 3774 2416 evi-

2207 2444 2422 2501 dentius
2461 2446 2810 2516 inquiramus.
2857 2447 3238 2506 Promissionis
3265 2465 3377 2506 suae
3404 2466 3622 2507 memor
3644 2449 3770 2507 Chri-

2206 2546 2342 2603 stus,
2366 2537 2651 2594 lsraelitici
2673 2540 2857 2611 populi
2878 2541 3110 2612 primum
3131 2550 3356 2597 venerat
3379 2541 3446 2598 ad
3461 2543 3704 2606 salutem,
3728 2551 3771 2597 ut

2205 2628 2351 2697 quod
2377 2629 2606 2684 Abrahae
2634 2632 2962 2702 promiserat
2986 2631 3136 2703 (Gen.
3167 2635 3320 2704 xxn),
3351 2642 3409 2690 et
3449 2635 3644 2691 semini
3678 2633 3770 2704 ejus

2206 2720 2373 2776 David
2418 2721 2535 2793 (Ps.
2572 2724 2779 2795 cxxxt),
2827 2725 3052 2796 ejusque
3085 2727 3340 2797 posteris,
3372 2726 3535 2784 ﬁdele
3554 2728 3770 2785 redderet

2203 2813 2538 2883 persolutum
2564 2831 2580 2868 :
2609 2814 2706 2870 sed
2735 2816 2861 2884 quia
2894 2816 3147 2886 indignos
3175 2832 3234 2873 se
3255 2833 3352 2872 sua
3391 2817 3618 2888 perﬁdia
3659 2833 3768 2890 pra:-

2203 2906 2475 2970 stiterunt,
2528 2906 2781 2974 obtinuit,
2823 2909 3022 2979 rapuit,
3075 2910 3239 2964 traxit
3281 2919 3306 2948 ο
3354 2896 3492 2966 fides
3537 2912 3762 2981 gentium,

2202 2995 2348 3064 quod
2388 2995 2674 3054 inﬁdelitas
2714 2999 2918 3069 sprevit
2945 3008 3002 3055 et
3037 3000 3272 3072 perdidit
3293 2999 3622 3058 Iudaeorum.
3654 3001 3766 3058 Audi

2203 3089 2376 3158 ipsum
2393 3088 2661 3145 dicentem
2682 3109 2695 3144 :
2721 3089 2847 3146 Non
2869 3109 2983 3148 sum
3004 3095 3192 3149 missus
3214 3095 3315 3149 nisi
3337 3095 3412 3149 ad
3432 3113 3548 3152 ores
3566 3097 3766 3168 perditas

2201 3179 2382 3236 domus
2412 3180 2602 3253 Israel(
2631 3182 2822 3238 Matth.
2856 3185 2970 3256 xv).
2996 3184 3101 3242 Sed
3131 3202 3262 3243 oves
3307 3188 3554 3259 luporum
3593 3196 3766 3244 conta-

2199 3274 2360 3343 gione
2377 3274 2490 3344 jam
2516 3276 2733 3342 rabidae,
2760 3286 2816 3333 et
2844 3278 2979 3348 ipsis
3008 3279 3198 3335 bestiis
3219 3281 3438 3351 propria
3458 3281 3656 3336 feritate
3672 3295 3767 3336 sa:-

2126 3372 2174 3436 C
2203 3368 2401 3436 viores,
2434 3369 2638 3426 laniare
2665 3379 2722 3426 et
2751 3371 2954 3427 violare
2981 3388 3138 3428 suum
3177 3390 3398 3446 semper
3433 3375 3641 3431 voluere
3673 3389 3766 3445 pa-

2201 3466 2403 3515 storem
2431 3478 2444 3513 :
2478 3468 2644 3530 atque
2666 3461 2788 3516 ideo
2807 3463 2946 3518 velle
2975 3479 3130 3518 suum
3152 3463 3405 3521 Christus
3425 3465 3642 3537 implere
3669 3480 3761 3521 non

2199 3559 2433 3622 poterat,
2459 3569 2566 3608 non
2597 3555 3033 3626 impossibilitate
3053 3573 3170 3622 sua,
3203 3559 3300 3615 sed
3326 3562 3570 3630 nequitia
3607 3559 3759 3632 perdi-

2197 3651 2397 3710 torum,
2423 3654 2479 3700 et
2499 3647 2642 3714 quod
2674 3647 2792 3702 aliis
2812 3647 3100 3715 detulerat,
3131 3651 3251 3706 aliis
3277 3652 3531 3709 conferre
3563 3653 3760 3724 cogeba-

2194 3744 2300 3803 tur,
2349 3736 2562 3793 dicente
2593 3739 2709 3808 ipso
2747 3757 2758 3792 :
2807 3740 3042 3813 Regnum
3082 3745 3324 3800 calorum
3364 3747 3468 3801 vim
3499 3748 3697 3818 patitur,
3721 3753 3761 3798 et

2196 3831 2282 3902 qui
2328 3831 2429 3884 vim
2477 3833 2695 3902 faciunt,
2741 3833 2996 3905 diripiunt
3022 3836 3155 3891 illud
3197 3835 3412 3910 (Matth.
3458 3854 3538 3905 ιι,
3570 3837 3642 3911 6),
3668 3836 3760 3892 Vim

2193 3921 2324 3976 fecit
2351 3919 2483 3978 ﬁdes
2522 3925 2780 3992 gentium,
2826 3935 2885 3980 ut
2924 3938 3139 3999 raperet
3177 3929 3555 3987 hmreditatem
3595 3929 3755 3996 Patris,

2196 4015 2367 4085 ipsam
2413 4016 2782 4072 luereditatem
2835 4028 3005 4075 totam
3043 4021 3303 4094 diriperet
3353 4023 3612 4091 ﬁliorum,
3649 4027 3758 4082 sicut

2195 4108 2499 4164 evidentius
2519 4113 2771 4180 praesenti
2795 4112 3024 4170 lectione
3053 4125 3406 4173 monstratur.
3441 4118 3635 4176 Mulier
3651 4121 3758 4174 enim

2194 4205 2372 4258 statim
2391 4217 2450 4258 ut
2472 4207 2668 4260 audivit
2689 4207 2752 4260 de
2777 4225 2856 4274 eo,
2881 4209 3028 4280 cujus
3049 4210 3268 4265 habebat
3295 4213 3411 4283 ﬁlia
3430 4215 3668 4285 spiritum
3684 4215 3760 4267 ist-

2193 4296 2458 4364 mundum,
2481 4300 2712 4364 intravit,
2745 4310 2796 4355 et
2823 4302 3047 4372 procidit
3067 4314 3189 4358 ante
3215 4304 3367 4375 pedes
3391 4306 3530 4378 ejus.
3565 4305 3759 4362 Eratw

2193 4397 2291 4442 tem
2325 4392 2534 4460 gentilis
2571 4391 2971 4463 Sgrophtenissa
3001 4413 3205 4466 genere.
3249 4395 3317 4450 Et
3344 4397 3571 4469 rogabat
3595 4415 3697 4452 eum
3715 4403 3758 4448 ut

2191 4478 2502 4535 damouium
2541 4482 2749 4551 ejiceret
2786 4483 2852 4536 de
2890 4485 3003 4554 filia
3041 4486 3173 4557 ejus.
3219 4483 3320 4551 Qui
3348 4487 3484 4543 dixit
3514 4486 3757 4544 illi:Sine

2189 4571 2332 4642 prius
2354 4573 2540 4628 satiari
2567 4575 2741 4645 ﬁlios;
2763 4591 2866 4630 non
2887 4578 3025 4631 enim
3057 4591 3131 4633 es:
3166 4579 3356 4635 bonum
3386 4581 3575 4637 tollere
3601 4595 3754 4654 pom

2189 4664 2441 4735 ﬁliorum,
2474 4675 2524 4721 et
2545 4669 2746 4722 mittere
2765 4668 3002 4724 canibus.
3024 4668 3142 4725 Non
3161 4671 3318 4739 dixit,
3343 4689 3451 4729 non
3473 4683 3568 4730 est
3585 4677 3753 4730 bonum

491 4841 675 4923 gruum
702 4826 864 4880 visum
892 4837 970 4884 est
994 4841 1050 4883 ut
1079 4829 1177 4885 Dei
1214 4829 1410 4914 ilium
1439 4835 1770 4923 'crederemus
1811 4838 2086 4923 abscondi-
2110 4850 2163 4912 ι)
2188 4842 2474 4923 Phoenices
2492 4847 2902 4907 Chananeorum
2933 4867 3000 4908 ex
3020 4867 3218 4923 genere
3242 4866 3440 4911 essent.

493 4905 599 4983 tum
631 4898 686 4980 in
709 4909 836 4983 tege,
870 4912 1186 4983 acnopertum
1215 4904 1270 4956 in
1299 4905 1579 4976 prophetis,
1611 4909 1915 4980 euangelicis
1944 4930 2083 4983 pra:-

490 4967 848 5043 dicationibus
867 4967 1217 5043 adimpletum.

563 5049 596 5124 θ’
629 5037 703 5124 Ita
735 5037 1050 5124 Ambrosius
1095 5043 1184 5098 lib.
1217 5061 1296 5124 v11
1335 5046 1406 5124 in_
1436 5045 1571 5124 Luc.
1607 5064 1727 5119 cap.
1767 5051 1857 5105 ubi
1893 5069 2074 5124 supra.

488 5107 633 5190 _Beda
671 5111 796 5190 item
825 5113 881 5190 in
927 5113 1054 5169 Luc.
1086 5132 1209 5190 xvu.
1264 5107 1762 5190 Du-Hainelius.'ut
1792 5107 2078 5190 probeliin

487 5178 1131 5257 hac_parabola_rostendi
1181 5202 1520 5257 progressum
1561 5178 1849 5256 Eculesiae,
1894 5178 2080 5252 laudat

485 5251 648 5372 Fer-ba
700 5253 813 5309 haec
858 5251 1196 5329 Chrysologil
1242 5251 1378 5315 Huic
1424 5270 1603 5315 autem
1651 5251 1886 5318 sermoni
1927 5251 2080 5323 deest

507 5335 626 5372 mis.

507 5335 626 5377 IIIIS.

558 5393 590 5468 b_
617 5392 662 5446 Μ
668 5395 866 5452 atthmo
887 5398 1080 5454 mulier
1093 5399 1658 5468 hmcdicitur'I-mmig,
1679 5404 1882 5461 Graeca.
1906 5406 2076 5464 Judtci

484 5464 746 5549 majorem
779 5479 982 5532 partem
1012 5469 1180 5549 Syria}
1202 5469 1460 5528 Graeciam
1499 5464 1780 5549 vocabant,
1811 5494 1877 5532 eo
1906 5481 2077 5549 magis

486 5535 630 5615 quod
676 5548 960 5615 postquam
1005 5535 1178 5615 Cimci
1219 5559 1399 5615 rerum
1436 5547 1588 5615 potiti
1627 5535 1854 5610 fuerant,
1889 5535 2077 5608 omnes

486 5614 674 5679 gentes
702 5609 959 5679 religione
987 5611 1214 5668 diversa:
1242 5616 1320 5668 eis
1359 5609 1665 5671 Grlncorum
1714 5622 1933 5676 nomine
1979 5640 2075 5679 ve-

487 5675 737 5754 niebant;
757 5675 926 5748 Epist.
947 5683 1019 5754 ad
1048 5682 1204 5738 Rom.
1237 5703 1273 5747 ι,
1309 5686 1404 5751 16;
1430 5705 1485 5747 n,
1513 5687 1576 5753 9;
1602 5705 1653 5754 x,
1686 5690 1783 5754 ης
1808 5675 2072 5749 θᾶνῧειέιὶ.

486 5743 676 5821 111,28.
705 5743 848 5821 Sane
872 5754 922 5805 in
944 5753 1165 5810 historia
1191 5743 1703 5821 Hebmnrum,'cu'm
1729 5743 2076 5819 Antiochus-ev

481 5813 666 5898 Judtea
697 5819 899 5900 rediret
928 5822 1281 5900 Antiochiam,
1315 5813 1509 5900 dicitur
1537 5813 2069 5900 profectusab};

481 5887 642 5944 ciam.
692 5885 980 5947 Chauanca
1033 5897 1193 5950 etiam
1231 5885 1424 5953 dicitur
1459 5885 1643 5956 Matth.
1672 5885 1767 5968 lxv,
1923 5885 2068 5974 quod

2262 4917 2544 4997 ¢_Ililarius
2566 4922 2617 4976 in
2648 4924 2834 4992 psalm.
2859 4917 3074 4989 cxxxlv,
3102 4935 3232 4979 tom.
3258 4925 3276 4980 Ι
3300 4942 3423 4995 pag.
3455 4925 3601 4983 550:
3632 4927 3751 4997 Infr—

2185 4989 2425 5072 rio’risnb
2453 5009 2524 5072 ,ρο
2564 4989 2764 5072 natura:
2801 5005 2894 5059 est,
2915 5013 3002 5072 ne
3025 5006 3183 5051 totum
3205 4989 3342 5070 quod
3359 4989 3497 5065 uelit,
3526 5010 3578 5054 et
3595 4989 3747 5072 (adet.

2257 5058 2281 5096 ἀ
2324 5059 2466 5116 Editi
2493 5079 2699 5128 omnes,
2724 5066 2825 5120 ista
2851 5067 3063 5121 sciebat.

2260 5140 2284 5167 ε
2325 5130 2560 5210 Mulieris
2600 5136 2740 5210 ﬁdei,
2762 5137 3053 5210 gentilium
3082 5135 3212 5210 ﬁdes
3239 5151 3540 5210 comparat,
3577 5153 3750 5209 eosque

2182 5200 2236 5276 in
2267 5216 2330 5276 ea
2352 5203 2464 5276 vult
2489 5200 2801 5274 signiﬁcari:
2823 5207 2889 5261 At
2909 5209 3182 5276 quomodo
3204 5200 3398 5265 mulier
3421 5200 3633 5268 ethnica
3653 5200 3750 5266 cum

2182 5269 2362 5335 fuerit,
2385 5269 2656 5330 Christum
2679 5277 2868 5332 Filium
2894 5269 3074 5340 David,
3107 5288 3164 5333 et
3185 5280 3472 5336 Dominum
3492 5299 3644 5338 suum
3671 5295 3748 5335 vo-

2184 5344 2364 5423 cavit?
2383 5344 2671 5423 Crederem
2695 5347 2936 5402 Grtncam
2965 5357 3018 5403 et
3045 5350 3314 5423 ethnicam
3347 5352 3473 5423 dici,
3505 5353 3647 5423 quod
3676 5349 3749 5423 Ju-

2184 5413 2299 5468 daca
2328 5417 2542 5484 quidem
2572 5433 2770 5486 genere
2797 5435 2901 5473 non
2925 5430 3084 5485 esset,
3115 5422 3207 5475 sed
3238 5423 3303 5475 ad
3337 5413 3614 5480 Iudaicam
3649 5422 3751 5478 reli-

2182 5486 2399 5562 gionem
2438 5489 2836 5562 quodammodo
2874 5491 3229 5562 accessisset:
3283 5507 3444 5562 quam
3487 5496 3569 5550 vel
3605 5510 3634 5548 a
3673 5507 3750 5562 pa-

2184 5558 2424 5612 rentibus
2452 5561 2722 5626 hauserat,
2747 5561 2830 5615 vel
2861 5559 3166 5616 Judmorum
3206 5558 3594 5620 consuetudine
3630 5558 3750 5617 didi-

2184 5637 2348 5682 cerat.
2392 5629 2503 5685 Nisi
2547 5633 2772 5686 velimus
2805 5631 2986 5686 dicere
3017 5633 3246 5689 ethnicis
3279 5637 3441 5690 etiam
3465 5637 3702 5692 Messiam
3726 5647 3752 5686 ε

2182 5711 2380 5765 genere
2425 5699 2591 5756 David
2640 5701 2777 5756 forte
2798 5701 3116 5768 innotuisse,
3140 5714 3196 5760 et
3212 5703 3394 5760 Jesum
3417 5708 3514 5762 sub
3532 5709 3639 5762 hoc
3663 5719 3746 5760 no-

2183 5769 2446 5843 mine_per
2469 5772 2771 5843 universam
2800 5770 3039 5827 Indicam
3070 5777 3329 5843 agnitum.
3358 5777 3433 5833 De
3461 5778 3562 5833 ﬁde
3583 5781 3766 5832 autem

2176 5848 2240 5917 et
2277 5841 2590 5917 adoratione
2624 5841 2941 5917 (Chananete
2980 5841 3449 5917 vide'Origenem,
3479 5847 3741 5910 Hilarium.

2177 5909 2560 5984 Hieronymum
2580 5915 2688 5982 hic,
2722 5923 2774 5969 et
2794 5909 3446 5986 Chrysostomum'homil;
3477 5918 3559 5975 52.
