3882 6356
130 359 199 459 in
1069 437 1084 450 ..
1517 389 1747 480 sannio
1785 387 1873 448 cr.

3223 395 3330 457 ιεε

127 514 290 572 mittere
305 504 533 571 canibus;
561 503 674 571 sed,
698 502 817 560 Non
841 511 924 558 est
951 503 1154 571 bonum
1184 503 1375 561 tollere
1403 502 1544 573 ﬁliis,
1576 513 1634 562 et
1659 511 1708 570 Α
1736 505 1856 571 lius,
1903 519 2016 560 non
2062 506 2361 564 transducit
2405 508 2472 564 ad
2500 522 2737 580 pinnam.
2779 508 2938 566 Vobis
2961 511 3096 568 dico.
3122 511 3326 581 Quibus

126 604 289 661 mittere
320 595 565 653 canibus:
595 593 723 663 quia
763 593 896 649 dare
917 609 1109 665 panem
1138 595 1379 661 canibus,
1404 597 1505 651 etsi
1534 595 1635 652 hu-

124 689 339 754 manitatis
360 701 460 743 non
487 693 584 752 est,
609 685 857 741 humana:
889 693 1066 742 tamen
1094 695 1178 742 est
1197 687 1440 743 rationis.
1478 697 1503 724 ι
1531 685 1635 742 Ca-

125 788 183 844 nis
202 780 550 840 dormientibus
568 777 802 834 dominis
823 787 982 835 nocte
1011 786 1066 835 et
1092 787 1277 836 custos
1316 787 1373 836 et
1409 779 1635 851 pervigil

123 877 254 954 prodit
275 881 586 938 extraneum,
630 871 813 926 turbat
844 871 1036 938 furem,
1062 873 1299 928 occurrit
1325 872 1543 934 latroni,
1577 877 1638 926 ut

123 983 258 1028 curam
274 965 454 1020 relevet
482 971 537 1018 et
559 961 978 1018 sollicitudinem
1010 963 1366 1020 servulorum.
1411 963 1636 1019 Verum-

124 1073 254 1119 tamen
292 1056 546 1128 quomodo
576 1057 695 1111 tulit
733 1073 928 1128 panem
961 1056 1102 1126 ﬁliis,
1147 1060 1340 1130 quibus
1381 1060 1543 1116 toties
1581 1067 1637 1114 et

124 1157 255 1211 taliter
276 1149 469 1213 obtulit,
502 1150 707 1215 tribuit,
733 1150 992 1220 ingessit?
1012 1151 1118 1207 Sed
1151 1151 1227 1206 illi
1251 1151 1489 1208 oblatum
1507 1167 1636 1208 con-

124 1247 281 1304 culcare
303 1243 363 1298 ad
389 1242 578 1307 scelus,
610 1258 722 1298 non
743 1243 812 1299 ad
837 1244 1002 1298 vitam
1032 1259 1249 1300 sumere
1269 1253 1394 1301 sunt
1413 1245 1592 1301 conati
1617 1263 1631 1299 :

124 1349 312 1396 attamen
336 1334 712 1390 comminutum
749 1342 805 1390 et
833 1337 1210 1392 conculcatum
1237 1352 1268 1391 a
1299 1335 1440 1403 filiis,
1484 1335 1635 1392 canis

124 1441 202 1488 tota
218 1429 319 1493 ﬁde,
348 1435 454 1482 toto
481 1427 753 1484 desiderio
801 1429 1038 1485 lambere
1066 1429 1356 1486 festinavit.
1391 1429 1525 1487 Hinc
1551 1437 1636 1486 est

124 1523 223 1595 quod
244 1522 308 1578 sic
329 1519 632 1591 respondit:
663 1519 848 1594 Utique
868 1521 1110 1589 Domine,
1153 1540 1278 1578 nam
1313 1522 1340 1563 δ
1374 1533 1426 1579 et
1460 1525 1633 1580 catelli

123 1616 184 1672 sub
205 1630 349 1670 mana
367 1613 631 1668 comedunt
655 1613 719 1668 de
732 1615 878 1671 micis
899 1631 1196 1687 puerorum.
1219 1615 1414 1672 Merito
1437 1632 1556 1688 quae
1575 1632 1635 1674 se

123 1723 255 1765 canem
271 1704 494 1762 confessa
514 1714 619 1771 est,
644 1706 697 1760 in
716 1706 989 1762 hominem
1009 1715 1394 1777 commutatur,
1418 1715 1475 1765 et
1491 1709 1635 1779 juste

125 1814 140 1840 ε
165 1806 496 1876 convertuntur
523 1798 579 1852 in
607 1814 772 1854 canes
797 1799 888 1868 qui
917 1815 977 1856 se
1004 1797 1143 1856 ﬁlios
1167 1816 1287 1858 esse
1307 1802 1628 1869 noluerunt;

1737 604 1913 652 morte
1951 597 2060 652 vita
2107 598 2411 667 inchoatur,
2445 617 2554 658 non
2590 600 2792 658 ﬁnitur.
2832 603 2991 661 Vobis
3011 605 3145 672 dico,
3177 605 3328 675 Quo-

1735 705 1855 744 rum
1893 704 2038 745 mors
2078 691 2314 761 pretiosa
2347 691 2405 747 lit
2434 708 2541 748 non
2573 694 2654 751 sui
2700 694 2980 765 qualitate,
3013 697 3108 753 sed
3141 713 3326 768 causa,

1735 779 1862 834 dum
1883 779 2005 834 vitae
2025 782 2195 851 magis
2223 783 2369 839 lucra
2401 783 2606 840 invenit
2629 801 2790 857 quam
2810 787 2933 844 vitae
2954 789 3147 860 perdat
3189 806 3323 848 usu-

1735 889 1870 929 ram.
1904 873 2010 930 Sed
2033 875 2314 932 audiamus
2333 876 2460 946 quid
2487 878 2630 934 dicat
2655 881 2840 937 amicis
2867 882 2996 936 suis.
3031 879 3117 938 Ne
3137 892 3325 939 εει-νεαρ

1737 966 1865 1020 mini
1883 964 1948 1020 ab
1975 966 2054 1022 his
2082 969 2168 1040 qui
2193 969 2434 1024 occidunt
2455 987 2658 1042 corpus.
2692 969 2927 1028 Audiant
2954 973 3047 1043 qui
3067 973 3135 1030 de
3179 975 3324 1032 bono

1736 1071 1926 1115 mortis
1962 1068 2208 1116 veterum
2237 1069 2447 1117 vetusta
2491 1046 2764 1118 volumina
2800 1063 3156 1130 detriverunt,
3193 1065 3326 1122 nihil

1734 1158 1916 1208 tamen
1941 1153 2066 1210 inde
2091 1169 2287 1226 capere
2313 1155 2551 1219 virtutis,
2581 1164 2675 1210 aut
2694 1157 3081 1214 consolationis
3122 1157 3325 1229 aliquid

1734 1242 1976 1300 invenire
1997 1246 2299 1301 valuerunt.
2325 1245 2459 1313 Quia
2481 1246 2585 1302 etsi
2611 1247 2738 1303 totis
2772 1248 3097 1316 eloquentia:
3121 1249 3324 1306 viribus

1733 1336 1802 1392 ad
1840 1337 2179 1395 tolerantiam
2226 1339 2416 1394 mortis
2453 1347 2732 1395 armarunt
2768 1340 3005 1406 animos,
3052 1340 3324 1396 siccarunt

1731 1428 2015 1504 lacrymas,
2056 1432 2287 1503 suspiria
2326 1433 2678 1499 sustulerunt,
2706 1441 3039 1501 negaverunt
3065 1434 3317 1504 gemitus,

1732 1523 2064 1580 incluserunt
2083 1525 2318 1591 dolores,
2351 1525 2478 1579 nihil
2505 1533 2686 1580 tamen
2710 1533 2803 1580 aut
2826 1525 2893 1581 de
2914 1541 3012 1596 spe
3033 1535 3201 1591 certa,
3229 1532 3324 1582 aut

1730 1613 1801 1670 de
1827 1623 2085 1686 perpetua
2107 1615 2237 1680 vita,
2269 1623 2364 1670 aut
2391 1615 2458 1671 de
2491 1631 2617 1671 vera
2657 1616 2769 1671 suis
2815 1615 3107 1672 lectoribus
3144 1615 3321 1673 salute

1731 1711 2151 1779 conquisierunt.
2185 1709 2316 1777 Quis
2337 1709 2561 1776 homini,
2587 1710 2708 1779 quis
2732 1709 2961 1779 sapienti
2983 1707 3321 1766 dicat?Mori

1735 1810 1938 1856 natura:
1963 1811 2063 1865 est,
2096 1816 2316 1858 necesse
2337 1809 2420 1856 est
2448 1801 2715 1872 deperire.
2746 1799 2912 1857 Nobis
2951 1801 3201 1857 vixerunt
3227 1816 3322 1858 ve-

122 1890 258 1946 merito
295 1888 574 1959 adoptatur
620 1889 674 1944 in
716 1887 898 1956 ﬁliam,
943 1891 1170 1960 levatur,
1221 1893 1523 1950 honoratur
1560 1895 1627 1950 ad
1662 1899 1706 1960 Β
1735 1899 1895 1959 teres,
1929 1893 2151 1949 vivimus
2180 1911 2278 1949 nos
2301 1892 2512 1957 futuris,
2539 1908 2698 1948 nemo
2726 1893 2858 1960 sibi;
2897 1893 3044 1964 quod
3073 1909 3180 1951 non
3217 1909 3320 1966 po-

122 1997 310 2046 mensam,
337 1996 448 2050 qua:
475 1996 536 2038 se
565 1981 666 2037 sub
694 1998 881 2037 mensa
911 1983 1166 2039 laudabili
1194 1993 1250 2040 et
1271 1987 1494 2056 provida
1528 1989 1628 2042 hu-

122 2075 283 2129 militate
305 2073 516 2144 dejecit;
543 2073 691 2144 juste
722 2085 835 2131 toto
876 2091 1018 2131 nunc
1062 2077 1312 2147 epulatur
1352 2079 1522 2134 micas
1561 2095 1628 2134 ex

121 2179 230 2235 pane,
253 2179 355 2234 quae
379 2165 488 2220 suis
515 2166 728 2221 meritis
760 2182 820 2222 se
849 2167 1133 2232 intellexit,
1178 2177 1234 2224 et
1269 2171 1518 2225 confessa
1547 2180 1630 2226 est

121 2259 178 2312 vix
204 2257 382 2313 mereri.
415 2255 478 2311 Et
504 2257 638 2328 quid
677 2259 873 2330 plura?
921 2258 1060 2316 Hinc
1091 2267 1175 2315 est
1207 2261 1372 2331 quod,
1408 2271 1631 2334 propter

121 2347 310 2418 iistitiam
328 2363 490 2414 suam,
515 2349 798 2417 Dominus,
827 2365 928 2406 nec
944 2349 1144 2408 Judaeis
1162 2351 1292 2409 dare
1311 2355 1504 2424 potuit,
1528 2369 1632 2410 nec

123 2441 306 2511 gentibus
329 2440 593 2512 denegare
619 2440 666 2496 (ι.

649 2557 882 2615 SERMO
932 2559 1016 2614 Cl.

121 2643 172 2700 De
187 2655 315 2727 inerte
331 2649 701 2727 contemnenda
723 2650 1055 2727 _a_ﬁdelibus_,_
1083 2661 1133 2727 et
1157 2669 1315 2727 quare
1342 2653 1488 2709 illam
1515 2673 1628 2727 per-

163 2719 315 2798 miserit
338 2717 486 2774 Deus.
514 2718 577 2773 ln
609 2721 738 2777 illud
767 2717 926 2778 Luca:
957 2739 974 2776 :
1004 2717 1185 2777 Nolite
1219 2726 1399 2780 timere
1425 2717 1526 2781 eos.
1541 2727 1628 2798 qui

163 2788 347 2842 occidunt
363 2806 564 2861 corpus,
594 2802 698 2847 etc.

164 2900 364 2969 Audistis,
392 2905 607 2972 fratres,
631 2906 1087 2976 quemadmodum
1109 2910 1309 2967 milites
1328 2927 1458 2968 suos
1479 2911 1631 2968 Chri-

119 3003 196 3051 stus
215 2997 334 3066 regia
351 2998 730 3055 exhortatione
759 3001 1067 3071 compellat,
1100 3010 1159 3057 ut
1186 3003 1444 3074 despectu
1484 3021 1625 3061 mor-

120 3088 165 3142 tis
186 3088 562 3148 einterfectores
589 3093 835 3164 corporis
877 3109 984 3150 non
1028 3106 1339 3166 pavescant.
1385 3098 1628 3169 Denique

118 3195 183 3236 eos
203 3181 244 3236 in
263 3182 542 3240 amicorum
570 3184 693 3254 jura
743 3187 1070 3255 transcribit,
1101 3187 1193 3258 qui
1221 3190 1400 3246 studio
1441 3192 1626 3245 trium-

1728 1993 1832 2040 test
1862 1987 1974 2041 tolli
2017 1988 2154 2043 velle
2196 1988 2405 2042 virtutis
2446 1995 2570 2042 est:
2610 1987 2824 2057 suscipe
2865 1987 3205 2043 voluntarius
3250 1986 3321 2044 ad

1725 2075 1866 2144 quod
1891 2079 2095 2145 urgeris
2117 2078 2344 2143 invitus;
2376 2092 2523 2131 mors
2546 2086 2836 2146 antequam
2861 2077 3040 2132 veniat
3063 2094 3170 2134 non
3195 2086 3310 2145 est;

1725 2181 1846 2221 cum
1878 2177 2056 2222 autem
2085 2168 2310 2234 venerit,
2346 2167 2560 2222 venisse
2583 2167 2840 2224 nescitur.
2873 2166 2985 2224 Nec
3012 2183 3143 2238 ergo
3179 2168 3329 2246 ami-g

1725 2259 1859 2314 sisse
1884 2269 1934 2314 te
1961 2259 2146 2315 doleas
2173 2259 2317 2329 quod
2344 2275 2467 2315 cum
2506 2258 2752 2314 amiseris
2793 2275 2902 2314 non
2940 2259 3167 2315 dolebis.
3211 2257 3322 2316 Sed

1725 2352 1841 2408 hinc
1869 2352 1992 2407 talia
2033 2368 2156 2408 cum
2183 2353 2437 2418 dixerint,
2471 2363 2496 2400 ε
2527 2353 2713 2408 dicunt
2733 2360 2905 2408 totum
2934 2353 3003 2410 de
3029 2354 3318 2421 sententia,

1726 2460 1835 2500 non
1863 2444 1930 2499 de
1958 2444 2083 2498 vita.
2117 2442 2254 2511 Quia
2276 2443 2436 2509 unde,
2465 2452 2520 2499 et
2543 2443 2780 2514 quando,
2817 2452 2873 2500 et
2899 2444 3174 2515 quomodo
3199 2444 3316 2510 tibi,

1727 2545 1782 2590 et
1817 2552 1913 2606 per
1946 2551 2107 2606 quem
2136 2551 2283 2590 mors
2311 2535 2538 2598 venerit,
2571 2535 2917 2592 nescierunt:
2953 2535 3108 2592 nobis
3136 2545 3319 2592 autem

1727 2637 1918 2683 auctor
1944 2629 2065 2682 vitae
2095 2627 2328 2696 prodidit
2356 2627 2544 2682 mortis
2564 2635 2875 2693 auctorem;
2909 2626 3050 2682 Deus
3084 2642 3319 2698 namque

1728 2720 1891 2774 vitam
1911 2720 2058 2782 fecit,
2089 2718 2336 2774 diabolus
2356 2719 2692 2775 machinatus
2717 2727 2799 2774 est
2828 2718 2882 2773 in
2921 2719 3103 2785 vitam,
3139 2718 3322 2776 divino

1727 2813 1944 2882 eloquio
1965 2811 2043 2866 sic
2063 2817 2359 2881 pro.‘.ente:
2384 2811 2524 2866 Deus
2549 2822 2766 2867 mortem
2785 2827 2888 2866 non
2914 2804 3036 2882 fecit
3058 2809 3214 2882 (Sap.
3255 2809 3320 2882 ι),

1728 2904 1920 2962 invidia
1940 2915 2112 2958 autem
2142 2902 2336 2959 diaboli
2363 2921 2500 2959 mors
2529 2905 2759 2959 introivit
2785 2904 2839 2958 in
2863 2903 3038 2958 orbem
3062 2913 3319 2958 terrarum

1731 2997 1884 3070 (Sap.
1910 2996 1990 3064 ιι).
2027 2994 2134 3052 Sed
2175 2996 2327 3060 dicis,
2357 2997 2535 3063 Quare
2565 2996 2705 3052 Deus
2744 3009 2910 3066 opere
2933 2994 3133 3050 diaboli
3175 3007 3314 3066 opus

1728 3107 1880 3146 suum
1911 3106 2099 3161 passus
2121 3099 2204 3146 est
2225 3090 2511 3161 deperire?
2548 3087 2594 3144 Ο
2648 3089 2846 3154 homo,
2901 3087 2948 3143 si
2987 3087 3318 3158 interrogata

1727 3187 1866 3239 scire
1895 3184 2078 3250 velles,
2111 3199 2333 3239 vacares
2372 3183 2666 3253 paululum,
2709 3181 2869 3236 dares
2901 3181 3162 3246 animum,
3187 3193 3320 3250 ape-

119 3271 194 3341 phi,
215 3273 286 3342 qui
307 3289 474 3332 amore
512 3277 804 3343 libertatis,
849 3279 1165 3346 sanguinem
1193 3297 1312 3335 cum
1335 3281 1532 3351 gaudio
1565 3278 1694 3344 etC
1724 3277 1858 3332 rires
1897 3292 2073 3343 aures,
2109 3285 2166 3331 ut
2193 3276 2469 3346 negotium
2512 3273 2808 3345 principale
2849 3272 3052 3329 arbiter
3103 3271 3220 3344 ipse
3265 3278 3322 3325 tu

116 3365 199 3421 sine
226 3369 545 3439 trepidatione
587 3369 856 3439 fuderint;
900 3373 979 3427 sic
1015 3373 1160 3428 enim
1187 3375 1264 3429 ait
1293 3392 1306 3426 :
1346 3373 1502 3429 Vobis
1530 3391 1625 3428 au—

116 3463 190 3510 tem
211 3457 298 3514 dico
321 3462 482 3517 amicis
511 3463 664 3530 meis,
708 3460 763 3516 Ν
767 3481 794 3518 e
824 3465 1122 3519 terreamini
1151 3463 1214 3519 ab
1257 3465 1336 3520 his
1369 3467 1454 3539 qui
1490 3467 1628 3520 occi-

115 3549 211 3603 dunt
230 3567 392 3623 corpus,
415 3564 606 3627 etpost
628 3555 740 3610 haec
761 3572 865 3610 non
887 3556 1077 3610 habent
1103 3557 1328 3628 amplius
1367 3557 1492 3630 quid
1541 3559 1625 3630 fa-

116 3645 232 3698 ciant.
271 3645 532 3702 Ostendam
585 3659 757 3702 autem
801 3649 941 3703 vobis
980 3665 1129 3720 quem
1169 3651 1425 3705 timeatis:
1460 3651 1628 3703 timete

117 3753 196 3790 eum
217 3737 286 3809 qui
314 3750 581 3812 postquam
610 3740 874 3806 occiderit,
912 3741 1065 3795 habet
1087 3751 1391 3812 potestatem
1427 3743 1629 3796 mittere

115 3828 150 3879 in
169 3829 420 3898 gehennam.
464 3832 629 3888 Vobis
661 3843 831 3887 autem
861 3832 976 3887 (lico
1025 3835 1207 3889 amicis
1235 3836 1382 3896 meis,
1412 3832 1498 3888 Ne
1525 3843 1630 3887 ter-

115 3921 270 3976 reamini
279 3921 411 3992 (Luc.
432 3926 528 3995 xu)
547 3943 561 3979 :
579 3925 704 3996 quia
720 3925 1023 3981 libertatem
1037 3926 1232 3997 probat
1246 3927 1434 3992 virtus,
1453 3933 1628 3980 metus

114 4010 255 4070 indicat
264 4018 561 4075 servitutem
578 4036 592 4085 ;
616 4034 739 4074 nam
762 4019 897 4076 liber
913 4019 979 4074 ad
1002 4020 1250 4090 gloriam,
1269 4037 1456 4078 servus
1471 4030 1629 4075 natus

114 4113 168 4158 est
179 4107 230 4162 ad
247 4109 468 4168 timorem
483 4131 498 4179 ;
530 4113 726 4169 merito
743 4127 872 4182 ergo
894 4114 962 4169 ad
976 4114 1073 4170 Dei
1090 4116 1354 4171 amicitias
1373 4115 1630 4171 sublima-

114 4209 182 4270 tur,
198 4207 271 4276 qui
289 4217 497 4280 propter
524 4209 697 4264 Deum
719 4209 985 4268 humanas
1003 4210 1232 4282 despicit
1269 4217 1502 4276 mortes,
1533 4224 1630 4265 ne-

113 4295 181 4349 scit
201 4297 406 4357 timores.
438 4300 498 4358 Si
528 4303 735 4357 amicos
760 4317 974 4358 morum
1003 4301 1130 4359 facit
1151 4303 1399 4368 imitatio,
1418 4316 1629 4358 morum

113 4386 336 4447 similitudo
379 4394 678 4465 conjungit,
709 4395 1098 4451 convenienter
1119 4410 1216 4451 eos
1245 4393 1448 4450 amicos
1476 4399 1631 4448 vocat

112 4480 307 4552 Christus,
327 4502 460 4557 quos
474 4487 782 4544 imitatione
802 4503 899 4543 sua
925 4488 1111 4544 mundi
1135 4487 1333 4558 jacula,
1361 4495 1416 4544 et
1459 4487 1630 4557 ipsam

112 4573 246 4630 mortis
261 4572 588 4636 formidinem
618 4579 882 4651 conspicit
917 4587 974 4636 et
1014 4579 1273 4651 pnevidet
1299 4579 1622 4634 calcaturos.

1725 3378 1834 3424 tam
1854 3369 2096 3424 curiosus
2116 3382 2456 3439 agnosceres.
2488 3365 2595 3423 Sed
2619 3374 2676 3420 tu
2705 3373 3001 3436 occupatus
3025 3363 3146 3418 aliis
3177 3377 3323 3418 sem-

1724 3479 1841 3534 per,
1870 3462 1966 3517 tibi
1986 3476 2297 3531 numquam,
2328 3475 2496 3531 quare
2525 3456 2734 3514 nescias
2773 3472 2952 3512 rerum
2981 3471 3195 3520 causas,
3227 3469 3326 3510 ne-

1726 3557 1870 3628 gotia
1899 3565 2010 3610 tota
2032 3556 2371 3619 szeculorum,
2395 3555 2721 3625 iudiciorum
2748 3552 3097 3624 profundum,
3126 3562 3183 3608 et
3219 3551 3321 3606 im-

1727 3649 2059 3723 penetrabile
2081 3657 2370 3714 secretum,
2394 3647 2552 3703 deses
2566 3655 2621 3702 et
2642 3647 2850 3701 otiosus
2871 3660 3115 3702 accusas.
3133 3642 3325 3700 Nonne

1727 3753 1788 3799 ut
1815 3743 1996 3814 apices
2025 3742 2340 3806 litterarum,
2367 3747 2426 3795 ut
2465 3740 2731 3795 elementa
2763 3752 3140 3808 cognosceres,
3171 3735 3324 3791 addi-

1728 3847 1846 3894 ctus
1858 3837 2137 3907 magistro,
2169 3835 2368 3891 scholis
2389 3832 2602 3898 afﬁxus,
2631 3840 2778 3888 totus
2799 3831 3012 3902 patiens
3041 3829 3240 3886 laboris
3267 3833 3326 3885 et

1727 3946 1918 4004 poenae,
1944 3945 2044 3984 nec
2064 3929 2280 3984 domum
2306 3943 2553 3992 noveras,
2576 3941 2674 3982 nec
2698 3925 2983 3996 parentes?
2999 3923 3169 3991 Quam
3193 3921 3326 3978 utile

1729 4024 1824 4079 tibi
1865 4029 1948 4078 est
1995 4021 2062 4076 ad
2109 4019 2253 4090 quod
2298 4018 2393 4074 tibi
2441 4018 2697 4087 magister
2739 4016 3021 4077 addicitur,
3065 4013 3326 4084 ingeritur

1726 4117 1930 4182 schola,
1955 4124 2010 4172 et
2033 4114 2127 4169 tibi
2148 4113 2322 4184 poculis
2345 4113 2469 4176 tuis,
2497 4112 2679 4166 labore
2701 4126 2800 4164 suo
2821 4109 3013 4164 doctor
3031 4106 3319 4177 supplicat,

1728 4217 1789 4266 ut
1837 4209 1938 4264 ista
1967 4207 2101 4263 velis
2145 4205 2304 4268 scire,
2335 4213 2396 4260 ut
2429 4203 2555 4258 talia
2592 4211 2648 4258 et
2672 4209 2818 4256 tanta
2845 4199 3082 4270 digneris
3111 4197 3316 4254 audire.

1728 4298 1969 4356 Probant
1995 4299 2102 4353 hoc
2134 4295 2395 4366 apostoli,
2429 4301 2484 4350 et
2514 4292 2747 4348 maxime
2781 4289 2997 4357 Paulus,
3035 4289 3128 4360 qui
3151 4304 3326 4360 vapu-

1728 4391 1888 4447 lando
1914 4389 2116 4454 docuit,
2143 4403 2250 4443 non
2275 4386 2420 4442 caede
2459 4385 2550 4451 do,
2574 4393 2635 4440 ut
2654 4383 2885 4440 eximius
2911 4381 3167 4452 magister
3189 4385 3322 4451 quot

1728 4492 1854 4540 sunt
1872 4481 2075 4538 homini
2097 4474 2299 4545 niores,
2334 4485 2414 4532 tot
2434 4474 2602 4532 ferret
2628 4484 2684 4530 et
2712 4474 2988 4546 exciperet
3020 4472 3321 4544 passiones.

1729 4575 1798 4630 Et
1824 4591 1921 4630 nos
1949 4589 2012 4630 ea
2040 4573 2091 4627 in
2114 4580 2313 4643 puncto
2337 4569 2597 4640 temporis
2624 4583 2803 4624 rerum
2828 4566 3112 4638 principia,
3135 4576 3326 4621 causas

117 4659 227 4720 Vobis
243 4679 395 4725 autem
421 4671 560 4728 dico.
585 4671 640 4726 1d
669 4680 772 4738 est,
803 4669 823 4710 ί
849 4687 958 4727 non
987 4671 1257 4735 omnibus,
1289 4671 1386 4726 sed
1413 4669 1620 4725 amicis.
1651 4672 1703 4735 υ
1727 4668 1910 4725 saaculi
1932 4667 2218 4731 discamus,
2250 4664 2376 4734 quia
2410 4661 2696 4733 jubemur;
2727 4667 2784 4715 et
2809 4657 3082 4728 quomodo
3110 4673 3209 4712 nos
3231 4653 3322 4727 ju-

119 4752 226 4814 Vobis
247 4771 400 4818 atem
427 4765 566 4820 dico.
597 4763 744 4832 Quos
764 4779 912 4821 mors
933 4763 1165 4820 absolvit
1185 4764 1308 4830 ista,
1334 4778 1443 4818 non
1485 4761 1620 4816 ﬁnit.

120 4841 226 4904 Vobis
242 4850 362 4910 dico.
392 4855 542 4923 Quos
569 4856 814 4927 corporis
833 4855 1093 4913 resolutio
1120 4864 1408 4928 promovet
1431 4852 1501 4909 ad
1520 4869 1630 4910 me-

111 5047 356 5172 27;.Verba
380 5053 497 5112 haec
524 5054 812 5112 laudantur
839 5071 871 5111 a
893 5054 1168 5127 Pignorio,
1190 5055 1259 5112 de
1279 5054 1481 5120 Servis,
1505 5069 1627 5126 pag.

157 5187 615 5272 {Alitiquisgatuli
644 5198 806 5272 etiam
829 5206 984 5272 erant
1023 5198 1165 5272 inter
1205 5198 1426 5272 delicias
1465 5197 1632 5272 tricli-

110 5265 256 5346 garigs.
283 5265 410 5346 Vide
437 5267 706 5346 llr-sinum,
739 5271 791 5325 in
832 5268 1142 5340 Appendice
1163 5269 1231 5346 ad
1260 5268 1628 5346 Ciacconium,

109 5328 431 5456 (ἰξὲίέεηιιὶο.
480 5339 596 5397 Hoc
631 5328 1056 5396 et'marniorum
1104 5341 1392 5411 sculpturm
1429 5328 1632 5411 passim

151 5417 162 5424 ‘
209 5421 237 5456 n
261 5423 333 5456 ur-

151 5416 333 5462 stantur.

159 5483 188 5557 ‘_
206 5473 302 5557 Hoc
328 5481 540 5557 nomine
567 5484 794 5557 gentiles
822 5483 1016 5557 innuit,
1037 5483 1188 5557 quod
1215 5484 1479 5557 impuram
1505 5496 1630 5557 age—

109 5553 195 5626 rent
208 5553 375 5612 vitam,
398 5560 454 5607 et
475 5554 527 5608 in
552 5553 1302 5626 sanguineﬁidolothytorum’
1332 5553 1635 5609 immolato-

108 5624 549 5695 {Elm_vetsarentur,
591 5627 766 5695 inquit
816 5624 1269 5695 TheOphylactus,
1317 5626 1369 5680 in
1409 5641 1529 5694 cap.
1563 5639 1632 5679 xv

109 5679 278 5766 llatth.;
303 5694 401 5766 vel,
413 5679 705 5766 tamquam
727 5679 924 5752 exosus
943 5679 1180 5761 indeii,
1196 5679 1279 5752 "(li
1317 5679 1454 5752 idem
1480 5679 1630 5750 lalibi

108 5761 272 5826 repetit.
311 5761 440 5820 Vide
466 5761 795 5824 Clementem
827 5767 1242 5824 Alexandrinum
1283 5768 1540 5824 Stromat.
1593 5782 1632 5821 ιι

108 5837 198 5908 lifts:
219 5830 340 5901 361;
363 5834 823 5908 Chrysostomum,
853 5839 1044 5896 homil.
1066 5838 1138 5894 25
1159 5840 1212 5894 in
1234 5839 1423 5894 Matth.
1449 5838 1629 5895 Theo-

369 5894 610 5980 supérius
629 5894 914 5979 laudatus,
957 5894 1012 5969 in
1035 5894 1119 5969 vn
1150 5913 1384 5971 Matthaci
1412 5894 1623 5970 subdit:

1732 4757 1960 4816 bemur?
1981 4763 2038 4812 et
2059 4765 2115 4810 tu
2144 4754 2296 4809 audis
2318 4769 2424 4808 non
2451 4749 2726 4822 quomodo
2756 4749 2953 4815 debes;
2997 4756 3052 4803 et
3089 4763 3190 4804 nos
3223 4747 3324 4804 ista

1730 4849 1982 4914 servitus,
2017 4845 2045 4884 ιι
2076 4847 2372 4902 necessitas
2397 4843 2520 4900 talis
2547 4849 2802 4907 excusat;
2825 4849 2878 4896 te
2906 4840 3128 4896 libertas
3155 4847 3320 4904 tanta,

1732 5053 1910 5108 Canes
1937 5059 2063 5108 sunt
2093 5049 2318 5118 ἄπιστοι,
2344 5051 2601 5121 inﬁdeles.
2625 5048 2760 5105 Vide
2785 5047 3055 5110 Photium,
3084 5046 3137 5121 in
3163 5045 3320 5121 epist.

1736 5122 1944 5234 54
1967 5123 2105 5205 _ill7;
2128 5117 2798 5205 [siderum'Deleusiotarn,
2826 5121 2917 5174 lib.
2944 5135 2994 5174 ιν
3030 5118 3188 5188 epist.
3229 5117 3321 5174 81.

1925 5209 2012 5234 nm
2032 5193 2263 5234 hnrnlllm
2287 5193 2482 5234 nlmmd
2505 5193 2696 5234 Αρρςςρ
2718 5191 2947 5234 Videtur-
2983 5188 3142 5234 Mr“-

1875 5141 1888 5176 ι
1931 5166 1944 5178 .
1975 5138 2105 5182 ιυι;
2128 5138 2391 5178 [sutorum
2417 5138 2798 5185 reieusromm,
2826 5138 2917 5174 un.
2944 5138 2994 5174 IV
3030 5138 3143 5188 epis

1875 5138 2013 5250 Iguic
2032 5193 2264 5248 homiliae
2286 5193 2484 5262 aliquid
2505 5193 2696 5248 deesse
2718 5191 2948 5246 videtur.
2982 5188 3143 5245 MITA.

1809 5279 1831 5305 θ
1875 5265 1974 5320 Ms.
2004 5262 2260 5328 Caesenze,
2292 5277 2503 5318 suorum
2533 5278 2823 5332 corporum.

1809 5337 1830 5376 ἲ
1869 5335 2102 5404 Cyrillns
2123 5335 2175 5388 in
2197 5332 2400 5390 Catena
2423 5329 2657 5390 Grzecor.
2685 5331 2788 5386 PP.
2817 5350 2830 5386 :
2857 5329 3328 5404 Nongqnibuscnm-

1731 5427 1829 5482 que
1848 5398 1986 5482 enim
2007 5407 2089 5461 hic
2118 5423 2283 5461 sermo
2304 5406 2602 5482 simpliciter
2623 5405 2891 5482 convenire
2910 5398 3125 5466 videtur,
3150 5401 3241 5482 sed

1733 5471 1822 5554 qui
1851 5478 2019 5554 Deum
2056 5495 2121 5532 ea:
2151 5488 2256 5531 tota
2285 5471 2506 5554 diligunt
2548 5484 2734 5554 mente,
2769 5473 3225 5554 qni_bns__convenit
3245 5471 3329 5528 di-

1734 5544 1884 5607 cere:
1910 5547 2038 5615 Quis
2058 5566 2153 5604 nos
2174 5544 2437 5618 separabit
2465 5565 2497 5600 a
2523 5544 2990 5618 charitate‘Christi
3007 5545 3033 5598 7

1806 5633 1832 5671 s
1874 5613 1949 5677 De
1969 5613 2239 5676 sententia
2263 5619 2365 5672 lata
2391 5620 2441 5672 in
2463 5617 2727 5679 homines,
2752 5615 2894 5684 quod
2918 5615 3027 5670 sint
3047 5613 3328 5681 mortales,

1732 5710 1841 5750 non
1865 5693 1933 5748 de
1967 5692 2097 5758 vita,
2131 5698 2234 5745 etc.
2269 5688 2431 5744 Mm.
2461 5688 2557 5744 Vel
2576 5687 2644 5743 de
2672 5687 2783 5742 vita
2810 5694 3035 5754 aeterna,
3074 5701 3197 5758 quae
3226 5699 3332 5743 nos

1731 5773 1918 5835 manet
1940 5773 2065 5835 post
2088 5771 2336 5817 mortem.

1804 5833 1835 5874 ιι
1872 5833 1971 5892 Ms.
2003 5833 2256 5900 Caesenae,
2282 5834 2564 5888 necessitas
2595 5834 2714 5888 talis
2745 5833 2982 5907 fortassis
3007 5844 3242 5893 excusat.
