3930 6354
1751 372 1808 428 S.
1850 367 2054 428 PETRI
2090 368 2525 428 GHRYSOLOGI

3682 367 3791 428 484

504 499 757 557 voluntas
799 495 936 563 talis,
980 492 1339 550 indubitanter
1367 497 1582 546 accmat
1609 506 1620 542 :
1658 488 1802 558 quod
1836 487 2081 552 dicimus,
2114 487 2162 548 Α
2192 493 2294 540 tua:
2317 486 2456 541 Deus
2485 500 2643 539 verus
2664 483 2967 552 subjecerat
2985 481 3265 551 servituti;
3299 495 3527 539 necesse
3548 488 3635 540 est
3654 497 3791 552 ergo

503 593 668 652 ofﬁcii
691 591 860 648 nostri
888 596 1000 650 est;
1025 586 1170 658 quod
1197 587 1373 642 minus
1393 584 1638 649 dicimus,
1663 590 1744 639 est
1767 579 1965 637 fastidii
1989 578 2085 634 tui.

506 685 731 753 Quaris,
762 685 944 745 homo,
980 689 1077 735 eur
1105 689 1211 734 non
1237 685 1467 734 mortem
1503 676 1646 732 Deus
1673 689 1800 730 mox
1821 689 1944 729 cum
1973 672 2090 742 ipso

503 777 760 834 exstitirit
809 781 1046 835 auctare,
1089 778 1146 827 et
1186 769 1385 826 lethan
1425 769 1571 824 virus
1615 777 1711 824 sua
1754 763 2089 835 providentia

505 879 633 926 tunc
656 881 763 924 non
785 865 1036 938 providit,-
1064 875 1132 920 ne
1150 862 1219 920 ad
1248 862 1412 916 totius
1440 860 1606 925 orbis,
1643 866 1699 916 et
1727 857 1993 928 praecipue
2021 854 2091 912 ad

407 1021 416 1032 ,
499 976 612 1016 sua
637 959 882 1029 imaginis
904 958 1198 1028 perniciem
1225 953 1566 1026 perveniret?
1592 949 1802 1009 Gmlum
1838 946 1983 1017 quod
2032 954 2091 1002 tu

500 1052 670 1118 vides,
692 1052 877 1114 homo,
903 1049 1171 1104 ﬁrmatum
1193 1057 1319 1103 aere
1347 1053 1462 1102 toto
1484 1048 1664 1114 portat
1684 1055 1852 1111 aquas
1870 1039 2086 1104 milites,

501 1161 602 1201 nec
623 1151 869 1216 portatur
894 1142 964 1198 ab
992 1142 1172 1210 aliquo
1202 1140 1395 1210 ipsum,
1424 1137 1548 1206 quia
1574 1135 1690 1194 sola
1723 1133 1852 1191 illud
1881 1148 2088 1203 appen-

498 1236 576 1290 dit
609 1237 800 1305 jussio,
843 1235 961 1290 sola
989 1233 1219 1289 sustinet
1257 1231 1339 1285 vis
1364 1229 1635 1300 praecepti,
1667 1227 1849 1284 divino
1872 1225 2088 1294 eloquio

498 1329 576 1382 sic
601 1327 902 1399 prodente:
949 1324 1051 1391 Qui
1092 1323 1323 1380 extendit
1367 1322 1544 1378 corium
1585 1322 1717 1376 sicut
1755 1319 1960 1390 pellem,
2001 1319 2088 1390 qui

501 1423 624 1492 tegit
662 1421 715 1474 in
757 1421 906 1490 aquis
953 1419 1221 1489 superiora
1250 1416 1362 1487 ejus
1394 1414 1566 1485 (Plat.
1595 1413 1728 1482 CIII).
1774 1411 1939 1468 Terra
1969 1423 2089 1481 quin

500 1518 651 1566 tanto
691 1511 929 1567 calcatur
967 1509 1228 1578 pondere,
1279 1515 1440 1575 atque
1483 1520 1648 1561 onere
1695 1505 1976 1569 montium,
2026 1517 2090 1558 ac

500 1602 643 1656 mole
665 1601 947 1668 solidatur,
970 1607 1284 1670 supernatat
1313 1597 1516 1666 liquido
1539 1606 1564 1634 ι
1607 1595 1974 1660 fundamento,
2004 1594 2087 1650 di-

497 1699 654 1749 cente
682 1691 982 1762 propheta:
1021 1689 1123 1756 Qui
1178 1688 1418 1744 fundavit
1465 1696 1663 1742 terram
1710 1701 1874 1755 super
1921 1699 2088 1754 aquas

499 1783 671 1856 (Puri.
695 1783 916 1852 cauv),
945 1790 1002 1837 ut
1021 1780 1166 1850 quod
1188 1788 1314 1845 stat,
1339 1779 1575 1834 mandati
1597 1777 1685 1844 sit,
1710 1793 1820 1832 non
1860 1786 2082 1829 naturai.

2191 577 2326 633 solvi
2348 585 2560 642 cuncta,
2588 577 2774 632 novari
2796 577 2995 642 omnia,
3021 584 3080 632 ut
3108 575 3195 633 vel
3223 584 3352 631 tunc
3396 574 3540 630 facta
3569 575 3785 641 credas,

2192 681 2318 728 cum
2336 669 2535 727 videris
2556 686 2674 728 esse
2695 679 2962 742 reparata.
2987 669 3098 726 Nec
3118 684 3217 728 nos
3238 670 3475 726 aestimes
3504 678 3787 738 evagatus,

2190 774 2329 834 quos
2355 764 2410 822 in
2439 771 2810 834 argumentum
2839 772 2942 822 tum
2970 764 3340 834 intelligentiae
3369 771 3541 820 totam
3560 775 3787 833 percur-

2189 856 2324 914 risse
2352 857 2621 928 conspicis
2660 866 2983 915 creaturam.
3025 856 3221 922 Homo,
3265 856 3486 927 quando
3515 866 3570 914 te
3596 864 3788 914 auctor

2189 955 2314 1004 tuus
2342 947 2468 1006 fecit
2496 964 2563 1004 ex
2584 949 2822 1020 pulvere,
2855 964 2964 1006 non
2998 949 3205 1014 vidlsti;
3242 963 3366 1003 nam
3397 947 3445 1003 si
3477 956 3536 1003 te
3563 947 3787 1006 vidisses

2189 1038 2409 1107 factum,
2443 1056 2734 1110 numquam
2765 1049 2818 1096 te
2857 1040 3177 1096 moriturum
3205 1039 3287 1096 sic
3312 1037 3651 1095 deﬂevisses.
3696 1037 3783 1093 Ἧ-

2189 1130 2316 1187 disti
2346 1140 2398 1186 te
2418 1131 2736 1202 perfectum,
2769 1131 2950 1188 vidisti
2979 1139 3032 1190 te
3063 1131 3350 1197 viventem,
3381 1130 3571 1186 vidisti
3600 1138 3656 1186 te
3693 1128 3784 1187 dc-

2190 1238 2397 1290 corum,
2421 1225 2627 1279 auctori
2649 1233 2741 1279 tuo
2765 1232 2816 1279 te
2835 1225 3063 1280 similem
3077 1223 3191 1294 jam
3213 1223 3426 1280 vidisti:
3452 1222 3599 1280 unde
3618 1237 3782 1288 esses,

2189 1315 2363 1383 qualis
2384 1331 2548 1382 esses,
2579 1317 2704 1386 quia
2736 1332 2838 1375 nec
2861 1326 3196 1382 nascentem,
3229 1331 3332 1373 nec
3360 1317 3692 1372 morientem
3711 1317 3783 1370 vi-

2189 1406 2364 1475 deras,
2398 1409 2718 1466 nesciebas?
2745 1408 2882 1466 Hinc
2921 1416 3006 1466 est
3033 1409 3182 1480 quod
3211 1416 3420 1464 naturae
3465 1407 3668 1464 dedisti
3707 1417 3783 1464 to-

2190 1508 2323 1567 tum,
2355 1502 2449 1557 tibi
2479 1510 2552 1567 te,
2579 1503 2687 1558 Deo
2709 1503 2842 1558 nihil
2868 1521 2879 1556 :
2911 1511 3200 1574 propterea
3223 1502 3368 1558 Deus
3396 1517 3499 1574 per
3541 1509 3782 1558 natum

2190 1591 2397 1662 redegit
2424 1601 2497 1659 te,
2529 1594 2772 1664 permisit
2809 1610 2878 1650 ex
2907 1595 3073 1650 nihilo
3103 1595 3156 1650 in
3185 1594 3468 1664 pulverem
3507 1592 3780 1659 revocari;

2189 1693 2249 1739 ut
2287 1686 2413 1756 quid
2456 1685 2622 1744 fueris
2658 1688 2736 1742 sic
2762 1687 2965 1754 videas,
2987 1696 3044 1744 et
3071 1695 3482 1744 resurrecturus
3509 1701 3641 1757 agas
3668 1699 3780 1758 gra-

2191 1776 2314 1841 tias,
2345 1775 2478 1849 qui<l
2502 1776 2696 1846 factus,
2719 1779 2813 1848 qui
2840 1786 3056 1836 creatus
3084 1779 3484 1849 ingratissimus
3511 1779 3775 1834 exstitisti.

496 1877 636 1949 Ipse,
667 1876 870 1946 inquid,
903 1876 1055 1940 dixit,
1089 1884 1138 1929 et
1169 1875 1310 1946 facta
1348 1881 1498 1937 sunt;
1546 1873 1656 1942 ipse
1701 1869 1988 1932 mandavit,
2037 1875 2088 1922 et
2116 1875 2163 1937 Β
2190 1869 2307 1925 Non
2335 1871 2618 1928 timeamus
2645 1886 2794 1941 ergo,
2823 1871 3037 1937 fratres,
3068 1873 3210 1929 sicut
3228 1859 3368 1928 dixit.
3384 1871 3673 1939 Dominus,
3695 1886 3778 1928 eos

494 1981 669 2026 creata
715 1979 834 2024 sunt
873 1966 1046 2041 (Paul.
1072 1968 1311 2037 unum),
1361 1974 1420 2019 ut
1462 1964 1608 2034 quod
1652 1971 1778 2028 stat,-
1817 1961 1889 2016 sit
1919 1960 2086 2017 divini

494 2064 696 2135 operis,
721 2079 829 2118 non
859 2061 1084 2117 rationis
1110 2060 1378 2116 humanae.
1409 2057 1558 2113 Mare
1576 2057 1722 2126 quod
1756 2064 1909 2112 tanto
1937 2070 2085 2111 com-

493 2155 748 2211 motiouis
768 2170 878 2209 sua:
901 2153 1101 2208 vertice
1123 2151 1311 2215 fertur,
1337 2158 1394 2207 et
1413 2151 1658 2206 elevatur
1679 2148 1746 2204 ad
1770 2148 1960 2213 nubes,
1987 2147 2087 2203 fre—

493 2252 624 2301 nam
671 2256 859 2300 tenues
906 2259 1115 2319 arente,
1138 2251 1197 2297 ut
1216 2242 1493 2297 videamus
1522 2248 1846 2311 potestatem
1881 2247 2085 2293 tantam

495 2339 523 2378 δ
545 2355 654 2395 non
683 2339 888 2409 pulveri
916 2337 1127 2403 cedere,
1153 2335 1246 2392 sed
1264 2342 1550 2406 praecepto.
1574 2332 1763 2391 Omnia
1785 2347 1904 2402 quia
1927 2332 1980 2387 in
2008 2333 2086 2387 eis

493 2438 638 2497 sunt,
663 2439 951 2486 moventur
970 2446 1035 2484 ac
1059 2431 1242 2484 vivunt
1261 2429 1378 2485 solo
1391 2427 1542 2498 jussu
1564 2425 1702 2483 facta
1721 2444 1735 2494 ;
1754 2426 1946 2482 iterum
1969 2427 2086 2482 sola

489 2523 736 2594 jnssione
773 2522 1034 2578 solvenda
1074 2523 1356 2577 continuat
1404 2519 1689 2590 propheta,
1736 2534 1858 2573 cum
1911 2517 2080 2572 dicit:

495 2614 660 2670 Initio
680 2625 752 2680 tu,
780 2613 1017 2678 Domine,
1044 2622 1236 2668 terram
1276 2610 1528 2683 fundasti,
1557 2617 1608 2665 st
1647 2626 1802 2681 opera
1841 2624 2086 2663 manuum

493 2718 698 2762 utmm
723 2715 846 2762 sunt
873 2706 1018 2770 casti;
1039 2707 1140 2776 ipsi
1162 2707 1419 2775 peribunt,
1447 2713 1499 2758 tu
1531 2713 1702 2759 autem
1740 2701 2082 2774 permanebit,

490 2803 541 2854 et
560 2807 735 2854 omnes
754 2800 886 2853 sicut
905 2799 1260 2852 aestimatum
1279 2806 1627 2860 veterasunt;
1649 2807 1698 2850 et
1728 2796 1860 2850 velut
1880 2806 2086 2867 aperto-

492 2893 630 2945 rium
648 2890 870 2944 mutatis
888 2907 996 2952 eos,
1021 2898 1070 2944 et
1090 2889 1420 2944 mutabuntur
1443 2888 1612 2960 (Paul.
1641 2889 1754 2958 cx).
1777 2888 2085 2955 Quomodo?

493 2981 566 3038 Ut
589 2984 820 3054 tempori
843 2992 1101 3049 vetustas,
1139 2998 1249 3038 non
1287 2980 1536 3038 Creatori
1588 2988 1775 3052 pereat
1813 2991 2078 3038 creatura.

492 3075 602 3132 Sed
643 3083 702 3131 tu
715 3075 828 3145 jam
873 3091 992 3140 nos,
1035 3076 1359 3145 quicumque
1404 3075 1621 3144 qumrls,
1667 3081 1919 3142 evagatus
1963 3087 2085 3146 esse

490 3171 627 3226 dicis
655 3188 666 3223 :
696 3171 821 3240 quia
847 3186 970 3226 cum
993 3178 1048 3225 tu
1075 3169 1273 3239 quaeris
1290 3180 1459 3238 quare
1482 3169 1625 3223 Deus
1651 3177 1884 3223 mortem
1909 3167 1964 3221 in
1983 3166 2082 3222 de-

2187 1961 2279 2030 qui
2304 1962 2558 2019 occidunt
2588 1978 2806 2034 corpus,
2833 1965 2961 2034 quia
2984 1965 3143 2020 istam
3163 1964 3329 2020 vitam
3351 1980 3465 2021 non
3491 1965 3775 2036 perimunt,

2187 2051 2284 2107 sed
2311 2052 2614 2121 destruunt,
2645 2054 2774 2110 dum
2813 2055 2882 2112 de
2921 2056 3204 2126 temporali
3242 2055 3453 2114 faciunt
3500 2057 3773 2129 sempiter-

2187 2159 2332 2198 nam.
2365 2142 2501 2213 Quid
2538 2145 2717 2216 plura,
2766 2145 2997 2202 fratres?
3024 2149 3271 2219 permisit
3308 2156 3441 2206 tunc
3488 2151 3651 2214 mori,
3697 2152 3776 2222 qui

2186 2242 2401 2306 poterat
2427 2238 2720 2304 suscitare;
2746 2238 2838 2308 qui
2859 2237 3133 2295 viviﬁcare
3162 2238 3394 2306 sufficit,
3426 2242 3675 2312 permisit
3697 2253 3777 2298 oc-

2188 2326 2322 2394 cidi;
2368 2328 2456 2384 cui
2495 2337 2578 2383 est
2609 2328 2786 2384 honor
2814 2337 2869 2386 et
2907 2331 3079 2400 gloria
3118 2331 3174 2386 in
3213 2332 3416 2388 mula
3442 2333 3772 2397 saeculorum.

2189 2415 2378 2472 Amen.

2799 2488 3032 2546 SERMO
3069 2485 3200 2546 Cll.‘

2758 2579 2839 2635 De
2878 2579 3207 2638 Centuriane.

2258 2691 2502 2752 Christus
2538 2695 2594 2753 in
2633 2705 2864 2769 Corpore
2891 2707 3079 2756 nostro
3112 2714 3372 2765 manens,
3421 2701 3574 2771 quod
3603 2714 3773 2760 omnes

2187 2806 2298 2847 non
2327 2793 2608 2848 suscitavit
2632 2800 2893 2860 mortuos,
2928 2809 3116 2848 omnes
3144 2808 3253 2848 non
3283 2795 3507 2849 enavit
3532 2803 3770 2865 aegrotos,

2187 2883 2468 2940 credamus
2497 2885 2600 2940 hoc
2639 2901 2748 2940 non
2789 2886 3043 2956 potestati
3085 2884 3355 2949 defuisse,
3398 2887 3498 2943 sed
3537 2887 3771 2959 tempori.

2188 2973 2339 3034 Tunc
2353 2977 2538 3032 orbem
2555 2984 2730 3032 totum
2748 2984 2864 3033 toto
2883 2978 3096 3034 virtutis
3121 2993 3232 3034 sum
3252 2978 3470 3048 fulgore
3498 2981 3772 3043 radiasset,

2187 3074 2243 3122 et
2269 3068 2574 3123 sustulisset
2599 3078 2810 3140 tempus
2827 3067 2948 3124 ﬁdei
2967 3110 2982 3136 ,
3014 3077 3070 3125 et
3095 3070 3230 3124 nihil
3270 3071 3499 3126 secundi
3528 3072 3775 3130 advent-

2187 3157 2270 3214 sui
2318 3169 2650 3216 reservasset
2688 3161 2752 3215 ad
2795 3161 3042 3230 gloriam.
3084 3159 3196 3218 Nec
3239 3176 3376 3218 vero
3405 3163 3484 3218 sic
3527 3164 3778 3220 virtutum

491 3263 844 3320 struetlonem
866 3263 950 3318 sui
971 3262 1250 3333 plasmatis
1280 3261 1586 3333 permiserit
1613 3273 1953 3331 permanere,
1984 3273 2084 3313 nos
2109 3259 2155 3324 C
2187 3266 2406 3306 suarum
2430 3253 2747 3325 temperavit
2769 3253 3018 3322 insignia,
3052 3262 3110 3308 ut
3137 3260 3192 3310 et
3219 3254 3512 3309 divinitatis
3529 3269 3638 3308 sum
3659 3270 3779 3310 ma-

492 3356 710 3422 calum,
759 3361 981 3421 terram,
1036 3368 1188 3408 mare
1219 3365 1290 3408 ex
1316 3352 1488 3408 nihilo
1507 3350 1669 3419 facta,
1699 3359 1756 3406 et
1779 3361 1802 3390 ο
1824 3349 2083 3406 solvenda

491 3446 691 3502 iterum
724 3461 793 3502 ea
822 3445 1020 3510 nihilo,
1065 3444 1231 3515 longo
1257 3459 1509 3500 sermone
1537 3443 1942 3513 descripsimus,
1985 3441 2084 3498 tibi

490 3537 668 3605 magis
686 3553 752 3592 ac
771 3537 942 3605 magis
962 3536 1296 3605 disquirendi
1326 3536 1606 3592 materiam
1635 3535 2078 3605 conquisivimus.

492 3628 636 3684 Dicis
660 3641 674 3682 ξ
706 3627 822 3698 Ego
849 3629 1069 3698 qua-sivi
1089 3641 1184 3684 cur
1203 3630 1369 3684 homo
1389 3637 1598 3698 pereat,
1627 3637 1684 3683 tu
1711 3636 1768 3684 et
1814 3629 1928 3698 ipsa
1971 3628 2084 3684 ele-

492 3726 674 3774 menta
698 3719 932 3788 peritura
961 3718 1205 3785 ﬁrmasti,
1250 3728 1307 3775 ut
1326 3720 1394 3776 de
1435 3721 1789 3788 generalitate
1820 3719 2082 3790 pereundi

492 3810 764 3876 solatium,
805 3827 913 3866 non
958 3811 1193 3880 quietem
1232 3811 1300 3868 de
1329 3811 1558 3875 ratione,
1590 3809 1745 3866 fessis
1773 3811 2082 3866 mortalium

491 3903 734 3960 sensibus
762 3904 1102 3974 provideres;
1133 3904 1290 3973 quasi
1318 3920 1427 3958 non
1453 3903 1658 3959 doloris
1682 3905 1752 3958 sit
1777 3906 1954 3974 perire
1979 3919 2083 3960 cm-

489 3995 618 4060 lum,
645 3997 780 4053 soliti
810 4005 1029 4061 terram,
1053 4005 1109 4052 et
1137 4003 1307 4052 totam
1330 4009 1512 4052 rerum
1541 3995 1731 4052 faciem
1758 3996 1884 4067 jure
1929 4012 2080 4052 mor-

487 4088 711 4144 talitatis
739 4088 966 4144 aboleri.
1001 4088 1164 4153 Dicis,
1198 4102 1351 4157 rogc,
1403 4089 1534 4158 quid
1581 4088 1857 4159 pulchrius
1903 4088 2082 4144 ctelo?

486 4180 616 4250 quid
643 4180 975 4251 splendidius
998 4181 1153 4237 sole?
1178 4181 1314 4251 quid.
1327 4181 1453 4236 luna
1479 4182 1721 4250 gratius?
1741 4181 1870 4251 quid
1915 4197 2079 4236 orna-

489 4273 594 4327 tius
621 4272 829 4328 stellis?
867 4273 1000 4342 quid
1025 4273 1294 4330 salubrius
1337 4275 1522 4330 terra?
1555 4273 1682 4343 quid
1705 4273 1885 4330 utilius
1907 4273 2082 4328 mari?

489 4371 582 4418 aut
618 4377 740 4432 qua:
775 4365 829 4418 in
870 4364 986 4420 istis
1023 4366 1303 4422 vetustas?
1329 4378 1452 4435 quia
1492 4365 1632 4420 sicut
1669 4374 1796 4420 nata
1829 4365 1916 4421 vel
1936 4365 2079 4421 facta

487 4464 612 4510 sunt
634 4465 1013 4525 perseverant;
1037 4459 1181 4526 quod
1201 4459 1387 4528 utique
1407 4461 1612 4528 gratius
1635 4468 1779 4515 esset
1794 4460 1894 4516 ista
1909 4469 2078 4527 stare,

487 4561 649 4616 quam
680 4546 923 4616 perdere.
957 4546 1151 4613 Homo,
1203 4547 1430 4604 forsitan
1479 4557 1622 4606 esset
1645 4549 1953 4620 jucundius,
1983 4551 2080 4608 sed

2183 3344 2462 3402 nifestaret
2486 3346 2770 3414 indicium,
2796 3356 2851 3402 et
2877 3347 3129 3402 credendi
3159 3347 3537 3403 documentum
3567 3348 3777 3418 plenis-

2181 3440 2378 3495 simum
2410 3439 2715 3509 largiretur,
2748 3447 2803 3495 et
2831 3440 3239 3495 excusationem
3266 3440 3474 3496 callida:
3496 3438 3776 3496 infidelita—

2181 3535 2250 3588 tis
2300 3533 2569 3599 auferret,
2615 3534 2756 3589 sicut
2783 3535 2942 3588 hodie
2971 3534 3219 3590 centurio
3257 3532 3414 3603 cujus
3450 3535 3772 3603 evangelia

2183 3625 2354 3682 Lucas
2383 3627 2648 3691 meminit,
2674 3625 2778 3680 ﬁde
2819 3642 2915 3680 sua
2951 3626 3398 3696 providentiaque
3435 3627 3767 3683 monstravit.

2183 3719 2531 3785 Centurionit,
2558 3721 2652 3786 ait,
2691 3720 2963 3791 cujusdam
3001 3736 3174 3775 seruus
3205 3720 3340 3774 male
3365 3718 3562 3774 habent
3591 3718 3770 3773 morie-

2182 3813 2350 3877 batur,
2383 3813 2468 3883 qui
2506 3813 2584 3868 ἰαί
2624 3812 2879 3882 pretiosus
2919 3821 3050 3867 erat.
3097 3809 3355 3867 Centurio
3387 3811 3477 3866 hic
3506 3809 3769 3866 Romanus

2183 3913 2338 3971 erat;
2403 3903 2495 3959 sed
2544 3905 2666 3974 plus
2712 3912 2830 3958 erat
2882 3903 2970 3959 hic
3021 3904 3136 3974 ipse
3192 3902 3370 3958 fructu
3411 3913 3433 3942 ε
3478 3903 3768 3962 centesimo

2181 3999 2537 4055 Christianus.
2570 3997 2638 4053 Et
2679 3999 2792 4054 Deo
2835 3999 3007 4068 magis
3035 3999 3301 4054 militabat
3346 3997 3448 4053 iste
3475 4012 3642 4067 quam
3682 4011 3769 4051 sat-

2182 4092 2344 4158 culo;
2377 4099 2432 4149 et
2473 4093 2528 4147 in
2556 4091 2794 4148 humano
2839 4091 2984 4147 bello
3026 4090 3213 4158 fortis,
3246 4089 3438 4145 fortior
3482 4090 3534 4144 in
3570 4089 3765 4148 divino.

2181 4185 2331 4257 pacis
2359 4185 2603 4241 custodia
2634 4184 3004 4255 permanebat.
3039 4182 3197 4255 Cujus
3217 4199 3392 4238 imm
3422 4183 3555 4236 male
3581 4181 3766 4235 [tabam

2181 4278 2514 4344 moriebatur,
2557 4280 2642 4350 qui
2667 4279 2742 4332 illi
2767 4288 2878 4350 pret
2901 4295 3018 4333 osus
3057 4287 3187 4332 erat.
3218 4275 3237 4314 ί
3276 4274 3478 4332 Servus
3512 4283 3656 4341 erat,
3685 4275 3764 4345 qui

2179 4371 2356 4442 pretio
2382 4371 2681 4425 taxabatur.
2699 4370 3012 4436 Quaeramus
3032 4383 3164 4438 ergo
3190 4369 3312 4438 quis
3341 4376 3424 4422 est
3454 4368 3556 4422 iste
3585 4381 3764 4421 servus

2180 4465 2272 4535 qui
2297 4464 2371 4519 illi
2401 4471 2519 4520 erat
2554 4472 2578 4510 ε
2609 4464 2895 4533 pretiosus.
2934 4461 2989 4517 Si
3013 4462 3323 4518 dominatur
3347 4461 3546 4526 anima,
3576 4475 3765 4531 corpus

2183 4559 2382 4624 servit;
2413 4565 2467 4613 et
2495 4557 2700 4612 homini
2733 4557 2805 4610 nil
2836 4570 3065 4626 corpore
3103 4555 3413 4625 pretiosius.
3446 4552 3550 4609 llic
3582 4567 3764 4608 servus

484 4655 594 4695 non
623 4641 804 4695 utilius
829 4657 841 4694 :
876 4655 999 4695 nam
1031 4642 1149 4698 istis
1181 4643 1449 4699 stantibus
1474 4650 1530 4699 tu
1560 4646 1796 4714 nutasti;
1832 4645 1952 4703 istis
1991 4645 2075 4703 lu—
2103 4637 2161 4702 Β
2181 4650 2514 4708 centurionis
2535 4650 2688 4704 istius
2707 4648 2973 4719 pretiosus
3003 4645 3374 4702 iniirmabatur
3403 4645 3469 4699 ad
3500 4653 3759 4705 mortem:

485 4733 732 4787 euntibus
771 4742 1002 4788 caucasus
1041 4750 1120 4800 es,
1153 4751 1222 4791 ne
1242 4735 1483 4803 videres;
1505 4739 1628 4793 cmli
1656 4739 1876 4796 claritas“
1892 4749 2076 4810 stupe-

483 4823 612 4880 fecit
630 4841 820 4881 sensus
842 4834 982 4893 tuos,
1011 4829 1198 4884 oculos
1221 4836 1342 4884 tuos
1380 4829 1463 4886 sol
1490 4830 1782 4900 splendore
1806 4832 2070 4889 cmcavit:

481 4935 607 4974 nam
655 4919 852 4974 decore
901 4919 1158 4990 deceptus
1197 4922 1408 4989 horum,
1451 4921 1700 4992 opificem
1742 4932 1797 4978 tu
1829 4925 2069 4994 negasti;

481 5012 616 5070 istos
644 5023 884 5069 rectores
925 5013 1124 5081 mundi,
1157 5017 1288 5071 istos
1318 5015 1596 5073 confessus
1635 5033 1698 5074 es
1736 5019 1888 5088 deos,
1933 5034 2072 5090 quos

554 5184 578 5211 α
620 5174 785 5240 Alias,
808 5177 1078 5232 elemento.

552 5245 578 5283 lt
618 5244 812 5302 leius
838 5246 1046 5315 Sedul.,
1072 5247 1165 5303 lib.
1191 5265 1210 5304 l
1234 5267 1247 5302 :

603 5359 696 5472 Sui
720 5359 867 5409 maris
891 5360 1150 5412 undisonae
1191 5353 1338 5414 ﬂu‘clu'
1361 5365 1624 5427 surgente,
1645 5357 1889 5427 procem

657 5432 837 5472 eruere
861 5424 1029 5472 vicina!
1055 5399 1286 5472 prohibes
1309 5423 1512 5472 confinia
1538 5430 1702 5472 term.

657 5432 837 5486 argere
861 5424 1029 5473 vicina!
1054 5423 1286 5487 prohibes
1309 5423 1512 5474 conlidi:
1538 5423 1702 5477 terrai.

554 5541 576 5570 ε
608 5530 1188 5610 Quoadnvetustatem,
1238 5540 1298 5588 ut
1343 5534 1506 5606 paulo
1547 5537 1795 5610 superius
1833 5538 2070 5610 duplicat

475 5615 601 5658 cum
634 5603 709 5656 ait
740 5601 861 5679 :_[Jt
898 5605 1115 5679 φηωή
1156 5601 1408 5672 senatus,
1441 5622 1562 5679 non
1609 5601 1844 5663 Creatori
1890 5601 2066 5679 ﬁer-eat

477 5681 732 5747 creatura.
764 5672 1008 5747 Mundus
1031 5677 1178 5731 enim
1216 5677 1524 5747 purgandus
1566 5685 1667 5740 est,
1717 5688 1772 5733 et
1799 5672 2062 5733 innovari-

474 5743 576 5800 dus
608 5759 704 5815 per
729 5746 1157 5802 combustionem
1188 5743 1428 5804 omnium
1459 5749 1746 5805 mixtorum
1795 5751 1852 5804 in
1882 5759 2024 5804 terra
2044 5791 2058 5814 ,

473 5829 632 5912 r3939
646 5817 1391 5912 vanissimam}:
1417 5821 1777 5912 alluserit
1790 5821 2061 5912 flaua?-

473 5887 613 5955 talis,
646 5895 704 5943 ut
735 5887 933 5945 docent
961 5888 1221 5960 Theologi
1250 5890 1392 5962 apud
1421 5891 1712 5949 Bonaccin.
1745 5893 1811 5948 de
1841 5893 2052 5948 lncarn.

2183 4755 2314 4814 ergo
2341 4745 2590 4800 centurio
2617 4744 2844 4813 rogabat
2873 4751 2932 4798 ut
2958 4741 3205 4797 Christus
3226 4741 3373 4796 solus
3403 4740 3621 4795 mortali
3650 4755 3759 4794 θοι-ο

2176 4839 2297 4910 pori
2336 4838 2612 4907 largiendo
2641 4839 2806 4892 vitam
2845 4844 3124 4907 perpetem
3152 4836 3481 4892 subveniret.
3517 4834 3649 4890 Cum
3675 4848 3758 4887 au.

2181 4931 2356 4996 disset,
2389 4931 2580 4999 inquit,
2612 4930 2674 4983 de
2718 4929 2863 4994 Iesu,
2905 4931 3044 4983 misit
3078 4928 3147 4982 ad
3196 4945 3310 4982 eum
3338 4924 3367 4964 ιι
3407 4928 3632 4981 seniores
3670 4923 3756 4976 Ja-

2179 5022 2427 5078 dworum.
2452 5019 2681 5076 Gentilis
2707 5019 2922 5075 Judmos
2963 5019 3032 5074 ad
3077 5016 3351 5073 Christum
3380 5018 3580 5081 mittit;
3631 5014 3755 5069 etin

2171 5183 2310 5252 disp.
2344 5181 2379 5234 2
2399 5222 2414 5248 ,
2447 5187 2637 5251 qutest.
2665 5179 2716 5244 5,
2747 5185 2929 5250 punct.
2965 5177 3018 5252 δέ
3040 5185 3131 5252 _et_
3148 5179 3362 5252 ultimo.
3397 5180 3532 5237 Vide
3559 5181 3754 5236 Bellar-

2169 5249 2374 5323 minum
2407 5249 2675 5323 infpsalm.
2704 5249 2788 5306 Gl.
2822 5267 2960 5306 vers.
2994 5249 3082 5303 26.
3113 5250 3278 5306 ΜιτΑ.

2243 5321 2270 5360 ά
2305 5323 2470 5394 alias,
2487 5321 2744 5394 refectus.

2247 5404 2270 5432 ε
2301 5392 2718 5449 Οθηῐρηίςθιιὶιη
2750 5392 3007 5462 militibus
3031 5392 3368 5462 imperabant
3397 5394 3752 5458 centuriones,

2171 5464 2485 5534 fructusque
2514 5465 2839 5519 centesimus
2861 5461 3033 5532 major
3060 5461 3115 5517 in
3138 5465 3332 5518 usuris.
3599 5523 3602 5525 ,

2247 5525 2272 5574 τ
2297 5525 2545 5590 Fortasse
2568 5545 2621 5589 et
2645 5535 2814 5589 miles.
2843 5525 2974 5606 Nam
2995 5534 3319 5606 qumtdoque
3339 5536 3482 5606 apud
3507 5533 3754 5592 ΗΘΜ-ειη

2173 5607 2371 5678 milites
2394 5606 2814 5678 appellabantur
2829 5604 2975 5678 Ser-rt
2995 5603 3198 5678 ducunt.

2244 5687 2268 5724 ε
2299 5675 2740 5743 Ουθιῆὁοιηὶηυε
2767 5676 2981 5746 plurimi
3007 5675 3255 5732 faciebat.

2239 5746 2265 5785 δ
2295 5748 2390 5819 γει
2432 5749 2780 5817 magistratus
2807 5747 3006 5817 oppidi,
3049 5747 3136 5803 vel
3170 5749 3490 5817 praepesitos
3518 5749 3753 5819 83mp-

2165 5833 2265 5890 5:13.
2297 5817 2520 5888 Utrique
2546 5833 2734 5874 eorum
2760 5819 2862 5874 hoc
2885 5819 3101 5875 nomine
3121 5819 3442 5888 gaudebam.
