3930 6354
107 366 199 426 ωδ

1543 351 1775 412 SERMO
1811 350 1919 409 Cll.

3271 361 3378 424 486

107 483 210 552 lege
233 472 440 549 positis,
465 471 558 543 qui
591 471 708 526 sine
733 469 852 539 lege
895 474 1031 535 erat,
1063 466 1197 538 legis
1222 467 1555 522 demonstrat
1577 483 1676 522 au-
1706 469 1754 529 Α
1786 477 1917 532 tum,
1951 475 2006 522 et
2035 465 2280 524 notitiam
2313 475 2481 524 totam
2509 468 2893 526 dominationis
2930 484 3177 542 superare
3206 471 3260 528 in
3293 482 3377 527 to-

107 583 314 632 ctorem.
361 561 530 622 Nemo
571 581 700 635 ergo
756 565 983 618 miretur
1029 561 1074 618 si
1125 559 1378 632 gentilis,
1430 559 1535 617 hoc
1597 567 1679 618 est

108 675 130 702 ⁸
154 661 502 722 Christianus,
546 665 636 711 aut
675 661 851 719 vocat,
885 659 977 710 aut
1005 653 1170 720 ducit,
1217 662 1309 709 aut
1340 645 1582 726 perducit
1612 647 1679 708 ad

105 755 376 812 Christum.
421 749 569 807 Misit
603 749 672 803 ad
702 767 815 804 eum
855 749 1082 804 seniores
1127 743 1451 811 Iudaeorum,
1489 753 1680 820 rogans

103 864 205 904 eum
231 847 284 898 ut
305 845 520 908 veniret,
557 849 608 896 et
631 841 858 896 salvaret
883 857 1082 896 servum
1111 839 1242 912 ejus.
1267 839 1334 893 At
1362 837 1444 894 illi
1465 847 1578 892 cum
1600 846 1682 893 ve-

106 939 281 994 nissent
301 931 373 989 ad
388 929 587 1000 Iesum,
626 933 883 1006 rogabant
912 941 1027 988 eum
1047 921 1516 988 sollicite’dicentes
1540 948 1556 986 :
1584 927 1684 986 Di-

106 1039 221 1103 gnus
246 1037 320 1083 est
350 1029 407 1081 ut
447 1026 544 1080 hoc
590 1022 668 1080 illi
697 1035 937 1096 praestes,
983 1024 1153 1097 diligit
1186 1026 1320 1078 enim
1353 1031 1551 1096 gentem
1589 1039 1685 1078 no-

105 1131 269 1182 stram,
301 1127 353 1173 et
380 1127 699 1190 synagogam
734 1119 844 1188 ipse
867 1116 1148 1189 aediﬁcavit
1185 1113 1349 1171 nobis.
1379 1113 1548 1171 Judaei
1595 1133 1685 1170 r0-

104 1213 216 1281 gaut
253 1226 352 1281 pro
392 1207 598 1279 gentili,
632 1209 724 1279 qui
771 1223 870 1278 pro
910 1223 968 1263 se
1011 1223 1118 1262 non
1159 1209 1391 1276 rogant;
1437 1212 1492 1261 et
1521 1207 1686 1275 agunt

105 1303 218 1357 satis
252 1313 351 1374 pro
379 1301 554 1357 salute
603 1299 766 1354 alieni
795 1297 957 1366 servi,
1001 1303 1092 1370 qui
1122 1311 1220 1372 pro
1261 1299 1434 1354 salute
1463 1309 1685 1353 suorum

108 1393 220 1449 nihil
252 1401 417 1464 agunt
468 1389 717 1447 liliorum.
754 1389 918 1446 Alunt
961 1409 973 1444 :
1016 1389 1220 1462 Dignus
1259 1397 1336 1446 est
1373 1399 1429 1445 ut
1469 1390 1566 1445 hoc
1608 1389 1688 1445 ittt

106 1491 316 1557 prostes.
362 1479 419 1541 Si
467 1481 660 1554 dignus
709 1491 793 1539 est
842 1483 934 1554 qui
977 1483 1146 1550 audit,
1187 1483 1378 1551 credit,
1413 1483 1578 1538 tnlttit
1617 1479 1686 1537 ad

104 1577 360 1632 Christum
395 1593 406 1629 :
438 1577 504 1631 ad
529 1569 804 1630 Christum
832 1573 926 1645 qui
950 1576 1114 1640 venit,
1150 1573 1311 1641 videt,
1341 1581 1394 1630 et
1426 1587 1531 1630 non
1563 1587 1685 1630 cre-

104 1669 185 1737 dit,
223 1679 388 1739 quam
437 1665 699 1738 probatur
742 1661 1036 1736 indignus?
1077 1661 1264 1739 Ditigit
1303 1665 1441 1720 enim
1487 1676 1688 1738 gentem

104 1765 337 1817 nostram.
359 1753 450 1816 ille
478 1759 651 1830 diligit
671 1765 887 1830 gentem
909 1765 1165 1828 vestram,
1190 1771 1352 1832 quam
1376 1759 1450 1815 sic
1473 1753 1690 1816 Christo

1783 568 1834 616 ta
1881 559 2061 616 surculi
2089 561 2365 617 servitute.
2419 560 2660 626 Domine,
2705 559 2812 618 noli
2844 569 2888 618 te
2919 581 3120 618 vexare.
3155 555 3268 621 lloc
3299 575 3382 621 est

1781 654 1981 720 dicere,
2015 651 2174 721 Deus,
2207 655 2332 725 quid
2361 663 2411 711 te
2434 673 2595 712 vexas
2624 651 2857 712 humano
2884 657 2934 712 in
2959 675 3188 729 corpore
3211 657 3232 712 ?
3252 655 3384 729 quid

1783 757 1837 808 te
1866 747 2085 805 COlIiiCiS
2124 749 2307 806 labore
2339 752 2593 808 terreno?
2614 761 2668 806 ct
2697 752 2791 806 via:
2823 749 3152 823 longitudine
3180 748 3230 809 te
3263 749 3383 808 fati-

1783 843 1920 913 gas?
1949 842 2076 913 quid
2125 841 2486 914 peregrinaris
2531 843 2694 911 locis,
2746 848 2836 916 qui
2868 864 2928 902 es
2959 843 3154 918 ubique
3204 841 3388 906 totus?

1785 941 1947 1005 atque
1984 933 2123 990 intra
2174 937 2224 990 te
2276 935 2441 990 lotam
2489 945 2639 991 tenes
2678 939 2731 993 et
2761 935 2999 1009 possides
3039 953 3340 1000 creaturam
3366 946 3390 1000 ’ἔ

1787 1025 2027 1091 Domine,
2066 1025 2172 1082 ttoli
2205 1027 2250 1082 te
2280 1045 2483 1092 vexare,
2518 1045 2618 1083 non
2660 1047 2772 1084 sum
2801 1029 2986 1102 dignus
3016 1045 3070 1086 ut
3107 1033 3265 1090 intres
3294 1035 3388 1089 sub

1789 1131 1973 1176 tectum
2003 1139 2188 1177 meum.
2231 1117 2465 1187 Fratres,
2505 1119 2648 1192 quod
2680 1133 2762 1177 est
2798 1133 2994 1178 tectum
3026 1126 3170 1197 quod
3218 1119 3391 1182 homi-

1789 1233 1909 1271 nem
1951 1225 2044 1272 aut
2083 1213 2301 1284 diguttnt
2334 1209 2477 1280 facit,
2520 1225 2612 1269 aut
2645 1213 2820 1270 reddit
2851 1215 3146 1287 indignum,
3173 1234 3282 1288 quo
3311 1220 3393 1274 di-

1789 1309 1972 1364 vinum
2016 1309 2225 1376 invitet,
2273 1318 2364 1364 aut
2393 1305 2620 1380 repellat
2649 1311 2974 1365 acccssmn?
3017 1309 3252 1378 Fratres,
3289 1313 3392 1369 hoc

1790 1409 1992 1458 tectum
2033 1409 2232 1474 coerS
2259 1399 2343 1459 est
2397 1402 2541 1472 quod
2581 1401 2710 1474 legit
2739 1401 2994 1470 animam,
3026 1404 3171 1474 quod
3218 1405 3396 1476 operit

1790 1512 2004 1551 sensum
2035 1494 2277 1568 spiritus,
2309 1493 2454 1566 quod
2488 1496 2666 1551 cordis
2694 1487 3025 1550 domicilium
3059 1497 3220 1564 velat,
3249 1495 3396 1567 quod

1791 1587 2094 1646 libertatem
2135 1587 2329 1644 mentis
2359 1605 2388 1642 a
2421 1587 2625 1644 coalesti
2660 1588 2866 1644 visione
2895 1589 3139 1644 secludit.
3166 1589 3276 1644 Sub
3295 1589 3396 1647 hoc

1793 1698 1921 1752 ergo
1947 1681 2091 1738 teeto
2116 1681 2362 1736 centurio
2395 1677 2667 1750 indignum
2694 1679 2841 1736 ducit
2872 1679 3072 1736 intrare
3100 1678 3396 1745 Christum,

1793 1779 1898 1834 hoc
1918 1787 2019 1842 est,
2046 1773 2099 1832 in
2120 1793 2316 1848 corpus
2338 1773 2629 1830 htunannm
2648 1773 2882 1829 divinam
2906 1773 3200 1830 succedere
3229 1774 3398 1844 maje-

102 1853 384 1928 suppilcem
405 1849 561 1920 facit;
587 1854 682 1909 sed
706 1865 800 1909 vos
816 1851 1005 1908 odisus
1026 1865 1166 1918 eam,
1193 1863 1354 1923 quam
1380 1852 1457 1910 sic
1471 1847 1688 1910 Christo

1800 1878 2008 1924 statcm.
2033 1859 2154 1923 Non
2172 1885 2284 1922 sum
2304 1866 2489 1936 dignus
2507 1877 2559 1919 ut
2583 1861 2743 1920 intres
2764 1866 2856 1920 sub
2875 1877 3058 1920 tectum
3084 1883 3267 1920 meum.
3290 1864 3398 1922 Sed

102 1943 307 2003 redditis
339 1947 736 2003 contumacem.
772 1947 878 2002 Aut
905 1943 1180 2018 quomodo
1210 1945 1551 2002 Christianus
1580 1958 1688 2003 non

99 2035 253 2110 diligit
281 2041 501 2111 gentem
530 2045 788 2103 vestram,
821 2037 913 2109 qui
949 2040 1076 2094 dum
1100 2037 1378 2094 Christum
1401 2037 1602 2094 fatetur
1623 2055 1690 2097 ex

99 2137 247 2202 gente
285 2138 489 2198 vestra,
536 2129 795 2201 quidquid
842 2133 1018 2200 gentis
1062 2137 1254 2187 vestrae
1291 2139 1373 2186 est
1414 2126 1692 2188 cmlestetn

101 2219 232 2280 tollit
251 2229 303 2281 et
327 2223 543 2280 extollit
573 2223 640 2278 ad
667 2225 894 2294 gloriam
920 2223 942 2278 ?
972 2217 1160 2298 Dillglt
1182 2227 1320 2280 enim
1338 2236 1541 2300 gentem
1597 2235 1689 2281 no-

98 2320 266 2385 stram,
301 2321 358 2373 et
379 2317 404 2356 δ
432 2325 750 2390 synagogam
783 2319 892 2389 ipse
933 2313 1220 2387 will/itaet!
1247 2313 1416 2373 nobis.
1456 2315 1694 2374 Audistis

98 2408 210 2476 quia
242 2419 464 2479 semper
492 2407 670 2463 diruta
702 2417 782 2464 εει
811 2415 1112 2480 synagoga,
1161 2411 1216 2463 et
1239 2408 1385 2478 jacet
1410 2409 1611 2480 jugite'r
1640 2409 1694 2464 in

100 2502 382 2566 uenientis,
417 2511 516 2556 nec
543 2497 822 2558 cmlestem
849 2499 1020 2568 surgit
1047 2499 1102 2554 in
1130 2499 1408 2569 fabricam,
1443 2500 1543 2556 nisi
1573 2512 1694 2557 eam

99 2593 146 2646 iu
171 2582 429 2649 Ecclesiae
471 2593 682 2649 culmen
712 2591 1050 2649 Christianus
1088 2589 1384 2648 fabricator
1413 2595 1693 2650 instruxe-

97 2683 176 2742 rit.
200 2683 379 2754 Jesus,
404 2685 594 2758 inquit,
620 2685 725 2743 ibat
748 2697 863 2742 cunt
881 2687 1004 2742 illis.
1032 2686 1137 2742 Sed
1163 2683 1237 2742 illi
1266 2701 1372 2742 non
1406 2688 1554 2743 ibant
1572 2697 1695 2744 cum

97 2776 231 2843 issu,
265 2789 393 2835 cum
417 2789 524 2849 quo
549 2785 729 2835 mente
760 2791 870 2835 neu
900 2775 1090 2844 ibant;
1125 2791 1223 2833 nec
1244 2789 1366 2833 cum
1395 2777 1486 2833 illo
1516 2785 1692 2856 erant,

99 2873 177 2941 qui
207 2872 440 2943 sejuncti
467 2870 649 2936 corde,
697 2881 928 2944 corpore
962 2871 1290 2927 videbantur
1331 2869 1590 2940 adjunctl.
1628 2863 1700 2922 Et

97 2977 199 3018 cum
240 2966 360 3038 jam
401 2983 503 3019 non
546 2965 697 3037 longe
743 2971 894 3020 esset.
939 2959 1162 3032 Aque?
1193 2962 1239 3016 Λ
1266 2961 1473 3030 gentili.
1511 2963 1696 3028 Quan-

98 3065 199 3112 tum
227 3049 401 3113 Judaei
432 3068 489 3112 se
519 3056 875 3126 sejungebant
906 3067 934 3108 a
963 3051 1203 3114 Christo,
1237 3045 1485 3107 Christus
1517 3057 1700 3105 tamen

93 3149 346 3218 gentibus
369 3150 715 3221 iungebatur.
752 3145 819 3202 Et
851 3159 964 3200 cum
996 3146 1146 3217 longe
1161 3143 1274 3216 jant
1298 3155 1398 3197 non
1422 3149 1570 3207 esset,
1598 3140 1697 3195 mi-

1797 1961 1958 2027 Deus,
1983 1960 2075 2032 qui
2097 1955 2242 2028 quod
2266 1959 2557 2013 lutmanum
2582 1961 2683 2022 est,
2717 1973 2839 2012 ctnn
2865 1957 2994 2020 vult,
3025 1956 3149 2012 facit
3173 1973 3291 2011 esse
3314 1955 3398 2010 di-

1799 2049 2001 2119 viu‘unt,
2027 2045 2238 2122 etquod
2265 2061 2460 2107 tiostra:
2476 2045 2654 2107 carnis
2676 2059 2776 2117 est,
2801 2067 2926 2106 cum
2947 2049 3216 2120 dignatur,
3242 2066 3395 2106 suum

1795 2141 2096 2203 commutat
2126 2143 2177 2200 in
2207 2145 2480 2216 spiritum,
2514 2155 2612 2198 nec
2646 2144 2890 2198 habitare
2921 2159 3158 2208 carnem,
3187 2158 3286 2198 nec
3317 2150 3397 2196 le-

1795 2247 1942 2296 ctum
1998 2237 2166 2294 nostri
2214 2236 2462 2307 corporis
2517 2231 2840 2304 dedignatur
2899 2235 3121 2290 intrare.
3177 2219 3400 2305 Propter

1796 2323 1951 2404 quod,
1986 2325 2176 2400 inquit,
2208 2341 2256 2385 et
2286 2331 2532 2402 meipsum
2557 2327 2826 2401 indignum
2863 2327 3146 2384 arbitratus
3172 2344 3285 2384 sunt
3318 2345 3399 2383 re-

1798 2425 1909 2477 nire
1938 2415 2009 2476 ad
2039 2431 2102 2476 te.
2141 2413 2168 2457 δ
2199 2415 2311 2476 Hoc
2341 2430 2423 2474 est
2451 2430 2739 2488 utrumque
2768 2411 2968 2483 devoti,
2997 2419 3122 2488 quia
3164 2427 3216 2476 et
3245 2418 3310 2472 ad
3341 2435 3403 2474 se

1798 2512 1969 2568 Deum
2000 2514 2183 2567 venire
2213 2508 2485 2582 indignum
2511 2503 2678 2577 ducit,
2710 2521 2764 2566 et
2805 2527 2863 2567 se
2894 2511 3149 2566 accedere
3177 2499 3242 2568 ad
3275 2527 3402 2567 eum

1803 2605 2077 2661 °scitcs$e
2100 2621 2205 2659 non
2229 2599 2468 2674 dignum.
2493 2598 2622 2672 Quis
2648 2603 2812 2658 intrat
2841 2595 3158 2672 adjudiccm
3185 2620 3291 2657 non
3315 2619 3403 2658 v0-

1799 2691 1998 2754 catus?
2025 2699 2149 2768 quis
2182 2714 2288 2752 non
2318 2695 2498 2768 jussus
2531 2688 2826 2765 ingreditur
2849 2695 2915 2749 ad
2948 2687 3167 2764 regem?
3197 2705 3401 2764 quanto

1800 2791 1971 2860 utagis
2000 2791 2066 2845 ad
2097 2790 2263 2845 Deum
2287 2808 2393 2845 non
2426 2791 2572 2844 venit
2593 2791 2714 2859 quis
2737 2803 2843 2846 non
2873 2799 3114 2843 vocatus.
3145 2787 3284 2852 Quos
3315 2805 3400 2842 vo—

1801 2887 1952 2949 carit,
1992 2885 2183 2953 inquit,
2225 2903 2310 2942 eos
2339 2895 2387 2939 et
2410 2885 2719 2955 justi/icerit
2757 2883 2934 2954 (lieni.
2973 2889 3106 2950 νηί).
3138 2882 3400 2938 Centurio

1802 2991 1931 3043 ergo
1971 2992 2076 3028 non
2109 2977 2302 3043 refugit
2337 2976 2626 3029 adventum
2658 2975 2887 3037 Domini,
2921 2974 3119 3027 Christi
3163 2990 3398 3043 pta-sen-

1803 3068 1930 3119 tiam
1963 3082 2069 3119 non
2097 3075 2330 3129 recusat,
2364 3067 2457 3124 sed
2488 3068 2600 3136 agit
2626 3077 2680 3121 ut
2710 3068 2951 3120 vocantis
2979 3068 3048 3120 sit
3075 3067 3267 3136 gratia,
3294 3083 3401 3122 non

1803 3159 1873 3213 sit
1897 3158 2173 3212 temeritas
2201 3158 2597 3228 praesumentis.
2627 3157 2757 3212 Nam
2790 3157 3068 3226 Deusqnid
3098 3157 3283 3225 possit,
3305 3157 3403 3212 Itu-

91 3243 153 3294 sit
172 3242 248 3295 ad
265 3253 386 3296 eum
418 3241 648 3296 centurio
677 3241 891 3293 amicos.
928 3235 1030 3304 Qui
1060 3244 1183 3291 ante
1214 3236 1436 3291 miserat
1461 3229 1692 3302 indutos,

1802 3266 1963 3305 tuano
1985 3250 2221 3318 suggerit
2245 3257 2300 3303 et
2330 3249 2582 3306 informat
2611 3250 2860 3318 exemplo
2883 3248 3109 3303 dicendo
3143 3266 3154 3299 :
3191 3246 3329 3303 Nam
3350 3259 3402 3303 et

89 3349 226 3391 nunc
269 3335 480 3390 amicos
511 3333 676 3387 mittit
710 3352 720 3385 :
753 3336 811 3387 ut
850 3325 1095 3393 indices,
1131 3330 1209 3385 sic
1238 3327 1468 3384 dicendo
1499 3327 1699 3382 indicet

84 3425 361 3493 inimicos,
402 3427 666 3498 probante
696 3426 800 3481 hoc
830 3424 1091 3496 Apostolo
1128 3440 1249 3479 cum
1278 3424 1406 3479 dicit
1442 3443 1452 3476 :
1489 3421 1698 3477 Inimici

83 3529 302 3594 propter
334 3535 421 3576 vos
453 3520 629 3591 (Rom.
677 3523 772 3592 χι).
816 3517 986 3575 Judzci
1034 3519 1159 3574 dmn
1192 3518 1483 3574 credidisse
1511 3524 1698 3587 gentes

84 3617 354 3680 invident,
380 3611 642 3686 quidquid
669 3621 785 3670 erat
810 3623 864 3670 et
890 3613 1019 3684 legis
1041 3620 1091 3668 et
1114 3612 1299 3686 gratiae
1324 3611 1693 3683 perdiderunt.

88 3707 230 3766 Misit
260 3707 340 3762 ad
369 3726 485 3764 eum
533 3711 744 3763 amicos.
789 3707 927 3762 Audi
971 3707 1038 3762 ad
1089 3706 1364 3776 apostolos
1412 3701 1698 3760 Dominum

91 3804 363 3861 dicentem
398 3823 408 3856 :
440 3799 564 3857 1am
621 3819 722 3857 non
771 3802 938 3856 (licam
979 3820 1062 3858 ros
1120 3815 1312 3866 serros,
1374 3797 1466 3853 sed
1505 3802 1696 3854 anticus

97 3893 273 3967 (loan.
309 3896 425 3967 κγ).
479 3894 631 3951 Sicut
683 3895 812 3950 iides
842 3910 1028 3950 servos
1057 3896 1342 3964 promovet
1371 3891 1424 3947 in
1472 3891 1692 3956 amicos,

98 3990 162 4044 ita
201 3989 430 4062 periidia
464 3985 601 4045 filios
647 3989 700 4043 in
742 3988 1012 4060 pwnalem
1047 3997 1068 4027 ο
1115 3985 1310 4057 redigit
1358 3985 1692 4042 servitutem.

100 4075 236 4140 illisit
277 4081 353 4139 ad
388 4101 503 4137 eum
539 4085 752 4148 amicos,
792 4083 965 4138 dicens
999 4100 1014 4136 :
1059 4077 1311 4148 Domine,
1358 4079 1468 4135 noli
1499 4079 1692 4135 vexari.

102 4171 321 4242 Quare?
367 4173 502 4240 Quia
543 4195 647 4232 non
689 4192 802 4232 sum
844 4175 1028 4248 dignus
1071 4187 1126 4230 ut
1165 4177 1325 4230 intres
1375 4173 1466 4229 sub
1511 4179 1696 4229 tectum

103 4277 277 4325 meum.
317 4267 526 4325 Videtis
554 4270 679 4340 quia
721 4267 968 4324 Christus
1014 4269 1246 4326 ducebat
1275 4269 1445 4338 magis
1482 4265 1699 4324 JlltltDOS

102 4378 250 4431 quant
289 4359 655 4418 adduceretur
684 4379 713 4417 a
742 4359 967 4430 Judzcis,
1013 4371 1070 4418 ut
1100 4364 1348 4418 audirent
1379 4379 1499 4418 esse
1530 4378 1698 4435 penes

104 4455 470 4509 centurionem
503 4451 808 4509 Divinitatis
830 4455 1214 4520 reverentiam,
1248 4471 1411 4526 penes
1440 4453 1696 4523 gentilem

103 4545 224 4615 legis
251 4547 482 4612 cultum,
509 4562 675 4617 penes
691 4547 913 4602 militem
937 4546 1261 4618 stipendium
1292 4547 1497 4618 gratiae,
1531 4563 1698 4618 penes

1801 3359 1893 3413 ego
1917 3331 2068 3396 liomo
2097 3358 2212 3396 sunt
2233 3329 2325 3396 sub
2348 3352 2604 3412 potestate
2634 3342 2961 3404 constitutus,
2996 3339 3187 3394 habens
3209 3341 3300 3393 sub
3325 3358 3404 3395 me

1801 3433 2024 3498 milites;
2068 3444 2115 3488 et
2148 3431 2261 3488 (lit'O
2294 3435 2410 3489 Imic
2453 3425 2615 3498 Vade,
2655 3444 2702 3486 et
2743 3432 2911 3496 rudit;
2946 3442 2993 3488 et
3020 3433 3131 3505 alii,
3170 3431 3314 3496 Veni,
3357 3441 3404 3487 et

1800 3528 1968 3591 venit;
2000 3536 2047 3580 et
2070 3543 2213 3582 serra
2237 3543 2369 3593 meo,
2406 3515 2517 3580 Fac
2543 3523 2656 3591 hoc,
2681 3535 2729 3580 et
2760 3527 2904 3597 facit.
2935 3524 3045 3580 lloc
3072 3534 3172 3589 est,
3204 3525 3244 3578 si
3278 3540 3400 3594 ego,

1800 3619 1890 3694 qui
1922 3633 2040 3676 sum
2070 3613 2086 3657 ί
2115 3615 2214 3675 sub
2237 3627 2507 3689 potestate
2529 3620 2873 3685 constitutus,
2902 3619 3126 3691 imperio
3151 3619 3296 3673 verbi
3321 3637 3404 3676 so-

1801 3713 1854 3768 lo
1886 3713 2022 3769 facio
2051 3713 2179 3767 mihi
2211 3729 2400 3783 parere
2436 3712 2725 3782 subjectos,
2755 3712 3027 3782 quomodo
3061 3722 3115 3766 tu
3147 3713 3236 3782 qui
3270 3713 3401 3766 nulli

1800 3802 2067 3874 suhjaccs,
2105 3814 2160 3859 et
2199 3803 2351 3873 cujus
2394 3807 2571 3860 omnia
2607 3802 2883 3873 subiacent
2928 3806 3202 3876 potestati,
3238 3805 3404 3859 verbo

1804 3914 1911 3952 non
1950 3907 2103 3968 potes
2123 3896 2350 3968 jubenle
2376 3898 2601 3952 curare?
2630 3897 2917 3952 sanitatem
2956 3896 3168 3951 mittere
3193 3897 3214 3950 ?
3254 3913 3406 3950 tuan-

1803 3985 1932 4045 dare
1963 3990 2223 4045 virtutes?
2264 3987 2370 4044 Aut
2406 3989 2571 4044 verbo
2613 3983 2836 4044 reﬁcere
2867 4005 2972 4042 non
3025 3999 3212 4057 potes,
3259 3987 3404 4056 quod

1803 4081 1969 4138 verbo
2002 4079 2173 4139 fecisti
2199 4083 2222 4137 ?
2246 4077 2414 4150 Dixit,
2441 4082 2631 4152 inquit,
2676 4093 2725 4135 et
2762 4083 2902 4152 facta
2925 4092 3074 4143 sunt;
3101 4079 3364 4134 nmmtari!
3386 4117 3401 4143 ,

1801 4187 2038 4231 etcreata
2060 4186 2178 4230 sunt
2204 4171 2378 4248 (Psat.
2399 4175 2639 4244 chvnI).
2671 4173 2774 4228 Ant
2800 4171 3004 4242 aliquid
3025 4187 3090 4226 ex
3121 4172 3300 4239 aliquo
3325 4186 3406 4224 rc-

1804 4284 1994 4340 parare
2023 4284 2129 4322 non
2153 4264 2374 4328 sntiieis,
2405 4275 2597 4321 cttncta
2629 4282 2694 4322 ex
2718 4265 2885 4319 nihilo
2915 4264 3004 4333 qui
3036 4264 3276 4334 parasti?
3311 4261 3404 4316 Dic

1802 4375 1924 4430 ergo
1948 4353 2114 4423 verba,
2136 4367 2184 4412 ct
2214 4355 2486 4411 sanabitur
2507 4373 2632 4428 puer
2661 4373 2819 4410 meus.
2846 4355 3088 4426 Implevit
3113 4355 3236 4410 illud
3260 4346 3407 4425 quod

1800 4453 2066 4526 propheta
2097 4447 2165 4507 de
2196 4445 2305 4506 Deo
2340 4449 2537 4506 cecinit
2573 4467 2586 4503 :
2622 4441 2768 4504 Misit
2798 4450 2998 4503 rerbum
3036 4466 3206 4510 stunn,
3240 4461 3286 4502 et
3319 4467 3406 4503 sa-

1805 4544 2066 4610 nari‘teos;
2091 4554 2138 4598 et
2161 4537 2345 4614 eripuit
2366 4558 2452 4597 eos
2481 4540 2543 4596 de
2565 4542 2855 4612 corruptela
2876 4558 3048 4596 eorum
3076 4537 3243 4612 (Psat.
3272 4542 3399 4610 Civ).

107 4635 405 4694 Romanum
433 4637 557 4693 iidei
584 4633 908 4704 doctrinam,
944 4637 996 4693 in
1043 4637 1240 4710 frigore
1286 4654 1496 4710 pagano
1541 4635 1699 4693 Chri-
1723 4654 1778 4716 ι)
1808 4628 2041 4703 Fratres,
2074 4637 2319 4693 centurio
2359 4633 2480 4701 iste,
2504 4634 2733 4691 dicendo
2767 4653 2778 4688 :
2812 4632 2931 4690 Non
2975 4652 3081 4690 sum
3125 4635 3309 4706 dignus
3349 4644 3405 4689 ut

105 4729 322 4788 silanum
353 4731 616 4799 calorem,
660 4732 714 4787 in
745 4736 960 4788 terreno
1000 4737 1225 4802 pectore
1253 4731 1474 4788 coaleste
1513 4746 1696 4788 secre-

171 4972 193 5000 λ
220 4961 262 5015 Ε
295 4961 604 5031 gentilitate
630 4959 713 5031 ad,
734 4958 890 5031 iidem
930 4967 1207 5031 evocatus,
1240 4959 1326 5013 vel
1362 4958 1702 5031 Christianus

111 5033 172 5089 ob
197 5028 354 5088 iidem
388 5043 494 5101 qua
536 5029 765 5086 credidit
793 5028 1066 5083 Christum
1091 5028 1207 5101 ejus
1236 5029 1480 5099 potuisse
1506 5041 1704 5085 sanare

111 5120 328 5158 servum.
365 5099 434 5156 Et
463 5104 710 5166 fortasse,
738 5110 794 5154 ut
827 5102 1056 5153 advertit
1078 5099 1316 5160 Grotius,
1347 5102 1594 5156 centurio
1614 5102 1706 5157 hic

112 5177 254 5230 assius
297 5175 398 5228 Dei
445 5175 648 5228 cultum
703 5181 828 5227 eum
879 5169 1118 5225 Hebraeis
1167 5172 1560 5240 proﬁtebatur;
1616 5173 1700 5228 vel

111 5244 372 5300 Christum
399 5243 644 5314 Messian!
679 5259 706 5297 a
732 5243 1386 5314 Deoiniissunrcredehat.
1407 5241 1704 5314 Chysmto-

112 5329 235 5397 mus,
267 5315 495 5371 humilis
522 5309 608 5379 ω,
640 5314 772 5400 alias
796 5311 884 5378 '27,
919 5319 1051 5368 tom.
1094 5311 1184 5366 γη
1215 5311 1374 5384 Oper.
1402 5309 1546 5437 ing.
1575 5313 1696 5400 5.1.4,

114 5387 226 5437 cdit.
285 5385 581 5437 Monfanc:
646 5385 776 5437 Vit-le
800 5387 1149 5437 centurionem
1195 5401 1368 5437 rerum
1431 5403 1464 5437 .e
1492 5383 1696 5437 Christe

114 5387 226 5441 edit.
285 5385 536 5442 Monfauc
570 5405 581 5438 :
646 5385 776 5439 Vit-te
800 5387 1149 5438 centurionem
1195 5383 1368 5439 rerum
1402 5383 1464 5438 de
1492 5383 1703 5440 Christo

115 5457 339 5528 habuisse
366 5459 699 5528 opinionem;
732 5467 852 5528 nam
882 5469 1004 5528 non;
1027 5455 1161 5508 dixit
1201 5454 1368 5528 Roga,
1414 5467 1518 5510 non
1567 5457 1700 5511 dixit

115 5525 344 5602 Preegre,
365 5525 634 5602 Supplice,
661 5526 754 5581 sed
783 5528 947 5602 solum
975 5525 1202 5602 inanem.

177 5598 201 5636 ι’
240 5597 577 5669 Praeceperat
600 5598 888 5666 Augustus,
914 5597 1068 5664 Cujus
1098 5598 1344 5653 instituta
1373 5597 1704 5667 metuebatur

117 5666 367 5735 Tiberius,
390 5666 456 5726 ne
478 5671 599 5724 cubi
625 5669 792 5723 Judxci
834 5674 1147 5721 velarentur
1176 5669 1232 5722 in
1265 5666 1551 5739 synagogis
1571 5679 1703 5723 cmi-

117 5742 306 5798 veuire.
336 5739 490 5797 [inde
519 5742 754 5795 insolens
776 5740 945 5794 videri
969 5753 1075 5792 non
1095 5747 1275 5808 rudest
1298 5739 1570 5796 hominem
1594 5739 1702 5794 llo-

121 5823 326 5882 tantum
344 5813 710 5868 restauratum
731 5817 1015 5882 synagogas
1035 5823 1256 5880 inierant
1307 5811 1540 5872 dedisse,
1574 5825 1702 5866 usus

119 5879 332 5940 iortasse
356 5886 629 5940 laboribus
652 5879 896 5943 militum,
917 5899 1052 5952 quos
1077 5879 1140 5935 ne
1166 5883 1333 5936 otium
1358 5883 1409 5936 in
1432 5882 1702 5937 lasciviam

1804 4733 1965 4788 intres
1993 4730 2086 4786 sub
2119 4743 2302 4788 tectum
2341 4747 2528 4799 meum,
2562 4729 2854 4786 Christiani
2880 4731 3062 4801 populi
3093 4730 3231 4800 gerit
3275 4729 3408 4800 ligu-
3483 4715 3488 4738 ⁵

1807 4965 2063 5030 verteret,
2097 4957 2343 5012 solebant
2372 4957 2598 5014 Romani
2626 4960 2692 5030 ad
2721 4960 2932 5030 publica
2977 4973 3196 5030 uulnera
3229 4958 3402 5026 appli-
3463 4977 3476 5014 .=

1804 5029 2392 5101 curmtlirrysmfonms
2432 5031 2548 5085 loco
2576 5024 2788 5084 lituda'to
2826 5037 2939 5100 pag.
2985 5024 3104 5101 5H3,
3146 5028 3206 5101 in
3257 5024 3399 5081 line:

1808 5097 1959 5162 Quod
1986 5093 2156 5171 autem
2204 5093 2482 5153 Matt/imus
2508 5103 2738 5155 declarat
2767 5093 2934 5171 ipsum
2969 5099 3259 5153 Isi-uetitum
3300 5113 3402 5151 non
3467 5126 3470 5130 -

1805 5187 1933 5235 esse,
1967 5182 2014 5224 et
2048 5169 2214 5224 Lucas
2244 5189 2369 5255 .rero
2409 5174 2568 5255 dicit,
2596 5174 2730 5255 quod
2767 5169 3040 5255 tt'l‘llfit'ﬂt'il
3061 5179 3398 5240 synagoga»),

1805 5258 1908 5295 non
1930 5251 2006 5295 est
2027 5242 2378 5306 contrarium:
2400 5237 2568 5314 patuit
2587 5237 2722 5297 enim
2744 5255 2792 5298 et
2813 5237 3027 5297 iuturus
3051 5237 3150 5295 non
3175 5237 3301 5304 esse,
3353 5251 3403 5294 et

1803 5325 2122 5437 agnomen:
2156 5313 2522 5368 canstraaisse.
2697 5350 2704 5357 -

1884 5393 1907 5422 ι’
2032 5423 2044 5436 .
2069 5379 2275 5437 Ετυςση.
2301 5401 2312 5437 :
2349 5385 2495 5437 Sicut
2519 5383 2693 5437 ﬁdeles

1884 5393 1907 5422 ι’
1941 5379 2044 5437 ns.
2069 5379 2275 5437 Ctescn.
2301 5401 2312 5437 :
2349 5385 2495 5440 Sicut
2515 5383 2693 5455 ﬁdeles
2715 5393 2884 5438 servos
2905 5393 3166 5453 promeret
3196 5384 3253 5437 in‘
3273 5383 3405 5438 anti-

1807 5471 1912 5527 cos,
1944 5456 2017 5527 ita
2041 5454 2274 5527 perﬁdia?
2294 5455 2432 5527 ﬁlios
2455 5454 2522 5509 in,
2536 5457 2785 5526 parnalem
2810 5457 2994 5525 redigit
3017 5457 3327 5527 seruitutem.

1876 5524 1902 5563 ά
1946 5524 2159 5580 Homini
2187 5524 2302 5595 pio,
2325 5524 2544 5590 humili,
2568 5527 2764 5582 devoto
2791 5524 3075 5595 t’t‘trtnuqne
3103 5525 3355 5579 convenit
3384 5543 3396 5578 :

1876 5541 1902 5563 α
1946 5541 2159 5580 nonum
2187 5541 2298 5595 pro,
2325 5541 2534 5590 nunun,
2568 5541 2764 5582 (πονου)
2791 5541 2984 5580 ttll‘ltlnt
3013 5541 3075 5580 ne
3103 5541 3355 5579 convenit
3384 5543 3396 5578 :

1803 5595 2030 5667 scilicet,
2062 5611 2121 5667 se
2171 5596 2443 5665 indignum
2475 5605 2666 5667 putare
2707 5603 2764 5651 ut
2801 5597 2912 5666 ipse
2935 5541 3006 5651 ad
3021 5593 3316 5666 Christum,
3347 5603 3404 5652 et

1807 5667 1877 5722 ad
1896 5682 1952 5722 se
1973 5663 2219 5722 Christus
2243 5663 2482 5722 accedat;

1882 5747 1907 5810 τ
1948 5735 2232 5810 Existimat
2259 5735 2545 5810 indignum.
2574 5733 2646 5792 ita
2673 5753 2772 5792 ms.
2797 5737 3004 5794 Cmsen.

1809 5883 1858 5938 Γ
1886 5809 1904 5846 ί
1946 5807 2203 5933 Ιηηιιξιξε
2225 5810 2309 5865 vel
2331 5807 2564 5876 tribuno,
2600 5811 2682 5866 vel
2711 5811 2918 5882 praesidi
2948 5811 3236 5868 subditum.
3261 5811 3403 5870 Beda

1829 5895 1913 5938 m‘.
1941 5897 2058 5938 ean.
2128 5899 2179 5936 ς).

1829 5895 1913 5947 ne,
1941 5897 2058 5953 cap.
2090 5895 2179 5936 2:).
