3930 6354
485 382 592 443 487

1737 380 1796 435 8.
1836 369 2041 433 PETRI
2079 371 2213 428 CIIR
2228 369 2519 428 YSOLOCI

3666 369 3769 428 488

488 509 625 563 ram,
654 496 748 566 qui
774 493 971 552 Christi
1015 494 1353 566 praesentiam
1400 493 1741 564 corporalem
1785 506 1846 546 se
1869 489 2072 560 judicat
2098 490 2149 547 A
2176 488 2367 558 spiritu
2413 502 2511 558 per
2553 500 2849 543 concavum
2898 501 3068 542 cornu
3115 486 3243 556 ligni
3271 486 3357 542 vel
3402 487 3526 544 teris
3562 485 3772 545 tristem

488 603 600 645 non
628 587 844 654 mereri,
874 586 966 643 sed
994 587 1112 643 solo
1139 586 1324 654 verbo,
1351 585 1559 650 nuntio,
1591 585 1778 641 auditu
1807 582 1930 638 ﬁdei
1958 591 2077 636 tan-

488 687 621 744 tum,
653 687 796 735 totas
816 678 1022 734 Domini
1053 678 1218 746 audit,
1261 679 1450 745 credit,
1482 679 1700 749 respicit
1725 678 1780 732 in
1808 692 1904 732 sua
1933 674 2077 731 sani-

487 779 600 828 tate
631 773 873 828 virtutes.
913 770 1044 827 Nam
1081 771 1228 842 quod
1261 771 1433 828 dicit:
1469 769 1602 826 Dico
1644 771 1782 835 huic,
1832 766 1996 834 Vade,
2028 773 2078 820 et

489 862 659 928 vadit;
689 873 738 918 et
759 864 871 927 alii,
905 862 1054 930 Veni,
1077 873 1128 918 et
1153 864 1318 930 venit;
1349 873 1400 918 et
1418 880 1562 918 servo
1583 879 1718 928 meo,
1744 858 1860 914 Fac
1884 859 1998 924 hoc,
2027 867 2077 912 et

489 955 649 1026 facit;
689 951 995 1010 Judteorum
1043 955 1352 1024 repulsam,
1409 954 1755 1010 vocationem
1811 951 2071 1020 gentium,

489 1054 517 1082 ι
545 1042 834 1100 Christiani
867 1047 1049 1117 populi
1081 1047 1443 1102 obedientiam
1468 1047 1546 1102 sic
1565 1046 1920 1101 demonstrat.
1946 1041 2076 1096 Dico

489 1136 624 1204 huic,
657 1137 763 1194 hoc
799 1145 900 1204 est,
933 1136 1140 1204 Iudaeo,
1171 1139 1263 1208 qui
1292 1155 1400 1194 non
1434 1138 1678 1204 credidit,
1718 1135 1882 1202 Vade,
1908 1145 1958 1191 et
1989 1152 2080 1189 va-

489 1229 593 1295 dit;
632 1239 682 1285 et
717 1231 830 1296 alii,
872 1231 975 1286 hoc
1000 1240 1100 1298 est,
1138 1229 1356 1300 Gentili,
1387 1232 1514 1302 quia
1542 1231 1799 1296 credidit,
1848 1229 1999 1294 Veni,
2030 1237 2081 1284 et

489 1323 665 1388 venit;
695 1332 744 1377 et
771 1339 914 1378 servo
943 1340 1075 1388 meo,
1117 1324 1222 1380 hoc
1250 1332 1350 1390 est,
1388 1322 1718 1389 Christiano,
1749 1321 2007 1388 Fac/ioc,
2030 1329 2082 1376 et

493 1415 638 1486 facit.
684 1411 930 1481 Oremus,
961 1413 1181 1483 fratres,
1227 1424 1285 1471 ut
1313 1431 1619 1473 mereamur
1651 1414 1939 1471 Christiani
1973 1431 2080 1470 non

492 1505 714 1562 nomine
751 1514 959 1563 tantum
995 1523 1133 1572 esse,
1175 1508 1269 1564 sed
1298 1506 1400 1565 fide
1426 1526 1440 1575 ;
1478 1518 1536 1565 et
1563 1517 1622 1563 ut
1642 1524 1762 1579 quae
1784 1507 2041 1577 jubentur
2061 1549 2077 1576 ,

493 1614 602 1655 non
631 1599 910 1656 audiamus
938 1609 1166 1668 tantum,
1198 1601 1289 1658 sed
1325 1601 1581 1659 faciamus
1609 1602 1809 1657 audita.
1852 1600 1986 1669 Quia
2009 1601 2082 1656 si-

493 1697 586 1745 cut
617 1690 798 1747 devoti
828 1692 970 1748 servi
1000 1701 1084 1749 est
1111 1692 1302 1750 fecisse
1321 1692 1492 1762 jussa,
1527 1694 1600 1748 ita
1624 1692 1774 1764 jussa
1800 1701 2082 1749 contuma-

491 1781 570 1837 cis
597 1789 680 1838 est
713 1799 818 1839 non
857 1782 1066 1840 fecisse.
1096 1783 1196 1840 Dic
1222 1801 1344 1858 ergo
1375 1785 1546 1850 verbo,
1578 1797 1628 1840 et
1655 1784 1927 1841 sanabitur
1958 1802 2084 1858 puer

2179 581 2506 638 bellantibus
2544 580 2638 636 dat
2657 577 2681 617 ἀ
2713 580 2992 648 mugitum,
3024 579 3119 634 sed
3145 593 3266 650 qua:
3292 577 3360 634 de
3387 579 3552 636 corde
3576 577 3769 647 Patris,

2179 688 2275 729 ore
2297 672 2436 739 Filii,
2463 672 2676 728 vitalem
2716 671 2874 726 simul
2902 679 2958 725 et
2997 669 3179 726 inferis
3207 679 3264 726 et
3290 670 3499 741 superis
3525 670 3621 725 dat
3667 673 3773 727 cla-

2179 780 2407 822 morem.
2438 763 2510 820 Et
2544 767 2599 820 in
2639 765 2917 820 novissima
2946 762 3065 818 tuba
3105 761 3149 835 (1
3173 760 3292 819 Cor.
3324 764 3470 832 xvi);
3497 763 3627 818 tuba
3662 779 3772 834 qua:

2180 859 2235 916 in
2265 859 2528 931 principio
2549 859 2805 915 mundum
2827 859 3041 914 vocavit
3063 873 3130 914 ex
3156 858 3342 922 nihilo,
3376 858 3490 929 ipsa
3521 859 3574 913 in
3607 859 3773 914 novis-

2179 953 2318 1009 simo
2363 953 2623 1008 mundum
2663 952 2939 1008 revocabit
2978 967 3045 1007 ex
3087 951 3332 1022 perdito;
3363 957 3421 1007 et
3468 966 3592 1021 qua:
3631 951 3770 1007 initio

2180 1045 2453 1116 hominem
2500 1045 2781 1101 suscitavit
2821 1061 2889 1101 ex
2929 1044 3078 1110 limo,
3113 1044 3226 1115 ipsa
3271 1043 3324 1098 in
3362 1041 3470 1099 fine
3503 1043 3771 1099 hominem

2179 1138 2522 1195 resuscitahit
2549 1154 2616 1194 ex
2645 1138 2888 1209 pulvere.
2920 1137 3168 1203 Fratres,
3200 1136 3281 1193 sic
3318 1136 3627 1202 credimus,
3655 1137 3770 1205 quia

2182 1233 2311 1288 tuba
2339 1234 2531 1289 divinae
2559 1233 2707 1289 vocis
2732 1233 2900 1288 chaos
2921 1231 3122 1296 divisit,
3146 1231 3367 1301 collegit
3393 1232 3609 1291 orbem.
3637 1246 3771 1284 mun-

2181 1325 2330 1381 davit
2357 1326 2644 1390 elementa,
2669 1325 2915 1379 distinxit
2946 1323 3228 1386 mundum,
3251 1323 3534 1394 suspendit
3563 1322 3767 1388 caelum,

2181 1415 2428 1472 fundavit
2470 1427 2688 1482 terram,
2720 1431 2870 1472 mare
2899 1416 3087 1482 vinxit,
3119 1416 3306 1471 mersit
3347 1415 3610 1478 infernos,
3640 1414 3773 1470 dedit

2185 1508 2433 1565 ordinum
2464 1509 2628 1575 vices,
2659 1507 2821 1579 jussit
2865 1525 3045 1564 rerum
3085 1509 3397 1564 continuam
3436 1507 3768 1574 sewitutem;

2186 1617 2251 1658 ac
2297 1618 2366 1658 ne
2413 1617 2614 1659 vacuus
2662 1602 2910 1658 horreret
2941 1602 3116 1666 orbis,
3164 1602 3373 1672 aptavit
3418 1600 3768 1666 habitatores,

2186 1693 2492 1750 habitacula
2531 1695 2610 1750 sic
2636 1693 2893 1750 discrevit
2922 1712 2936 1747 :
2961 1694 3014 1749 in
3045 1694 3182 1750 caelo
3214 1693 3399 1764 posuit
3417 1693 3646 1763 angelos
3671 1691 3771 1748 solo

2187 1789 2378 1861 spiritu
2402 1789 2664 1856 viventes,
2689 1789 2742 1843 in
2771 1797 2915 1844 terra
2941 1788 3222 1845 constituit
3239 1789 3378 1842 vitas
3406 1787 3592 1842 varias
3621 1795 3769 1842 terre-

491 1891 652 1931 meus.
684 1873 797 1942 Quo
827 1878 1022 1943 audito,
1055 1877 1247 1948 inquit,
1279 1877 1433 1934 Iesus
1475 1880 1694 1935 miratus
1722 1889 1820 1934 est.
1861 1877 2090 1934 Creator
2118 1886 2167 1947 Β
2193 1897 2404 1946 norum,
2438 1881 2493 1937 in
2533 1896 2658 1937 aere
2700 1880 2850 1936 dedit
2888 1881 3097 1936 animas
3125 1881 3356 1950 aligeras
3383 1879 3700 1952 pervolare,
3727 1879 3770 1934 in

488 1969 862 2027 mirabiliumb
903 1971 1165 2039 miratur;
1214 1973 1423 2027 aurium
1470 1973 1740 2039 conditor,
1792 1972 1945 2043 quasi
1992 1972 2084 2042 qui

485 2077 597 2119 non
626 2063 810 2119 audita
837 2066 1059 2130 nesciat,
1091 2065 1170 2120 sic
1195 2073 1379 2137 stupet
1424 2065 1602 2121 audita
1635 2087 1646 2118 λ
1679 2065 1775 2122 sed
1802 2065 1927 2120 dum
1955 2079 2086 2135 gen-

486 2155 638 2212 tilem
677 2156 756 2212 sic
789 2156 1081 2213 credidisse
1108 2157 1353 2223 miratur,
1396 2156 1824 2213 incredulitatem
1865 2157 2088 2229 corripit

490 2243 822 2303 Iudaeorum.
863 2247 1129 2318 Denique,
1181 2248 1520 2320 Sequentibus
1557 2265 1612 2304 se
1641 2249 1800 2304 turbis
1848 2249 1990 2315 dicit,
2033 2249 2084 2305 in

488 2346 672 2394 morte
693 2347 974 2395 manentes
999 2353 1230 2410 arguens
1258 2340 1336 2396 sic
1371 2338 1585 2397 Judaeos
1609 2358 1622 2395 :
1649 2339 1813 2396 Amen
1854 2341 1968 2397 dico
1996 2358 2086 2395 vo-

491 2429 598 2497 bis,
640 2446 732 2486 nec
777 2431 830 2486 in
870 2429 1044 2487 Israel
1074 2441 1277 2487 tantam
1312 2432 1471 2503 ﬁdem
1511 2433 1698 2486 inveni.
1742 2432 1942 2489 Verum
1982 2442 2083 2500 est,

489 2521 685 2581 fratres
715 2541 730 2578 :
764 2523 895 2580 lldes
922 2524 1037 2580 sola
1068 2525 1218 2592 vivit,
1262 2534 1318 2581 et
1352 2525 1498 2580 vivet
1535 2525 1588 2580 in
1626 2526 1906 2597 gentibus;
1936 2528 2088 2598 signa

490 2621 548 2672 et
573 2615 796 2673 virtutes
831 2617 1053 2684 lassant,
1086 2625 1142 2673 et
1163 2617 1295 2672 nihil
1326 2615 1612 2689 proﬁciunt
1637 2617 1693 2674 in
1720 2616 1938 2674 Iudaeis.

1019 2773 1252 2832 SERMO
1290 2773 1420 2832 CIII.

495 2864 577 2923 De
608 2867 722 2939 ﬁlio
761 2867 930 2924 vidua:
982 2870 1209 2923 excitato
1250 2886 1282 2922 a
1327 2871 1574 2951 mortuis,
1618 2869 1778 2942 deque
1815 2885 2087 2941 corporum

1094 2951 1484 2995 resurrectione.

566 3074 738 3132 Hodie
773 3075 965 3132 beatus
984 3077 1332 3145 evangelista,
1364 3078 1490 3147 quia
1529 3078 1702 3134 viduae
1729 3078 1916 3134 matris
1962 3078 2086 3134 uni-

494 3180 618 3224 cum
639 3167 751 3236 jam
780 3164 1014 3223 funereis
1038 3166 1266 3222 vinculis
1296 3168 1555 3238 illigatum
1575 3209 1592 3236 ,
1623 3169 1954 3226 lamentabili
1987 3169 2088 3224 im-

2189 1973 2345 2043 aquis
2375 1983 2484 2027 tam
2511 1972 2703 2043 pusilla
2732 1987 2894 2042 quam
2933 1985 3126 2042 magna
3169 1971 3312 2037 fecit,
3343 1980 3404 2026 ut
3430 1972 3646 2027 viveret
3671 1970 3768 2025 ani-

2188 2065 2453 2119 mantium
2483 2063 2799 2130 multitudo;
2830 2079 2894 2119 ac
2932 2063 3071 2118 miro
3111 2062 3273 2119 modo
3312 2063 3392 2119 sic
3413 2078 3483 2118 ex
3509 2062 3771 2132 disjundis

2188 2157 2432 2228 partibus
2448 2156 2628 2227 juuxit
2654 2169 2970 2226 compagem
3002 2154 3205 2219 mundi,
3240 2163 3300 2209 ut
3327 2170 3431 2210 nec
3473 2153 3770 2210 commixtio

2189 2247 2422 2304 discreta
2450 2247 2834 2313 confunderet,
2866 2261 2968 2302 nec
3004 2245 3259 2301 discretio
3299 2260 3484 2300 rerum
3522 2244 3773 2300 scinderet

2190 2343 2474 2396 unitatem.
2505 2339 2643 2396 llinc
2688 2348 2800 2406 est,
2833 2337 2977 2408 quod
3007 2337 3113 2392 diei
3144 2352 3208 2393 ac
3254 2335 3430 2392 noctis
3478 2335 3674 2407 copula
3709 2336 3773 2390 sic

2189 2433 2361 2489 divisa
2408 2440 2522 2499 est,
2575 2439 2634 2487 ut
2673 2447 2740 2487 ex
2778 2431 2963 2500 quiete
3009 2429 3183 2495 labor,
3226 2427 3444 2498 requies
3489 2443 3557 2484 ex
3613 2427 3772 2482 labore

2191 2535 2485 2583 constaret.
2517 2525 2655 2581 Hinc
2681 2525 2764 2580 sol
2804 2533 2860 2581 et
2897 2524 3020 2578 luna
3071 2521 3309 2578 vicissim
3348 2521 3537 2576 mundi
3565 2521 3771 2577 circum-

2190 2627 2322 2674 eunt
2349 2626 2552 2683 metas,
2586 2625 2644 2671 ut
2681 2616 2762 2672 sol
2804 2625 2828 2653 ε
2867 2613 3137 2685 geminata
3182 2612 3304 2668 luce
3343 2610 3641 2682 ampliﬁcet
3677 2609 3771 2666 cla-

2189 2713 2405 2768 ritatem
2433 2711 2561 2777 diei,
2593 2719 2650 2766 et
2694 2711 2820 2765 luna
2853 2708 2872 2749 ί
2914 2708 3116 2763 lumine
3154 2705 3372 2776 suppari
3402 2721 3475 2761 ex
3513 2714 3630 2761 toto
3654 2719 3772 2760 ctera

2189 2806 2366 2860 noctis
2396 2813 2641 2874 tempora
2671 2819 2778 2858 non
2816 2801 3104 2870 relinquat.
3139 2797 3275 2853 llinc
3301 2797 3476 2852 stellae
3510 2813 3613 2853 suo
3637 2810 3772 2852 cursu

2187 2896 2370 2950 varios
2398 2902 2609 2949 mutant
2639 2901 2810 2957 ortus,
2843 2899 2904 2946 ut
2932 2891 3181 2946 noctibus
3202 2898 3258 2945 et
3282 2889 3504 2957 signent
3526 2898 3768 2960 tempora,

2189 2996 2248 3044 et
2282 2986 2553 3043 viantibus
2592 2985 2722 3040 dent
2764 2984 3038 3040 ducatum.
3084 2991 3110 3030 κ
3150 2981 3290 3037 Hinc
3326 2989 3576 3051 tempora
3617 2978 3772 3036 eundo

2188 3082 2442 3147 veniunt,
2478 3095 2599 3136 esse
2631 3079 2894 3151 incipiunt
2921 3077 3051 3132 dum
3088 3075 3373 3132 desistunt.
3408 3074 3548 3132 Hinc
3590 3073 3772 3130 sentina

2191 3184 2507 3241 nascuntur,
2538 3182 2815 3239 crescunt,
2847 3172 3193 3235 adolescunt,
3221 3171 3605 3242 juvenescunt,
3631 3184 3774 3225 sene-

492 3259 731 3332 positum
766 3258 879 3330 jam
907 3257 1136 3327 feretro,
1179 3261 1631 3331 prosequentibus
1671 3262 1844 3317 turbis
1871 3270 2086 3317 euntem

2197 3278 2368 3333 scunt,
2418 3269 2704 3333 decidunt,
2738 3266 3070 3328 moriuntur,
3104 3273 3160 3320 et
3195 3265 3392 3320 iterum
3423 3263 3658 3319 vitalibus
3694 3275 3775 3317 see

492 3348 604 3425 iam
653 3361 677 3390 ο
718 3350 952 3407 carceris
996 3350 1064 3407 ad
1108 3351 1446 3422 sepulcrum,
1502 3368 1600 3424 per
1643 3351 1918 3408 Christum
1968 3354 2089 3408 vita:

493 3442 763 3501 redditum
793 3444 1058 3499 nuntiavit
1081 3441 1230 3516 (Luc.
1264 3445 1378 3516 vn),
1411 3446 1652 3501 omnium
1679 3447 1951 3503 concussit
1970 3463 2091 3502 cor-

495 3537 584 3604 da,
608 3537 779 3594 movit
807 3546 1034 3604 mentes,
1076 3537 1364 3609 stupefecit
1391 3538 1655 3595 auditum.
1692 3539 1799 3596 Sed
1829 3541 1934 3597 hoc
1961 3554 2092 3611 gen-

497 3633 582 3683 tes
607 3627 886 3692 mirentur,
909 3626 1077 3684 Judzei
1105 3636 1387 3699 stupeant,
1415 3629 1647 3685 mundus
1667 3639 1922 3701 pavescat
1953 3649 1966 3684 :
1994 3647 2094 3687 nos

499 3730 704 3788 autem,
735 3722 828 3792 qui
847 3737 1037 3777 omnes
1057 3737 1088 3777 a
1108 3723 1318 3779 sacculis
1348 3732 1593 3780 mortuos
1621 3724 1689 3780 ad
1719 3740 1880 3779 unam
1907 3740 2095 3781 vocem

499 3813 700 3872 Christi
728 3815 989 3887 sepulcris
1017 3815 1334 3873 excitandos
1361 3817 1668 3884 credimus,-
1681 3833 1778 3874 cur
1805 3817 2096 3873 miramur?

501 3905 818 3980 Exsurgent,
851 3908 1026 3978 inquit
1053 3907 1239 3975 Isaias,
1284 3910 1493 3974 mortui,
1534 3919 1585 3964 et
1623 3919 1891 3982 resurgant
1922 3911 2009 3983 qui
2041 3911 2096 3964 in

500 4003 844 4059 monumentis
858 4013 978 4058 sunt
995 4001 1152 4075 (Isai.
1176 4003 1482 4075 xxvr,jua:ta
1496 4001 1692 4074 LXX).
1717 4003 1783 4058 Et
1801 4004 2056 4060 Dominus
2080 4023 2092 4058 :

509 4094 692 4152 Veniet
719 4096 850 4151 hora
889 4095 1096 4169 quando
1139 4096 1330 4151 mortui
1371 4095 1581 4150 audient
1609 4113 1779 4151 vocem
1803 4095 1932 4151 Filii
1962 4095 2097 4163 Dei;

500 4196 552 4245 et
588 4189 676 4260 qui
704 4188 983 4254 audierint,
1006 4189 1171 4243 vivent
1195 4185 1373 4259 (Joan.
1407 4187 1485 4259 v).
1515 4185 1596 4241 Ad
1617 4187 1732 4244 haec
1760 4187 2050 4259 Apostolus
2081 4208 2094 4243 :

503 4278 574 4336 In
606 4291 890 4346 momento,
934 4283 989 4336 in
1018 4282 1124 4336 ictu
1155 4281 1311 4347 oculi,
1345 4282 1400 4335 in
1428 4281 1709 4336 novissima
1744 4281 1904 4350 tuba;
1951 4291 2101 4339 canet

503 4374 642 4427 enim
686 4375 826 4440 tuba,
856 4382 907 4428 et
934 4375 1122 4429 mortui
1151 4383 1418 4446 resurgent
1441 4374 1728 4447 incorrupti
1751 4375 1790 4447 (l
1821 4373 1939 4431 Cor.
1964 4376 2094 4449 xvr).

505 4465 637 4534 Qua:
665 4474 748 4522 est
773 4467 873 4521 ista
905 4467 1050 4533 tuba,
1097 4481 1216 4536 quia
1262 4466 1446 4522 inferis
1475 4466 1638 4523 infert
1665 4468 1885 4536 bellum,
1916 4471 2099 4541 sepul-

506 4558 585 4614 cri
617 4557 839 4614 resolvit
867 4558 1056 4623 moles,
1089 4557 1301 4612 intonat
1327 4559 1556 4614 mortuis
1583 4560 1768 4628 vitam,
1809 4576 2100 4632 resurgen-

2194 3363 2342 3434 pulta
2372 3360 2555 3422 sulcis,
2585 3358 2821 3414 resoluta
2851 3357 3154 3429 putredine,
3180 3356 3407 3411 salutari
3435 3373 3498 3411 ex
3521 3362 3693 3410 morte
3727 3353 3773 3407 in

2192 3455 2360 3510 vitam
2388 3468 2538 3507 suam
2577 3450 2833 3515 redeunt,
2878 3449 2946 3506 de
2973 3448 3324 3518 corruptione
3343 3447 3374 3486 ιι
3417 3456 3670 3518 perpetua
3694 3460 3772 3500 su-

2193 3549 2458 3604 scitantur
2486 3547 2538 3601 in
2561 3544 2751 3601 forma.
2785 3543 2854 3598 Et
2880 3543 2927 3599 si
2968 3543 3092 3609 hoc,
3123 3541 3337 3608 fratres,
3369 3542 3467 3598 Dei
3493 3557 3629 3605 vox,
3663 3539 3769 3594 tuba

2195 3638 2414 3706 Christi,
2446 3655 2545 3710 per
2581 3638 2729 3704 dies,
2761 3651 2860 3708 per
2880 3651 3122 3701 menses,
3156 3650 3254 3704 per
3282 3643 3553 3703 tempora,
3581 3647 3670 3702 per
3692 3645 3771 3685 auo

2197 3748 2296 3788 nos
2321 3738 2498 3796 vocat,
2543 3736 2784 3793 revocat,
2816 3727 2983 3792 ducit,
3015 3725 3242 3790 reducit,
3275 3724 3524 3795 praecipit
3551 3738 3682 3786 esse,
3707 3718 3770 3774 fa-

2198 3825 2272 3880 cit
2300 3840 2407 3878 non
2437 3837 2590 3887 esse,
2621 3821 2713 3876 dat
2742 3820 2930 3886 morti,
2955 3819 3080 3874 vita:
3112 3818 3314 3884 reddit,
3347 3832 3520 3886 quare
3558 3813 3692 3886 quod
3727 3812 3770 3868 in

2199 3917 2447 3974 omnibus
2473 3929 2687 3984 semper
2715 3911 2858 3978 facit,
2891 3911 3057 3968 semel
3087 3909 3265 3967 facere
3289 3927 3394 3965 non
3428 3912 3600 3980 possit
3619 3910 3668 3964 in
3693 3921 3771 3962 no-

2197 4011 2318 4068 bis?
2347 4008 2454 4063 Aut
2483 4008 2537 4063 in
2576 4007 2731 4062 nobis
2767 4005 2896 4061 solis
2934 4005 3105 4060 virtus
3145 4004 3325 4059 divina
3365 4003 3639 4068 lassescit,
3665 4016 3768 4072 pro-

2197 4112 2322 4176 pter
2359 4117 2498 4172 quos
2535 4099 2682 4156 solos
2723 4107 2895 4153 totum
2936 4096 3081 4168 quod
3121 4097 3438 4168 praedictum
3480 4104 3566 4152 est
3596 4095 3681 4152 Dei
3707 4101 3770 4151 est

2200 4203 2423 4268 operata
2453 4191 2740 4263 majestas?
2769 4189 2961 4256 Homo,
2985 4189 3033 4244 si
3068 4188 3162 4244 tibi
3198 4189 3378 4244 omnia
3408 4206 3509 4245 sua
3539 4206 3606 4245 ex
3626 4194 3770 4243 morte

2201 4287 2558 4345 reviviscunt,
2599 4300 2698 4340 cur
2738 4291 2794 4338 tu
2837 4282 2949 4338 Deo
2991 4297 3099 4337 non
3147 4282 3440 4338 reviviscas
3476 4299 3545 4339 ex
3590 4279 3771 4337 morte?

2204 4379 2312 4434 Aut
2343 4379 2395 4433 in
2431 4385 2486 4433 te
2512 4377 2631 4432 solo
2674 4375 2770 4431 Dei
2815 4383 3064 4430 creatura
3106 4373 3343 4443 deperit,
3388 4386 3616 4447 propter
3638 4387 3770 4445 quem

2202 4473 2464 4531 subsistit.
2501 4472 2697 4541 agitur,
2730 4479 2985 4534 mutatur,
3027 4469 3315 4525 innovatur
3350 4469 3366 4508 ί
3411 4479 3527 4526 tota
3563 4470 3771 4542 quotidie

2205 4565 2487 4622 creatura?
2525 4563 2774 4630 Fratres,
2807 4563 2924 4618 hmc
2955 4561 3103 4630 dico,
3135 4579 3242 4619 non
3283 4565 3563 4632 signorum
3605 4561 3772 4620 Christi

506 4649 650 4706 tibus
679 4651 732 4706 in
770 4649 942 4706 lucem
973 4659 1251 4720 perpetem
1280 4650 1372 4705 dat
1415 4651 1786 4723 triumphum?
1819 4653 1948 4721 Qua:
1976 4658 2102 4712 est?
2130 4669 2182 4731 ι)
2205 4659 2428 4730 cupiens
2474 4656 2752 4712 exinanire
2779 4655 3028 4719 virtutes,
3071 4655 3166 4710 sed
3195 4656 3384 4712 hortor
3413 4667 3472 4712 ut
3515 4660 3668 4713 unius
3705 4670 3772 4710 re-

504 4741 600 4798 Illa
628 4755 791 4812 quam
830 4740 1076 4813 superius
1120 4740 1379 4798 Dominus
1415 4743 1547 4798 dixit
1598 4762 1611 4797 :
1658 4744 1854 4801 Mortui
1887 4748 2100 4805 audient

504 4851 680 4892 vocem
715 4835 847 4892 Filii
887 4835 986 4892 Dei
1027 4834 1207 4909 (Joan.
1256 4837 1332 4907 v).
1371 4835 1520 4893 Tuba
1566 4853 1676 4894 non
1722 4853 1845 4909 quae
1892 4852 2104 4902 arctato

581 4983 608 5014 ι
647 4972 932 5047 mysticum
969 4988 1187 5047 sensum
1217 4971 1319 5047 hoc
1361 4973 1454 5047 tali
1484 4973 1647 5030 modo
1667 4977 1911 5047 explicat
1937 4979 2102 5039 Beda.

506 5043 796 5170 Insigtégm,
841 5043 938 5100 sed
982 5043 1375 5115 longiusculum
1405 5044 1603 5112 locum,
1662 5043 1782 5117 lege
1810 5050 1953 5120 apud
1982 5067 2107 5109 eum

512 5132 632 5170 can.
733 5157 746 5170 .

512 5132 632 5268 cf“?
650 5116 852 5259 133mm
874 5185 1117 5268 mirantis
1137 5185 1300 5268 modo
1321 5201 1381 5268 se
1401 5185 2020 5268 habuit_et_locu_ttus_est,
2048 5204 2107 5268 ut

509 5254 921 5316 circumstantes
970 5256 1302 5314 centurionis
1351 5254 1508 5312 fidem
1550 5257 1804 5314 admirari
1826 5270 1882 5316 et
1907 5254 2105 5321 imitari

503 5338 768 5455 $35.53;};
781 5329 912 5453 Vzilde
933 5326 1379 5400 Chrysostomum
1402 5328 1563 5383 toties
1605 5329 1881 5387 laudatum
1913 5334 2101 5392 homil.

601 5440 616 5466 ,
641 5415 768 5456 oum
793 5415 884 5453 ‘Zl.

590 5483 613 5512 ε
655 5470 752 5526 Ms.
777 5469 1043 5535 Valicell.,
1075 5469 1145 5523 ad
1165 5469 1455 5538 sepulcrum
1482 5472 1724 5526 carceris.

584 5539 613 5580 ά
652 5540 818 5596 Tuba:
846 5541 1030 5596 tribuit
1057 5541 1338 5608 mugitum,
1369 5541 1455 5596 cui
1487 5541 1738 5597 tribuitur
1759 5545 2033 5602 reboatus.

589 5623 614 5685 ξ
652 5611 904 5666 Nonnulli
933 5611 1175 5685 impressi
1198 5613 1420 5685 codices
1433 5611 1632 5685 habent
1656 5617 1945 5684 germinata
1969 5618 2100 5685 luce,

515 5682 613 5743 sed
640 5691 910 5753 corrupte.
958 5681 1091 5738 Nam
1115 5681 1199 5753 psic
1233 5681 1483 5738 emendat
1511 5681 1781 5751 Latinius,
1811 5695 1867 5741 et
1903 5681 2106 5744 habent

517 5771 648 5812 mss.
701 5752 900 5820 omnia,
945 5761 1001 5809 et
1043 5752 1222 5823 prima,
1271 5753 1435 5808 editio
1486 5753 1718 5822 Bonon.,
1770 5766 1829 5811 ut
1873 5758 2107 5814 advertit

517 5825 669 5890 Mita,
699 5825 793 5899 qui
822 5824 997 5899 varias
1023 5822 1112 5899 hic
1149 5822 1306 5899 affert
1346 5825 1754 5899 explicationes.
1792 5827 1986 5899 Aptior
2012 5847 2108 5886 au-

517 5905 632 5960 tem
661 5915 674 5952 :
705 5894 856 5964 Quod
874 5895 954 5951 sol
981 5896 1242 5967 geminata
1269 5894 1382 5952 luce
1407 5894 1677 5969 splendere
1695 5894 1918 5968 dicitur;
1940 5903 2109 5973 prima

2206 4752 2474 4823 surgentis
2520 4751 2770 4821 exemplo
2814 4750 2881 4804 ad
2921 4750 3079 4806 ﬁdem
3108 4753 3525 4808 resurrectionis
3565 4752 3770 4808 omnium

2207 4846 2561 4910 concitemur,
2591 4852 2645 4898 et
2672 4841 2955 4899 credamus
2983 4842 3129 4912 quod
3160 4842 3175 4896 i
3225 4859 3361 4900 crux
3405 4846 3578 4902 nostri
3605 4856 3770 4914 corpo-

2209 4985 2347 5040 enim
2385 4999 2453 5037 ea:
2496 4998 2553 5064 _se
2592 4981 2744 5064 lucet,
2775 4979 3001 5064 secundo
3040 4980 3298 5036 mediante
3339 4981 3489 5047 luna,
3530 4991 3582 5037 et
3616 4979 3768 5044 stellis.

2209 5072 2336 5130 quas
2365 5070 2459 5107 sua
2489 5052 2602 5106 luce
2628 5053 2905 5106 illuminat.

2286 5125 2304 5164 ί
2351 5123 2498 5178 Luna
2528 5132 2657 5179 tunc
2696 5138 2897 5193 suppar
2932 5121 3146 5178 videtur
3179 5122 3310 5192 soli,
3338 5123 3558 5194 quando
3586 5123 3652 5179 ab
3678 5121 3771 5192 ipso

2210 5198 2424 5265 integre
2454 5194 2803 5248 illuminatur.

2283 5277 2308 5316 ες
2333 5261 2525 5320 ’νει-1η
2571 5265 2712 5328 haec,
2745 5273 2807 5320 ut
2835 5264 3080 5335 apposite
3127 5264 3296 5335 dicta,
3324 5265 3514 5322 laudat
3554 5261 3772 5320 Barthius

2209 5336 2434 5412 Adve_t_'s.
2467 5335 2559 5390 lib.
2587 5353 2729 5412 tvm,
2762 5333 2886 5407 cap;
2907 5334 3090 5412 5_pa_g_.
3346 5407 3358 5412 _
3579 5407 3590 5412 Α
3668 5402 3696 5412 Α
3733 5399 3744 5412 .

2280 5405 2310 5445 ιι
2346 5405 2429 5461 Ex
2456 5421 2584 5482 mss.
2613 5402 2910 5482 Cgcscnfet
2934 5402 3194 5462 Vallicell.
3220 5404 3383 5472 Editi,
3414 5407 3642 5482 propria.
3660 5402 3770 5482 Qui:

2206 5480 2324 5535 haec
2357 5477 2620 5533 seminum
2652 5476 2822 5532 forma
2861 5485 3234 5548 perpetuatur
3263 5485 3319 5531 et
3363 5476 3698 5534 continuatur
3729 5476 3771 5525 in

2204 5549 2408 5605 mundo
2431 5564 2496 5603 ex
2525 5546 2879 5605 corruptione
2903 5546 3366 5604 et’vivilicatione.
3401 5547 3562 5605 Mm.

2284 5618 2302 5658 ί
2346 5618 2510 5684 Alias,
2539 5629 2645 5675 tota
2675 5618 2777 5674 die.

2282 5689 2298 5742 l
2346 5683 2650 5762 Symbolice
2674 5691 2895 5748 dictum.
2923 5687 3191 5746 Caeterum
3217 5690 3272 5745 in
3291 5706 3452 5762 cruce
3474 5687 3633 5762 aratri
3660 5683 3770 5762 ﬁgu-

2207 5777 2326 5888 réam
2366 5753 2608 5818 n'ounulli
2636 5763 2930 5834 scriptores
2958 5762 3267 5820 observant.
3301 5761 3435 5820 Vide
3462 5753 3771 5825 Βοείιιωίάο

2257 5847 2404 5888 ruce.

2257 5847 2404 5889 ruce.
