3882 6356
526 349 636 415 ιθε

1786 345 1844 403 S.
1886 345 2092 406 PETRI
2129 345 2566 406 CIIRYSOLOGI

3671 355 3760 418 ιιι

525 468 623 537 qui
651 475 706 520 te
733 464 801 519 ab
821 461 1088 528 numanis,
1116 467 1175 516 ut
1201 459 1288 516 vel
1317 474 1425 515 uno
1452 457 1559 526 die,
1581 458 1670 514 vel
1696 459 1944 530 sabbato,
1959 463 2120 519 saluti
2147 465 2196 527 Α
2223 461 2407 518 radice
2427 461 2676 527 solidata,
2706 456 3030 515 sacerdotali
3055 454 3289 514 exaltata
3307 458 3545 526 culmine,
3565 467 3760 538 propino.

525 565 636 612 tum
653 555 932 612 curatione
960 566 1218 609 cessares.
1243 548 1402 606 Deest
1438 550 1720 624 quippiam.
1755 549 1824 606 Et
1846 560 1932 616 tu,
1962 549 2120 610 Chri-

526 649 725 715 stiane,
752 657 776 684 ι·
805 646 948 702 diem
973 644 1202 700 Domino
1229 643 1559 699 dominicum
1585 659 1763 709 serva,
1799 645 1843 701 si
1865 645 1947 701 vis
1967 645 2118 702 illum

525 741 713 797 videre
741 737 955 793 Domini
982 735 1123 791 diem
1141 773 1156 799 ,
1193 735 1241 790 si
1259 734 1341 790 vis
1382 733 1645 805 quidquid
1677 744 1760 791 est
1789 735 2118 793 dominicum

525 849 627 905 per
653 831 940 888 Dominum
966 829 1263 902 possidere.

1125 918 1360 976 SERMO
1394 918 1527 976 CVI.

847 1016 926 1072 De
945 1017 1049 1089 ﬁcu
1075 1031 1192 1089 quae
1219 1018 1444 1089 fructum
1469 1032 1572 1070 non
1597 1015 1830 1088 protulit.
1876 1084 1879 1087 γ

477 1135 496 1152 ο
594 1110 747 1166 Sicut
766 1109 972 1180 peritus
1008 1109 1265 1178 magister
1283 1109 1354 1164 ad
1379 1109 1704 1166 audiendum
1729 1109 1910 1176 rudes,
1935 1109 2005 1166 ad
2032 1109 2118 1165 in-

523 1201 874 1272 telligendum
895 1199 1098 1266 tardos,
1122 1200 1506 1273 discipulorum
1533 1217 1725 1258 sensus
1750 1202 1902 1258 vario
1922 1217 2123 1273 genere

523 1293 783 1350 doctrinae
803 1293 1000 1364 pulsat,
1023 1293 1264 1360 suscitat,
1289 1293 1535 1350 accendit
1565 1294 1838 1364 ingenium
1855 1333 1870 1360 ,
1908 1295 1982 1350 ita
2008 1294 2120 1350 Do-

522 1387 702 1442 minus
729 1385 1167 1442 similitudinibus
1205 1386 1400 1453 variis,
1445 1386 1674 1444 diversis
1703 1387 2124 1459 comparationi-

521 1477 645 1540 bus,
676 1477 999 1548 populorum
1025 1477 1224 1546 pigros,
1257 1477 1548 1548 tardosque
1567 1479 1776 1536 animos
1804 1480 1872 1535 ad
1897 1494 2125 1551 evange-

519 1571 690 1632 licum
718 1578 985 1626 convocat
1010 1580 1064 1625 et
1086 1571 1275 1626 invitat
1295 1572 1567 1638 auditum;
1601 1589 1832 1644 namque
1859 1573 2022 1629 hodie
2043 1574 2122 1630 sic

524 1662 691 1732 cmpit
717 1680 730 1714 :
771 1662 1020 1716 Arborem
1049 1663 1138 1733 ﬁci
1167 1662 1386 1718 habebat
1404 1664 1615 1736 quidam
1640 1664 1932 1736 plantatam
1958 1666 2014 1720 in
2041 1665 2120 1720 vi-

523 1773 625 1810 nea
644 1773 758 1821 sua,
782 1766 832 1811 et
846 1758 1227 1828 renitquwrens
1243 1759 1468 1829 fructum
1489 1759 1544 1812 in
1564 1757 1678 1822 illa,
1703 1769 1754 1813 et
1775 1776 1878 1813 non
1906 1759 2116 1813 inuenit.

2223 555 2348 612 ticis
2386 554 2611 611 dilatata
2656 553 2853 620 ramis,
2902 550 3138 607 Iudaica:
3181 551 3556 610 observationis
3592 559 3758 632 repleta

2219 645 2426 716 grossis
2452 644 2700 710 ﬂorebat,
2752 650 2882 699 tunc
2909 657 3005 714 spe
3049 642 3165 698 sola
3212 640 3437 699 fructum
3479 643 3648 703 datura
3685 665 3762 722 per

2219 735 2514 804 Christum,
2564 737 2729 793 immo
2771 736 2948 807 ipsum
2984 734 3256 794 Christum
3296 735 3480 793 datura
3503 748 3525 778 ο
3547 749 3656 810 post
3675 740 3762 800 fru-

2219 840 2388 901 ctum,
2419 832 2634 889 dicente
2660 829 2948 888 Psalmista
2973 847 2987 884 :
3019 829 3100 884 De
3120 832 3292 904 fructu
3318 832 3501 888 ventris
3521 833 3586 888 tui
3609 852 3761 906 pom

2220 943 2376 999 super
2410 925 2583 982 sedem
2630 935 2770 980 tuam
2810 922 2928 998 (Ps.
2961 922 3166 993 cum).
3200 922 3353 980 Unde
3378 925 3542 981 sancti
3575 927 3762 988 scientes

2221 1017 2357 1083 haec,
2389 1033 2539 1088 spem
2566 1016 2774 1072 fructus
2795 1030 2865 1072 ex
2910 1014 3045 1071 ﬂore
3071 1015 3386 1086 capiebant,
3426 1023 3482 1073 et
3505 1017 3761 1078 solabamur

2223 1109 2511 1182 praesentia
2536 1108 2605 1164 de
2626 1109 2820 1164 futuris
2845 1125 2858 1161 :
2889 1107 3137 1163 videntes
3159 1106 3272 1178 jam
3293 1098 3507 1179 jamque
3529 1111 3762 1171 succedere

2222 1209 2426 1256 mterna
2473 1200 2811 1264 mortalibus,
2843 1207 3107 1271 perpetua
3137 1199 3385 1269 caducis,
3415 1199 3537 1272 Legi
3562 1205 3759 1274 gratiam,

2221 1289 2523 1363 Synagogae
2550 1288 2848 1347 Ecclesiam
2865 1332 2881 1358 ,
2913 1289 3159 1347 cmlestia
3189 1292 3452 1360 terrenis,
3473 1293 3689 1352 humanis
3702 1297 3762 1354 di-

2220 1382 2368 1445 vina,
2403 1382 2655 1438 omnibus
2667 1379 2974 1450 Christum;
3005 1396 3168 1454 quem
3197 1383 3327 1454 quia
3354 1393 3618 1442 venturum
3641 1387 3761 1459 longa

2222 1475 2487 1547 patientia
2516 1474 2892 1539 sustinebant,
2921 1475 3138 1532 venisse
3179 1475 3326 1532 ﬁdeli
3354 1476 3540 1547 gaudio
3565 1487 3670 1534 sunt
3689 1494 3760 1551 gs-

2221 1566 2344 1623 visi.
2377 1565 2461 1622 Ex
2487 1566 2606 1622 istis
2626 1574 2745 1624 erat
2764 1565 2987 1624 Simcon
3028 1567 3137 1634 ille,
3161 1567 3248 1624 cui
3269 1569 3580 1639 promissum
3604 1580 3699 1627 erat
3719 1584 3760 1629 ut

2223 1677 2335 1718 non
2353 1660 2562 1716 videret
2579 1668 2832 1725 mortem,
2856 1660 3031 1716 donec
3055 1659 3266 1716 videret
3291 1657 3552 1716 Christum
3570 1661 3753 1730 Domini,

2224 1770 2387 1826 quem
2413 1754 2468 1809 in
2495 1754 2652 1810 ulnas
2669 1753 2897 1817 habens.
2926 1753 3089 1809 talem
3102 1753 3350 1836 prorupit
3368 1753 3422 1810 in
3434 1769 3622 1811 vocem.
3643 1752 3760 1811 Nm

522 1847 676 1904 Dixit
701 1860 870 1904 autem
909 1851 980 1903 ad
1006 1850 1254 1907 cultorem
1291 1853 1454 1907 vinea:
1475 1868 1493 1905 :
1531 1850 1665 1906 Ecce
1695 1862 1796 1906 tres
1825 1854 1953 1907 anni
1981 1862 2121 1916 sunt,
2156 1855 2203 1916 Β
2233 1847 2456 1902 dimittis
2476 1863 2678 1902 seruum
2701 1855 2862 1913 tuum,
2887 1844 3131 1910 Domine,
3154 1845 3429 1900 secundum
3455 1843 3636 1900 verbum
3657 1855 3760 1902 tua

520 1961 589 2000 ex
614 1961 712 2016 quo
739 1947 885 2000 venio
911 1961 1144 2019 quaerens
1173 1948 1397 2018 fructum
1433 1948 1489 2001 in
1517 1947 1742 2017 ﬁculnea
1786 1947 1915 2013 hac‘,
1939 1956 1990 2002 et
2013 1964 2118 2002 non

518 2039 724 2092 invenio
747 2055 763 2092 :
787 2037 992 2092 succide
1004 2056 1118 2094 eam
1129 2056 1147 2106 ;
1170 2048 1226 2093 ut
1244 2038 1368 2110 quid
1387 2049 1438 2093 et
1461 2049 1651 2094 terram
1674 2040 1929 2112 occupat?
1947 2041 2014 2094 At
2031 2039 2122 2095 ille

521 2129 856 2201 respondens,
900 2132 978 2184 ait
1015 2131 1126 2198 illi,
1151 2129 1407 2198 Domine,
1445 2131 1644 2186 dimitte
1661 2132 1809 2186 illam
1835 2133 1993 2186 etiam
2027 2131 2120 2185 hoc

520 2236 681 2286 anno,
709 2238 868 2293 usque
895 2220 1018 2276 dum
1039 2221 1238 2294 fodiant
1268 2224 1406 2276 circa
1426 2223 1594 2288 illam,
1624 2233 1675 2278 et
1705 2224 1904 2277 mittam
1927 2233 2122 2280 sterco-

521 2329 614 2378 ra,
640 2322 692 2366 et
735 2313 987 2386 siquidem
1016 2316 1195 2386 fecerit
1223 2317 1477 2387 fructum;
1519 2317 1603 2370 sin
1637 2325 1838 2381 autem,
1861 2316 1917 2369 in
1943 2317 2119 2388 futuro

519 2407 752 2461 succides
771 2408 916 2462 illam
939 2405 1090 2480 (Luc.
1115 2409 1252 2480 xm).
1278 2408 1528 2463 Arborem
1547 2409 1634 2479 ﬁci
1661 2407 1882 2464 habebat
1907 2406 2119 2481 quidam

519 2498 814 2569 plautatam
841 2501 895 2553 in
924 2500 1072 2554 vinea
1092 2517 1207 2555 sua.
1242 2500 1396 2571 Rogo
1427 2500 1556 2570 quid
1577 2507 1690 2556 tam
1717 2501 1956 2572 planum,
1987 2500 2118 2571 quid

516 2596 632 2646 tam
646 2591 898 2658 lucidum,
917 2593 1045 2662 quid
1067 2600 1175 2647 tam
1195 2608 1499 2659 commune,
1515 2592 1644 2662 quid
1663 2593 1878 2650 rusticis
1899 2593 1978 2650 sic
1996 2609 2119 2650 ver-

519 2681 792 2745 naculum,
825 2682 953 2751 quid
992 2684 1268 2754 proprium
1308 2684 1385 2740 sic
1413 2685 1602 2755 peritis
1633 2699 1796 2754 quam
1824 2685 2117 2756 propositae

515 2771 884 2828 similitudinis
929 2773 1136 2829 forma?
1184 2773 1315 2842 Quae
1365 2775 1433 2829 de
1477 2775 1716 2844 generali
1760 2792 1862 2831 usu
1890 2777 2116 2833 veniens

515 2878 709 2920 omnes
729 2873 786 2920 ct
822 2865 990 2920 verbo
1019 2865 1234 2920 instruit
1261 2874 1315 2920 et
1343 2866 1609 2922 convertit
1636 2867 1906 2938 exemplo.
1937 2865 2113 2921 Infru-

512 2963 704 3011 ctuosa
723 2956 886 3012 arbor
904 2957 1120 3012 intricat
1146 2957 1404 3028 ceSpitem
1423 2997 1438 3023 ,
1469 2966 1628 3013 necat
1648 2959 1841 3029 spatia,
1866 2959 2116 3014 exhaurit

511 3053 673 3103 terrm
711 3047 883 3116 vires,
917 3048 1178 3104 cultorem
1224 3047 1442 3104 conlicit
1479 3048 1710 3112 damno.
1747 3049 1914 3106 allicit
1954 3051 2113 3108 taedio

506 3139 878 3213 possidentem
910 3159 923 3195 :
955 3156 1020 3197 ac
1049 3142 1127 3197 sic
1153 3141 1404 3198 excidere
1447 3141 1603 3197 istam
1631 3143 1839 3199 lucrum
1886 3152 1997 3207 est,
2030 3152 2114 3200 est

508 3233 672 3289 istam
703 3233 1047 3290 commodum
1085 3249 1194 3290 non
1221 3234 1442 3290 habere.
1475 3233 1566 3291 Sic
1607 3235 1772 3291 homo
1800 3237 1987 3305 utique
2015 3237 2107 3306 qui

2227 1943 2284 1995 in
2302 1957 2448 2012 pace.
2473 1936 2610 2005 Quia
2630 1939 2867 1994 uiderunt
2887 1937 3023 1994 oculi
3038 1938 3138 1992 mei
3156 1937 3392 1992 salutare
3411 1946 3542 1992 tuum
3562 1935 3685 2007 (Lac.
3698 1937 3756 2012 ιι).

2223 2031 2401 2102 Igzari
2430 2046 2562 2087 vero
2591 2030 2719 2086 dum
2751 2028 2999 2086 llduciam
3033 2036 3232 2099 gerunt
3259 2029 3312 2084 in
3340 2028 3456 2098 lege
3482 2036 3600 2097 tota,
3627 2044 3758 2101 neque

2220 2134 2352 2180 sunt
2369 2124 2438 2180 de
2459 2121 2660 2180 Christi
2680 2121 3090 2194 exspectatione
3106 2121 3345 2188 solliciti,
3364 2135 3529 2192 neque
3545 2121 3758 2193 suscipere

2221 2214 2521 2285 Christum,
2563 2231 2743 2286 neque
2772 2230 3068 2286 agnoscere
3094 2222 3410 2270 meruerunt
3449 2231 3462 2268 :
3501 2222 3552 2270 et
3584 2214 3646 2270 ita
3665 2224 3756 2271 sunt

2220 2309 2485 2382 legalibus
2522 2309 2738 2382 decepti
2766 2309 3026 2374 ﬂosculis,
3067 2308 3210 2364 sicut
3238 2307 3450 2364 nescios
3475 2307 3650 2378 gressis
3675 2309 3756 2364 suis

2218 2404 2424 2476 decipit
2456 2403 2608 2461 licus.
2648 2403 2788 2460 Hinc
2822 2412 2908 2460 est
2943 2401 3092 2472 quod
3132 2401 3395 2458 Dominus
3440 2401 3668 2459 adventus
3696 2401 3757 2457 i

2218 2505 2467 2568 tempora
2494 2497 2636 2553 scire
2656 2497 2938 2568 cupientes
2957 2493 3125 2549 mittit
3151 2493 3218 2549 ad
3265 2490 3440 2560 ﬁcum,
3469 2493 3662 2549 dicens:
3691 2491 3755 2548 Vi-

2235 2591 2350 2646 dete
2378 2590 2658 2662 ﬁculneam
2684 2599 2736 2644 et
2773 2604 2950 2646 omnes
2979 2585 3209 2642 arbores.
3261 2585 3386 2642 Cum
3414 2585 3755 2657 prodamtjan

2225 2687 2471 2757 fructum,
2495 2683 2641 2737 scitis
2661 2683 2784 2754 quia
2805 2696 2964 2754 prope
2982 2688 3059 2733 est
3085 2679 3357 2744 wstas;ita
3384 2687 3432 2732 et
3449 2695 3528 2734 vos
3545 2695 3640 2733 cum
3655 2677 3754 2732 ride-

2217 2777 2332 2831 ritis
2355 2777 2464 2832 haec
2493 2776 2612 2846 ﬁeri
2631 2817 2645 2839 ,
2669 2774 2850 2830 scitote
2870 2773 2990 2845 quia
3017 2789 3179 2844 prope
3209 2781 3294 2827 est
3320 2788 3519 2844 regnum
3535 2769 3618 2826 Dei
3635 2767 3746 2841 (Luc.

2217 2867 2356 2938 xxi).
2383 2866 2592 2921 Videtis
2607 2865 2734 2935 quia
2757 2864 2889 2920 licus
2910 2881 3019 2920 non
3047 2863 3224 2932 signat
3251 2863 3538 2934 praesentia,
3558 2862 3636 2918 sed
3652 2860 3752 2917 indi-

2215 2971 2306 3016 cat
2331 2961 2409 3015 sic
2428 2959 2627 3014 futura.
2660 2957 2765 3013 Sed
2791 2956 2902 3028 jam
2930 2971 3030 3028 per
3057 2955 3310 3011 ordinem
3336 2954 3634 3027 propositum
3657 2967 3751 3024 pro-

2218 3068 2515 3124 sequamur
2554 3051 2882 3122 exemplum.
2916 3049 3168 3105 Arborem
3213 3050 3325 3120 ﬁci-
3357 3049 3556 3104 habebat
3591 3046 3748 3120 quidam

2214 3146 2507 3217 plantatam
2525 3146 2580 3200 in
2597 3145 2746 3199 vinea
2764 3159 2880 3198 sua.
2912 3140 3198 3215 Synagoga
3229 3149 3317 3198 est
3343 3141 3496 3198 arbor
3507 3141 3632 3203 licus,
3656 3154 3747 3209 pos-

2213 3253 2394 3292 sessor
2414 3235 2624 3292 arboris
2645 3233 2912 3301 Christus,
2934 3234 3093 3289 vinea
3123 3233 3176 3289 in
3198 3249 3309 3304 qua
3338 3231 3748 3304 relerturplantata

506 3334 715 3380 naturae
741 3325 964 3392 donum,
995 3342 1192 3381 munus
1219 3325 1414 3381 animae
1433 3365 1448 3391 ,
1493 3325 1721 3382 rationis
1758 3304 2102 3394 beneﬁcium,
2133 3304 2177 3367 Ο
2211 3329 2375 3383 arbor
2403 3327 2526 3393 ista,
2554 3325 2880 3382 Israeliticus
2907 3332 2992 3380 est
3017 3324 3275 3397 populus,
3299 3324 3430 3381 Isaia
3459 3323 3668 3394 propheta
3685 3321 3747 3376 sic

507 3416 885 3472 excellentiam
900 3431 1108 3484 sensus,
1121 3416 1383 3487 judicium
1397 3420 1608 3483 mentis,
1625 3419 1758 3473 artis
1770 3417 2106 3485 industriam,

506 3507 732 3562 cultura:
762 3507 984 3572 bonum,
1010 3523 1108 3578 per
1134 3509 1346 3566 steriles
1365 3517 1527 3579 atque
1560 3509 1751 3581 inopes
1779 3518 1934 3566 actus
1955 3525 2110 3566 ever-

506 3598 595 3664 tit,
619 3607 866 3670 occupat,
890 3601 1103 3670 mergit,
1135 3601 1342 3656 auctori
1372 3599 1621 3667 lructum,
1652 3601 1848 3656 cultori
1879 3602 2107 3672 gratiam

505 3699 698 3759 negat;
743 3693 882 3748 sicut
933 3692 1095 3747 arbor
1135 3707 1167 3746 e
1214 3701 1388 3758 terra,
1438 3693 1516 3748 sic
1556 3693 1658 3748 iste
1700 3709 1731 3748 c
1775 3694 1884 3748 vita
1926 3710 2106 3751 mere-

435 3778 442 3787 ’
506 3791 596 3838 tur
623 3783 814 3839 excidi.
839 3782 909 3838 Et
928 3784 1068 3839 sicut
1087 3782 1370 3839 infecunda
1392 3785 1554 3840 arbor
1581 3785 1626 3840 si
1653 3784 1815 3840 fuerit
1839 3786 1892 3840 in
1923 3786 2102 3854 vinea,

505 3876 634 3932 dum
655 3876 826 3932 fundit
845 3877 1180 3933 mortiferam
1199 3877 1455 3946 subjectis
1482 3879 1684 3934 viribus
1713 3879 1977 3947 umbram,
2004 3880 2106 3934 ini-

503 3968 645 4025 mica
674 3984 781 4023 non
811 3968 913 4024 sibi
939 3969 1060 4036 soli,
1088 3969 1182 4025 sed
1211 3971 1375 4025 etiam
1402 3971 1710 4042 palmitibus
1739 3970 1798 4026 lit
1823 3971 2101 4029 fecundis:

501 4062 578 4119 ita
608 4063 772 4118 homo
793 4062 978 4132 deses,
1002 4063 1253 4132 ignavus,
1288 4065 1333 4122 si
1362 4065 1544 4136 praesit
1589 4065 1830 4137 populis,
1862 4083 1973 4123 non
2001 4067 2105 4124 sibi

497 4155 606 4212 soli
645 4153 704 4209 lit
733 4155 942 4222 noxius,
987 4155 1082 4211 sed
1121 4156 1324 4225 multis,
1347 4157 1475 4212 dum
1503 4166 1792 4227 sequentes
1811 4175 1871 4215 se
1899 4176 1999 4215 suo
2020 4161 2103 4216 vi-

502 4248 603 4301 tiat
632 4256 687 4302 et
708 4248 888 4319 perdit
906 4248 1175 4320 exemplo.
1200 4249 1307 4304 Sed
1341 4250 1482 4307 hanc
1501 4250 1907 4307 similitudinem
1935 4267 2104 4322 quare

501 4341 764 4396 Dominus
783 4342 982 4398 dixerit
1008 4342 1306 4399 audiamus.
1340 4342 1517 4400 Arbor
1541 4342 1690 4410 ﬁcus,
1715 4344 1946 4399 brumali
1976 4353 2106 4399 tem-

500 4451 639 4507 pore
677 4443 970 4501 transacto,
1001 4435 1128 4491 dum
1153 4450 1387 4506 grossos-
1412 4436 1664 4508 producit
1711 4437 1766 4492 in
1796 4438 2005 4501 llorem,
2048 4445 2105 4492 et

501 4527 722 4583 simulat
748 4544 902 4582 suum
941 4527 1054 4583 suis
1074 4525 1296 4584 ﬂoribus
1322 4526 1574 4596 fructum,
1605 4529 1804 4600 decipit
1832 4530 2098 4596 incautos,

2209 3424 2423 3480 dicente
2471 3442 2482 3474 :
2551 3421 2712 3476 Vinea
2755 3419 2972 3475 Domini
3027 3417 3268 3475 Sabaoth
3323 3419 3492 3474 domus
3524 3416 3658 3472 Israel
3691 3423 3746 3469 est

2218 3514 2374 3588 (Isai.
2407 3513 2484 3584 v).
2516 3513 2690 3575 Venit,
2708 3512 2900 3582 inquit,
2923 3527 3160 3583 querens
3184 3513 3409 3582 fructum
3430 3511 3479 3564 in
3497 3509 3592 3572 illa,
3607 3515 3648 3561 et
3668 3521 3741 3558 non

2206 3598 2422 3662 invenit.
2466 3603 2629 3660 Venit
2654 3602 2922 3668 Christus,
2954 3614 3010 3658 et
3039 3603 3090 3658 in
3120 3601 3405 3676 Synagoga
3431 3599 3630 3657 fructum
3651 3595 3740 3652 ﬁdei

2208 3699 2414 3770 reperit
2440 3697 2666 3763 nullum,
2690 3696 2816 3766 quia
2855 3703 2970 3750 tota
2999 3694 3142 3751 dolis
3177 3703 3298 3751 erat
3326 3694 3599 3751 inumbrata
3621 3687 3740 3762 perli-

2207 3794 2327 3848 diae.
2361 3792 2443 3848 Ad
2474 3791 2759 3847 liculneam
2789 3790 2939 3846 venit
2975 3787 3259 3854 Christus,
3304 3787 3375 3844 ad
3412 3801 3559 3858 quam
3594 3783 3740 3854 legitur

2207 3884 2379 3938 Adam
2409 3882 2584 3938 nudus
2611 3881 2812 3952 fugisse
2838 3877 2864 3918 δ
2887 3889 3014 3954 post
3036 3880 3273 3952 culpam,
3304 3880 3506 3936 dicente
3528 3877 3738 3934 Geneseos

2206 3975 2347 4031 libro
2374 3992 2387 4027 :
2413 3973 2484 4027 Et
2508 3983 2855 4046 cognoverunt
2876 3971 2999 4044 quia
3018 3971 3145 4026 nudi
3167 3981 3288 4026 sunt
3299 3987 3317 4026 :
3329 3980 3378 4025 et
3397 3974 3663 4025 consuerunt
3677 3965 3736 4035 {o-

2206 4069 2278 4124 tia
2297 4069 2407 4140 ﬁci,
2451 4075 2503 4122 et
2549 4068 2784 4139 fecerunt
2815 4063 2916 4120 sibi
2943 4065 3292 4120 succinctoria
3321 4061 3476 4135 (Gen.
3505 4058 3592 4130 ιιι).
3624 4055 3739 4111 Venit

2207 4177 2337 4231 ergo
2368 4159 2436 4215 ad
2461 4158 2621 4215 ticum
2649 4156 2914 4221 Christus,
2937 4166 2996 4213 ut
3025 4157 3294 4212 inveniret
3312 4155 3492 4218 Adam,
3519 4159 3571 4207 ut
3587 4148 3736 4204 nudum

2207 4261 2415 4323 tegeret
2442 4252 2532 4323 pio
2557 4267 2656 4308 suo
2679 4249 2926 4321 corporis
2969 4249 3318 4313 indumento,
3350 4247 3494 4318 cujus
3519 4245 3628 4301 licus
3659 4255 3736 4337 non
3801 4315 3803 4337 Ι

2205 4346 2442 4411 velabat,
2475 4343 2571 4400 sed
2598 4343 2913 4400 stimulabat
2940 4343 3230 4414 pudorem;
3262 4341 3415 4411 cujus
3436 4339 3554 4395 licus
3573 4336 3668 4399 ista,
3698 4330 3735 4386 id

2206 4447 2289 4494 est
2316 4437 2620 4511 Syuagoga,
2662 4435 3160 4492 circumcisionibus
3189 4435 3302 4490 suis
3324 4432 3545 4488 nudabat
3577 4434 3734 4498 partem

2207 4529 2496 4587 verecundi
2525 4529 2790 4600 corporis,
2817 4545 2927 4585 non
2955 4528 3190 4598 tegebat.
3227 4527 3405 4593 Venit,
3439 4522 3607 4594 inquit,
3626 4532 3730 4592 qutt-

500 4619 677 4676 illudit
697 4620 932 4695 ignaros.
963 4619 1209 4691 Namque
1229 4636 1357 4677 mox
1384 4621 1600 4692 projicit
1619 4636 1857 4692 grossos,
1889 4623 2100 4695 pigrum
2129 4685 2177 4697 _
2205 4641 2324 4680 rens
2352 4626 2597 4697 fructum,
2627 4632 2679 4678 et
2705 4638 2811 4677 non
2837 4623 3053 4677 invenit.
3085 4619 3237 4675 Dixit
3265 4629 3432 4674 autem
3458 4616 3522 4670 ad
3548 4615 3733 4669 cultorem

498 4709 717 4783 proﬁcit
735 4687 792 4768 et
817 4713 1120 4783 prorumpit
1139 4712 1192 4767 in
1213 4727 1466 4783 germen;
1497 4722 1554 4770 et
1573 4712 1632 4769 lit
1651 4685 1921 4786 posterior
1941 4725 2100 4774 cmle-
2203 4685 2407 4776 vincte:
2437 4717 2572 4774 Ecce
2601 4719 2726 4773 anni
2757 4725 2857 4772 tres
2883 4725 3024 4780 sunt,
3047 4732 3113 4770 ea:
3131 4731 3230 4788 quo
3253 4716 3397 4770 ventio
3418 4725 3622 4784 quarens
3653 4707 3732 4776 {ru-

497 4802 578 4860 ris
620 4801 819 4870 fructu,
867 4818 988 4875 quae
1015 4803 1298 4862 videbatur
1339 4813 1562 4863 caeteras
1599 4807 1854 4863 anteisse.
1905 4808 2097 4874 Merito

497 4908 630 4965 ergo
657 4910 690 4950 a
733 4894 964 4954 Domino
1003 4896 1030 4936 δ
1071 4895 1357 4970 Synagoga
1393 4899 1576 4955 arbori
1613 4898 1701 4955 lici
1728 4908 2093 4971 comparatur,

493 4999 620 5057 qua:
647 4986 907 5044 calefacta
936 4994 1180 5062 tempore
1209 4990 1400 5062 legali,
1442 4991 1816 5062 tcmporaliter
1842 4994 2097 5050 ecclesia-

495 5078 618 5135 stici
645 5080 851 5138 l'ructus
878 5078 1059 5138 ﬂoruit
1095 5082 1149 5138 in
1179 5081 1368 5153 ﬁgura.
1401 5081 1842 5140 Patriarcharum
1861 5100 2095 5157 namque

571 5185 598 5213 ⁸
625 5175 880 5299 Ιῖιιιιιὶιιε,
910 5178 964 5232 in
994 5179 1151 5262 epist.
1196 5179 1264 5234 ad
1279 5178 1528 5270 Magnes.
1554 5194 1680 5304 ﬂag.
1714 5178 1783 5234 57
1811 5181 1941 5265 edit:
1983 5181 2094 5238 Ge-

495 5260 620 5302 nev.
680 5245 802 5304 ωδ.
837 5256 995 5304 vocat
1022 5249 1166 5304 diem
1186 5251 1331 5304 hunc
1354 5268 1366 5304 :
1386 5250 1523 5304 diem
1602 5263 1940 5304 esurrectmm
1969 5270 2094 5304 con-

494 5260 620 5302 nev.
646 5245 802 5312 1623,
837 5245 1166 5324 vocatdiem
1186 5251 1331 5324 hunc
1354 5245 1523 5324 :ltiem
1554 5245 1940 5324 Resurrectioni
1969 5270 2094 5309 con-

491 5328 750 5394 secratam
776 5326 826 5373 et
853 5320 1136 5394 principem
1163 5323 1393 5394 omnium
1432 5320 1660 5394 dierum.
1697 5322 1926 5394 Fallitur
1961 5337 2093 5394 ergo

491 5386 864 5460 Nicephorus,
898 5390 991 5445 lib.
1021 5386 1094 5446 vn
1114 5407 1234 5460 cap.
1284 5391 1353 5446 46
1381 5392 1511 5448 edit.
1545 5393 1710 5450 Basil.
1743 5393 1912 5460 1562,
1963 5386 2090 5450 dum

493 5408 828 5457 mcepnorus
849 5431 864 5455 ,
898 5408 991 5445 un.
1021 5408 1176 5448 vuca
1222 5432 1234 5446 .
1284 5408 1353 5446 so
1381 5408 1511 5448 emt.
1546 5408 1710 5450 basu.
1743 5408 1912 5460 ωσι,
1963 5408 2086 5450 dum

493 5460 686 5540 asserit
726 5457 1140 5540 Constantinum
1181 5408 1476 5540 Iillag‘num,
1526 5466 1769 5540 omnium
1815 5465 2086 5540 primum,

493 5527 636 5603 diem
664 5530 811 5586 hunc
837 5533 1138 5603 appellasse
1184 5527 1515 5589 dominicum.
1562 5535 1674 5590 Nisi
1715 5527 1956 5592 dicamus
1996 5527 2088 5591 Ni;

491 5600 789 5676 ecphorum
829 5600 923 5659 hic
948 5604 1175 5676 innuere
1201 5605 1438 5662 voluisse
1478 5605 1894 5676 appellationem
1921 5607 2080 5675 hanc,

486 5667 603 5738 jam
631 5671 950 5741 obsoletam,
981 5689 1013 5730 a
1040 5674 1398 5732 Constantino
1431 5667 1624 5732 iterum
1665 5676 1828 5733 fuisse
1862 5667 2084 5734 restim;
2158 5713 2166 5720 -

648 5739 806 5807 Quod
824 5739 988 5800 etiam
1016 5748 1223 5804 eruitur
1242 5763 1274 5802 a
1293 5745 1616 5812 Sozomeuo,
1647 5748 1848 5805 Histor.
1873 5746 2080 5806 Eccles.

489 5809 590 5885 lib.
621 5824 642 5866 ι
667 5826 788 5883 cap.
820 5813 852 5868 7
878 5829 1002 5885 pag.
1029 5815 1116 5870 13.
1148 5816 1293 5873 Cave
1321 5827 1502 5874 autem
1540 5809 1667 5875 hinc
1703 5819 1902 5876 inferas
1937 5819 2082 5876 diem

491 5879 638 5940 hanc
655 5879 816 5939 antea
844 5879 1222 5945 {Christianis
1261 5904 1368 5946 non
1411 5889 1575 5948 fuisse
1609 5893 1663 5948 in
1692 5890 1920 5948 honore.
1949 5889 2084 5948 Vide

2201 4825 2339 4869 ctum
2391 4815 2446 4868 in
2493 4813 2718 4884 ﬁculnea
2750 4811 2867 4880 hac,
2899 4819 2950 4865 et
2989 4827 3093 4865 non
3147 4811 3391 4876 invenio;
3428 4803 3608 4864 succida
3636 4816 3730 4854 eat».

2199 4903 2389 4962 Cultor
2417 4904 2608 4969 vinem,
2632 4903 2725 4973 qui
2753 4902 3137 4958 infructuosam
3170 4901 3330 4958 ﬁcum
3346 4900 3549 4971 jubetur
3573 4888 3733 4950 excide-

2198 5013 2280 5066 re,
2311 5006 2393 5053 est
2434 4996 2630 5068 praesul
2657 4994 2957 5067 Synagogae
3013 4995 3258 5065 angelus,
3291 4994 3388 5064 qui
3435 4989 3730 5047 sterilitatem.

2175 5075 2327 5160 quia
2367 5105 2475 5145 non
2518 5093 2699 5160 potest
2725 5102 3007 5151 excusare,
3035 5086 3278 5141 inducias
3307 5086 3547 5156 impetrat
3577 5069 3728 5144 suppli'

2202 5200 2398 5240 canon.
2429 5184 2500 5238 29
2529 5182 2748 5240 concilii
2789 5180 3107 5240 Laodiceni.
3140 5181 3320 5240 ibique
3348 5177 3673 5234 Balsamonem
3693 5168 3731 5216 el

2204 5200 2398 5240 canon.
2429 5197 2500 5238 zu
2529 5197 2748 5240 concun
2791 5197 3107 5240 Laodicem.
3140 5197 3211 5236 ιω
3253 5197 3320 5236 ue
3349 5197 3673 5234 balsaluuucsu
3693 5197 3727 5216 ν·

2204 5255 2502 5321 Zonaram;
2546 5262 2603 5310 et
2649 5253 2871 5310 consule
2917 5252 3174 5308 Biblioth.
3214 5197 3369 5308 iuris
3406 5246 3592 5304 Canon.
3639 5246 3727 5308 p28-

2200 5324 2342 5380 1242
2361 5325 2493 5381 edit.
2517 5324 2812 5380 Parisiens.
2843 5322 3000 5378 1661.

2269 5395 2298 5436 δ
2343 5396 2423 5451 lta
2476 5394 2870 5466 communiter;
2897 5395 3013 5466 haec
3062 5393 3322 5466 parabola
3356 5462 3370 5466 _
3388 5385 3726 5466 imerprgta‘lyf-

2195 5448 2430 5549 ορηεῖιῖέ
2453 5448 3728 5570 ᾗθὲδέξειηῐὲηθέέίὲέηῖῒὲρξνὲιέ¹ῗξξξι¹ι¹ίνιῗδ¹“¹¹.ἶ;

2195 5481 2430 5549 Consule
2453 5481 2815 5547 Arnnrostum,
2841 5481 3063 5531 uenam,
3094 5481 3555 5589 'r‘neopneuacrum,
3575 5481 3727 5570 ωειυᾶ-

2193 5547 2474 5618 nuu_m,net
2501 5537 2880 5618 Augustinum,
2911 5551 3075 5593 scrin.
3113 5536 3243 5592 olun
3269 5534 3304 5592 '5
3341 5575 3357 5602 ,
3387 5544 3520 5587 nunc
3551 5520 3646 5583 110.
3703 5527 3727 5569 ο

2193 5606 2355 5664 Veri).
2389 5609 2599 5663 Domin.
3073 5661 3080 5670 _

2266 5691 2290 5760 ξ
2323 5678 2796 5760 Ctesen.,.pe_r
2812 5679 3061 5760 fructum.
3222 5746 3236 5760 Δ
3271 5745 3286 5760 ‘
3390 5733 3592 5760 me

2261 5748 2307 5824 d_
2327 5733 2502 5824 Hujus
2517 5733 2733 5824 geriem
2752 5733 2920 5824 fuisse
2936 5748 3187 5806 arborem
3205 5733 3721 5824 euang-rugam;

2189 5803 2431 5950 mum?
2445 5803 2852 5883 auarae;
2861 5803 3086 5883 esse;
3101 5803 3360 5896 plerique.
3390 5810 3516 5871 Vide
3536 5803 3724 5865 tiamne

2227 5907 2299 5948 ιο.
