3882 6356
163 328 253 389 ιιι

1557 319 1787 376 διιιιιυ
1823 321 1983 377 (ΝΗ.

3324 317 3430 376 498

161 433 333 496 cando.
363 432 471 490 Sed
494 433 620 490 illud
654 433 1085 504 prtetereundum
1123 447 1235 488 non
1265 438 1350 488 est
1375 429 1520 500 quod
1550 430 1686 486 dixit
1716 449 1730 486 :
1759 435 1812 494 Α
1838 432 1906 488 de
1931 431 2126 488 futuris
2152 433 2358 489 meritis
2379 430 2724 504 iudicarent?
2751 431 2970 489 Petrum
2998 431 3138 487 enim
3169 431 3349 486 vocari
3378 432 3435 486 in

161 530 281 588 Ecce
297 531 422 585 anni
454 539 553 586 tres
590 539 733 604 sunt.
763 530 896 586 Tres
916 531 1063 596 anni,
1095 531 1194 584 tria
1218 538 1342 585 sunt
1367 538 1608 599 tempora
1639 545 1736 600 per

161 639 262 694 qua:
291 620 532 677 Christus
561 621 630 677 ad
657 620 994 695 Synagogam
1041 620 1270 676 fructum
1299 621 1619 691 qumsiturus
1639 620 1736 678 ad-

159 715 306 776 venit,
329 713 382 768 id
411 721 522 782 est,
549 722 576 752 ιι
599 727 697 784 per
724 714 928 782 legem,
969 729 1068 784 per
1096 713 1408 784 prophetas,
1440 727 1539 783 per
1566 713 1737 784 ipsam

160 807 232 863 sui
251 805 586 876 prtesentiam
611 806 971 878 corporalem,
1000 813 1060 861 ut
1087 803 1412 860 infructuosa
1434 805 1585 869 licus‘,
1616 819 1734 875 qua:

157 897 250 968 iam
262 894 525 952 divinitati
551 895 757 953 fructus
769 897 919 952 velut
935 912 1045 952 non
1068 897 1404 953 necessarios
1413 897 1730 967 denegabat,

159 987 231 1044 vel
253 987 475 1054 homini,
522 988 609 1044 vel
649 987 928 1056 esurienti,
975 989 1058 1044 vel
1103 987 1492 1044 manducaturo
1519 986 1736 1043 Christo

159 1081 289 1139 cibos
318 1063 657 1137 necessarios
679 1097 787 1136 non
829 1089 1071 1151 negaret.
1105 1078 1214 1136 Sed
1242 1095 1385 1135 nunc
1405 1079 1532 1148 quid
1561 1078 1739 1135 cultor

160 1173 309 1228 vincte
334 1171 685 1242 responderit
705 1172 1002 1228 audiamus.
1026 1169 1265 1236 Domine,
1297 1170 1498 1224 dimitte
1518 1169 1665 1224 illam
1686 1178 1738 1226 et

159 1265 240 1319 hoc
256 1260 620 1318 anno.Cultor
631 1263 802 1319 vinea:
827 1261 1047 1318 concedi
1079 1261 1253 1318 adhuc
1281 1260 1578 1331 evangelici
1599 1268 1736 1316 tem-

161 1357 286 1427 poris
306 1363 564 1426 precatur
583 1365 803 1418 annum,
831 1354 899 1410 de
925 1369 1034 1424 quo
1055 1353 1220 1408 Isaias
1235 1352 1365 1408 dicit
1399 1370 1411 1405 :
1437 1351 1738 1408 Prwdicare

161 1463 332 1502 annum
369 1443 591 1501 Domini
628 1455 890 1518 acceptum
913 1486 929 1510 ,
971 1456 1020 1500 et
1048 1445 1183 1499 diem
1212 1443 1562 1500 retributionis
1599 1440 1733 1515 (Isa.

160 1540 272 1610 ut).
303 1533 369 1594 Ut
395 1539 568 1609 quid?
613 1537 784 1612 Usque
825 1537 944 1594 dum
988 1538 1184 1611 fodiam
1212 1540 1351 1592 circa
1395 1537 1561 1592 illam.
1610 1536 1740 1594 Vult

161 1647 260 1688 eam
281 1631 582 1702 apostolico
604 1625 825 1686 vomere
847 1629 874 1669 δ
892 1630 1194 1702 perfodere,
1212 1630 1338 1700 quia
1365 1629 1552 1700 legalis
1579 1629 1739 1684 cultri

161 1741 252 1780 non
298 1723 466 1778 valuit
515 1722 716 1779 sentire
776 1722 1060 1777 culturam.
1125 1721 1195 1774 Et
1239 1722 1440 1775 mittam
1486 1728 1733 1776 stercora.

1837 525 1960 580 aliis
1987 523 2281 596 appellatio
2310 523 2546 581 nominis
2569 532 2684 591 est,
2715 524 2771 580 in
2811 524 2917 580 hoc
2942 523 3296 594 praerogativa
3326 523 3436 577 vir-

1837 618 1987 674 tutis.
2010 617 2152 673 Vere
2170 619 2362 674 beatus
2380 616 2592 686 Petrus,
2619 616 2894 674 immobile
2913 617 3319 672 fundamentum
3345 632 3437 672 sa-

1837 709 1983 778 lutis,
2015 709 2179 765 talem
2227 725 2287 766 se
2325 710 2544 766 exhibet
2580 709 2635 765 in
2683 709 3005 776 sacerdotio,
3036 707 3224 778 quales
3264 707 3439 763 videri

1836 801 2028 857 volunt
2053 801 2146 872 qui
2165 800 2525 857 sacerdotium
2544 801 2952 872 concupiscunt.
2970 798 3441 867 Quemadmodum

1837 893 2001 964 igitur
2021 894 2324 950 sanctitatis
2338 893 2579 962 regulam
2603 903 2626 941 ε
2653 893 2948 963 disciplinis
2969 890 3439 947 monasterialibus

1838 988 2075 1044 imbutus
2095 987 2352 1044 exercet?
2381 986 2588 1043 Pallent
2616 1003 2712 1043 ora
2738 985 2977 1057 jejuniis,
3012 985 3215 1041 macies
3239 998 3439 1055 corpus

1839 1087 2103 1149 attenuat,
2127 1081 2468 1152 eleemosyna
2487 1096 2587 1152 pro
2609 1081 2818 1136 delictis
2837 1079 3120 1152 supplicat,
3142 1076 3441 1149 hlacrymte

1837 1181 2060 1246 peccata
2103 1173 2400 1244 baptizant.
2453 1171 2562 1228 Sed
2589 1188 2658 1228 ne
2705 1173 2846 1229 forte
2889 1173 2996 1229 hoc
3022 1171 3204 1228 devoti
3250 1170 3439 1242 populi

1839 1266 1998 1322 turba
2020 1265 2327 1329 miraretur,
2358 1264 2498 1320 solet
2518 1262 2708 1320 Petrus
2727 1264 2876 1332 flere,
2907 1279 3029 1319 cum
3059 1264 3114 1318 in
3130 1277 3254 1318 eum
3280 1259 3439 1315 Chri-

1839 1367 1956 1414 stus
1985 1358 2215 1414 intendit
2243 1357 2467 1429 (Matth.
2486 1359 2657 1425 xxvi).
2675 1357 2785 1413 Nec
2811 1357 3093 1426 quisquam
3116 1357 3170 1410 in
3193 1353 3440 1426 apostolo

1841 1452 2066 1508 imbrem
2095 1452 2278 1522 irrigui
2304 1452 2482 1508 luctus
2497 1459 2734 1507 accuset.
2757 1449 3011 1506 Iucunda:
3025 1457 3149 1505 sunt
3166 1449 3438 1520 lacrymaa,

1841 1560 1960 1615 qua:
1973 1545 2225 1616 gaudium
2242 1543 2659 1599 immortalitatis
2683 1550 2928 1598 emerunt
2958 1541 3147 1613 (Marc.
3173 1539 3303 1613 xvr).
3321 1539 3444 1610 Ipse

1842 1644 1925 1692 est
1953 1651 2081 1706 ergo
2117 1634 2345 1691 icustos
2373 1632 2516 1702 fidei,
2568 1643 2720 1707 petra
2751 1634 3022 1700 Ecclesiae,
3069 1636 3084 1685 l
3132 1631 3445 1702 janitorque

1842 1730 2124 1786 caelorum.
2158 1727 2277 1800 Ipse
2301 1736 2383 1783 est
2411 1727 2743 1798 apostolicus
2783 1725 3023 1796 piscator
3063 1725 3300 1790 electus,
3349 1724 3447 1792 qui

166 1825 185 1856 ε
204 1814 374 1871 Τιιιιιίε
402 1803 579 1869 radici
608 1811 910 1868 necessaria
928 1853 942 1880 ,
973 1826 1094 1882 quae
1116 1826 1214 1882 pro
1245 1819 1392 1865 tanta
1417 1809 1739 1881 pinguedine

1864 1823 1910 1877 td
1931 1838 1990 1877 se
2020 1822 2205 1876 turbas
2244 1835 2487 1876 errorum
2517 1817 2766 1874 ﬂuctibus
2802 1832 3027 1882 mersas,
3058 1817 3219 1871 hamo
3239 1815 3445 1870 sancti-

161 1906 353 1978 cespitis
378 1905 561 1961 sancti
589 1903 615 1942 ιι
648 1903 758 1960 fota
780 1903 989 1960 caelesti
1032 1903 1204 1958 imbre
1232 1917 1341 1959 non
1381 1901 1581 1958 meruit
1622 1915 1742 1956 esse

162 1997 382 2055 fecunda.
405 1995 574 2051 Ficus
601 1995 822 2062 sterilis,
851 1994 1138 2067 Synagoga
1170 1992 1368 2049 misera
1395 1992 1744 2048 miseratione

163 2089 376 2161 gentium
399 2095 769 2154 stercoratur;
800 2093 861 2142 ut
884 2085 1156 2141 vilissimis
1177 2083 1360 2156 adjuta
1381 2083 1633 2139 fomentis
1651 2098 1743 2138 re-

165 2181 268 2236 deat
292 2179 356 2234 ad
377 2177 640 2244 fructum,
662 2193 784 2249 qme
806 2185 960 2234 tanto
987 2185 1044 2233 et
1064 2177 1304 2248 pretioso
1326 2175 1492 2231 ubere
1514 2173 1747 2230 decessit

165 2272 219 2328 de
241 2271 410 2328 fructu
442 2289 458 2324 :
489 2285 610 2342 qum
633 2271 680 2325 si
703 2279 826 2342 post
849 2270 965 2327 h:ec
985 2269 1039 2324 in
1079 2269 1273 2326 eadem
1311 2268 1596 2323 Sterilitate
1625 2283 1748 2339 per-

165 2363 412 2426 manserit,
441 2360 562 2433 jam
591 2377 700 2418 non
721 2361 945 2418 cultoris
967 2361 1123 2427 falce,
1147 2361 1242 2416 sed
1273 2361 1440 2432 ipsius
1463 2361 1747 2416 dominan-

166 2454 432 2520 tissecuri,
487 2455 777 2526 desperata
820 2461 877 2510 et
917 2453 1122 2509 inutilis
1152 2453 1477 2509 succidetur.
1521 2451 1590 2507 Et
1628 2452 1748 2508 ideo

167 2562 256 2604 non
279 2546 444 2601 dixit:
466 2545 528 2600 In
550 2544 732 2602 futuro
746 2543 1016 2601 succidant
1038 2559 1178 2610 eam,
1202 2544 1296 2599 sed
1326 2542 1583 2599 Succides
1605 2559 1747 2608 eam,

167 2639 293 2710 juxta
319 2638 455 2694 illud
484 2636 710 2694 Joannis
739 2655 754 2692 :
785 2637 908 2692 1am
935 2639 1128 2693 securis
1158 2637 1228 2692 ad
1257 2637 1486 2692 radicem
1508 2635 1750 2692 arborum

167 2730 312 2801 posita
321 2740 401 2784 est
419 2745 439 2784 :
460 2727 644 2785 Omnis
659 2746 780 2803 ergo
798 2729 952 2784 arbor
969 2746 1073 2784 non
1089 2730 1286 2802 faciens
1303 2731 1526 2802 fructum
1542 2730 1748 2792 bonum,

169 2823 420 2878 incidatur
452 2831 504 2878 et
537 2825 592 2878 in
613 2824 781 2896 ignem
803 2823 1034 2877 mittetur
1061 2821 1284 2894 (Matth.
1319 2820 1427 2894 ιιι).
1465 2819 1601 2889 Quia
1631 2829 1755 2892 post

169 2917 448 2986 evangelici
478 2918 680 2972 cultum
709 2915 968 2987 temporis
1013 2913 1372 2972 infructuosas
1411 2916 1632 2970 arbores
1661 2930 1752 2970 se-

170 3010 290 3066 curis
308 3008 506 3079 iudicii
533 3009 790 3076 succidet,
823 3015 880 3065 et
898 3007 1250 3065 novissimum
1270 3008 1527 3080 suscipiet
1555 3015 1612 3063 et
1631 3022 1750 3064 cre-

172 3105 313 3161 mabit
339 3104 679 3161 incendium.

704 3205 730 3234 ⁶
769 3192 999 3252 SERMO
1035 3191 1193 3250 CVII.

439 3289 510 3346 In
531 3287 602 3345 D.
636 3287 851 3344 Petrum
869 3289 1163 3360 episcOpum
1194 3285 1474 3342 Ravenna.

233 3381 373 3440 Licet
410 3380 559 3437 fandi
583 3379 836 3436 sterilitas
863 3379 1138 3436 silentium
1176 3378 1307 3433 mihi
1335 3377 1572 3434 indicere
1604 3375 1755 3432 vide-

181 3481 275 3540 tur,
294 3472 442 3544 loqui
470 3481 654 3528 tamen
679 3469 1020 3528 vehementia
1049 3469 1195 3540 cogit
1221 3477 1278 3525 et
1303 3468 1562 3524 sanctitas
1584 3469 1754 3540 impe-

178 3567 344 3622 rantis.
374 3563 732 3622 Prsstantius
753 3571 837 3620 est
868 3563 1011 3619 enim
1045 3563 1352 3634 imperitum
1385 3561 1614 3633 prodere
1642 3561 1758 3617 elo-

177 3657 360 3728 quium,
387 3672 553 3728 quam
580 3655 880 3713 ofﬁciosum
901 3669 1099 3727 negare
1127 3670 1451 3711 sermonem.
1475 3655 1606 3723 Qui;
1626 3669 1758 3726 ergo

178 3751 295 3807 tanti
319 3752 426 3808 viri
452 3749 890 3806 adhortationem
917 3756 1148 3815 recuset,
1181 3748 1266 3804 cui
1296 3763 1328 3804 e
1355 3747 1496 3806 cmlo
1534 3748 1761 3818 contigit

179 3853 226 3901 et
251 3844 269 3885 ί
298 3845 590 3918 apostolici
629 3843 971 3910 vocabulum,
1003 3849 1058 3898 et
1082 3843 1278 3898 summi
1306 3842 1643 3914 privilegium
1671 3858 1762 3899 sa-

179 3937 432 3994 cerdotis?
473 3935 659 4006 Neque
693 3934 839 3991 enim
887 3934 1089 4004 absque
1127 3933 1309 3989 divino
1351 3933 1556 4004 judicio
1597 3934 1782 3990 fuisse

179 4029 494 4088 credendum
521 4039 604 4086 est
631 4027 778 4099 quod
803 4027 976 4099 prima
1003 4027 1094 4082 illa
1121 4026 1335 4082 vivendi
1364 4026 1512 4082 rudis
1542 4026 1764 4083 infantia

179 4122 298 4177 tanti
318 4121 562 4178 nominis
595 4119 792 4192 adepta
824 4126 906 4174 est
944 4118 1297 4188 dignitatem?
1319 4117 1489 4186 Quem
1521 4127 1648 4175 tunc
1688 4119 1768 4173 af-

179 4206 343 4280 fuisse,
373 4213 480 4270 nisi
501 4211 672 4269 Deum
699 4213 876 4283 ipsum
895 4218 1164 4282 putamus,
1187 4227 1311 4267 cum
1329 4211 1496 4267 nescii
1518 4220 1770 4284 parentes

237 4357 262 4386 ι
287 4347 444 4404 Hanc
464 4347 710 4404 eamdem
723 4344 1236 4416 interpretationem
1257 4351 1511 4416 repetunt
1531 4343 1764 4416 Ambro-

237 4359 262 4386 ι
288 4359 444 4404 Hanc
464 4359 710 4404 eamdem
723 4359 1236 4416 interpretationem
1257 4359 1317 4400 re
1357 4359 1511 4400 etunt
1531 4359 1764 4400 ambro-

179 4421 307 4501 sius,
325 4427 384 4476 et
411 4417 866 4501 'I‘heophylactus,
891 4424 947 4501 et
968 4359 1502 4501 Cragorius_,‘gomil.
1535 4415 1622 4470 51.
1660 4416 1767 4501 ΑΙξί

182 4490 439 4558 explicant
477 4484 790 4558 deftriplici
827 4484 1418 4558 Judaicteg'rcipublicae
1465 4486 1638 4558 forma
1666 4487 1767 4542 sub

182 4505 236 4544 ex
277 4505 439 4545 ucant
477 4505 546 4544 ae
577 4505 790 4558 ιιιριιρι
827 4505 1063 4542 δυαίὶιϐω
1108 4505 1418 4557 retpunucae
1465 4505 1638 4542 turma
1666 4505 1767 4542 SUD

179 4505 456 4632 iudicibus,
492 4559 709 4632 regibus
738 4566 794 4632 et
821 4555 1198 4632 pontiﬁcibus;
1226 4557 1316 4611 alii
1345 4556 1414 4612 de
1435 4557 1641 4632 triplici
1666 4557 1767 4632 ho-

183 4627 329 4687 ininis
348 4639 531 4696 aetate,
561 4627 831 4700 pueritia,
852 4627 1107 4700 virilitate
1131 4637 1188 4700 et
1214 4635 1491 4700 senectute
1508 4628 1646 4700 {alii
1673 4629 1770 4684 de-

183 4716 320 4758 mum
347 4703 416 4757 de
441 4697 612 4756 tribus
633 4701 789 4755 annis
807 4698 1002 4768 quibus
1027 4697 1276 4754 Christus
1292 4698 1493 4754 docuit.
1524 4698 1649 4754 Hzec
1669 4715 1769 4770 pro

1845 1913 1973 1968 tatis
1995 1913 2204 1978 invitat,
2229 1918 2282 1966 et
2302 1911 2561 1966 doctrinm
2581 1925 2690 1964 sum
2715 1908 2737 1946 ¹ί
2764 1916 2881 1964 rete
2903 1905 3177 1964 concludit
3197 1905 3264 1961 ad
3285 1904 3447 1960 ﬁdem

1845 2005 2126 2060 hominum
2156 2002 2498 2058 multitudine
2546 2002 2822 2072 copiosam
2857 1999 3006 2070 (Luc.
3034 1997 3112 2068 v).
3144 1987 3242 2053 Est
3282 1995 3450 2052 etiam

1846 2095 1962 2166 ipse
2004 2094 2350 2150 beatissimus
2392 2101 2446 2148 et
2493 2093 2823 2163 apostolicus
2860 2106 3077 2162 auceps,
3109 2089 3201 2160 qui
3241 2089 3450 2144 animas

1843 2179 2104 2257 iuvenum
2152 2201 2250 2256 per
2293 2198 2419 2238 aera
2449 2183 2693 2238 volantes
2728 2182 2937 2238 calamo
2973 2179 3142 2236 divini
3183 2177 3451 2234 sermonis

1850 2277 2086 2347 attingit.
2136 2273 2264 2331 Jnre
2304 2274 2468 2344 igitur
2514 2274 2836 2331 venerabilis
2887 2273 2985 2328 Dei
3036 2270 3288 2327 sacerdos
3321 2272 3452 2328 olim

1851 2374 2085 2446 apostoli
2111 2370 2130 2412 ι
2175 2381 2368 2429 nactus
2391 2373 2732 2438 vocabulum,
2764 2387 2907 2427 nunc
2936 2371 3162 2441 adeptus
3191 2377 3246 2424 et
3284 2367 3452 2422 meri-

1851 2476 1988 2534 tum,
2020 2467 2152 2522 serit
2181 2467 2232 2522 in
2264 2467 2492 2538 populos
2520 2473 2788 2537 prmcepta
2805 2464 3062 2535 iustitiae,
3094 2469 3150 2519 et
3168 2459 3453 2517 manifesta

1850 2561 1972 2616 luce
1994 2565 2202 2615 reserat
2235 2573 2514 2613 sacrorum
2550 2557 2885 2613 voluminum
2912 2557 3168 2630 mysticas
3196 2554 3453 2625 quaestio-

1851 2668 1952 2708 nes
1976 2669 1989 2705 :
2024 2657 2339 2720 tantumque
2363 2657 2445 2704 est
2472 2649 2525 2704 in
2555 2649 2862 2704 coelestibus
2888 2647 3256 2718 magisterium
3286 2645 3454 2701 disci-

1851 2746 2030 2818 plinis,
2065 2751 2123 2798 ut
2143 2743 2235 2813 qui
2263 2742 2616 2808 convertitur,
2662 2741 2766 2813 ipsi
2791 2741 3188 2815 absolutionem
3215 2738 3454 2801 debeat;

1854 2837 1949 2907 qui
1978 2852 2084 2891 non
2130 2835 2437 2904 corrigitur,
2469 2834 2571 2890 sibi
2600 2842 2830 2890 reatum.
2871 2832 3056 2888 Omnis
3097 2831 3333 2901 undique
3382 2829 3455 2884 ad

1855 2946 1980 2986 eum
2018 2944 2084 2984 ex
2130 2928 2354 2984 diversis
2399 2928 2683 2998 regionum
2727 2926 2969 2998 partibus
3013 2924 3224 2980 visendi
3276 2922 3456 2978 studio

1855 3021 2012 3075 turba
2053 3019 2345 3075 concurrit.
2403 3016 2738 3087 Quicumque
2783 3017 2954 3072 invias
2996 3014 3312 3071 solitudines
3359 3021 3454 3067 aut

1855 3111 2083 3166 latentes
2105 3110 2274 3166 eremi
2295 3108 2530 3164 latebras
2558 3108 2883 3174 incolebant,
2902 3107 3200 3162 mirabilem
3230 3104 3452 3160 Petrum

1779 3207 1826 3272 C
1858 3200 2028 3270 magis
2053 3200 2278 3256 veniunt
2323 3197 2508 3254 videre
2551 3207 2591 3236 ω
2621 3213 2783 3268 quam
2811 3198 3088 3254 saeculum.
3129 3195 3324 3250 Datum
3367 3203 3453 3254 est

1855 3293 1962 3348 illis
1989 3290 2276 3362 aliquando
2300 3289 2530 3355 discere,
2560 3289 2827 3346 diiiicilius
2853 3288 3092 3359 quidem,
3123 3287 3217 3344 sed
3246 3286 3452 3356 glorio—

1856 3386 1969 3442 sius
1983 3393 2011 3421 ἰ
2032 3383 2232 3439 mundo
2252 3389 2518 3454 prtesente
2539 3382 2733 3440 luctari
2757 3401 2771 3438 :
2799 3390 2857 3438 et
2879 3383 3136 3438 adversus
3164 3381 3456 3436 instructas

1858 3477 2234 3546 delinquentes
2273 3475 2460 3530 turbas
2489 3475 2658 3531 aciem
2685 3475 2972 3546 quamdam
2997 3474 3285 3544 disponere
3324 3487 3452 3526 san-

1860 3571 2079 3629 ctitatis.
2113 3568 2324 3636 Quanta
2350 3569 2494 3623 enim
2518 3570 2570 3623 in
2591 3568 2792 3624 mundo
2816 3567 3007 3639 positis
3027 3574 3152 3638 post
3179 3572 3457 3620 certamen
3485 3552 3488 3556 ί

1864 3664 2042 3736 palma
2086 3669 2188 3730 est,
2213 3661 2259 3716 si
2283 3661 2335 3716 in
2366 3660 2654 3718 solitudine
2691 3647 3000 3717 constitutis
3029 3659 3144 3713 sine
3167 3656 3462 3711 luctamine

1865 3769 2082 3812 corona:
2102 3753 2404 3808 debentur?
2433 3750 2586 3807 Unde
2608 3751 2820 3817 fratres,
2843 3751 3095 3820 quoniam
3120 3747 3462 3804 beatissimus

1868 3846 2060 3904 Petrus
2088 3847 2268 3903 omnia
2295 3861 2414 3916 quae
2435 3853 2560 3902 sunt
2580 3845 2776 3901 divina:
2801 3843 3047 3910 virtutis,
3079 3839 3490 3922 praedicatione.

1869 3957 1980 3998 sua:
2001 3941 2258 3997 doctrinae
2279 3955 2377 3995 vos
2399 3939 2631 4004 instruit,
2663 3937 2866 4008 pariter
2894 3945 2949 3992 et
2967 3935 3229 4005 exemplis
3248 3932 3463 3995 edocet,

1868 4035 2221 4104 deprecemur
2249 4032 2534 4088 Dominum
2563 4031 2730 4086 Demn
2752 4036 3015 4093 nostrum,
3047 4036 3105 4082 ut
3123 4042 3240 4082 mvo
3260 4023 3466 4095 longis-

1871 4125 2010 4181 simo
2035 4124 2298 4181 doctrinae
2320 4124 2553 4180 cmlestis
2579 4138 2678 4177 vos
2697 4135 2947 4177 sermone
2973 4117 3226 4174 laetiticet.

1870 4348 2010 4402 intra
2037 4346 2354 4402 monasterii
2391 4351 2544 4416 septa
2573 4345 2689 4401 dies
2716 4346 3040 4415 transegisse
3065 4359 3211 4416 suos.
3243 4342 3344 4398 Vel
3373 4344 3471 4398 ad-

1870 4417 2184 4488 haerendum
2213 4415 2576 4488 Tillemontio,
2609 4417 2694 4471 cui
2723 4432 3037 4488 persuasum
3052 4423 3138 4488 _est
3168 4415 3256 4472 hic
3282 4429 3472 4488 mona-

1872 4487 2023 4544 sterii
2064 4488 2323 4560 nomine,
2358 4487 2445 4542 vel
2485 4484 2740 4560 Cornelii
2775 4487 3013 4560 episcopi
3051 4485 3334 4560 lmolensis
3370 4484 3473 4540 do-

1872 4575 2040 4628 mum,
2063 4558 2149 4614 vel
2177 4558 2418 4628 ejusdem
2447 4558 2687 4628 episcopi
2735 4556 3087 4628 seminarium
3113 4556 3358 4628 indicari.
3445 4583 3448 4586 ~

1944 4627 1976 4712 h_
2015 4627 2303 4712 Lacrvmas
2326 4627 2501 4712 vicem
2529 4627 2865 4712 baptismatis
2885 4629 3048 4712 fuisse
3165 4627 3327 4712 Pe't‘ro
3347 4641 3476 4710 apo-

1872 4701 2035 4766 stolo,
2058 4697 2245 4756 scribit
2267 4699 2378 4755 Leo
2401 4697 2623 4768 Magnus
2643 4716 2804 4755 serm.
2827 4699 2860 4753 9
2885 4700 2938 4754 in
2969 4699 3205 4770 passion.
3235 4697 3471 4770 Domini.

185 4770 346 4828 libito.
377 4771 573 4827 Verior
597 4759 864 4827 Sententia
891 4778 1010 4836 est,
1041 4785 1147 4840 per
1180 4773 1317 4840 tres;
1336 4784 1506 4824 annos
1535 4759 1769 4824 divinam
1799 4759 1850 4821 D
1875 4772 1945 4827 At
1987 4759 2345 4827 hallucinatur
2383 4759 2648 4835 Barihius,
2682 4770 2905 4826 Advers.
2937 4759 3032 4824 lib.
3066 4785 3130 4840 Lv
3163 4767 3474 4840 col._2615,

185 4843 325 4898 innui
370 4840 796 4898 misericordiam
828 4853 956 4908 erga
992 4837 1247 4910 populum
1287 4837 1586 4910 Iudaicum.
1633 4840 1774 4896 Dicit

187 4921 476 4984 autemper
502 4922 614 4968 tres
635 4926 835 4984 annos,
849 4911 975 4984 quia
995 4908 1158 4976 licus,
1187 4925 1308 4980 quae
1333 4909 1599 4980 frugiferae
1625 4918 1770 4977 sunt,

186 4982 391 5040 diutius
417 4983 621 5040 fructus
650 4997 757 5038 non
785 4982 1054 5036 differant.

254 5053 281 5093 δ
306 5052 482 5134 Ιέιιὶιιί
502 5054 694 5134 dicunt
722 5051 1222 5134 ablaqueareunde
1250 5051 1593 5134 ablaqueatio.

225 5137 280 5208 ,ε
321 5124 460 5180 Vere
499 5122 650 5192 licus,
692 5119 903 5180 caeteris
947 5119 1207 5190 frigidior,
1257 5119 1650 5179 stercoratione
1691 5121 1776 5178 in-

191 5194 824 5346 dﬁelépLatinioLEdit.
849 5278 1059 5346 omnes,
1086 5271 1201 5346 tota.
1215 5261 1405 5346 caelesti
1423 5263 1604 5346 imbre.

261 5345 286 5375 ο
323 5335 455 5406 Vide
480 5351 600 5406 quae
623 5335 860 5406 diximus
901 5333 1333 5406 in__pr:efatione,
1359 5341 1414 5390 et
1438 5335 1496 5389 in
1535 5334 1680 5390 notis
1706 5333 1776 5390 ad

197 5401 704 5488 νὶεειιιῃςὶιιξεοιρςὶ
731 5421 798 5460 ex
820 5401 1063 5488 Castillo.

265 5421 360 5461 tam
371 5421 704 5530 ⁸ιιιιινὲςοιοςι
731 5421 798 5460 ex
820 5421 1063 5460 uasuuo.
1173 5475 1186 5488 .

265 5475 460 5558 :AVIQC-
531 5477 785 5558 orthium,
833 5474 1122 5558 Adversar:
1151 5475 1245 5532 ιιι).
1285 5492 1415 5532 mn
1449 5491 1575 5558 cap.
1602 5473 1781 5558 §pag.

198 5544 345 5605 H90.
370 5547 464 5602 ubi
493 5548 647 5617 plura
670 5553 1069 5604 commentatur
1089 5545 1156 5602 de
1185 5563 1320 5604 voce
1352 5544 1644 5614 apostolici,
1661 5544 1784 5616 ‘pri-

197 5617 298 5672 mis
319 5617 571 5689 Ecclesiae
599 5617 932 5689 temporibus
960 5617 1228 5688 episcopis
1255 5620 1530 5689 attributa.

273 5696 299 5736 ι
323 5687 396 5762 Ex
438 5689 523 5762 his
547 5687 730 5762 verbis
758 5702 950 5744 eruere
981 5687 1213 5762 pronum
1241 5698 1324 5762 est
1361 5687 1786 5762 Chrysologum,

202 5773 326 5832 nam
347 5760 403 5832 in
436 5757 555 5830 ejus
580 5759 816 5832 laudem
839 5757 1248 5832 pronuntiatum
1477 5757 1788 5832 sermonem

1878 4858 2000 4899 cum
2031 4843 2120 4898 hic
2147 4842 2215 4897 de
2243 4840 2406 4898 Petro
2429 4841 2676 4912 apostolo
2707 4842 2853 4912 loqui
2874 4849 3028 4912 putat
3055 4857 3068 4893 :
3099 4839 3216 4894 hmo
3239 4836 3480 4910 Chryso-

1877 4915 2059 4985 logum
2084 4913 2406 4985 respiciunt.
2463 4983 2470 4985 _
2601 4941 2603 4944 ‹

1957 4978 2002 5055 iw
2018 4984 2152 5055 Nam
2174 4978 2362 5040 contra
2384 4983 2590 5047 Arium,
2617 4981 2896 5055 Eutychen
2926 4989 2982 5036 et
3010 4980 3145 5036 alios
3169 4978 3474 5055 beneﬁcos,

1880 5071 1946 5110 ac
1976 5054 2097 5111 ﬁdei
2125 5053 2442 5124 Christianae
2471 5055 2655 5110 hostes
2693 5050 3080 5124 quoscumque,
3113 5051 3280 5105 verbo
3299 5093 3314 5118 ,
3346 5050 3475 5104 scri-

1879 5135 2103 5198 ptoque,
2137 5123 2295 5198 fidem
2324 5128 2491 5198 ipsam
2515 5122 2726 5198 tutatus
2749 5131 2851 5198 est.
2881 5122 3043 5198 bim.

1958 5195 1972 5248 i
1997 5187 2140 5252 'ldeo
2162 5187 2365 5266 ianitor
2393 5195 2652 5252 cmlorum
2667 5194 2866 5266 dicitur
2878 5193 2952 5266 ab
2977 5187 3484 5266 Adelpho_Chryso-

1881 5267 2038 5336 logus
2057 5258 2264 5331 noster,
2289 5267 2414 5336 quia
2436 5267 2750 5322 innumeros
2789 5263 3088 5336 adducebat
3115 5258 3188 5336 ad
3213 5258 3393 5336 fidem,
3426 5267 3487 5314 et

1878 5330 2196 5410 peccatores
2237 5330 2473 5393 Suaviter
2505 5336 2752 5393 trahebat
2777 5335 2848 5391 ad
2885 5331 3276 5406 paenitentiam.
3314 5330 3478 5386 ΜιτΑ.

1960 5407 1986 5444 κ
2025 5406 2122 5462 Ms.
2154 5407 2387 5463 Carsen..
2420 5407 2631 5463 retibus.

2079 5424 2122 5462 s.
2154 5423 2387 5475 basem,
2420 5423 2631 5464 renuas.

1963 5475 1984 5516 ι
2025 5479 2191 5542 Alias,
2215 5481 2444 5534 sortitas.

1960 5556 2001 5586 ω
2043 5549 2158 5626 Hoc
2175 5557 2261 5626 est
2277 5550 2464 5626 urbem
2487 5548 2875 5626 Ravennatem,
2901 5561 2965 5626 ea
2989 5551 3333 5626 tempestate,
3349 5543 3485 5626 aula

1888 5616 2117 5744 Cinis-aris
2137 5631 2193 5677 et
2221 5621 2508 5690 insignium
2531 5620 2771 5676 virorum
2791 5616 3115 5675 continentia
3144 5624 3199 5671 et
3225 5616 3488 5672 comitatu

1888 5705 1961 5744 no
2001 5707 2231 5744 norem.

1888 5705 2231 5747 nonmorem.

1961 5769 1989 5800 ³³
2013 5760 2090 5834 Id
2102 5771 2195 5834 est
2221 5780 2234 5816 :
2259 5762 2542 5829 _combattre
2565 5762 2628 5816 de
2643 5763 2784 5834 front
2813 5770 2989 5816 contre
3009 5759 3057 5814 le
3084 5758 3296 5821 monde,
3317 5755 3487 5828 expli-

207 5828 364 5900 hune,
385 5830 440 5888 in
459 5828 774 5902 praefatione
802 5828 1177 5898 indicavimus,
1187 5836 1246 5886 et
1255 5830 1414 5887 viridi
1427 5830 1606 5887 adhuc
1629 5837 1790 5886 atate
1894 5838 1986 5887 cat
2013 5828 2406 5894 Tillemontius.
