3930 6354
408 215 518 278 503

1666 205 1727 265 S.
1767 204 1973 264 PETRI
2013 201 2447 266 CHRYSOLOGI

410 331 746 391 mentiuntur
788 328 1097 395 vocabulis,
1148 335 1176 367 ι
1224 322 1570 397 blasphemiis
1615 322 2005 395 obsequuntur.
2042 321 2089 382 Α
2116 322 2411 394 percellere
2428 366 2442 391 ,
2471 322 2666 381 merito
2694 323 2910 382 deﬁciat
2940 331 2995 384 ct
3020 341 3132 384 sua
3157 326 3370 384 amittat
3391 326 3588 386 infulas
3604 346 3700 402 po-

412 425 525 483 Nos
562 433 766 489 autem,
796 422 1022 487 fratres,
1072 427 1130 477 et
1165 433 1398 491 corpora
1441 426 1626 477 nostra
1672 424 1920 489 aptemus
1956 415 2012 472 in

412 523 593 579 vivam
629 520 723 577 Dei
754 519 984 575 hostiam
1002 557 1020 582 ,
1049 516 1370 585 obsequium
1409 521 1654 570 nostrum
1691 511 2017 568 rationabile

414 628 791 689 procuremus,
820 618 879 666 ut
900 611 970 667 sit
993 609 1125 665 ﬁdes
1151 623 1299 675 vera,
1324 621 1458 679 pura
1487 604 1838 672 conscientia,
1862 618 2016 659 mens

415 707 621 774 sobria,
654 719 777 777 spes
811 701 983 770 ﬁrma,
1020 717 1116 758 cor
1143 699 1421 767 mundum,
1456 713 1585 757 caro
1606 707 1774 766 casta,
1797 704 2018 753 sanctus

416 813 627 863 sensus,
657 797 779 867 pius
803 795 1032 859 animus,
1065 801 1181 849 tuta
1209 792 1368 858 ratio,
1400 799 1547 848 casta
1581 790 1837 856 charitas,
1868 788 2017 858 larga

416 889 809 952 misericordia,
837 889 950 943 vita
979 894 1165 944 sancta
1183 928 1199 954 ,
1229 884 1567 942 verecundus
1590 883 1824 950 habitus,
1860 889 1917 938 et
1949 880 2018 936 ad

418 999 583 1042 omne
620 981 823 1057 Christi
866 981 1184 1052 obsequium
1222 979 1496 1036 humilitas
1523 984 1767 1034 nostrum
1807 989 2022 1046 semper

420 1076 712 1134 comitetur
740 1075 1032 1130 incessum.

1018 1164 1252 1222 SERMO
1298 1163 1409 1220 CX.

419 1280 499 1336 De
521 1282 711 1352 salute
749 1281 841 1335 sub
884 1279 990 1352 fide
1023 1279 1742 1352 repositaLjustiﬁeationea
1775 1275 1891 1352 _Deo
1930 1292 2025 1352 per

495 1351 777 1419 Christum,
803 1347 938 1422 etde
956 1347 1120 1406 morte
1134 1367 1228 1422 pro
1249 1347 1454 1405 Christo
1473 1349 1759 1405 subeunda.
1775 1347 1835 1404 In
1855 1347 2021 1422 verba

496 1418 789 1493 ejusdem:
823 1420 949 1477 Non
985 1431 1062 1477 est
1107 1418 1279 1476 autem
1316 1422 1565 1493 scriptum
1602 1430 1812 1493 propter
1849 1418 2023 1474 Abra-

499 1495 623 1550 ham
654 1503 871 1561 tantum,
905 1502 1009 1549 etc.

392 1672 399 1678 .
500 1632 700 1688 Beatus
735 1629 1024 1702 Apostolus
1052 1628 1238 1699 primis
1264 1634 1320 1683 et
1349 1625 1674 1691 novissimis,
1708 1624 1761 1680 id
1782 1633 1884 1689 est,
1926 1623 2024 1679 Ju-

2115 417 2345 473 testatis.
2369 415 2480 473 Cur
2498 418 2860 487 innocentem,
2891 436 2989 477 cur
3016 420 3187 493 ipsum
3210 420 3446 493 judicem
3473 423 3701 482 crudelis

2114 517 2169 565 et
2190 509 2353 582 impia
2376 519 2460 566 est
2491 526 2620 567 ausa
2650 512 3005 582 contingere?
3028 520 3086 569 et
3112 512 3234 569 ideo
3260 513 3466 571 addidit
3496 532 3511 569 :
3539 514 3702 572 Justi-

2115 604 2260 675 ficati
2286 604 2445 676 igitur
2469 621 2536 660 ex
2572 604 2679 677 ﬁde
2716 622 2896 677 pacem
2933 604 3217 661 habeamus
3235 605 3306 661 ad
3322 604 3491 663 Deum
3529 605 3700 680 (Rom.

2116 693 2193 767 v).
2226 693 2343 752 Hoc
2369 703 2452 751 est
2476 695 2676 762 dicere,
2700 697 2932 763 desinat,
2973 696 3187 752 desinat
3214 707 3388 754 mater
3413 699 3701 756 dissensio-

2120 803 2268 855 num,
2313 788 2483 844 hostis
2528 790 2747 860 quietis,
2800 791 2951 863 pacis
2998 790 3216 848 inimica
3262 792 3562 858 contentio,
3606 809 3704 851 non

2119 879 2411 937 extollatur
2434 878 2654 938 Judteus
2678 896 2780 954 per
2805 881 2980 953 legem
2999 924 3014 950 ,
3038 883 3254 954 gentilis
3293 900 3403 941 non
3438 884 3705 956 superbiat

2119 989 2220 1046 per
2257 982 2506 1030 naturam
2521 1016 2537 1042 ,
2566 975 2923 1049 philosophus
2958 977 3026 1033 ab
3054 977 3399 1050 opinionibus
3436 979 3554 1035 suis
3590 986 3752 1051 δρα-ες,

2120 1066 2290 1124 mosis
2314 1075 2372 1124 et
2398 1067 2648 1125 inanibus
2663 1067 3017 1137 detumescat,
3038 1086 3199 1127 nemo
3218 1071 3287 1128 de
3306 1071 3537 1139 meritis,
3560 1086 3707 1128 nemo

2122 1162 2192 1219 de
2204 1162 2460 1235 operibus
2484 1162 2919 1234 glorietur;quia
2937 1156 3121 1232 vitam,
3150 1179 3315 1235 quam
3344 1165 3707 1236 praivaricatio

2121 1257 2295 1328 prima
2314 1255 2637 1325 sustulerat,
2667 1264 2726 1313 et
2741 1256 3092 1327 elongaverat
3118 1272 3150 1312 a
3179 1257 3337 1314 nobis
3357 1256 3566 1313 furiosa
3585 1272 3706 1315 con-

2124 1348 2299 1405 tentio
2314 1388 2331 1417 ,
2364 1347 2602 1404 restituit
2626 1355 2682 1404 ct
2706 1346 2941 1404 reddidit
2959 1364 3067 1420 pax
3088 1347 3290 1405 divina.
3312 1346 3513 1404 Pacem
3541 1349 3695 1404 habeo

2125 1457 2239 1496 mus
2259 1439 2331 1495 ad
2357 1438 2542 1505 Deum,
2561 1456 2652 1511 per
2678 1436 2960 1495 Dominum
2985 1449 3221 1496 nostrum
3234 1437 3418 1495 Iesum
3434 1438 3706 1495 Christum.

2127 1531 2294 1589 Terra
2322 1548 2433 1589 non
2458 1531 2683 1588 rebellat
2719 1531 2772 1587 in
2795 1532 2996 1599 ctelos,
3031 1532 3056 1572 δ
3085 1548 3216 1589 caro
3244 1549 3356 1589 non
3394 1533 3640 1604 insurgat
3660 1534 3709 1589 in

2126 1623 2408 1696 spiritum;
2452 1623 2548 1679 sed
2586 1639 2834 1695 superna:
2863 1624 3012 1696 pacis
3038 1623 3257 1679 humilis
3289 1631 3575 1695 perpetem
3598 1624 3708 1694 juno

433 1724 565 1781 datis
585 1731 643 1779 et
661 1720 883 1785 Graecis,
910 1719 1035 1776 ﬁdei
1055 1719 1311 1775 vexillum
1332 1718 1551 1774 unicum
1588 1732 1806 1789 semper
1826 1725 1882 1771 et
1909 1717 2025 1771 sin-
2055 1710 2103 1771 B
2125 1725 2285 1787 gatur
2308 1716 2378 1771 ad
2403 1715 2649 1786 gloriam.
2680 1714 2787 1771 Per
2805 1733 2955 1785 quem
2973 1732 3237 1772 accessum
3256 1716 3525 1772 habemus.
3551 1714 3708 1784 Quare

432 1817 620 1888 gulare
647 1815 804 1884 erigit
831 1812 899 1868 ad
926 1812 1154 1868 salutem
1180 1829 1194 1864 :
1224 1810 1373 1881 quod
1408 1810 1652 1880 quisquis
1688 1809 1890 1864 habere
1919 1825 2029 1864 non

433 1911 694 1969 meruerit
726 1918 783 1965 et
808 1920 1016 1972 tenere,
1044 1905 1347 1964 caelestium
1369 1903 1647 1976 possidere
1693 1920 1801 1959 non
1830 1904 2033 1975 poterit

433 2004 663 2075 gloriam
716 2000 1136 2071 triumphorum.
1186 1996 1374 2053 Solum
1425 2003 1547 2062 est,
1591 1994 1788 2052 fratres
1809 2036 1824 2061 ,
1884 1994 2032 2065 quod

434 2103 626 2153 contra
653 2091 937 2164 perﬁdiam
971 2088 1353 2146 dimicantibus
1390 2089 1565 2144 aciem
1593 2087 1807 2158 dirigit,
1849 2100 2032 2155 regem

436 2187 659 2252 indicat,
683 2184 961 2241 connectit
981 2182 1180 2249 socios,
1212 2180 1546 2251 impiumque
1567 2179 1780 2235 hostem
1809 2178 1923 2234 sola
1949 2179 2034 2234 sui

438 2279 649 2336 visione
671 2276 949 2333 terrilicat.
981 2273 1073 2331 Sic
1100 2274 1244 2330 enim
1271 2271 1433 2328 hodie
1460 2272 1624 2342 cmpit
1649 2289 1662 2325 :
1689 2268 1815 2326 Non
1842 2280 1917 2324 est
1938 2287 2034 2324 au-

440 2382 539 2427 tem
569 2372 815 2442 scriptum
853 2376 1065 2440 propter
1090 2364 1356 2418 Abraham
1397 2372 1614 2430 tantum,
1645 2364 1782 2437 quod
1822 2372 2034 2434 reputa—

442 2474 549 2519 tum
575 2472 653 2518 est
681 2462 758 2516 illi
787 2460 857 2514 ad
880 2457 1173 2531 justitiam;
1202 2454 1295 2511 sed
1338 2462 1390 2509 et
1418 2464 1628 2527 propter
1650 2472 1745 2510 nos
1771 2455 2033 2510 credentes

440 2559 496 2611 in
529 2573 644 2621 eum
673 2556 759 2625 qui
788 2551 1056 2608 suscitavit
1071 2547 1105 2603 J
1109 2565 1251 2604 esum
1271 2547 1553 2603 Dominum
1574 2557 1804 2603 nostrum
1833 2566 1865 2601 a
1892 2564 2035 2602 mor-

445 2651 543 2703 tuis
566 2648 744 2721 (Rom.
780 2646 873 2718 tv).
908 2643 1133 2707 Videtis,
1164 2640 1376 2708 fratres,
1407 2642 1535 2712 quia
1563 2641 1691 2697 dum
1720 2644 1930 2714 priores
1950 2642 2036 2697 fu-

445 2749 587 2805 tura,
632 2740 762 2794 dum
799 2736 1073 2808 praeterita
1097 2734 1325 2790 credunt
1352 2734 1573 2804 posteri,
1603 2735 1681 2789 sic
1709 2750 1816 2789 uno
1846 2734 2039 2789 itinere

450 2832 574 2889 ﬁdei
600 2832 814 2901 utrique
841 2828 1164 2902 perveniunt
1188 2826 1257 2882 ad
1291 2827 1520 2882 salutem
1538 2868 1552 2894 ,
1581 2826 1707 2881 dum
1739 2826 1814 2880 illi
1843 2834 2038 2881 ventu-

450 2939 570 2979 rum
595 2922 889 2988 Christum,
915 2934 1016 2976 nos
1032 2916 1146 2988 jam
1170 2918 1385 2974 venisse
1403 2917 1737 2990 proﬁtemur,
1764 2918 1839 2973 illi
1870 2931 2039 2987 usque

447 3017 518 3072 ad
544 3023 778 3071 mortem
804 3028 958 3070 more
984 3011 1220 3067 hominis
1259 3011 1642 3068 descensurum
1681 3012 1946 3066 mirantur
1983 3016 2040 3064 et

2128 1811 2286 1867 nobis
2312 1811 2427 1881 ipse
2455 1808 2628 1867 factus
2656 1819 2740 1866 est
2764 1810 2884 1877 via,
2914 1810 3021 1882 fide
3044 1812 3103 1865 in
3131 1813 3360 1884 gratiam
3397 1813 3581 1867 istam.
3612 1812 3709 1868 Dux

2128 1907 2253 1963 vita:
2280 1905 2431 1961 istius
2459 1903 2591 1960 ﬁdes
2619 1912 2721 1971 est,
2746 1903 2957 1961 fratres.
2991 1902 3057 1960 In
3087 1922 3188 1978 qua
3218 1915 3421 1961 stamus
3446 1914 3497 1960 et
3535 1905 3708 1978 gloria-

2130 2017 2248 2056 mur
2265 2000 2321 2054 in
2348 2015 2439 2070 spe
2457 1997 2640 2071 gloria:
2656 1997 2886 2069 ﬁliorum
2912 1995 3032 2053 Dei.
3054 1996 3273 2054 Stamus
3293 2007 3443 2054 certe
3472 1999 3599 2062 fide,
3621 2013 3710 2054 non

2132 2104 2390 2162 corpore;
2418 2097 2474 2144 et
2511 2088 2564 2143 in
2603 2103 2726 2161 spe,
2753 2105 2863 2144 non
2893 2088 2947 2144 in
2975 2105 3035 2144 re
3065 2088 3177 2159 jam
3224 2098 3486 2160 percepta
3523 2090 3708 2160 gloria-

2133 2200 2272 2239 mur.
2305 2179 2430 2237 Non
2454 2181 2623 2237 solum
2649 2190 2840 2247 autem,
2862 2182 2957 2237 sed
2974 2193 3022 2236 et
3049 2183 3336 2254 gloriamur
3354 2185 3410 2238 in
3432 2182 3708 2239 tribulatio—

2134 2276 2316 2341 nibus,
2364 2274 2581 2329 scientes
2626 2272 2765 2347 quod
2805 2272 3068 2328 tribulatio
3109 2275 3420 2345 patientiam
3464 2285 3707 2346 operatur,

2137 2369 2387 2441 patientia
2430 2375 2603 2423 autem
2647 2364 3019 2438 probationem,
3071 2367 3310 2440 probatio
3354 2378 3528 2424 autem
3566 2385 3710 2440 spes,

2136 2478 2252 2531 spes
2278 2477 2394 2514 vero
2434 2475 2539 2514 non
2572 2456 2860 2529 confundit.
2884 2455 3027 2514 Ecce
3054 2459 3251 2529 quibus
3276 2458 3530 2514 aetatibus
3552 2458 3710 2529 justus

2137 2550 2436 2624 perfectum
2473 2552 2763 2607 roboratur
2794 2549 2851 2605 in
2876 2547 3050 2605 virum
3084 2568 3098 2604 :
3132 2550 3186 2606 in
3216 2550 3598 2617 tribulatione,
3627 2566 3710 2623 pa-

2149 2645 2344 2711 .icntia,
2396 2643 2742 2715 probatione,
2789 2656 2905 2712 spe.
2946 2640 3267 2710 Tribulatio,
3310 2642 3535 2710 fratres,
3583 2643 3711 2699 velut

2139 2739 2311 2811 prima
2327 2735 2459 2807 justi
2484 2736 2587 2793 viri
2608 2735 2851 2793 concutit
2876 2742 2933 2791 et
2955 2736 3245 2793 conturbat
3274 2734 3555 2792 infantiam
3588 2754 3601 2791 :
3628 2734 3711 2792 sed

2139 2846 2263 2885 cum
2292 2828 2559 2884 invenerit
2592 2827 2695 2883 ista
2719 2825 3043 2898 patientem,
3077 2827 3145 2883 ad
3173 2826 3383 2897 majora
3410 2828 3707 2885 adolescen-

2139 2932 2250 2980 tem
2276 2923 2388 2993 jam
2413 2922 2572 2977 bona:
2596 2920 2791 2977 indolis
2817 2928 2947 2977 tunc
2972 2920 3166 2977 erudit.
3196 2919 3488 2978 Tribulatio
3514 2924 3705 2995 patien-

2144 3018 2268 3071 tiam
2296 3023 2557 3084 operatur.
2580 3010 2845 3068 Patientia
2872 3020 2972 3078 est,
3013 3010 3227 3080 fratres,
3259 3028 3383 3083 quae
3410 3010 3606 3068 Christi
3625 3012 3709 3082 ju-

447 3107 709 3173 credunt,
752 3120 853 3161 nos
891 3118 1013 3162 esse
1052 3112 1323 3160 mortuum
1360 3112 1417 3160 et
1443 3104 1801 3161 resurrexisse
1835 3102 2037 3171 gloria-
2061 3097 2110 3159 C
2143 3123 2334 3164 vencm
2362 3115 2547 3176 aptum
2576 3104 2770 3175 probat
2805 3118 2925 3159 esse
2960 3103 3267 3159 virtutibus.
3301 3103 3434 3174 Spes
3462 3120 3570 3158 vero
3607 3118 3709 3157 non

447 3213 589 3253 mur.
613 3195 683 3251 Et
720 3195 851 3267 quid
874 3196 1053 3266 plura,
1082 3193 1311 3250 fratres?
1330 3194 1456 3251 ideo
1482 3196 1629 3251 salus
1655 3196 1771 3251 hzec
1792 3202 1900 3249 tam
1939 3209 2040 3247 an-

448 3288 831 3355 tecedentium,
853 3302 1018 3358 quam
1043 3287 1384 3357 sequentium
1411 3290 1581 3344 oculis
1619 3296 1704 3344 est
1739 3294 1950 3357 negata,
1982 3296 2043 3342 ut

449 3386 563 3435 tota
592 3388 739 3435 esset
776 3379 831 3436 in
862 3378 985 3434 ﬁde.
1016 3376 1174 3445 Quod
1209 3386 1389 3433 autem
1427 3379 1564 3433 dixit
1593 3397 1606 3432 :
1640 3376 1741 3444 Qui
1777 3380 2044 3433 suscitavit

448 3468 628 3525 iesum
657 3470 938 3525 Dominum
976 3479 1211 3525 nostrum
1237 3487 1271 3524 a
1295 3471 1531 3525 mortuis.
1562 3469 1642 3526 Ne
1675 3471 1798 3541 quis
1824 3470 1893 3525 ab
1933 3469 2042 3525 alio

450 3561 654 3625 credat,
692 3564 807 3633 ipse
851 3563 936 3617 sui
980 3562 1154 3618 factor
1176 3571 1233 3618 et
1274 3563 1626 3618 resuscitator
1657 3572 1741 3617 est
1763 3562 2039 3634 corporis,

450 3653 546 3720 qui
579 3653 714 3706 dixit
746 3672 758 3706 :
787 3653 1101 3708 Potestatem
1130 3654 1292 3708 habeo
1336 3654 1559 3726 ponendi
1597 3654 1824 3708 animam
1851 3670 2039 3721 meant,

450 3750 501 3796 et
528 3750 830 3813 potestatem
859 3742 1022 3798 habeo
1057 3745 1245 3798 iterum
1289 3745 1521 3799 sumendi
1560 3760 1677 3799 eam
1726 3742 1905 3816 (Joan.
1938 3745 1995 3817 x)
2023 3762 2037 3799 :

452 3852 630 3907 neque
671 3838 815 3893 enim
850 3838 918 3894 ab
951 3838 1059 3893 alio
1095 3840 1419 3895 resurrectio
1457 3839 1731 3903 suscitari,
1758 3854 1933 3909 neque
1970 3840 2040 3895 ab

451 3927 561 3982 alio
589 3925 847 3985 viviﬁcari
872 3929 980 3983 vita
1007 3928 1203 3999 potuit,
1230 3944 1329 3986 nec
1354 3929 1543 3985 eadem
1565 3944 1761 3999 negare
1781 3930 1880 3985 sibi
1895 3930 2041 4000 quod

450 4028 569 4074 erat
597 4020 849 4075 omnibus
872 4019 1155 4075 collatura.
1181 4019 1317 4087 Quia
1341 4035 1440 4076 nec
1462 4019 1580 4076 fons
1607 4021 1738 4086 sitit,
1764 4034 1863 4077 nec
1886 4021 2043 4092 panis

2144 3200 2434 3274 confundit.
2465 3199 2600 3271 Spes
2624 3206 2710 3254 est
2735 3212 2855 3268 qua:
2879 3198 3054 3253 virum
3080 3197 3296 3269 perﬁcit
3328 3215 3343 3250 :
3386 3206 3436 3253 et
3465 3195 3531 3250 ad
3553 3210 3704 3250 men-

2142 3308 2325 3349 suram
2361 3288 2561 3346 Christi
2596 3288 2943 3361 plenitudinis
2983 3288 3250 3344 indefessa
3288 3286 3544 3359 producit.
3576 3282 3708 3341 Per-

2070 3400 2102 3456 :.
2141 3385 2295 3443 fectu:
2320 3385 2533 3441 virtutis
2570 3392 2674 3448 est,
2699 3382 2844 3453 quod
2873 3382 2929 3437 in
2962 3398 3023 3439 re
3061 3398 3168 3437 non
3211 3391 3401 3438 teneas
3430 3391 3453 3420 ε
3485 3380 3598 3452 spei
3628 3392 3711 3435 ro-

2142 3479 2275 3534 bore
2301 3476 2596 3548 possidere.
2624 3473 2761 3541 Quia
2801 3474 3028 3530 charitas
3055 3472 3153 3529 Dei
3181 3473 3379 3545 diffusa
3406 3482 3484 3528 est
3518 3472 3574 3526 in
3609 3486 3710 3525 coro

2142 3568 2292 3625 dibus
2338 3570 2529 3624 nostris
2574 3584 2666 3639 per
2712 3565 2967 3638 Spiritum
3010 3574 3277 3632 sanctum,
3326 3565 3415 3638 qui
3460 3562 3609 3617 datus
3643 3568 3711 3616 est

2133 3650 2307 3717 'nobis.
2331 3657 2399 3714 Et
2425 3668 2484 3714 ut
2508 3657 2713 3714 diﬁ'usae
2736 3657 2789 3712 in
2819 3673 2919 3712 nos
2941 3656 3136 3713 divina:
3168 3655 3450 3713 charitatis
3477 3652 3711 3710 ostende.

2138 3761 2224 3809 ret
2249 3751 2584 3822 qualitatem,
2612 3749 2809 3819 adjecit
2836 3767 2849 3802 :
2885 3746 2955 3804 Ut
2992 3746 3117 3822 quid
3154 3748 3293 3803 enim
3320 3744 3584 3811 Christus,
3611 3760 3712 3800 cum

2137 3844 2308 3900 adhuc
2346 3845 2545 3916 inﬁrmi
2572 3858 2797 3898 essemus
2824 3841 3104 3896 secundum
3152 3849 3372 3912 tempus,
3418 3856 3515 3911 pro
3557 3838 3712 3910 impiis

2136 3943 2370 3992 mortuus
2400 3934 2512 3989 est?
2547 3932 2651 3988 Vix
2677 3934 2817 3988 enim
2847 3949 2941 4004 pro
2969 3933 3112 4005 justo
3147 3933 3259 4006 quis
3290 3932 3515 3986 moritur
3552 3947 3570 3985 :
3607 3944 3712 3983 naut

2142 4046 2239 4103 pro
2294 4028 2429 4083 bono
2475 4027 2697 4100 forsitan
2757 4026 2869 4098 quis
2931 4024 3122 4119 agdeat
3167 4025 3341 4078 mori?
3395 4020 3715 4079 Commendat

450 4111 639 4175 esurit,
673 4127 775 4168 nec
813 4112 895 4168 sol
935 4112 1140 4181 indiget
1178 4112 1315 4177 luce,
1346 4128 1445 4167 nec
1472 4102 1689 4183 requies
1717 4113 1833 4184 ipsa
1869 4113 2040 4171 lasse-
2138 4102 2311 4175 autem
2347 4118 2654 4172 charitatem
2673 4132 2821 4170 suam
2841 4102 3054 4171 Deuzin
3083 4114 3249 4177 nobis,
3281 4113 3407 4186 quia
3426 4113 3713 4167 adhunc!

450 4202 572 4258 scit.
606 4201 707 4266 Qui
743 4204 961 4259 traditus
993 4214 1089 4269 est,
1125 4204 1316 4274 inquit,
1359 4215 1571 4277 propter
1607 4205 1796 4260 delicta
1837 4216 2038 4275 nostra,
2140 4221 2432 4285 peccatores
2468 4225 2712 4275 essemus,
2734 4205 2966 4263 Christus
2987 4224 3082 4279 pro
3112 4206 3256 4261 nobis
3295 4215 3531 4260 mortuus
3556 4200 3715 4259 est.Si

450 4300 501 4346 et
537 4295 817 4348 resurrexit
840 4303 1048 4366 propter
1060 4296 1489 4367 justiﬁcationem
1515 4306 1770 4352 nostram.
1793 4296 2043 4355 Traditus
2138 4301 2389 4358 Christus
2414 4313 2584 4368 genus
2604 4298 2885 4354 hominum
2912 4298 2990 4354 sic
3016 4297 3223 4363 dilexit,
3248 4304 3308 4351 ut
3327 4296 3486 4352 daret
3515 4312 3610 4368 pro
3630 4295 3715 4349 im-

453 4392 676 4457 propter
695 4384 909 4451 delicta,
942 4401 1049 4440 non
1073 4394 1131 4441 ut
1151 4402 1216 4441 ea
1243 4402 1362 4455 quae
1386 4403 1495 4443 non
1525 4396 1737 4458 poterat
1759 4390 1899 4445 mori
1925 4390 2036 4446 vita
2141 4392 2247 4464 piis
2274 4400 2330 4448 et
2357 4388 2728 4463 peccatoribus
2755 4398 2986 4445 mortem
3005 4403 3176 4455 suam,
3207 4385 3234 4425 δ
3260 4387 3423 4458 justis
3440 4387 3571 4457 quid
3588 4384 3717 4442 aliud

453 4476 753 4549 puniretur,
797 4478 893 4562 sed
922 4484 979 4531 ut
1017 4477 1246 4546 delicta,
1276 4494 1398 4549 qua:
1426 4497 1526 4537 nos
1553 4497 1584 4536 a
1615 4483 1721 4537 vita
1749 4483 2037 4539 exsulave-
2061 4468 2118 4533 1)
2140 4486 2407 4545 credimus
2457 4483 2794 4553 largiturum,
2850 4499 3013 4553 quam
3064 4483 3231 4537 vitam
3283 4496 3459 4544 suam,
3508 4493 3716 4550 regnum

451 4574 594 4633 rant,
620 4567 734 4622 sola
761 4568 1091 4624 delerentur.
1123 4568 1191 4622 Et
1218 4574 1500 4627 resurrexit
1529 4582 1740 4645 propter
1771 4574 2038 4645 justi/imo
2140 4593 2316 4645 suum,
2357 4576 2583 4646 gloriam
2612 4590 2787 4630 suam.
2816 4572 2896 4629 Ex
2927 4583 2980 4631 te
3006 4573 3243 4644 suscepit
3273 4582 3543 4640 mortem,
3570 4586 3716 4644 quam

452 4659 645 4714 tionem
689 4669 940 4717 nostram.
984 4660 1235 4717 Manente
1277 4664 1727 4720 condemnatione
1756 4663 2043 4735 iustiﬁcari
2140 4670 2318 4741 impiis
2339 4667 2675 4740 impenderet
2700 4682 2866 4738 super
2893 4655 3094 4723 terram
3129 4684 3143 4720 :
3174 4673 3421 4721 reservat
3447 4664 3564 4731 tibi,
3587 4660 3718 4734 quod

451 4763 560 4806 non
590 4758 772 4822 potest
797 4752 1220 4821 condemnatus;
1250 4769 1351 4809 nos
1378 4769 1507 4825 ergo
1532 4770 1669 4826 quos
1695 4757 1855 4828 primi
1880 4757 2039 4829 culpa

450 4841 529 4925 sic
569 4844 811 4913 parentis
846 4843 1155 4911 addixerat,
1201 4852 1262 4901 ut
1301 4862 1448 4902 mors
1489 4847 1757 4905 obnoxios
1793 4848 1893 4903 sibi
1916 4847 2041 4918 jure

450 4935 729 5001 retineret,
771 4934 1019 4993 Christus
1046 4937 1282 4994 ccelestis
1324 4947 1381 4994 et
1409 4954 1566 4995 verus
1591 4955 1807 5012 parens,
1862 4941 2040 4996 soluta

449 5028 639 5081 mortis
660 5026 1128 5097 condemnatione,
1148 5046 1245 5102 per
1264 5040 1494 5087 mortem
1507 5034 1781 5104 propriam
1801 5049 2042 5089 resurre-

448 5120 685 5178 ctionem
718 5122 979 5193 justiﬁcat
1000 5165 1016 5192 ,
1049 5133 1107 5181 ut
1137 5139 1245 5182 non
1291 5141 1415 5183 reus
1439 5136 1663 5198 pereat,
1689 5128 1785 5183 sed
1824 5137 2038 5196 reatus;

450 5209 673 5284 ipsaque
720 5230 900 5287 poena,
932 5217 987 5273 id
1033 5224 1118 5274 est
1164 5232 1331 5287 mors,
1362 5234 1481 5290 quae
1516 5236 1642 5277 reos
1683 5220 1858 5277 fuerat
1893 5220 2041 5291 jussa

528 5422 555 5452 ⁸
585 5411 715 5494 Hoc
745 5421 828 5471 cst
865 5415 1171 5494 voluntarie
1214 5434 1282 5475 ex
1320 5420 1502 5494 animo
1548 5437 1612 5477 ac
1638 5423 1766 5494 lmte
1800 5423 2049 5494 blasphe—

453 5494 618 5564 piant.
651 5485 831 5564 bim.
858 5487 1151 5545 —Morem
1181 5500 1378 5560 gerunt
1422 5493 1502 5548 eis
1555 5493 1649 5563 qui
1700 5485 2048 5564 blasphe'miis

450 5552 563 5627 Dcpu
570 5572 621 5627 In
631 5624 639 5627 Α
651 5558 719 5610 im
725 5567 935 5627 petunt.

524 5623 677 5708 {llic
705 5623 847 5681 enim
862 5637 960 5708 est
982 5630 1187 5700 primus
1215 5630 1437 5704 justitiac
1473 5632 1697 5691 ell'cctus
1726 5643 1781 5691 et
1815 5634 2051 5692 reconci-

455 5691 693 5755 liationis
712 5712 833 5752 cum
862 5691 997 5755 Deo:

2141 4755 2283 4819 inse
2310 4770 2366 4818 et
2408 4776 2508 4833 per
2534 4776 2594 4817 se
2615 4774 2832 4831 semper
2850 4757 3111 4831 possidet,
3142 4765 3199 4813 et
3225 4756 3471 4828 possidet
3498 4757 3550 4813 in
3571 4755 3714 4812 caelo.

2142 4855 2394 4911 Dicamus
2431 4866 2563 4923 ergo
2602 4866 2727 4908 cum
2772 4850 3037 4923 propheta
3070 4868 3085 4904 :
3123 4847 3262 4914 Quid
3303 4847 3583 4904 retribuam
3621 4844 3720 4900 Do-

2142 4950 2284 5004 mino
2312 4962 2407 5019 pro
2436 4943 2670 5000 omnibus
2712 4960 2826 5017 quia
2854 4942 3090 4997 retribuit
3115 4938 3283 4996 mihi?
3323 4938 3549 4994 Calicem
3590 4938 3722 4993 sala-

2146 5040 2273 5094 taris
2321 5037 2575 5108 accipiam
2622 5033 2796 5108 (Psal.
2839 5034 2984 5105 cxv).
3015 5031 3132 5087 Hoc
3166 5038 3252 5087 est
3276 5081 3286 5092 ,
3312 5038 3369 5090 et
3396 5045 3498 5101 ego
3538 5029 3720 5085 moriar

2142 5146 2243 5205 pro
2271 5130 2383 5186 illo.
2416 5127 2485 5183 Et
2528 5126 2657 5199 quid
2697 5125 2911 5187 simile?
2952 5125 3048 5181 llle
3093 5133 3288 5196 sponte
3333 5139 3436 5197 pro
3472 5124 3631 5194 impio
3674 5129 3722 5175 et

2143 5230 2452 5297 peccatore,
2483 5233 2585 5290 ego
2613 5219 2705 5275 vix
2731 5234 2831 5291 pro
2863 5216 3011 5287 justo
3040 5224 3096 5273 et
3135 5216 3279 5272 bono
3305 5235 3317 5270 :
3349 5230 3452 5286 ego
3480 5215 3584 5283 vix,
3604 5211 3720 5283 quia

2228 5433 2250 5463 ο
2273 5421 2408 5477 Nam
2433 5420 2679 5492 spiritum
2707 5417 3081 5492 promissionis
3117 5415 3441 5492 accepimus,
3464 5413 3622 5469 veluti
3647 5412 3724 5481 pi-

2149 5501 2369 5565 gnus_et
2396 5488 2754 5565 arrhabonein
2783 5489 2935 5565 regni
2963 5488 3215 5565 orelestis.
3244 5488 3521 5565 [iunius-1L.

2222 5564 2249 5603 ά
2279 5562 2607 5632 Corruptum
2627 5560 2805 5632 locum
2833 5557 3041 5632 {Iustis
3066 5575 3180 5613 eum
3200 5560 3285 5630 qui
3305 5558 3571 5632 credimus,
3597 5557 3719 5612 etc...

2148 5635 2359 5691 sanavit
2383 5625 2587 5702 opiime
2626 5630 2908 5686 Latinius:
2942 5629 3067 5685 Mita
3098 5625 3364 5686 nec'male
3388 5646 3401 5682 :
3424 5625 3581 5681 Iustis
3611 5637 3723 5679 cur!

2149 5706 2274 5779 quid
2302 5704 2558 5759 credimus
2594 5702 2922 5775 largiturum.
