3882 6356
1510 342 1742 422 sentio
1776 359 1918 421 cxi.

117 499 194 544 me
225 480 290 538 ad
324 485 556 539 mortem
599 493 708 535 non
735 485 846 534 tam
873 476 1124 534 voluntas
1167 491 1333 548 quam
1383 477 1682 535 necessitas
1708 479 1758 542 Α
1785 477 1922 545 nari,
1968 484 2145 535 totum
2189 476 2422 535 efﬁcitur
2465 475 2795 535 imbecillum
2830 492 2847 532 :
2895 482 3026 533 tunc
3079 474 3386 535 amaritudo

120 574 259 634 ducit.
286 571 421 627 Audi
450 571 626 642 ipsum
655 569 926 626 dicentem
954 569 1019 624 ad
1056 568 1274 626 Petrum
1308 587 1321 625 :
1354 567 1481 626 Cum
1511 581 1684 628 autem

121 666 319 725 tenueris
337 705 352 728 ,
380 664 658 736 pracinget
700 671 748 716 te
775 661 940 729 alius,
973 671 1024 717 et
1065 661 1214 717 ducet
1241 680 1340 736 quo
1382 673 1433 717 tu
1457 681 1560 719 non
1585 665 1681 720 vis.
1731 673 1738 681 '

120 761 167 817 in
191 757 452 820 adversis,
484 755 710 822 fratres,
754 756 1048 812 necessitas
1078 757 1341 812 voluntati
1370 773 1478 814 non
1508 766 1688 829 potest

120 849 427 920 comparari;
464 849 808 918 acquiescere
837 848 1174 904 necessitatis
1201 856 1316 914 est,
1350 851 1488 906 velle
1517 851 1687 907 virtu-

118 941 192 996 tis.
221 937 427 993 Volenti
457 954 604 994 mors
631 939 748 1009 ipsa
775 939 1018 1008 subjecta
1053 947 1156 1006 est,
1191 941 1317 1010 quia
1339 955 1553 1012 semper
1583 941 1684 998 do-

120 1032 293 1088 minata
335 1037 423 1086 est
474 1046 621 1086 mors
665 1030 894 1086 nolenti.
937 1030 1005 1086 Et
1045 1040 1248 1100 tamen,
1296 1032 1510 1101 fratres,
1558 1036 1686 1105 quia

121 1125 284 1180 divina:
309 1121 592 1178 charitatis
633 1122 708 1177 nil
754 1123 930 1178 simile
956 1131 1137 1195 potest
1173 1124 1337 1180 homo
1377 1125 1682 1194 redhibere,

126 1215 195 1270 iet
217 1212 352 1284 quod
378 1222 581 1284 potest,
612 1214 738 1284 quia
766 1213 1062 1270 secundum
1083 1213 1228 1284 quod
1249 1215 1412 1270 habet
1433 1224 1687 1286 acceptus

110 1317 202 1380 ,εει
244 1303 464 1362 Deﬁciat
507 1307 574 1362 ad
621 1307 868 1378 gloriam,
894 1307 1158 1363 moriatur
1184 1307 1252 1363 ad
1279 1308 1466 1373 vitam,
1498 1316 1688 1380 pereat

101 1397 175 1453 ad
202 1397 443 1453 salutem.
469 1396 807 1466 Gloriemur,
839 1397 1069 1465 fratres,
1098 1398 1167 1453 de
1195 1414 1336 1454 nova
1368 1399 1520 1454 istius
1545 1415 1690 1456 com-

121 1489 390 1545 mutatione
429 1491 775 1557 commercii;
817 1491 944 1561 quia
976 1499 1003 1528 ι
1034 1505 1201 1555 mors,
1238 1505 1360 1560 quae
1388 1498 1508 1546 erat
1547 1491 1689 1546 inter

120 1579 332 1635 homines
359 1581 636 1650 reparatio
665 1589 778 1637 tota
805 1582 1044 1652 pietatis,
1073 1596 1171 1653 per
1191 1580 1466 1638 Christum
1493 1582 1688 1639 divina:

122 1671 491 1728 commendatio
518 1680 602 1728 est
626 1671 768 1729 facta
795 1674 1095 1730 charitatis.

655 1806 685 1848 δ
715 1807 948 1865 SERMO
983 1805 1120 1866 CXI.

124 1899 428 1980 De_peccato
475 1903 833 1980 originali._1n
869 1906 1032 1961 verba
1067 1905 1310 1980 ejusdem
1351 1925 1363 1961 :
1396 1909 1685 1980 Propterea

175 1975 289 2096 sicgt
313 1991 412 2096 uir
433 1973 595 2028 unum
621 1973 881 2030 hominem
907 1973 1172 2048 peccatum
1201 1979 1254 2032 in
1282 1979 1418 2033 hunc
1441 1973 1690 2034 mundum

175 2059 221 2096 ut
269 2060 348 2096 ac:
377 2084 394 2096 .

175 2059 394 2098 ιητηηειῑ.

177 2134 427 2204 Prasens,
480 2137 693 2204 fratres,
741 2139 988 2212 Apostoli
1032 2141 1195 2199 lectio
1241 2159 1366 2198 cum
1411 2143 1559 2208 dicit,
1592 2159 1694 2216 per

125 2245 258 2286 unum
283 2230 563 2288 hominem
609 2233 866 2288 mundum
905 2243 1078 2290 totum
1121 2237 1427 2307 suscepisse
1467 2245 1690 2294 senten-

125 2324 226 2377 tiam
249 2321 426 2395 (Rom.
453 2323 533 2394 γ),
558 2340 666 2380 non
695 2324 763 2380 ad
787 2326 1151 2397 perorandum
1175 2343 1302 2394 nos,
1334 2326 1431 2383 sed
1457 2327 1522 2382 ad
1553 2328 1689 2384 ﬁen-

124 2414 225 2468 dum
259 2423 528 2472 renovato
561 2425 617 2472 et
657 2416 845 2472 intimo
891 2417 1080 2473 dolore
1119 2419 1414 2490 compellit.
1446 2416 1504 2474 Si
1545 2419 1690 2474 enim

124 2506 274 2562 eximii
298 2515 457 2562 vates
484 2507 771 2576 singularis
790 2509 995 2580 populi,
1037 2518 1093 2565 et
1120 2511 1280 2566 unius
1309 2511 1474 2575 urbis,
1507 2527 1570 2568 ac
1595 2527 1688 2568 so-

124 2597 204 2653 lius
219 2613 619 2669 nonnumquam
635 2600 871 2656 hominis
886 2601 975 2657 diu
992 2601 1357 2658 lamentavere
1378 2602 1686 2672 discrimen;

123 2703 217 2762 qua
239 2706 388 2746 mens
416 2707 525 2747 non
555 2693 683 2748 totis
711 2694 948 2750 tenebris
975 2694 1315 2759 obscuretur,
1337 2711 1475 2765 quos
1499 2711 1689 2752 sensus

123 2798 210 2837 non
227 2791 333 2838 tota
363 2783 640 2842 hebetudo
666 2785 980 2852 confundat,
1011 2802 1151 2857 quos
1178 2788 1367 2844 oculos
1405 2805 1515 2845 non
1541 2787 1687 2845 redi-

124 2885 196 2947 gat
229 2878 276 2932 in
316 2877 502 2934 fontes
529 2887 586 2934 et
611 2876 812 2934 fluenta
853 2879 1245 2953 lacrymarum,
1283 2883 1502 2952 quando
1530 2883 1688 2938 unius

124 2966 274 3038 lapsus
299 2969 508 3025 exstitit
535 2970 691 3026 ruina
718 2979 1038 3027 cunctorum
1055 3013 1070 3038 ,
1103 2981 1160 3028 et
1187 2973 1343 3028 unius
1383 2973 1540 3045 culpa
1569 2989 1689 3029 om-

125 3062 244 3116 nium
267 3060 491 3118 deﬁuxit
516 3063 585 3118 ad
613 3079 851 3135 pinnam,
871 3080 936 3122 ac
955 3066 1198 3137 parentis
1217 3067 1408 3122 vitium
1434 3067 1686 3123 universo

125 3155 278 3222 generi
302 3155 530 3212 exitium
557 3157 727 3214 ferale
752 3159 1097 3230 praeparavit,
1130 3160 1344 3216 dicente
1372 3159 1634 3232 Apostolo
1667 3179 1680 3215 :

1787 573 1917 638 oris,
1949 581 2080 630 tunc
2099 573 2378 631 oculorum
2400 573 2596 644 caligo,
2622 580 2752 629 tunc
2771 587 3052 643 gressuum
3074 571 3385 630 nutabunda

1785 665 2031 736 vestigia,
2079 673 2208 723 tunc
2236 665 2451 722 inimica
2499 681 2649 731 aura,
2682 674 2811 723 tunc
2837 664 2986 722 chari
3010 679 3222 736 graves,
3255 672 3386 722 tunc

1787 759 1905 832 ipsa
1943 759 2202 830 obsequia
2244 759 2497 816 videntur
2536 759 2747 816 odiosa.
2791 756 2862 815 Et
2905 757 3082 815 fontes
3121 766 3386 829 quantum

1786 851 1926 921 grati
1954 859 2082 907 sunt
2110 866 2208 924 per
2235 866 2389 907 suam
2419 850 2758 908 dulcedinem
2798 859 2854 907 et
2882 859 3148 916 naturam,
3173 858 3387 908 tantum

1788 941 2094 1003 efﬁciuntur
2119 945 2335 1016 ingrati,
2365 960 2488 1001 cum
2508 945 2726 1016 aliquod
2753 945 2944 1001 vitium
2966 961 3034 1001 ex
3062 945 3380 1002 accessione

1787 1040 2144 1112 susceperint.
2176 1037 2285 1095 Sed
2313 1038 2380 1094 ad
2401 1047 2580 1110 coepta
2609 1039 2914 1096 redeamus.
2947 1039 3099 1096 Sicut
3124 1055 3388 1113 perustum

1789 1135 2048 1191 hominem
2080 1136 2136 1189 in
2176 1134 2313 1188 hunc
2356 1132 2607 1189 mundum
2647 1142 2913 1206 peccatum
2951 1133 3186 1200 intrarit,
3216 1141 3269 1189 et
3293 1149 3388 1206 per

1789 1235 2054 1298 peccatum
2080 1241 2238 1281 mors.
2281 1223 2442 1291 Ecce,
2488 1223 2702 1291 fratres,
2737 1223 2922 1294 janua,
2966 1239 3066 1297 per
3107 1224 3387 1280 hominem

1788 1325 2094 1389 peccatum,
2127 1325 2181 1372 et
2207 1331 2308 1387 per
2333 1324 2614 1388 peccatum
2636 1315 2867 1372 intrasse
2895 1315 3141 1372 videmur
3165 1315 3220 1371 in
3241 1329 3389 1371 mor-

1788 1416 1922 1466 tem.
1954 1408 2265 1475 Peccatum,
2297 1425 2332 1466 o
2355 1408 2588 1466 crudelis
2616 1408 2749 1476 fera,
2781 1416 2840 1465 et
2867 1423 2974 1464 non
3004 1423 3113 1464 uno
3134 1407 3312 1478 capite
3332 1406 3389 1462 in

1787 1501 2066 1558 hominum
2093 1515 2263 1572 genus
2281 1501 2470 1557 saevire
2490 1500 2779 1556 contenta!
2803 1515 2965 1571 quam
2984 1498 3215 1556 vidimus
3238 1509 3262 1538 ε
3289 1496 3390 1553 tri-

1788 1609 1862 1652 no
1889 1609 1985 1652 ore
2012 1600 2129 1650 tota
2157 1594 2407 1650 humanm
2435 1594 2618 1665 stirpis
2645 1593 2887 1664 germina
2907 1599 3018 1648 tam
3037 1590 3272 1664 pretiosa
3293 1588 3390 1646 de-

1788 1694 2074 1744 vorantem
2098 1703 2112 1740 :
2139 1686 2284 1742 trino
2330 1699 2446 1751 ore,
2488 1683 2702 1751 fratres,
2734 1691 3015 1756 peccatum
3041 1681 3206 1754 capit,
3235 1695 3386 1737 mors

1789 1779 2036 1843 devorat,
2080 1776 2311 1848 deglutit
2348 1775 2612 1832 infernus.
2663 1774 2731 1830 Et
2782 1789 2912 1846 quo,
2953 1773 3094 1829 sicut
3130 1771 3385 1836 diximus.

1714 1874 1762 1936 Β
1788 1871 1940 1928 fonte
1986 1870 2344 1943 lacrymarum
2385 1870 2508 1926 talis
2561 1867 2717 1925 nobis
2742 1863 2771 1906 ἀ
2803 1867 2963 1938 plane
2997 1863 3277 1922 deﬁendus
3302 1869 3391 1920 est

1793 1979 2009 2037 parens,
2041 1963 2134 2034 qui
2163 1979 2265 2019 nos
2293 1970 2568 2018 tantarum
2595 1961 2936 2018 miseriarum
2968 1957 3188 2028 reliquit
3215 1956 3390 2012 haere-

1794 2056 1910 2122 des,
1941 2056 2035 2127 qui
2064 2072 2174 2113 non
2201 2054 2375 2112 solum
2403 2055 2601 2111 collata
2622 2053 2763 2109 bona
2784 2050 3037 2124 perdidit,
3067 2048 3164 2106 sed
3201 2062 3393 2107 omnes

1794 2155 2045 2222 posteros
2070 2163 2198 2204 suos
2227 2143 2334 2202 tam
2357 2146 2483 2202 feris
2502 2145 2857 2203 creditoribus
2877 2143 3142 2199 obnoxios
3160 2141 3240 2198 sic
3263 2141 3391 2198 reli-

1794 2240 1944 2312 quit?
1970 2237 2015 2295 Ο
2041 2239 2174 2295 dura
2205 2236 2486 2294 hmreditas
2513 2252 2578 2294 ac
2605 2234 2870 2293 crudelis!
2895 2233 2941 2290 0
2962 2233 3165 2299 miseri,
3196 2231 3394 2303 quibus

1798 2347 1902 2390 nec
1929 2331 2153 2402 adipisci
2182 2331 2356 2397 libuit,
2377 2337 2416 2370 ν
2446 2345 2549 2386 nec
2576 2329 2890 2386 renuntiare
2916 2326 3070 2384 licuit
3096 2340 3196 2382 nos
3222 2324 3394 2381 haere-

1791 2427 1920 2484 des!
1954 2426 2089 2482 Audi
2109 2425 2256 2496 quod
2276 2424 2549 2495 sequitur:
2569 2423 2638 2478 Et
2654 2423 2730 2477 ita
2742 2423 2800 2477 in
2814 2437 2992 2478 omnes
3007 2420 3242 2476 homines
3252 2433 3398 2474 mora

1755 2555 1758 2558 ~
1794 2518 2050 2572 transiuit.
2068 2515 2174 2572 Sed
2201 2513 2534 2586 neinjustum
2557 2513 2697 2570 forte
2715 2512 2965 2568 videatur
2983 2527 3081 2568 cur
3100 2526 3201 2582 per
3226 2523 3396 2565 unum

1792 2608 1848 2664 in
1875 2622 2084 2674 omnes,
2109 2607 2238 2678 quia
2267 2621 2457 2662 omnes
2483 2621 2582 2677 per
2609 2619 2807 2671 unum;
2841 2619 2940 2674 per
2958 2617 3084 2658 eum
3118 2610 3171 2657 te
3215 2600 3396 2672 detes-

1790 2697 1924 2753 taris
1951 2713 2073 2753 esse
2099 2697 2434 2763 damnatum,
2453 2710 2731 2768 perquem
2753 2702 2807 2750 te
2822 2693 3027 2750 editum
3052 2706 3172 2748 esse
3191 2689 3394 2761 gloria-

1789 2789 1866 2846 ris
1894 2789 1950 2844 in
1990 2789 2188 2846 lucem.
2237 2789 2347 2845 Sed
2374 2787 2528 2854 dicis,
2555 2787 2615 2844 Si
2654 2786 2842 2857 generi
2861 2785 3035 2842 debeo
3062 2782 3209 2854 quod
3235 2790 3397 2842 natus

1788 2897 1929 2950 sun,
1962 2879 2221 2950 numquid
2250 2887 2306 2936 et
2325 2879 2559 2946 crimini,
2582 2886 2643 2935 ut
2670 2886 2799 2935 ante
2826 2893 2915 2934 me
2941 2891 3096 2934 reum
3114 2874 3279 2931 faciat
3299 2890 3395 2929 na-

1791 2981 1911 3029 ttra
1938 2987 2103 3044 quam
2115 2972 2313 3044 culpa?
2342 2971 2476 3028 Huic
2498 2971 2784 3042 quaestioni
2811 2976 2919 3025 tua:
2945 2983 3074 3025 mox
3099 2966 3193 3038 qui
3209 2965 3392 3036 sequi-

1788 3073 1878 3122 tur
1899 3064 2147 3136 Apostoli
2169 3079 2352 3121 sermo
2370 3063 2685 3134 respondet,
2707 3061 2940 3119 dicendo
2964 3079 2978 3116 :
3006 3059 3074 3117 In
3096 3076 3196 3134 quo
3215 3074 3394 3118 omnes

1787 3166 2150 3230 peccaverunt.
2195 3154 2256 3212 Si
2301 3155 2358 3211 in
2404 3154 2499 3212 illo
2544 3169 2736 3211 omnes
2774 3160 3158 3226 peccaverunt,
3200 3149 3396 3206 merito

125 3244 379 3319 Propterea
404 3251 541 3306 sicut
566 3267 658 3322 per
693 3267 852 3307 unum
897 3252 1156 3307 hominem
1182 3253 1237 3307 in
1266 3253 1400 3308 hunc
1439 3252 1687 3308 mundum
1713 3261 1762 3325 (ζ
1793 3267 1893 3324 per
1946 3251 2098 3306 illum
2159 3265 2353 3307 omnes
2389 3263 2678 3320 suscepere
2717 3245 3058 3318 supplicium.
3116 3241 3267 3303 Sicut
3302 3258 3396 3316 per

125 3350 354 3410 peccatum
371 3343 606 3409 intrauit,
629 3351 681 3398 et
701 3360 794 3416 per
821 3353 1085 3416 peccatum
1111 3361 1251 3399 mors
1282 3342 1493 3416 (Ibid.).
1525 3343 1689 3401 Mise-

123 3446 225 3488 rum
245 3433 357 3488 me!
382 3433 501 3504 ipse
522 3435 616 3506 qui
643 3443 762 3490 erat
782 3451 945 3492 causa
965 3437 1231 3492 bonorum
1252 3437 1510 3501 omnium,
1524 3436 1690 3507 janua

124 3519 279 3578 factus
301 3530 374 3579 est
415 3525 507 3581 hic
550 3525 838 3581 malorum.
870 3525 1150 3582 Peccatum
1177 3529 1232 3582 in
1271 3527 1406 3581 hunc
1441 3528 1690 3584 mundum

125 3614 324 3670 intravit.
346 3615 403 3672 In
429 3616 576 3673 hunc
599 3617 858 3674 mundum
889 3637 902 3672 :
934 3618 1147 3674 miraris
1167 3634 1289 3674 eum
1330 3621 1560 3690 posteris
1589 3622 1690 3676 ob-

127 3701 283 3771 fuisse,
310 3707 401 3777 qui
449 3705 692 3764 facinore
737 3724 837 3764 suo
883 3709 1220 3764 damnaverit
1264 3709 1557 3764 mundum?
1584 3709 1692 3765 Sed

128 3795 264 3864 dicis,
294 3799 579 3868 Quomodo
611 3801 875 3857 intravit?
908 3799 1013 3858 Per
1053 3817 1216 3872 quem
1261 3801 1517 3858 intravit?
1545 3801 1693 3870 Quo-

127 3893 294 3950 modo?
335 3892 440 3950 Per
486 3895 718 3967 culpam.
772 3893 878 3951 Per
903 3896 1102 3966 quem?
1138 3894 1243 3952 Per
1288 3896 1580 3952 hominem.
1626 3895 1695 3952 Et

129 3984 265 4052 quid?
287 3993 569 4057 peccatum
592 3996 780 4042 natura
802 3995 905 4052 est,
929 4003 998 4042 an
1013 3988 1351 4043 substantia?
1370 3986 1480 4044 Nec
1500 3996 1693 4044 natura

129 4083 210 4140 est,
236 4093 328 4134 nec
345 4078 668 4143 substantia,
695 4077 790 4134 sed
813 4078 1101 4134 accidens:
1131 4086 1186 4134 et
1213 4078 1436 4135 adversa
1465 4086 1549 4135 est
1575 4079 1692 4136 htec

131 4174 341 4236 potestas
367 4185 491 4239 quae
517 4169 734 4226 videtur
754 4171 807 4225 in
837 4186 1022 4241 opere,
1054 4172 1286 4226 sentitur
1301 4169 1355 4226 in
1382 4186 1564 4243 paena,
1591 4171 1691 4226 im-

130 4270 299 4327 pugnat
324 4261 582 4326 animam,
613 4262 861 4318 vulnerat
882 4271 1140 4326 mentem,
1159 4263 1328 4334 ipsam
1350 4263 1536 4330 violat,
1561 4278 1695 4319 con-

132 4349 374 4422 funditque
403 4359 674 4407 naturam.
709 4351 778 4406 Et
804 4352 934 4423 quid
973 4353 1150 4424 plura,
1195 4353 1422 4410 fratres?
1455 4354 1573 4411 Hoc
1611 4362 1695 4411 est

132 4451 375 4511 peccatum
406 4451 634 4512 naturae,
661 4445 808 4516 quod
833 4454 915 4501 est
943 4446 1120 4501 fumus
1139 4447 1328 4511 oculis,
1359 4447 1503 4518 quod
1530 4445 1694 4503 febris

133 4537 331 4606 corpori,
382 4537 531 4608 quod
585 4537 912 4594 dulcissimis
957 4538 1195 4594 fontibus
1241 4555 1424 4594 amara
1453 4539 1688 4595 salsedo.

1792 3362 1954 3401 unum
1981 3345 2244 3401 hominem
2281 3343 2337 3398 in
2365 3343 2502 3398 hunc
2520 3341 2771 3398 mundum
2797 3347 3064 3412 peccatum
3089 3335 3322 3401 intravit,
3343 3342 3398 3389 et

1792 3456 1886 3512 per
1911 3448 2179 3511 peccatum
2197 3453 2337 3493 mors
2358 3454 2378 3492 :
2405 3446 2458 3492 et
2484 3438 2562 3492 ita
2587 3437 2644 3491 in
2664 3450 2842 3490 omnes
2871 3433 3106 3488 homines
3130 3439 3396 3503 pertrans—

1790 3533 1901 3599 ivit,
1935 3532 1992 3585 in
2020 3548 2121 3604 quo
2155 3547 2332 3586 omnes
2361 3537 2716 3602 peccaverunt.
2748 3526 2875 3583 Sive
2901 3527 2957 3582 in
3002 3522 3242 3589 homine,
3270 3521 3388 3579 sive

1794 3624 1851 3679 in
1877 3631 2136 3694 peccato;
2171 3638 2272 3694 per
2308 3621 2458 3678 illum
2486 3629 2544 3677 et
2581 3621 2638 3676 in
2670 3620 2764 3676 illo
2791 3633 2985 3676 omnes
3011 3620 3396 3688 peccaverunt.

1792 3714 1913 3771 Non
1939 3729 2071 3785 ergo
2097 3723 2384 3786 peccatum
2410 3728 2631 3770 versum
2658 3722 2744 3768 est
2771 3712 2826 3768 in
2855 3718 3128 3773 naturam,
3151 3707 3249 3765 sed
3267 3707 3397 3764 dum

1793 3816 2078 3879 peccatum
2105 3815 2339 3863 mortem
2365 3806 2584 3876 ingerit,
2607 3821 2827 3878 pmnam
2847 3803 2951 3860 sibi
2970 3803 3210 3859 debitam
3229 3800 3399 3870 exigit

1792 3915 1895 3972 per
1921 3909 2192 3954 naturam.
2225 3898 2370 3955 Deus
2397 3908 2649 3955 naturam
2696 3898 2774 3954 ita
2820 3896 3024 3953 fwerat
3051 3903 3114 3951 ut
3150 3893 3400 3951 homines

1794 3997 2009 4046 crearet
2054 3989 2123 4045 ad
2169 3989 2376 4046 vitam:
2407 4003 2531 4060 quae
2569 3998 2752 4046 tamen
2780 3985 2802 4027 ί
2835 3987 2964 4044 dum
2992 3986 3157 4042 morti
3203 3983 3397 4040 nolens

1793 4088 2040 4152 generat,
2098 4081 2189 4136 illa
2237 4095 2298 4136 se
2350 4089 2580 4152 peccato
2634 4079 2835 4136 fatetur
2881 4078 3196 4140 obnoxiam,
3237 4074 3394 4144 cujus

1794 4192 1972 4248 preme
1998 4175 2237 4232 deservit
2264 4175 2318 4231 in
2338 4175 2468 4230 vita.
2493 4173 2627 4229 Nam
2656 4174 2779 4244 quis
2807 4174 2911 4228 ista
2932 4171 3152 4237 sentiat,
3175 4167 3391 4233 fratres,

1795 4267 1941 4338 quod
1980 4267 2250 4337 exstingui
2285 4266 2414 4322 velit
2443 4273 2635 4321 natura
2661 4273 2850 4336 partus
2876 4277 3025 4329 suos,
3056 4269 3113 4317 et
3150 4259 3396 4331 germina

1793 4376 1892 4416 sua
1941 4368 2054 4415 tam
2093 4359 2260 4416 chara
2305 4359 2438 4415 velit
2467 4358 2688 4414 necari?
2719 4356 2830 4414 Sed
2854 4357 2982 4414 dum
3008 4355 3313 4427 ingemiscit
3339 4362 3399 4410 et

1795 4451 2069 4519 condolet,
2100 4451 2352 4508 amissam
2381 4450 2618 4522 suspirat
2641 4457 2698 4507 et
2723 4449 2998 4506 desiderat
3025 4446 3299 4519 suspicere
3325 4445 3396 4501 li-

1757 4601 1762 4604 .
1795 4546 2085 4602 bertatem.
2129 4543 2238 4601 Sed
2281 4560 2379 4616 per
2405 4558 2568 4614 quem
2595 4542 2889 4615 acceperit,
2931 4539 3172 4598 Joannes
3190 4539 3397 4611 primus

135 4625 297 4700 Utique
342 4647 511 4703 purus
561 4640 616 4688 et
664 4631 873 4688 lucidus
922 4641 1008 4688 est
1043 4633 1232 4689 oculus
1285 4650 1384 4705 per
1420 4643 1688 4701 naturam,
1718 4648 1774 4710 ι)
1795 4637 2072 4706 signanter
2099 4635 2356 4704 ostendit,
2385 4635 2484 4706 qui
2510 4635 2628 4691 viso
2647 4633 2866 4690 Christo
2885 4617 3186 4706 proclamat
3213 4638 3270 4687 et
3295 4645 3398 4688 vo-

134 4721 211 4774 sed
261 4727 353 4793 per
415 4723 551 4779 fumi
614 4725 973 4781 conturbatur
1034 4734 1092 4781 et
1153 4726 1474 4782 obscuratur
1547 4726 1690 4796 inju-

134 4813 262 4868 riam.
318 4817 384 4870 At
447 4831 646 4888 corpus
713 4817 1080 4873 membrorum
1144 4819 1384 4888 partibus
1446 4826 1502 4874 et
1564 4834 1692 4875 sen-

135 4905 255 4961 sibus
303 4911 412 4964 suis
433 4951 448 4975 ,
489 4925 590 4980 per
647 4910 753 4966 hoc
809 4912 956 4981 quod
1013 4918 1097 4966 est
1146 4927 1176 4967 a
1217 4911 1328 4966 Deo
1375 4912 1690 4976 conditum,

136 4995 280 5065 viget;
308 4999 400 5056 sed
423 5000 516 5055 ubi
536 5002 617 5057 vis
643 5000 872 5058 febrium
897 5004 1144 5075 caeperit,
1170 5012 1222 5058 et
1255 5003 1489 5073 procella
1519 5004 1696 5058 domi-

199 5163 220 5231 ξ
240 5156 397 5231 ῥὶίιιε,
429 5175 553 5231 mea;
572 5174 686 5231 qua
704 5167 834 5231 erat.

200 5224 223 5262 ι*
243 5225 551 5301 llujusmodi
580 5224 846 5284 sermonis
858 5229 994 5301 finis
1019 5239 1074 5285 et
1100 5246 1294 5301 scopus
1315 5238 1397 5284 est
1425 5229 1704 5299 originalis

143 5299 320 5370 peccati
339 5300 625 5354 veritatem
646 5307 835 5356 contra
857 5299 1178 5370 Pelagianos
1200 5299 1460 5366 statuere,
1492 5309 1548 5355 et
1576 5317 1703 5356 cor-

142 5368 409 5435 ruptionem
433 5370 559 5424 inde
581 5371 735 5425 nobis
762 5368 1081 5435 derivatum,
1113 5388 1212 5427 nec
1233 5371 1338 5426 alio
1363 5371 1602 5428 remedio
1624 5388 1708 5426 sa-

144 5437 361 5505 nandam,
405 5440 510 5496 nisi
551 5440 776 5498 Deusse
811 5442 1088 5498 hominem
1116 5441 1350 5498 fecisset.
1396 5440 1707 5499 Truncu-

146 5521 258 5562 τιυς.

193 5591 225 5659 ,τ
246 5579 530 5659 Si_tantum
571 5582 641 5638 de
687 5584 934 5659 oriuinali
973 5593 1198 5659 peccato
1225 5594 1309 5659 est
1348 5599 1557 5659 sermo,
1580 5584 1709 5640 illud

146 5652 267 5732 trino
291 5652 512 5732 devorat
537 5669 636 5732 ore
663 5655 735 5710 ob
763 5652 1002 5732 triplices
1027 5656 1156 5732 mali
1185 5654 1439 5721 ell‘ectus,
1470 5656 1562 5726 qui
1589 5665 1715 5732 sunt

148 5718 402 5797 diminutio
424 5725 554 5782 boni
589 5718 872 5797 naturalis,
901 5726 1112 5783 macula
1143 5734 1199 5781 et
1227 5736 1410 5782 reatus
1427 5718 1633 5797 pennae.
1657 5727 1715 5782 Si

149 5788 213 5876 de
226 5803 434 5876 peccato
462 5796 664 5876 actuali
691 5788 867 5864 fatur,
885 5797 1015 5853 illud
1051 5798 1195 5876 trino
1216 5812 1332 5876 ore,
1355 5788 1462 5854 hoc
1491 5807 1592 5876 est_,
1620 5799 1719 5854 tri-

150 5861 261 5931 plici
296 5874 515 5936 peccato
560 5867 784 5925 devorat
817 5861 1050 5942 {nempe
1077 5869 1429 5940 cogitatione,
1471 5861 1638 5926 verbo
1666 5879 1722 5926 et

1797 4727 2074 4794 ciferatnr,
2097 4727 2322 4784 dicens:
2354 4725 2492 4781 Ecce
2511 4743 2676 4798 agnus
2706 4725 2825 4791 Dei,
2860 4726 2947 4798 qui
2973 4723 3106 4780 tollit
3131 4731 3402 4796 peccatum

1799 4819 1980 4876 mundi
2024 4817 2206 4892 (Ioan.
2232 4819 2295 4889 ι).
2340 4816 2631 4874 Peccatum
2667 4815 2875 4885 mundi,
2908 4817 3015 4872 hoc
3046 4821 3148 4882 est,
3179 4813 3395 4881 fratres,

1800 4911 1946 4982 quod
1968 4927 2067 4982 per
2091 4925 2261 4966 unum
2283 4909 2562 4966 hominem
2581 4907 2874 4980 Apostolus
2896 4907 3126 4963 intrasse
3148 4912 3396 4961 testatur.

1803 5003 2048 5060 Gaudete
2073 5017 2224 5074 ergo,
2260 5001 2478 5069 fratres,
2513 5002 2642 5071 quia
2661 5006 2946 5073 peccatum
2965 4999 3113 5071 quod
3131 5013 3230 5055 nos
3250 4995 3400 5065 gravi

1807 5176 1976 5232 opere
2004 5159 2303 5232 mortifero.
2329 5157 2650 5232 Mirm-:Se
2670 5157 2846 5232 ipsum
2860 5155 3095 5232 explicat
3111 5153 3403 5232 Chrvsolo-

1806 5224 1926 5302 gius.
1953 5230 2249 5302 Peccatum
2265 5229 2396 5286 Adae
2423 5230 2622 5301 triplici
2650 5224 2750 5285 nos
2769 5224 2969 5302 damno
3003 5226 3180 5302 affecit
3205 5224 3261 5280 :‘i
3286 5226 3402 5282 tcli-

1811 5298 2034 5358 natione
2056 5302 2125 5359 ad
2151 5301 2374 5365 malum,
2403 5298 2602 5367 moi-te,
2625 5309 2829 5357 aeterna
2856 5298 3222 5354 damnatione.

1882 5373 1910 5411 ἀ
1939 5374 2106 5445 tilias,
2129 5374 2296 5445 plene.

1887 5454 1910 5482 ο
1943 5443 2031 5498 Uti
2055 5437 2296 5499 hairedes
2317 5441 2608 5514 necessarii
2639 5461 2652 5498 :
2683 5440 3133 5514 quemadmodum
3159 5437 3227 5494 de
3247 5453 3409 5494 servo

1813 5515 2026 5570 haerede
2055 5515 2303 5586 instituto
2328 5511 2769 5586 disponituriti§
2801 5512 2823 5566 -Ι
2859 5512 2987 5567 Inst.
3012 5511 3079 5586 de
3107 5511 3236 5586 hmr.
3268 5517 3413 5586 qua:

1817 5587 1922 5651 lit.;
1953 5586 2038 5642 vel
2063 5587 2137 5640 nti
2170 5584 2262 5639 ﬁlii
2292 5578 2532 5640 hmrédes
2561 5585 2644 5639 sui
2672 5578 3065 5652 et'necessarii
3103 5596 3171 5638 ex
3193 5581 3315 5652 jure
3342 5578 3412 5652 η

1818 5656 2031 5722 Tabul.,
2067 5656 2272 5727 absque
2298 5656 2547 5726 praetoris
2573 5656 2750 5727 privil.
2773 5654 2929 5712 sicuti
2958 5653 2987 5726 ς
3012 5651 3080 5706 l9.
3104 5651 3294 5709 eodem
3323 5651 3407 5709 tit.

1820 5729 2068 5784 habetur.
2102 5726 2267 5782 Mira.

1900 5800 1916 5839 ί
1951 5799 2118 5870 Alias,
2142 5797 2212 5854 ad
2238 5801 2474 5852 mortem.
