  <div class='ocr_page' id='page_1' title='image "/cluster/home/n/w/nwhite01/storage/ocr_20150623/52/hvd.32044015706419/259.png"; bbox 0 0 3930 6354; ppageno 0'>
   <div class='ocr_carea' id='block_1_1' title="bbox 1794 287 3784 360">
    <p class='ocr_par' dir='ltr' id='par_1_1' title="bbox 1794 287 3784 360">
     <span class='ocr_line' id='line_1_1' title="bbox 1794 287 3784 360; baseline 0.007 -15"><span class='ocrx_word' id='word_1_1' title='bbox 1794 289 1853 345; x_wconf 85' lang='lat' dir='ltr'><strong>S.</strong></span> <span class='ocrx_word' id='word_1_2' title='bbox 1893 287 2101 346; x_wconf 80' lang='lat' dir='ltr'><strong>PETRI</strong></span> <span class='ocrx_word' id='word_1_3' title='bbox 2137 289 2578 350; x_wconf 74' lang='lat' dir='ltr'><strong>CIIRYSOLOGI</strong></span> <span class='ocrx_word' id='word_1_4' title='bbox 3693 299 3784 360; x_wconf 72' lang='lat' dir='ltr'><strong>Il!</strong></span> 
     </span>
    </p>
   </div>
   <div class='ocr_carea' id='block_1_2' title="bbox 534 403 3785 482">
    <p class='ocr_par' dir='ltr' id='par_1_2' title="bbox 534 403 3785 482">
     <span class='ocr_line' id='line_1_2' title="bbox 534 403 3785 482; baseline -0.001 -16"><span class='ocrx_word' id='word_1_5' title='bbox 534 419 622 467; x_wconf 86' lang='lat' dir='ltr'><strong>est</strong></span> <span class='ocrx_word' id='word_1_6' title='bbox 656 415 714 466; x_wconf 92' lang='lat' dir='ltr'><strong>et</strong></span> <span class='ocrx_word' id='word_1_7' title='bbox 750 421 968 465; x_wconf 82' lang='lat' dir='ltr'><strong>sensum</strong></span> <span class='ocrx_word' id='word_1_8' title='bbox 993 425 1009 464; x_wconf 87' lang='lat'><strong>:</strong></span> <span class='ocrx_word' id='word_1_9' title='bbox 1033 405 1297 480; x_wconf 77' lang='lat' dir='ltr'><strong>siquidem</strong></span> <span class='ocrx_word' id='word_1_10' title='bbox 1323 403 1566 462; x_wconf 85' lang='lat' dir='ltr'><strong>medicus</strong></span> <span class='ocrx_word' id='word_1_11' title='bbox 1608 417 1716 459; x_wconf 90' lang='lat' dir='ltr'><strong>non</strong></span> <span class='ocrx_word' id='word_1_12' title='bbox 1763 404 1998 470; x_wconf 83' lang='lat' dir='ltr'><strong>vulneri,</strong></span> <span class='ocrx_word' id='word_1_13' title='bbox 2032 404 2126 460; x_wconf 91' lang='lat' dir='ltr'><strong>sed</strong></span> <span class='ocrx_word' id='word_1_14' title='bbox 2154 409 2205 471; x_wconf 74' lang='grc' dir='ltr'>Α</span> <span class='ocrx_word' id='word_1_15' title='bbox 2230 404 2325 461; x_wconf 90' lang='lat' dir='ltr'><strong>bat</strong></span> <span class='ocrx_word' id='word_1_16' title='bbox 2352 403 2560 470; x_wconf 88' lang='lat' dir='ltr'><strong>illicita,</strong></span> <span class='ocrx_word' id='word_1_17' title='bbox 2582 412 2896 464; x_wconf 76' lang='lat' dir='ltr'><strong>contemnat</strong></span> <span class='ocrx_word' id='word_1_18' title='bbox 2926 407 3091 465; x_wconf 87' lang='lat' dir='ltr'><strong>etiam</strong></span> <span class='ocrx_word' id='word_1_19' title='bbox 3115 406 3365 465; x_wconf 72' lang='lat' dir='ltr'><strong>licentia</strong></span> <span class='ocrx_word' id='word_1_20' title='bbox 3383 408 3706 482; x_wconf 83' lang='lat' dir='ltr'><strong>corporales;</strong></span> <span class='ocrx_word' id='word_1_21' title='bbox 3737 421 3785 472; x_wconf 73' lang='lat' dir='ltr'><strong>et</strong></span> 
     </span>
    </p>
   </div>
   <div class='ocr_carea' id='block_1_3' title="bbox 535 499 2122 575">
    <p class='ocr_par' dir='ltr' id='par_1_3' title="bbox 535 499 2122 575">
     <span class='ocr_line' id='line_1_3' title="bbox 535 499 2122 575; baseline -0.004 -15"><span class='ocrx_word' id='word_1_22' title='bbox 535 518 679 560; x_wconf 59' lang='lat' dir='ltr'><strong>cura:</strong></span> <span class='ocrx_word' id='word_1_23' title='bbox 707 503 919 575; x_wconf 86' lang='lat' dir='ltr'><strong>prolicit</strong></span> <span class='ocrx_word' id='word_1_24' title='bbox 938 511 994 561; x_wconf 91' lang='lat' dir='ltr'><strong>et</strong></span> <span class='ocrx_word' id='word_1_25' title='bbox 1013 503 1204 570; x_wconf 89' lang='lat' dir='ltr'><strong>saluti;</strong></span> <span class='ocrx_word' id='word_1_26' title='bbox 1228 517 1328 558; x_wconf 90' lang='lat' dir='ltr'><strong>nec</strong></span> <span class='ocrx_word' id='word_1_27' title='bbox 1349 500 1639 572; x_wconf 87' lang='lat' dir='ltr'><strong>putredini,</strong></span> <span class='ocrx_word' id='word_1_28' title='bbox 1665 514 1766 556; x_wconf 88' lang='lat' dir='ltr'><strong>nec</strong></span> <span class='ocrx_word' id='word_1_29' title='bbox 1785 501 2005 566; x_wconf 84' lang='lat' dir='ltr'><strong>morbis,</strong></span> <span class='ocrx_word' id='word_1_30' title='bbox 2024 499 2122 555; x_wconf 88' lang='lat' dir='ltr'><strong>sed</strong></span> 
     </span>
    </p>
   </div>
   <div class='ocr_carea' id='block_1_4' title="bbox 532 593 2122 669">
    <p class='ocr_par' dir='ltr' id='par_1_4' title="bbox 532 593 2122 669">
     <span class='ocr_line' id='line_1_4' title="bbox 532 593 2122 669; baseline -0.003 -17"><span class='ocrx_word' id='word_1_31' title='bbox 532 599 638 654; x_wconf 86' lang='lat' dir='ltr'><strong>soli</strong></span> <span class='ocrx_word' id='word_1_32' title='bbox 665 598 966 669; x_wconf 88' lang='lat' dir='ltr'><strong>congaudet</strong></span> <span class='ocrx_word' id='word_1_33' title='bbox 987 597 1076 653; x_wconf 91' lang='lat' dir='ltr'><strong>ille</strong></span> <span class='ocrx_word' id='word_1_34' title='bbox 1096 595 1336 652; x_wconf 78' lang='lat' dir='ltr'><strong>sanitati.</strong></span> <span class='ocrx_word' id='word_1_35' title='bbox 1361 593 1438 648; x_wconf 86' lang='lat' dir='ltr'><strong>lta</strong></span> <span class='ocrx_word' id='word_1_36' title='bbox 1473 605 1528 649; x_wconf 90' lang='lat' dir='ltr'><strong>et</strong></span> <span class='ocrx_word' id='word_1_37' title='bbox 1550 593 1712 660; x_wconf 85' lang='lat' dir='ltr'><strong>Deus,</strong></span> <span class='ocrx_word' id='word_1_38' title='bbox 1743 593 1835 662; x_wconf 87' lang='lat' dir='ltr'><strong>qui</strong></span> <span class='ocrx_word' id='word_1_39' title='bbox 1877 609 1975 664; x_wconf 85' lang='lat' dir='ltr'><strong>pro</strong></span> <span class='ocrx_word' id='word_1_40' title='bbox 2009 608 2122 648; x_wconf 88' lang='lat' dir='ltr'><strong>ma-</strong></span> 
     </span>
    </p>
   </div>
   <div class='ocr_carea' id='block_1_5' title="bbox 532 686 2120 762">
    <p class='ocr_par' dir='ltr' id='par_1_5' title="bbox 532 686 2120 762">
     <span class='ocr_line' id='line_1_5' title="bbox 532 686 2120 762; baseline -0.004 -16"><span class='ocrx_word' id='word_1_41' title='bbox 532 692 810 762; x_wconf 87' lang='lat' dir='ltr'><strong>gnitudine</strong></span> <span class='ocrx_word' id='word_1_42' title='bbox 837 690 1076 746; x_wconf 81' lang='lat' dir='ltr'><strong>vulneris</strong></span> <span class='ocrx_word' id='word_1_43' title='bbox 1104 689 1348 745; x_wconf 84' lang='lat' dir='ltr'><strong>adhibuit</strong></span> <span class='ocrx_word' id='word_1_44' title='bbox 1387 687 1811 757; x_wconf 86' lang='lat' dir='ltr'><strong>magnitudinem</strong></span> <span class='ocrx_word' id='word_1_45' title='bbox 1849 686 2120 754; x_wconf 83' lang='lat' dir='ltr'><strong>vigorem-</strong></span> 
     </span>
    </p>
   </div>
   <div class='ocr_carea' id='block_1_6' title="bbox 531 779 2124 852">
    <p class='ocr_par' dir='ltr' id='par_1_6' title="bbox 531 779 2124 852">
     <span class='ocr_line' id='line_1_6' title="bbox 531 779 2124 852; baseline -0.004 -14"><span class='ocrx_word' id='word_1_46' title='bbox 531 799 635 852; x_wconf 86' lang='lat' dir='ltr'><strong>que</strong></span> <span class='ocrx_word' id='word_1_47' title='bbox 659 783 952 848; x_wconf 74' lang='lat' dir='ltr'><strong>medicinte,</strong></span> <span class='ocrx_word' id='word_1_48' title='bbox 988 791 1165 838; x_wconf 90' lang='lat' dir='ltr'><strong>etnec</strong></span> <span class='ocrx_word' id='word_1_49' title='bbox 1185 788 1426 852; x_wconf 87' lang='lat' dir='ltr'><strong>peccato,</strong></span> <span class='ocrx_word' id='word_1_50' title='bbox 1451 780 1547 835; x_wconf 88' lang='lat' dir='ltr'><strong>sed</strong></span> <span class='ocrx_word' id='word_1_51' title='bbox 1569 779 1776 834; x_wconf 81' lang='lat' dir='ltr'><strong>homini</strong></span> <span class='ocrx_word' id='word_1_52' title='bbox 1799 779 2020 848; x_wconf 88' lang='lat' dir='ltr'><strong>largitus</strong></span> <span class='ocrx_word' id='word_1_53' title='bbox 2040 785 2124 833; x_wconf 90' lang='lat' dir='ltr'><strong>est</strong></span> 
     </span>
    </p>
   </div>
   <div class='ocr_carea' id='block_1_7' title="bbox 529 873 2121 946">
    <p class='ocr_par' dir='ltr' id='par_1_7' title="bbox 529 873 2121 946">
     <span class='ocr_line' id='line_1_7' title="bbox 529 873 2121 946; baseline 0 -16"><span class='ocrx_word' id='word_1_54' title='bbox 529 877 790 944; x_wconf 82' lang='lat' dir='ltr'><strong>gratiam;</strong></span> <span class='ocrx_word' id='word_1_55' title='bbox 825 890 928 931; x_wconf 92' lang='lat' dir='ltr'><strong>nec</strong></span> <span class='ocrx_word' id='word_1_56' title='bbox 967 875 1036 931; x_wconf 89' lang='lat' dir='ltr'><strong>ad</strong></span> <span class='ocrx_word' id='word_1_57' title='bbox 1066 874 1470 946; x_wconf 89' lang='lat' dir='ltr'><strong>multiplicanda</strong></span> <span class='ocrx_word' id='word_1_58' title='bbox 1491 915 1505 939; x_wconf 94' lang='lat'><strong>,</strong></span> <span class='ocrx_word' id='word_1_59' title='bbox 1538 875 1634 930; x_wconf 90' lang='lat' dir='ltr'><strong>sed</strong></span> <span class='ocrx_word' id='word_1_60' title='bbox 1665 874 1734 929; x_wconf 87' lang='lat' dir='ltr'><strong>ad</strong></span> <span class='ocrx_word' id='word_1_61' title='bbox 1775 874 2001 930; x_wconf 81' lang='lat' dir='ltr'><strong>delenda</strong></span> <span class='ocrx_word' id='word_1_62' title='bbox 2026 873 2121 930; x_wconf 88' lang='lat' dir='ltr'><strong>de-</strong></span> 
     </span>
    </p>
   </div>
   <div class='ocr_carea' id='block_1_8' title="bbox 529 966 2122 1040">
    <p class='ocr_par' dir='ltr' id='par_1_8' title="bbox 529 966 2122 1040">
     <span class='ocr_line' id='line_1_8' title="bbox 529 966 2122 1040; baseline 0.001 -18"><span class='ocrx_word' id='word_1_63' title='bbox 529 969 650 1022; x_wconf 88' lang='lat' dir='ltr'><strong>licta</strong></span> <span class='ocrx_word' id='word_1_64' title='bbox 681 969 906 1024; x_wconf 84' lang='lat' dir='ltr'><strong>imbrem</strong></span> <span class='ocrx_word' id='word_1_65' title='bbox 929 984 1040 1024; x_wconf 67' lang='lat' dir='ltr'><strong>suae</strong></span> <span class='ocrx_word' id='word_1_66' title='bbox 1064 969 1282 1040; x_wconf 88' lang='lat' dir='ltr'><strong>pietatis</strong></span> <span class='ocrx_word' id='word_1_67' title='bbox 1308 967 1515 1024; x_wconf 87' lang='lat' dir='ltr'><strong>ell&#39;udit.</strong></span> <span class='ocrx_word' id='word_1_68' title='bbox 1549 967 1737 1034; x_wconf 84' lang='lat' dir='ltr'><strong>Nemo,</strong></span> <span class='ocrx_word' id='word_1_69' title='bbox 1771 984 1928 1024; x_wconf 86' lang='lat' dir='ltr'><strong>nemo</strong></span> <span class='ocrx_word' id='word_1_70' title='bbox 1957 968 2034 1023; x_wconf 91' lang='lat' dir='ltr'><strong>sic</strong></span> <span class='ocrx_word' id='word_1_71' title='bbox 2053 966 2122 1023; x_wconf 90' lang='lat' dir='ltr'><strong>de</strong></span> 
     </span>
    </p>
   </div>
   <div class='ocr_carea' id='block_1_9' title="bbox 526 1060 2116 1131">
    <p class='ocr_par' dir='ltr' id='par_1_9' title="bbox 526 1060 2116 1131">
     <span class='ocr_line' id='line_1_9' title="bbox 526 1060 2116 1131; baseline -0.001 -16"><span class='ocrx_word' id='word_1_72' title='bbox 526 1060 842 1129; x_wconf 53' lang='lat' dir='ltr'><strong>argritudine</strong></span> <span class='ocrx_word' id='word_1_73' title='bbox 861 1061 1181 1129; x_wconf 75' lang='lat' dir='ltr'><strong>gratuletur,</strong></span> <span class='ocrx_word' id='word_1_74' title='bbox 1207 1069 1266 1116; x_wconf 92' lang='lat' dir='ltr'><strong>ut</strong></span> <span class='ocrx_word' id='word_1_75' title='bbox 1290 1060 1420 1115; x_wconf 88' lang='lat' dir='ltr'><strong>velit</strong></span> <span class='ocrx_word' id='word_1_76' title='bbox 1450 1061 1503 1115; x_wconf 92' lang='lat' dir='ltr'><strong>in</strong></span> <span class='ocrx_word' id='word_1_77' title='bbox 1526 1060 1746 1114; x_wconf 76' lang='lat' dir='ltr'><strong>vulnere</strong></span> <span class='ocrx_word' id='word_1_78' title='bbox 1779 1074 2116 1131; x_wconf 44' lang='lat' dir='ltr'><strong>permanere.</strong></span> 
     </span>
    </p>
   </div>
   <div class='ocr_carea' id='block_1_10' title="bbox 524 1150 2119 1223">
    <p class='ocr_par' dir='ltr' id='par_1_10' title="bbox 524 1150 2119 1223">
     <span class='ocr_line' id='line_1_10' title="bbox 524 1150 2119 1223; baseline -0.001 -15"><span class='ocrx_word' id='word_1_79' title='bbox 524 1150 771 1222; x_wconf 76' lang='lat' dir='ltr'><strong>Ingratus</strong></span> <span class='ocrx_word' id='word_1_80' title='bbox 790 1154 1036 1221; x_wconf 90' lang='lat' dir='ltr'><strong>medico,</strong></span> <span class='ocrx_word' id='word_1_81' title='bbox 1066 1155 1314 1211; x_wconf 88' lang='lat' dir='ltr'><strong>inimicus</strong></span> <span class='ocrx_word' id='word_1_82' title='bbox 1341 1162 1423 1210; x_wconf 90' lang='lat' dir='ltr'><strong>est</strong></span> <span class='ocrx_word' id='word_1_83' title='bbox 1455 1169 1627 1218; x_wconf 72' lang='lat' dir='ltr'><strong>cum,</strong></span> <span class='ocrx_word' id='word_1_84' title='bbox 1663 1153 1756 1223; x_wconf 88' lang='lat' dir='ltr'><strong>qui</strong></span> <span class='ocrx_word' id='word_1_85' title='bbox 1784 1168 1995 1223; x_wconf 85' lang='lat' dir='ltr'><strong>semper</strong></span> <span class='ocrx_word' id='word_1_86' title='bbox 2026 1167 2119 1206; x_wconf 90' lang='lat' dir='ltr'><strong>cu-</strong></span> 
     </span>
    </p>
   </div>
   <div class='ocr_carea' id='block_1_11' title="bbox 527 1245 2118 1318">
    <p class='ocr_par' dir='ltr' id='par_1_11' title="bbox 527 1245 2118 1318">
     <span class='ocr_line' id='line_1_11' title="bbox 527 1245 2118 1318; baseline 0.001 -20"><span class='ocrx_word' id='word_1_87' title='bbox 527 1247 633 1299; x_wconf 87' lang='lat' dir='ltr'><strong>rari</strong></span> <span class='ocrx_word' id='word_1_88' title='bbox 660 1255 873 1314; x_wconf 72' lang='lat' dir='ltr'><strong>aestuat,</strong></span> <span class='ocrx_word' id='word_1_89' title='bbox 902 1263 1004 1302; x_wconf 91' lang='lat' dir='ltr'><strong>nec</strong></span> <span class='ocrx_word' id='word_1_90' title='bbox 1024 1262 1281 1318; x_wconf 86' lang='lat' dir='ltr'><strong>umquam</strong></span> <span class='ocrx_word' id='word_1_91' title='bbox 1310 1247 1586 1303; x_wconf 88' lang='lat' dir='ltr'><strong>desiderat</strong></span> <span class='ocrx_word' id='word_1_92' title='bbox 1614 1247 1702 1300; x_wconf 91' lang='lat' dir='ltr'><strong>hic</strong></span> <span class='ocrx_word' id='word_1_93' title='bbox 1730 1246 1939 1311; x_wconf 88' lang='lat' dir='ltr'><strong>sanari;</strong></span> <span class='ocrx_word' id='word_1_94' title='bbox 1969 1254 2024 1299; x_wconf 91' lang='lat' dir='ltr'><strong>et</strong></span> <span class='ocrx_word' id='word_1_95' title='bbox 2046 1245 2118 1300; x_wconf 89' lang='lat' dir='ltr'><strong>ita</strong></span> 
     </span>
    </p>
   </div>
   <div class='ocr_carea' id='block_1_12' title="bbox 529 1337 2120 1411">
    <p class='ocr_par' dir='ltr' id='par_1_12' title="bbox 529 1337 2120 1411">
     <span class='ocr_line' id='line_1_12' title="bbox 529 1337 2120 1411; baseline 0.001 -18"><span class='ocrx_word' id='word_1_96' title='bbox 529 1337 622 1394; x_wconf 90' lang='lat' dir='ltr'><strong>Dei</strong></span> <span class='ocrx_word' id='word_1_97' title='bbox 645 1340 875 1409; x_wconf 76' lang='lat' dir='ltr'><strong>gratiam</strong></span> <span class='ocrx_word' id='word_1_98' title='bbox 904 1341 1016 1396; x_wconf 85' lang='lat' dir='ltr'><strong>suis</strong></span> <span class='ocrx_word' id='word_1_99' title='bbox 1038 1342 1187 1411; x_wconf 90' lang='lat' dir='ltr'><strong>cupit</strong></span> <span class='ocrx_word' id='word_1_100' title='bbox 1214 1341 1516 1396; x_wconf 73' lang='lat' dir='ltr'><strong>exuberare</strong></span> <span class='ocrx_word' id='word_1_101' title='bbox 1539 1341 1793 1411; x_wconf 83' lang='lat' dir='ltr'><strong>peccatis,</strong></span> <span class='ocrx_word' id='word_1_102' title='bbox 1817 1348 1875 1394; x_wconf 93' lang='lat' dir='ltr'><strong>ut</strong></span> <span class='ocrx_word' id='word_1_103' title='bbox 1901 1339 2002 1394; x_wconf 85' lang='lat' dir='ltr'><strong>sibi</strong></span> <span class='ocrx_word' id='word_1_104' title='bbox 2025 1354 2120 1394; x_wconf 86' lang='lat' dir='ltr'><strong>cu-</strong></span> 
     </span>
    </p>
   </div>
   <div class='ocr_carea' id='block_1_13' title="bbox 527 1432 2119 1503">
    <p class='ocr_par' dir='ltr' id='par_1_13' title="bbox 527 1432 2119 1503">
     <span class='ocr_line' id='line_1_13' title="bbox 527 1432 2119 1503; baseline -0.001 -15"><span class='ocrx_word' id='word_1_105' title='bbox 527 1433 641 1503; x_wconf 84' lang='lat' dir='ltr'><strong>piat</strong></span> <span class='ocrx_word' id='word_1_106' title='bbox 679 1442 902 1503; x_wconf 88' lang='lat' dir='ltr'><strong>peccata</strong></span> <span class='ocrx_word' id='word_1_107' title='bbox 934 1433 1216 1489; x_wconf 90' lang='lat' dir='ltr'><strong>cumulari.</strong></span> <span class='ocrx_word' id='word_1_108' title='bbox 1242 1432 1404 1489; x_wconf 83' lang='lat' dir='ltr'><strong>Miser</strong></span> <span class='ocrx_word' id='word_1_109' title='bbox 1431 1434 1523 1502; x_wconf 90' lang='lat' dir='ltr'><strong>qui</strong></span> <span class='ocrx_word' id='word_1_110' title='bbox 1561 1433 1654 1488; x_wconf 92' lang='lat' dir='ltr'><strong>tali</strong></span> <span class='ocrx_word' id='word_1_111' title='bbox 1693 1442 1818 1487; x_wconf 92' lang='lat' dir='ltr'><strong>voto</strong></span> <span class='ocrx_word' id='word_1_112' title='bbox 1847 1448 1971 1487; x_wconf 86' lang='lat' dir='ltr'><strong>reus</strong></span> <span class='ocrx_word' id='word_1_113' title='bbox 1999 1446 2119 1487; x_wconf 87' lang='lat' dir='ltr'><strong>esse</strong></span> 
     </span>
    </p>
   </div>
   <div class='ocr_carea' id='block_1_14' title="bbox 527 1525 2118 1598">
    <p class='ocr_par' dir='ltr' id='par_1_14' title="bbox 527 1525 2118 1598">
     <span class='ocr_line' id='line_1_14' title="bbox 527 1525 2118 1598; baseline -0.001 -18"><span class='ocrx_word' id='word_1_114' title='bbox 527 1527 808 1581; x_wconf 86' lang='lat' dir='ltr'><strong>contendit</strong></span> <span class='ocrx_word' id='word_1_115' title='bbox 843 1542 944 1598; x_wconf 85' lang='lat' dir='ltr'><strong>per</strong></span> <span class='ocrx_word' id='word_1_116' title='bbox 981 1527 1214 1583; x_wconf 84' lang='lat' dir='ltr'><strong>veniam.</strong></span> <span class='ocrx_word' id='word_1_117' title='bbox 1249 1526 1557 1597; x_wconf 84' lang='lat' dir='ltr'><strong>Fugienda,</strong></span> <span class='ocrx_word' id='word_1_118' title='bbox 1589 1526 1809 1593; x_wconf 84' lang='lat' dir='ltr'><strong>fratres,</strong></span> <span class='ocrx_word' id='word_1_119' title='bbox 1848 1525 2118 1580; x_wconf 88' lang='lat' dir='ltr'><strong>dementia</strong></span> 
     </span>
    </p>
   </div>
   <div class='ocr_carea' id='block_1_15' title="bbox 528 1616 2116 1690">
    <p class='ocr_par' dir='ltr' id='par_1_15' title="bbox 528 1616 2116 1690">
     <span class='ocr_line' id='line_1_15' title="bbox 528 1616 2116 1690; baseline 0.002 -20"><span class='ocrx_word' id='word_1_120' title='bbox 528 1616 631 1672; x_wconf 84' lang='lat' dir='ltr'><strong>ista</strong></span> <span class='ocrx_word' id='word_1_121' title='bbox 652 1626 752 1682; x_wconf 89' lang='lat' dir='ltr'><strong>est,</strong></span> <span class='ocrx_word' id='word_1_122' title='bbox 785 1617 1054 1688; x_wconf 88' lang='lat' dir='ltr'><strong>fugienda,</strong></span> <span class='ocrx_word' id='word_1_123' title='bbox 1086 1634 1206 1689; x_wconf 70' lang='lat' dir='ltr'><strong>quae</strong></span> <span class='ocrx_word' id='word_1_124' title='bbox 1235 1619 1397 1674; x_wconf 90' lang='lat' dir='ltr'><strong>etiam</strong></span> <span class='ocrx_word' id='word_1_125' title='bbox 1420 1627 1545 1690; x_wconf 88' lang='lat' dir='ltr'><strong>post</strong></span> <span class='ocrx_word' id='word_1_126' title='bbox 1576 1635 1761 1674; x_wconf 87' lang='lat' dir='ltr'><strong>curam</strong></span> <span class='ocrx_word' id='word_1_127' title='bbox 1794 1621 2005 1690; x_wconf 90' lang='lat' dir='ltr'><strong>captiva</strong></span> <span class='ocrx_word' id='word_1_128' title='bbox 2034 1628 2116 1673; x_wconf 87' lang='lat' dir='ltr'><strong>te-</strong></span> 
     </span>
    </p>
   </div>
   <div class='ocr_carea' id='block_1_16' title="bbox 529 1712 2114 1778">
    <p class='ocr_par' dir='ltr' id='par_1_16' title="bbox 529 1712 2114 1778">
     <span class='ocr_line' id='line_1_16' title="bbox 529 1712 2114 1778; baseline 0.002 -12"><span class='ocrx_word' id='word_1_129' title='bbox 529 1717 688 1766; x_wconf 79' lang='lat' dir='ltr'><strong>netur</strong></span> <span class='ocrx_word' id='word_1_130' title='bbox 707 1725 891 1766; x_wconf 89' lang='lat' dir='ltr'><strong>amore</strong></span> <span class='ocrx_word' id='word_1_131' title='bbox 911 1712 1242 1778; x_wconf 72' lang='lat' dir='ltr'><strong>morborum,</strong></span> <span class='ocrx_word' id='word_1_132' title='bbox 1270 1713 1503 1767; x_wconf 83' lang='lat' dir='ltr'><strong>recidiva</strong></span> <span class='ocrx_word' id='word_1_133' title='bbox 1526 1714 1670 1767; x_wconf 90' lang='lat' dir='ltr'><strong>enim</strong></span> <span class='ocrx_word' id='word_1_134' title='bbox 1693 1713 1904 1768; x_wconf 89' lang='lat' dir='ltr'><strong>lethalis</strong></span> <span class='ocrx_word' id='word_1_135' title='bbox 1922 1722 2004 1769; x_wconf 93' lang='lat' dir='ltr'><strong>est</strong></span> <span class='ocrx_word' id='word_1_136' title='bbox 2018 1730 2114 1770; x_wconf 67' lang='lat' dir='ltr'><strong>saa-</strong></span> 
     </span>
    </p>
   </div>
   <div class='ocr_carea' id='block_1_17' title="bbox 2225 499 3785 574">
    <p class='ocr_par' dir='ltr' id='par_1_17' title="bbox 2225 499 3785 574">
     <span class='ocr_line' id='line_1_17' title="bbox 2225 499 3785 574; baseline 0.006 -22"><span class='ocrx_word' id='word_1_137' title='bbox 2225 500 2317 568; x_wconf 89' lang='lat' dir='ltr'><strong>qui</strong></span> <span class='ocrx_word' id='word_1_138' title='bbox 2359 499 2723 556; x_wconf 87' lang='lat' dir='ltr'><strong>innocentiam</strong></span> <span class='ocrx_word' id='word_1_139' title='bbox 2766 499 3031 558; x_wconf 81' lang='lat' dir='ltr'><strong>hactenus</strong></span> <span class='ocrx_word' id='word_1_140' title='bbox 3068 499 3232 574; x_wconf 88' lang='lat' dir='ltr'><strong>impie</strong></span> <span class='ocrx_word' id='word_1_141' title='bbox 3269 500 3585 558; x_wconf 82' lang='lat' dir='ltr'><strong>moliebatur</strong></span> <span class='ocrx_word' id='word_1_142' title='bbox 3607 505 3785 562; x_wconf 85' lang='lat' dir='ltr'><strong>exstin-</strong></span> 
     </span>
    </p>
   </div>
   <div class='ocr_carea' id='block_1_18' title="bbox 2223 592 3785 666">
    <p class='ocr_par' dir='ltr' id='par_1_18' title="bbox 2223 592 3785 666">
     <span class='ocr_line' id='line_1_18' title="bbox 2223 592 3785 666; baseline 0.004 -19"><span class='ocrx_word' id='word_1_143' title='bbox 2223 606 2421 663; x_wconf 87' lang='lat' dir='ltr'><strong>guere,</strong></span> <span class='ocrx_word' id='word_1_144' title='bbox 2460 608 2560 664; x_wconf 88' lang='lat' dir='ltr'><strong>pro</strong></span> <span class='ocrx_word' id='word_1_145' title='bbox 2607 592 2916 649; x_wconf 85' lang='lat' dir='ltr'><strong>innocentia</strong></span> <span class='ocrx_word' id='word_1_146' title='bbox 2953 592 3246 664; x_wconf 74' lang='lat' dir='ltr'><strong>gloriosius</strong></span> <span class='ocrx_word' id='word_1_147' title='bbox 3287 594 3402 666; x_wconf 89' lang='lat' dir='ltr'><strong>ipse</strong></span> <span class='ocrx_word' id='word_1_148' title='bbox 3426 603 3695 651; x_wconf 77' lang='lat' dir='ltr'><strong>moriatur.</strong></span> <span class='ocrx_word' id='word_1_149' title='bbox 3728 594 3785 654; x_wconf 78' lang='lat' dir='ltr'><strong>Et</strong></span> 
     </span>
    </p>
   </div>
   <div class='ocr_carea' id='block_1_19' title="bbox 2222 683 3783 758">
    <p class='ocr_par' dir='ltr' id='par_1_19' title="bbox 2222 683 3783 758">
     <span class='ocr_line' id='line_1_19' title="bbox 2222 683 3783 758; baseline 0.005 -20"><span class='ocrx_word' id='word_1_150' title='bbox 2222 684 2348 753; x_wconf 89' lang='lat' dir='ltr'><strong>quid</strong></span> <span class='ocrx_word' id='word_1_151' title='bbox 2377 684 2570 754; x_wconf 85' lang='lat' dir='ltr'><strong>plura?</strong></span> <span class='ocrx_word' id='word_1_152' title='bbox 2597 683 2653 741; x_wconf 92' lang='lat' dir='ltr'><strong>Si</strong></span> <span class='ocrx_word' id='word_1_153' title='bbox 2683 700 2752 742; x_wconf 85' lang='lat' dir='ltr'><strong>ex</strong></span> <span class='ocrx_word' id='word_1_154' title='bbox 2772 693 2958 742; x_wconf 89' lang='lat' dir='ltr'><strong>vetere</strong></span> <span class='ocrx_word' id='word_1_155' title='bbox 2979 686 3199 743; x_wconf 85' lang='lat' dir='ltr'><strong>homine</strong></span> <span class='ocrx_word' id='word_1_156' title='bbox 3230 685 3346 758; x_wconf 89' lang='lat' dir='ltr'><strong>jam</strong></span> <span class='ocrx_word' id='word_1_157' title='bbox 3387 703 3554 745; x_wconf 87' lang='lat' dir='ltr'><strong>novus</strong></span> <span class='ocrx_word' id='word_1_158' title='bbox 3590 688 3783 747; x_wconf 85' lang='lat' dir='ltr'><strong>ell&#39;ectus</strong></span> 
     </span>
    </p>
   </div>
   <div class='ocr_carea' id='block_1_20' title="bbox 2221 779 3781 856">
    <p class='ocr_par' dir='ltr' id='par_1_20' title="bbox 2221 779 3781 856">
     <span class='ocr_line' id='line_1_20' title="bbox 2221 779 3781 856; baseline 0.003 -22"><span class='ocrx_word' id='word_1_159' title='bbox 2221 787 2324 843; x_wconf 89' lang='lat' dir='ltr'><strong>est,</strong></span> <span class='ocrx_word' id='word_1_160' title='bbox 2355 779 2607 834; x_wconf 90' lang='lat' dir='ltr'><strong>vitiorum</strong></span> <span class='ocrx_word' id='word_1_161' title='bbox 2637 781 2902 850; x_wconf 75' lang='lat' dir='ltr'><strong>gurgitem</strong></span> <span class='ocrx_word' id='word_1_162' title='bbox 2933 779 2987 835; x_wconf 89' lang='lat' dir='ltr'><strong>in</strong></span> <span class='ocrx_word' id='word_1_163' title='bbox 3016 779 3221 836; x_wconf 89' lang='lat' dir='ltr'><strong>fontem</strong></span> <span class='ocrx_word' id='word_1_164' title='bbox 3243 791 3537 856; x_wconf 82' lang='lat' dir='ltr'><strong>commutet</strong></span> <span class='ocrx_word' id='word_1_165' title='bbox 3557 783 3667 853; x_wconf 84' lang='lat' dir='ltr'><strong>ipse</strong></span> <span class='ocrx_word' id='word_1_166' title='bbox 3690 783 3781 840; x_wconf 83' lang='lat' dir='ltr'><strong>vir-</strong></span> 
     </span>
    </p>
   </div>
   <div class='ocr_carea' id='block_1_21' title="bbox 2220 869 3781 946">
    <p class='ocr_par' dir='ltr' id='par_1_21' title="bbox 2220 869 3781 946">
     <span class='ocr_line' id='line_1_21' title="bbox 2220 869 3781 946; baseline 0.004 -21"><span class='ocrx_word' id='word_1_167' title='bbox 2220 878 2414 927; x_wconf 91' lang='lat' dir='ltr'><strong>tutum.</strong></span> <span class='ocrx_word' id='word_1_168' title='bbox 2451 869 2632 942; x_wconf 86' lang='lat' dir='ltr'><strong>Usque</strong></span> <span class='ocrx_word' id='word_1_169' title='bbox 2658 871 2727 927; x_wconf 89' lang='lat' dir='ltr'><strong>ad</strong></span> <span class='ocrx_word' id='word_1_170' title='bbox 2775 871 2936 929; x_wconf 83' lang='lat' dir='ltr'><strong>linem</strong></span> <span class='ocrx_word' id='word_1_171' title='bbox 2976 882 3158 929; x_wconf 91' lang='lat' dir='ltr'><strong>autem</strong></span> <span class='ocrx_word' id='word_1_172' title='bbox 3188 874 3436 930; x_wconf 87' lang='lat' dir='ltr'><strong>lectionis</strong></span> <span class='ocrx_word' id='word_1_173' title='bbox 3472 874 3576 931; x_wconf 89' lang='lat' dir='ltr'><strong>hoc</strong></span> <span class='ocrx_word' id='word_1_174' title='bbox 3620 874 3781 946; x_wconf 82' lang='lat' dir='ltr'><strong>ingerit</strong></span> 
     </span>
    </p>
   </div>
   <div class='ocr_carea' id='block_1_22' title="bbox 2219 963 3780 1037">
    <p class='ocr_par' dir='ltr' id='par_1_22' title="bbox 2219 963 3780 1037">
     <span class='ocr_line' id='line_1_22' title="bbox 2219 963 3780 1037; baseline 0.001 -16"><span class='ocrx_word' id='word_1_175' title='bbox 2219 963 2409 1021; x_wconf 90' lang='lat' dir='ltr'><strong>beatus</strong></span> <span class='ocrx_word' id='word_1_176' title='bbox 2437 964 2761 1036; x_wconf 81' lang='lat' dir='ltr'><strong>Apostolus,</strong></span> <span class='ocrx_word' id='word_1_177' title='bbox 2794 964 2898 1021; x_wconf 90' lang='lat' dir='ltr'><strong>hoc</strong></span> <span class='ocrx_word' id='word_1_178' title='bbox 2925 963 3292 1031; x_wconf 87' lang='lat' dir='ltr'><strong>demonstrat,</strong></span> <span class='ocrx_word' id='word_1_179' title='bbox 3327 965 3476 1021; x_wconf 91' lang='lat' dir='ltr'><strong>illum</strong></span> <span class='ocrx_word' id='word_1_180' title='bbox 3504 981 3660 1037; x_wconf 85' lang='lat' dir='ltr'><strong>posse</strong></span> <span class='ocrx_word' id='word_1_181' title='bbox 3683 982 3780 1022; x_wconf 82' lang='lat' dir='ltr'><strong>cum</strong></span> 
     </span>
    </p>
   </div>
   <div class='ocr_carea' id='block_1_23' title="bbox 2219 1053 3782 1129">
    <p class='ocr_par' dir='ltr' id='par_1_23' title="bbox 2219 1053 3782 1129">
     <span class='ocr_line' id='line_1_23' title="bbox 2219 1053 3782 1129; baseline 0.001 -19"><span class='ocrx_word' id='word_1_182' title='bbox 2219 1053 2437 1112; x_wconf 91' lang='lat' dir='ltr'><strong>Christo</strong></span> <span class='ocrx_word' id='word_1_183' title='bbox 2467 1055 2672 1120; x_wconf 79' lang='lat' dir='ltr'><strong>vivere,</strong></span> <span class='ocrx_word' id='word_1_184' title='bbox 2702 1055 2851 1111; x_wconf 92' lang='lat' dir='ltr'><strong>illum</strong></span> <span class='ocrx_word' id='word_1_185' title='bbox 2872 1070 3100 1125; x_wconf 85' lang='lat' dir='ltr'><strong>regnare</strong></span> <span class='ocrx_word' id='word_1_186' title='bbox 3121 1071 3244 1113; x_wconf 92' lang='lat' dir='ltr'><strong>cum</strong></span> <span class='ocrx_word' id='word_1_187' title='bbox 3263 1055 3502 1124; x_wconf 88' lang='lat' dir='ltr'><strong>Christo,</strong></span> <span class='ocrx_word' id='word_1_188' title='bbox 3525 1057 3618 1129; x_wconf 89' lang='lat' dir='ltr'><strong>qui</strong></span> <span class='ocrx_word' id='word_1_189' title='bbox 3643 1073 3782 1113; x_wconf 67' lang='lat' dir='ltr'><strong>resun</strong></span> 
     </span>
    </p>
   </div>
   <div class='ocr_carea' id='block_1_24' title="bbox 2219 1145 3779 1220">
    <p class='ocr_par' dir='ltr' id='par_1_24' title="bbox 2219 1145 3779 1220">
     <span class='ocr_line' id='line_1_24' title="bbox 2219 1145 3779 1220; baseline 0.002 -17"><span class='ocrx_word' id='word_1_190' title='bbox 2219 1148 2394 1218; x_wconf 87' lang='lat' dir='ltr'><strong>gentis</strong></span> <span class='ocrx_word' id='word_1_191' title='bbox 2419 1145 2622 1204; x_wconf 84' lang='lat' dir='ltr'><strong>Christi</strong></span> <span class='ocrx_word' id='word_1_192' title='bbox 2653 1149 3021 1204; x_wconf 86' lang='lat' dir='ltr'><strong>innocentiam</strong></span> <span class='ocrx_word' id='word_1_193' title='bbox 3053 1149 3321 1220; x_wconf 86' lang='lat' dir='ltr'><strong>sequitur,</strong></span> <span class='ocrx_word' id='word_1_194' title='bbox 3345 1150 3589 1206; x_wconf 88' lang='lat' dir='ltr'><strong>imitatur</strong></span> <span class='ocrx_word' id='word_1_195' title='bbox 3626 1151 3779 1217; x_wconf 80' lang='lat' dir='ltr'><strong>vitam,</strong></span> 
     </span>
    </p>
   </div>
   <div class='ocr_carea' id='block_1_25' title="bbox 2219 1241 3781 1312">
    <p class='ocr_par' dir='ltr' id='par_1_25' title="bbox 2219 1241 3781 1312">
     <span class='ocr_line' id='line_1_25' title="bbox 2219 1241 3781 1312; baseline 0.002 -16"><span class='ocrx_word' id='word_1_196' title='bbox 2219 1241 2445 1312; x_wconf 90' lang='lat' dir='ltr'><strong>implere</strong></span> <span class='ocrx_word' id='word_1_197' title='bbox 2474 1241 2664 1298; x_wconf 89' lang='lat' dir='ltr'><strong>nititur</strong></span> <span class='ocrx_word' id='word_1_198' title='bbox 2689 1242 3056 1299; x_wconf 82' lang='lat' dir='ltr'><strong>sanctitatem.</strong></span> <span class='ocrx_word' id='word_1_199' title='bbox 3092 1242 3249 1311; x_wconf 86' lang='lat' dir='ltr'><strong>Quod</strong></span> <span class='ocrx_word' id='word_1_200' title='bbox 3276 1243 3406 1300; x_wconf 88' lang='lat' dir='ltr'><strong>dicit</strong></span> <span class='ocrx_word' id='word_1_201' title='bbox 3430 1263 3444 1298; x_wconf 91' lang='lat'><strong>:</strong></span> <span class='ocrx_word' id='word_1_202' title='bbox 3480 1242 3552 1299; x_wconf 87' lang='lat' dir='ltr'><strong>Ut</strong></span> <span class='ocrx_word' id='word_1_203' title='bbox 3578 1245 3781 1299; x_wconf 74' lang='lat' dir='ltr'><strong>destrua-</strong></span> 
     </span>
    </p>
   </div>
   <div class='ocr_carea' id='block_1_26' title="bbox 2220 1335 3779 1408">
    <p class='ocr_par' dir='ltr' id='par_1_26' title="bbox 2220 1335 3779 1408">
     <span class='ocr_line' id='line_1_26' title="bbox 2220 1335 3779 1408; baseline 0.002 -18"><span class='ocrx_word' id='word_1_204' title='bbox 2220 1343 2303 1390; x_wconf 83' lang='lat' dir='ltr'><strong>tur</strong></span> <span class='ocrx_word' id='word_1_205' title='bbox 2331 1352 2514 1408; x_wconf 86' lang='lat' dir='ltr'><strong>corpus</strong></span> <span class='ocrx_word' id='word_1_206' title='bbox 2534 1339 2762 1408; x_wconf 77' lang='lat' dir='ltr'><strong>peccati;</strong></span> <span class='ocrx_word' id='word_1_207' title='bbox 2784 1336 3114 1400; x_wconf 89' lang='lat' dir='ltr'><strong>destruatur,</strong></span> <span class='ocrx_word' id='word_1_208' title='bbox 3139 1335 3352 1405; x_wconf 85' lang='lat' dir='ltr'><strong>fratres,</strong></span> <span class='ocrx_word' id='word_1_209' title='bbox 3383 1346 3531 1403; x_wconf 91' lang='lat' dir='ltr'><strong>actu,</strong></span> <span class='ocrx_word' id='word_1_210' title='bbox 3556 1352 3657 1393; x_wconf 91' lang='lat' dir='ltr'><strong>non</strong></span> <span class='ocrx_word' id='word_1_211' title='bbox 3682 1337 3779 1393; x_wconf 86' lang='lat' dir='ltr'><strong>sub-</strong></span> 
     </span>
    </p>
   </div>
   <div class='ocr_carea' id='block_1_27' title="bbox 2218 1429 3779 1502">
    <p class='ocr_par' dir='ltr' id='par_1_27' title="bbox 2218 1429 3779 1502">
     <span class='ocr_line' id='line_1_27' title="bbox 2218 1429 3779 1502; baseline 0.003 -19"><span class='ocrx_word' id='word_1_212' title='bbox 2218 1429 2448 1496; x_wconf 86' lang='lat' dir='ltr'><strong>stantia;</strong></span> <span class='ocrx_word' id='word_1_213' title='bbox 2474 1445 2659 1501; x_wconf 91' lang='lat' dir='ltr'><strong>opere,</strong></span> <span class='ocrx_word' id='word_1_214' title='bbox 2685 1447 2793 1486; x_wconf 91' lang='lat' dir='ltr'><strong>non</strong></span> <span class='ocrx_word' id='word_1_215' title='bbox 2817 1431 3005 1501; x_wconf 87' lang='lat' dir='ltr'><strong>llgura,</strong></span> <span class='ocrx_word' id='word_1_216' title='bbox 3027 1432 3153 1501; x_wconf 87' lang='lat' dir='ltr'><strong>quia</strong></span> <span class='ocrx_word' id='word_1_217' title='bbox 3172 1440 3421 1502; x_wconf 89' lang='lat' dir='ltr'><strong>peccato,</strong></span> <span class='ocrx_word' id='word_1_218' title='bbox 3441 1448 3553 1488; x_wconf 90' lang='lat' dir='ltr'><strong>non</strong></span> <span class='ocrx_word' id='word_1_219' title='bbox 3569 1431 3674 1488; x_wconf 84' lang='lat' dir='ltr'><strong>Deo</strong></span> <span class='ocrx_word' id='word_1_220' title='bbox 3690 1434 3779 1487; x_wconf 88' lang='lat' dir='ltr'><strong>vult</strong></span> 
     </span>
    </p>
   </div>
   <div class='ocr_carea' id='block_1_28' title="bbox 2217 1520 3778 1594">
    <p class='ocr_par' dir='ltr' id='par_1_28' title="bbox 2217 1520 3778 1594">
     <span class='ocr_line' id='line_1_28' title="bbox 2217 1520 3778 1594; baseline 0.003 -18"><span class='ocrx_word' id='word_1_221' title='bbox 2217 1520 2490 1576; x_wconf 88' lang='lat' dir='ltr'><strong>hominem</strong></span> <span class='ocrx_word' id='word_1_222' title='bbox 2520 1523 2718 1594; x_wconf 90' lang='lat' dir='ltr'><strong>perire,</strong></span> <span class='ocrx_word' id='word_1_223' title='bbox 2749 1523 2843 1593; x_wconf 90' lang='lat' dir='ltr'><strong>qui</strong></span> <span class='ocrx_word' id='word_1_224' title='bbox 2865 1525 2972 1578; x_wconf 86' lang='lat' dir='ltr'><strong>ait:</strong></span> <span class='ocrx_word' id='word_1_225' title='bbox 2999 1521 3316 1578; x_wconf 70' lang='lat' dir='ltr'><strong>Existimate</strong></span> <span class='ocrx_word' id='word_1_226' title='bbox 3337 1541 3422 1580; x_wconf 78' lang='lat' dir='ltr'><strong>uos</strong></span> <span class='ocrx_word' id='word_1_227' title='bbox 3449 1535 3677 1581; x_wconf 85' lang='lat' dir='ltr'><strong>mortuos</strong></span> <span class='ocrx_word' id='word_1_228' title='bbox 3695 1540 3778 1581; x_wconf 79' lang='lat' dir='ltr'><strong>ast</strong></span> 
     </span>
    </p>
   </div>
   <div class='ocr_carea' id='block_1_29' title="bbox 2218 1613 3777 1687">
    <p class='ocr_par' dir='ltr' id='par_1_29' title="bbox 2218 1613 3777 1687">
     <span class='ocr_line' id='line_1_29' title="bbox 2218 1613 3777 1687; baseline 0.003 -20"><span class='ocrx_word' id='word_1_229' title='bbox 2218 1623 2446 1684; x_wconf 83' lang='lat' dir='ltr'><strong>peccato,</strong></span> <span class='ocrx_word' id='word_1_230' title='bbox 2477 1615 2642 1668; x_wconf 82' lang='lat' dir='ltr'><strong>virere</strong></span> <span class='ocrx_word' id='word_1_231' title='bbox 2661 1625 2833 1670; x_wconf 85' lang='lat' dir='ltr'><strong>autem</strong></span> <span class='ocrx_word' id='word_1_232' title='bbox 2861 1613 2994 1670; x_wconf 88' lang='lat' dir='ltr'><strong>Deo.</strong></span> <span class='ocrx_word' id='word_1_233' title='bbox 3026 1613 3095 1670; x_wconf 87' lang='lat' dir='ltr'><strong>Et</strong></span> <span class='ocrx_word' id='word_1_234' title='bbox 3122 1631 3374 1687; x_wconf 70' lang='lat' dir='ltr'><strong>supernae</strong></span> <span class='ocrx_word' id='word_1_235' title='bbox 3401 1615 3670 1683; x_wconf 85' lang='lat' dir='ltr'><strong>libertati,</strong></span> <span class='ocrx_word' id='word_1_236' title='bbox 3697 1616 3777 1672; x_wconf 86' lang='lat' dir='ltr'><strong>fra-</strong></span> 
     </span>
    </p>
   </div>
   <div class='ocr_carea' id='block_1_30' title="bbox 2220 1707 3775 1782">
    <p class='ocr_par' dir='ltr' id='par_1_30' title="bbox 2220 1707 3775 1782">
     <span class='ocr_line' id='line_1_30' title="bbox 2220 1707 3775 1782; baseline 0.003 -21"><span class='ocrx_word' id='word_1_237' title='bbox 2220 1713 2350 1772; x_wconf 90' lang='lat' dir='ltr'><strong>tres,</strong></span> <span class='ocrx_word' id='word_1_238' title='bbox 2383 1707 2668 1762; x_wconf 87' lang='lat' dir='ltr'><strong>restituere</strong></span> <span class='ocrx_word' id='word_1_239' title='bbox 2691 1708 2966 1763; x_wconf 89' lang='lat' dir='ltr'><strong>hominem</strong></span> <span class='ocrx_word' id='word_1_240' title='bbox 3001 1717 3116 1764; x_wconf 88' lang='lat' dir='ltr'><strong>tota</strong></span> <span class='ocrx_word' id='word_1_241' title='bbox 3143 1710 3352 1780; x_wconf 88' lang='lat' dir='ltr'><strong>pietate</strong></span> <span class='ocrx_word' id='word_1_242' title='bbox 3379 1711 3682 1776; x_wconf 86' lang='lat' dir='ltr'><strong>contendit,</strong></span> <span class='ocrx_word' id='word_1_243' title='bbox 3704 1711 3775 1782; x_wconf 84' lang='lat' dir='ltr'><strong>qui</strong></span> 
     </span>
    </p>
   </div>
   <div class='ocr_carea' id='block_1_31' title="bbox 528 1795 3770 1876">
    <p class='ocr_par' dir='ltr' id='par_1_31' title="bbox 528 1795 3770 1876">
     <span class='ocr_line' id='line_1_31' title="bbox 528 1795 3770 1876; baseline 0.002 -22"><span class='ocrx_word' id='word_1_244' title='bbox 528 1801 649 1871; x_wconf 85' lang='lat' dir='ltr'><strong>pius</strong></span> <span class='ocrx_word' id='word_1_245' title='bbox 685 1801 966 1871; x_wconf 65' lang='lat' dir='ltr'><strong>aegritudo.</strong></span> <span class='ocrx_word' id='word_1_246' title='bbox 1000 1800 1154 1869; x_wconf 86' lang='lat' dir='ltr'><strong>Quod</strong></span> <span class='ocrx_word' id='word_1_247' title='bbox 1195 1811 1375 1858; x_wconf 88' lang='lat' dir='ltr'><strong>autem</strong></span> <span class='ocrx_word' id='word_1_248' title='bbox 1413 1802 1585 1858; x_wconf 73' lang='lat' dir='ltr'><strong>dixit:</strong></span> <span class='ocrx_word' id='word_1_249' title='bbox 1621 1804 1720 1869; x_wconf 82' lang='lat' dir='ltr'><strong>Qui</strong></span> <span class='ocrx_word' id='word_1_250' title='bbox 1757 1805 1889 1858; x_wconf 84' lang='lat' dir='ltr'><strong>enim</strong></span> <span class='ocrx_word' id='word_1_251' title='bbox 1929 1805 2119 1860; x_wconf 80' lang='lat' dir='ltr'><strong>mortui</strong></span> <span class='ocrx_word' id='word_1_252' title='bbox 2150 1795 2194 1854; x_wconf 79' lang='grc' dir='ltr'><strong><em>Β</em></strong></span> <span class='ocrx_word' id='word_1_253' title='bbox 2221 1797 2388 1855; x_wconf 80' lang='lat' dir='ltr'><strong>dicit:</strong></span> <span class='ocrx_word' id='word_1_254' title='bbox 2422 1797 2548 1855; x_wconf 84' lang='lat' dir='ltr'><strong>Non</strong></span> <span class='ocrx_word' id='word_1_255' title='bbox 2571 1809 2748 1872; x_wconf 82' lang='lat' dir='ltr'><strong>regncl</strong></span> <span class='ocrx_word' id='word_1_256' title='bbox 2765 1811 3034 1872; x_wconf 79' lang='lat' dir='ltr'><strong>peccatum</strong></span> <span class='ocrx_word' id='word_1_257' title='bbox 3055 1803 3112 1856; x_wconf 83' lang='lat' dir='ltr'><strong>in</strong></span> <span class='ocrx_word' id='word_1_258' title='bbox 3141 1813 3308 1858; x_wconf 69' lang='lat' dir='ltr'><strong>uestro</strong></span> <span class='ocrx_word' id='word_1_259' title='bbox 3336 1804 3552 1859; x_wconf 83' lang='lat' dir='ltr'><strong>mortali</strong></span> <span class='ocrx_word' id='word_1_260' title='bbox 3580 1821 3770 1876; x_wconf 76' lang='lat' dir='ltr'><strong>corpore.</strong></span> 
     </span>
    </p>
   </div>
   <div class='ocr_carea' id='block_1_32' title="bbox 525 1895 2117 1966">
    <p class='ocr_par' dir='ltr' id='par_1_32' title="bbox 525 1895 2117 1966">
     <span class='ocr_line' id='line_1_32' title="bbox 525 1895 2117 1966; baseline 0.004 -20"><span class='ocrx_word' id='word_1_261' title='bbox 525 1908 700 1947; x_wconf 88' lang='lat' dir='ltr'><strong>sumus</strong></span> <span class='ocrx_word' id='word_1_262' title='bbox 727 1904 958 1964; x_wconf 87' lang='lat' dir='ltr'><strong>peccato,</strong></span> <span class='ocrx_word' id='word_1_263' title='bbox 996 1895 1277 1965; x_wconf 67' lang='lat' dir='ltr'><strong>praesentis</strong></span> <span class='ocrx_word' id='word_1_264' title='bbox 1313 1896 1570 1966; x_wconf 86' lang='lat' dir='ltr'><strong>temporis</strong></span> <span class='ocrx_word' id='word_1_265' title='bbox 1600 1897 1839 1966; x_wconf 87' lang='lat' dir='ltr'><strong>loquitur</strong></span> <span class='ocrx_word' id='word_1_266' title='bbox 1865 1897 1952 1952; x_wconf 92' lang='lat' dir='ltr'><strong>hic</strong></span> <span class='ocrx_word' id='word_1_267' title='bbox 1980 1896 2117 1966; x_wconf 90' lang='lat' dir='ltr'><strong>ligu-</strong></span> 
     </span>
    </p>
   </div>
   <div class='ocr_carea' id='block_1_33' title="bbox 525 1985 2120 2058">
    <p class='ocr_par' dir='ltr' id='par_1_33' title="bbox 525 1985 2120 2058">
     <span class='ocr_line' id='line_1_33' title="bbox 525 1985 2120 2058; baseline 0.003 -20"><span class='ocrx_word' id='word_1_268' title='bbox 525 1997 642 2038; x_wconf 91' lang='lat' dir='ltr'><strong>ram</strong></span> <span class='ocrx_word' id='word_1_269' title='bbox 668 2002 681 2038; x_wconf 93' lang='lat'>:</span> <span class='ocrx_word' id='word_1_270' title='bbox 711 1985 838 2054; x_wconf 90' lang='lat' dir='ltr'><strong>quia</strong></span> <span class='ocrx_word' id='word_1_271' title='bbox 861 1993 1106 2042; x_wconf 88' lang='lat' dir='ltr'><strong>mortuos</strong></span> <span class='ocrx_word' id='word_1_272' title='bbox 1132 2001 1234 2041; x_wconf 88' lang='lat' dir='ltr'><strong>nos</strong></span> <span class='ocrx_word' id='word_1_273' title='bbox 1267 1985 1404 2042; x_wconf 80' lang='lat' dir='ltr'><strong>dixit</strong></span> <span class='ocrx_word' id='word_1_274' title='bbox 1431 2003 1552 2042; x_wconf 89' lang='lat' dir='ltr'><strong>esse</strong></span> <span class='ocrx_word' id='word_1_275' title='bbox 1580 1995 1803 2058; x_wconf 83' lang='lat' dir='ltr'><strong>peccato</strong></span> <span class='ocrx_word' id='word_1_276' title='bbox 1821 2027 1835 2052; x_wconf 91' lang='lat'><strong>,</strong></span> <span class='ocrx_word' id='word_1_277' title='bbox 1879 2003 1985 2042; x_wconf 91' lang='lat' dir='ltr'><strong>non</strong></span> <span class='ocrx_word' id='word_1_278' title='bbox 2019 2003 2120 2044; x_wconf 88' lang='lat' dir='ltr'><strong>no-</strong></span> 
     </span>
    </p>
   </div>
   <div class='ocr_carea' id='block_1_34' title="bbox 524 2074 2119 2150">
    <p class='ocr_par' dir='ltr' id='par_1_34' title="bbox 524 2074 2119 2150">
     <span class='ocr_line' id='line_1_34' title="bbox 524 2074 2119 2150; baseline 0.002 -19"><span class='ocrx_word' id='word_1_279' title='bbox 524 2074 608 2132; x_wconf 88' lang='lat' dir='ltr'><strong>bis</strong></span> <span class='ocrx_word' id='word_1_280' title='bbox 625 2076 738 2147; x_wconf 92' lang='lat' dir='ltr'><strong>jam</strong></span> <span class='ocrx_word' id='word_1_281' title='bbox 778 2078 834 2132; x_wconf 91' lang='lat' dir='ltr'><strong>in</strong></span> <span class='ocrx_word' id='word_1_282' title='bbox 867 2085 985 2133; x_wconf 89' lang='lat' dir='ltr'><strong>toto</strong></span> <span class='ocrx_word' id='word_1_283' title='bbox 1028 2086 1301 2134; x_wconf 89' lang='lat' dir='ltr'><strong>mortuum</strong></span> <span class='ocrx_word' id='word_1_284' title='bbox 1330 2079 1467 2134; x_wconf 79' lang='lat' dir='ltr'><strong>dixit</strong></span> <span class='ocrx_word' id='word_1_285' title='bbox 1497 2095 1616 2135; x_wconf 92' lang='lat' dir='ltr'><strong>esse</strong></span> <span class='ocrx_word' id='word_1_286' title='bbox 1651 2089 1966 2150; x_wconf 80' lang='lat' dir='ltr'><strong>peccatum;</strong></span> <span class='ocrx_word' id='word_1_287' title='bbox 1991 2079 2119 2150; x_wconf 89' lang='lat' dir='ltr'><strong>quia</strong></span> 
     </span>
    </p>
   </div>
   <div class='ocr_carea' id='block_1_35' title="bbox 520 2167 2119 2240">
    <p class='ocr_par' dir='ltr' id='par_1_35' title="bbox 520 2167 2119 2240">
     <span class='ocr_line' id='line_1_35' title="bbox 520 2167 2119 2240; baseline 0.004 -21"><span class='ocrx_word' id='word_1_288' title='bbox 520 2169 628 2223; x_wconf 84' lang='lat' dir='ltr'><strong>etsi</strong></span> <span class='ocrx_word' id='word_1_289' title='bbox 658 2176 940 2238; x_wconf 87' lang='lat' dir='ltr'><strong>peccatum</strong></span> <span class='ocrx_word' id='word_1_290' title='bbox 974 2169 1151 2240; x_wconf 89' lang='lat' dir='ltr'><strong>ipsum</strong></span> <span class='ocrx_word' id='word_1_291' title='bbox 1173 2178 1296 2224; x_wconf 91' lang='lat' dir='ltr'><strong>actu</strong></span> <span class='ocrx_word' id='word_1_292' title='bbox 1331 2171 1510 2240; x_wconf 88' lang='lat' dir='ltr'><strong>operis</strong></span> <span class='ocrx_word' id='word_1_293' title='bbox 1535 2171 1737 2226; x_wconf 85' lang='lat' dir='ltr'><strong>sanctis</strong></span> <span class='ocrx_word' id='word_1_294' title='bbox 1776 2179 1832 2225; x_wconf 92' lang='lat' dir='ltr'><strong>et</strong></span> <span class='ocrx_word' id='word_1_295' title='bbox 1872 2167 2119 2226; x_wconf 84' lang='lat' dir='ltr'><strong>fidelibus</strong></span> 
     </span>
    </p>
   </div>
   <div class='ocr_carea' id='block_1_36' title="bbox 526 2259 2120 2331">
    <p class='ocr_par' dir='ltr' id='par_1_36' title="bbox 526 2259 2120 2331">
     <span class='ocr_line' id='line_1_36' title="bbox 526 2259 2120 2331; baseline 0.003 -16"><span class='ocrx_word' id='word_1_296' title='bbox 526 2267 610 2315; x_wconf 85' lang='lat' dir='ltr'><strong>est</strong></span> <span class='ocrx_word' id='word_1_297' title='bbox 629 2259 956 2327; x_wconf 89' lang='lat' dir='ltr'><strong>defunctum,</strong></span> <span class='ocrx_word' id='word_1_298' title='bbox 991 2262 1120 2318; x_wconf 81' lang='lat' dir='ltr'><strong>vivit</strong></span> <span class='ocrx_word' id='word_1_299' title='bbox 1156 2271 1334 2318; x_wconf 87' lang='lat' dir='ltr'><strong>tamen</strong></span> <span class='ocrx_word' id='word_1_300' title='bbox 1353 2305 1368 2331; x_wconf 91' lang='lat'><strong>,</strong></span> <span class='ocrx_word' id='word_1_301' title='bbox 1398 2271 1454 2318; x_wconf 89' lang='lat' dir='ltr'><strong>et</strong></span> <span class='ocrx_word' id='word_1_302' title='bbox 1481 2263 1658 2318; x_wconf 90' lang='lat' dir='ltr'><strong>adhuc</strong></span> <span class='ocrx_word' id='word_1_303' title='bbox 1687 2263 1740 2318; x_wconf 94' lang='lat' dir='ltr'><strong>in</strong></span> <span class='ocrx_word' id='word_1_304' title='bbox 1764 2271 2000 2318; x_wconf 88' lang='lat' dir='ltr'><strong>nostram</strong></span> <span class='ocrx_word' id='word_1_305' title='bbox 2024 2263 2120 2319; x_wconf 87' lang='lat' dir='ltr'><strong>de-</strong></span> 
     </span>
    </p>
   </div>
   <div class='ocr_carea' id='block_1_37' title="bbox 528 2351 2120 2426">
    <p class='ocr_par' dir='ltr' id='par_1_37' title="bbox 528 2351 2120 2426">
     <span class='ocr_line' id='line_1_37' title="bbox 528 2351 2120 2426; baseline 0.003 -20"><span class='ocrx_word' id='word_1_306' title='bbox 528 2351 682 2407; x_wconf 68' lang='lat' dir='ltr'><strong>saevit</strong></span> <span class='ocrx_word' id='word_1_307' title='bbox 707 2360 958 2408; x_wconf 90' lang='lat' dir='ltr'><strong>mortem.</strong></span> <span class='ocrx_word' id='word_1_308' title='bbox 991 2351 1143 2408; x_wconf 88' lang='lat' dir='ltr'><strong>Tunc</strong></span> <span class='ocrx_word' id='word_1_309' title='bbox 1171 2362 1353 2410; x_wconf 89' lang='lat' dir='ltr'><strong>autem</strong></span> <span class='ocrx_word' id='word_1_310' title='bbox 1373 2361 1655 2426; x_wconf 87' lang='lat' dir='ltr'><strong>peccatum</strong></span> <span class='ocrx_word' id='word_1_311' title='bbox 1684 2355 1857 2425; x_wconf 90' lang='lat' dir='ltr'><strong>ipsum</strong></span> <span class='ocrx_word' id='word_1_312' title='bbox 1881 2363 1906 2391; x_wconf 79' lang='grc' dir='ltr'><strong>ι</strong></span> <span class='ocrx_word' id='word_1_313' title='bbox 1929 2355 2120 2410; x_wconf 79' lang='lat' dir='ltr'><strong>morie-</strong></span> 
     </span>
    </p>
   </div>
   <div class='ocr_carea' id='block_1_38' title="bbox 528 2443 2118 2519">
    <p class='ocr_par' dir='ltr' id='par_1_38' title="bbox 528 2443 2118 2519">
     <span class='ocr_line' id='line_1_38' title="bbox 528 2443 2118 2519; baseline 0.001 -19"><span class='ocrx_word' id='word_1_314' title='bbox 528 2450 618 2500; x_wconf 76' lang='lat' dir='ltr'><strong>tur</strong></span> <span class='ocrx_word' id='word_1_315' title='bbox 645 2443 699 2497; x_wconf 89' lang='lat' dir='ltr'><strong>in</strong></span> <span class='ocrx_word' id='word_1_316' title='bbox 728 2443 902 2510; x_wconf 90' lang='lat' dir='ltr'><strong>nobis,</strong></span> <span class='ocrx_word' id='word_1_317' title='bbox 921 2460 1035 2500; x_wconf 85' lang='lat' dir='ltr'><strong>cum</strong></span> <span class='ocrx_word' id='word_1_318' title='bbox 1051 2446 1382 2518; x_wconf 84' lang='lat' dir='ltr'><strong>corruptibile</strong></span> <span class='ocrx_word' id='word_1_319' title='bbox 1407 2446 1503 2500; x_wconf 87' lang='lat' dir='ltr'><strong>Itoc</strong></span> <span class='ocrx_word' id='word_1_320' title='bbox 1530 2446 1755 2500; x_wconf 85' lang='lat' dir='ltr'><strong>induerit</strong></span> <span class='ocrx_word' id='word_1_321' title='bbox 1777 2447 2118 2519; x_wconf 83' lang='lat' dir='ltr'><strong>incorruptio-</strong></span> 
     </span>
    </p>
   </div>
   <div class='ocr_carea' id='block_1_39' title="bbox 526 2535 2117 2609">
    <p class='ocr_par' dir='ltr' id='par_1_39' title="bbox 526 2535 2117 2609">
     <span class='ocr_line' id='line_1_39' title="bbox 526 2535 2117 2609; baseline 0.002 -19"><span class='ocrx_word' id='word_1_322' title='bbox 526 2551 662 2601; x_wconf 81' lang='lat' dir='ltr'><strong>nem,</strong></span> <span class='ocrx_word' id='word_1_323' title='bbox 695 2545 745 2589; x_wconf 85' lang='lat' dir='ltr'><strong>et</strong></span> <span class='ocrx_word' id='word_1_324' title='bbox 763 2535 982 2590; x_wconf 84' lang='lat' dir='ltr'><strong>mortale</strong></span> <span class='ocrx_word' id='word_1_325' title='bbox 1009 2536 1103 2592; x_wconf 76' lang='lat' dir='ltr'><strong>hoc</strong></span> <span class='ocrx_word' id='word_1_326' title='bbox 1136 2536 1362 2592; x_wconf 82' lang='lat' dir='ltr'><strong>induerit</strong></span> <span class='ocrx_word' id='word_1_327' title='bbox 1379 2537 1849 2602; x_wconf 88' lang='lat' dir='ltr'><strong>immortalitatem,</strong></span> <span class='ocrx_word' id='word_1_328' title='bbox 1873 2546 1924 2592; x_wconf 89' lang='lat' dir='ltr'><strong>et</strong></span> <span class='ocrx_word' id='word_1_329' title='bbox 1949 2540 2117 2609; x_wconf 80' lang='lat' dir='ltr'><strong>factus</strong></span> 
     </span>
    </p>
   </div>
   <div class='ocr_carea' id='block_1_40' title="bbox 529 2628 2116 2705">
    <p class='ocr_par' dir='ltr' id='par_1_40' title="bbox 529 2628 2116 2705">
     <span class='ocr_line' id='line_1_40' title="bbox 529 2628 2116 2705; baseline 0.003 -25"><span class='ocrx_word' id='word_1_330' title='bbox 529 2628 688 2699; x_wconf 79' lang='lat' dir='ltr'><strong>fuerit</strong></span> <span class='ocrx_word' id='word_1_331' title='bbox 731 2643 901 2682; x_wconf 76' lang='lat' dir='ltr'><strong>set&#39;mo</strong></span> <span class='ocrx_word' id='word_1_332' title='bbox 942 2629 1029 2700; x_wconf 88' lang='lat' dir='ltr'><strong>qui</strong></span> <span class='ocrx_word' id='word_1_333' title='bbox 1051 2630 1273 2701; x_wconf 82' lang='lat' dir='ltr'><strong>scriptus</strong></span> <span class='ocrx_word' id='word_1_334' title='bbox 1315 2629 1543 2685; x_wconf 89' lang='lat' dir='ltr'><strong>est:ubi</strong></span> <span class='ocrx_word' id='word_1_335' title='bbox 1581 2639 1678 2696; x_wconf 86' lang='lat' dir='ltr'><strong>est,</strong></span> <span class='ocrx_word' id='word_1_336' title='bbox 1717 2645 1877 2696; x_wconf 89' lang='lat' dir='ltr'><strong>mors,</strong></span> <span class='ocrx_word' id='word_1_337' title='bbox 1910 2629 2116 2705; x_wconf 86' lang='lat' dir='ltr'><strong>aculeus</strong></span> 
     </span>
    </p>
   </div>
   <div class='ocr_carea' id='block_1_41' title="bbox 527 2718 2116 2794">
    <p class='ocr_par' dir='ltr' id='par_1_41' title="bbox 527 2718 2116 2794">
     <span class='ocr_line' id='line_1_41' title="bbox 527 2718 2116 2794; baseline 0.003 -21"><span class='ocrx_word' id='word_1_338' title='bbox 527 2721 680 2775; x_wconf 73' lang='lat' dir='ltr'><strong>tuus?</strong></span> <span class='ocrx_word' id='word_1_339' title='bbox 705 2718 793 2775; x_wconf 84' lang='lat' dir='ltr'><strong>ubi</strong></span> <span class='ocrx_word' id='word_1_340' title='bbox 834 2729 941 2787; x_wconf 86' lang='lat' dir='ltr'><strong>est,</strong></span> <span class='ocrx_word' id='word_1_341' title='bbox 971 2723 1206 2794; x_wconf 79' lang='lat' dir='ltr'><strong>inferne,</strong></span> <span class='ocrx_word' id='word_1_342' title='bbox 1249 2723 1464 2777; x_wconf 84' lang='lat' dir='ltr'><strong>victoria</strong></span> <span class='ocrx_word' id='word_1_343' title='bbox 1506 2725 1635 2778; x_wconf 87' lang='lat' dir='ltr'><strong>tua?</strong></span> <span class='ocrx_word' id='word_1_344' title='bbox 1679 2723 1899 2777; x_wconf 80' lang='lat' dir='ltr'><strong>Aculeus</strong></span> <span class='ocrx_word' id='word_1_345' title='bbox 1945 2733 2116 2778; x_wconf 85' lang='lat' dir='ltr'><strong>autem</strong></span> 
     </span>
    </p>
   </div>
   <div class='ocr_carea' id='block_1_42' title="bbox 522 2811 2111 2885">
    <p class='ocr_par' dir='ltr' id='par_1_42' title="bbox 522 2811 2111 2885">
     <span class='ocr_line' id='line_1_42' title="bbox 522 2811 2111 2885; baseline 0.001 -19"><span class='ocrx_word' id='word_1_346' title='bbox 522 2814 704 2867; x_wconf 85' lang='lat' dir='ltr'><strong>mortis</strong></span> <span class='ocrx_word' id='word_1_347' title='bbox 731 2822 996 2884; x_wconf 85' lang='lat' dir='ltr'><strong>peccatum</strong></span> <span class='ocrx_word' id='word_1_348' title='bbox 1023 2823 1100 2868; x_wconf 89' lang='lat' dir='ltr'><strong>est</strong></span> <span class='ocrx_word' id='word_1_349' title='bbox 1130 2812 1173 2885; x_wconf 93' lang='lat' dir='ltr'><strong>(l</strong></span> <span class='ocrx_word' id='word_1_350' title='bbox 1196 2811 1316 2869; x_wconf 91' lang='lat' dir='ltr'><strong>Cor.</strong></span> <span class='ocrx_word' id='word_1_351' title='bbox 1342 2814 1455 2885; x_wconf 83' lang='lat' dir='ltr'><strong>xv).</strong></span> <span class='ocrx_word' id='word_1_352' title='bbox 1482 2812 1626 2869; x_wconf 84' lang='lat' dir='ltr'><strong>Vivit</strong></span> <span class='ocrx_word' id='word_1_353' title='bbox 1653 2823 1836 2869; x_wconf 85' lang='lat' dir='ltr'><strong>autem</strong></span> <span class='ocrx_word' id='word_1_354' title='bbox 1863 2821 2111 2885; x_wconf 88' lang='lat' dir='ltr'><strong>peccato,</strong></span> 
     </span>
    </p>
   </div>
   <div class='ocr_carea' id='block_1_43' title="bbox 523 2904 2114 2977">
    <p class='ocr_par' dir='ltr' id='par_1_43' title="bbox 523 2904 2114 2977">
     <span class='ocr_line' id='line_1_43' title="bbox 523 2904 2114 2977; baseline 0.001 -18"><span class='ocrx_word' id='word_1_355' title='bbox 523 2905 616 2974; x_wconf 91' lang='lat' dir='ltr'><strong>qui</strong></span> <span class='ocrx_word' id='word_1_356' title='bbox 644 2904 776 2976; x_wconf 87' lang='lat' dir='ltr'><strong>ejus,</strong></span> <span class='ocrx_word' id='word_1_357' title='bbox 799 2907 939 2961; x_wconf 89' lang='lat' dir='ltr'><strong>sicut</strong></span> <span class='ocrx_word' id='word_1_358' title='bbox 960 2906 1014 2960; x_wconf 90' lang='lat' dir='ltr'><strong>in</strong></span> <span class='ocrx_word' id='word_1_359' title='bbox 1035 2906 1491 2976; x_wconf 88' lang='lat' dir='ltr'><strong>consequentibus</strong></span> <span class='ocrx_word' id='word_1_360' title='bbox 1519 2905 1667 2972; x_wconf 91' lang='lat' dir='ltr'><strong>dicit,</strong></span> <span class='ocrx_word' id='word_1_361' title='bbox 1685 2905 1712 2945; x_wconf 74' lang='grc' dir='ltr'>ι’</span> <span class='ocrx_word' id='word_1_362' title='bbox 1729 2907 2114 2977; x_wconf 86' lang='lat' dir='ltr'><strong>concupiscen-</strong></span> 
     </span>
    </p>
   </div>
   <div class='ocr_carea' id='block_1_44' title="bbox 524 2994 2112 3067">
    <p class='ocr_par' dir='ltr' id='par_1_44' title="bbox 524 2994 2112 3067">
     <span class='ocr_line' id='line_1_44' title="bbox 524 2994 2112 3067; baseline 0.002 -18"><span class='ocrx_word' id='word_1_363' title='bbox 524 2995 615 3050; x_wconf 91' lang='lat' dir='ltr'><strong>tiis</strong></span> <span class='ocrx_word' id='word_1_364' title='bbox 642 2994 963 3063; x_wconf 80' lang='lat' dir='ltr'><strong>famulatur;</strong></span> <span class='ocrx_word' id='word_1_365' title='bbox 1005 3005 1062 3052; x_wconf 88' lang='lat' dir='ltr'><strong>et</strong></span> <span class='ocrx_word' id='word_1_366' title='bbox 1105 2997 1337 3052; x_wconf 90' lang='lat' dir='ltr'><strong>stimulis</strong></span> <span class='ocrx_word' id='word_1_367' title='bbox 1377 2996 1711 3052; x_wconf 90' lang='lat' dir='ltr'><strong>miserandus</strong></span> <span class='ocrx_word' id='word_1_368' title='bbox 1740 2997 1994 3063; x_wconf 89' lang='lat' dir='ltr'><strong>inservit,</strong></span> <span class='ocrx_word' id='word_1_369' title='bbox 2019 2998 2112 3067; x_wconf 90' lang='lat' dir='ltr'><strong>qui</strong></span> 
     </span>
    </p>
   </div>
   <div class='ocr_carea' id='block_1_45' title="bbox 524 3087 2112 3158">
    <p class='ocr_par' dir='ltr' id='par_1_45' title="bbox 524 3087 2112 3158">
     <span class='ocr_line' id='line_1_45' title="bbox 524 3087 2112 3158; baseline -0.003 -12"><span class='ocrx_word' id='word_1_370' title='bbox 524 3087 856 3146; x_wconf 87' lang='lat' dir='ltr'><strong>obseeundat</strong></span> <span class='ocrx_word' id='word_1_371' title='bbox 883 3089 1059 3154; x_wconf 90' lang='lat' dir='ltr'><strong>vitiis,</strong></span> <span class='ocrx_word' id='word_1_372' title='bbox 1091 3088 1184 3158; x_wconf 86' lang='lat' dir='ltr'><strong>qui</strong></span> <span class='ocrx_word' id='word_1_373' title='bbox 1212 3088 1524 3143; x_wconf 87' lang='lat' dir='ltr'><strong>criminibus</strong></span> <span class='ocrx_word' id='word_1_374' title='bbox 1546 3087 1744 3144; x_wconf 89' lang='lat' dir='ltr'><strong>infelici</strong></span> <span class='ocrx_word' id='word_1_375' title='bbox 1774 3097 1829 3143; x_wconf 88' lang='lat' dir='ltr'><strong>et</strong></span> <span class='ocrx_word' id='word_1_376' title='bbox 1855 3089 2112 3144; x_wconf 90' lang='lat' dir='ltr'><strong>continua</strong></span> 
     </span>
    </p>
   </div>
   <div class='ocr_carea' id='block_1_46' title="bbox 2221 1889 3770 1962">
    <p class='ocr_par' dir='ltr' id='par_1_46' title="bbox 2221 1889 3770 1962">
     <span class='ocr_line' id='line_1_46' title="bbox 2221 1889 3770 1962; baseline 0.004 -17"><span class='ocrx_word' id='word_1_377' title='bbox 2221 1889 2289 1945; x_wconf 85' lang='lat' dir='ltr'><strong>Et</strong></span> <span class='ocrx_word' id='word_1_378' title='bbox 2318 1891 2511 1946; x_wconf 84' lang='lat' dir='ltr'><strong>iterum</strong></span> <span class='ocrx_word' id='word_1_379' title='bbox 2539 1909 2552 1945; x_wconf 92' lang='lat'><strong>:</strong></span> <span class='ocrx_word' id='word_1_380' title='bbox 2585 1890 2866 1947; x_wconf 80' lang='lat' dir='ltr'><strong>Peccatum</strong></span> <span class='ocrx_word' id='word_1_381' title='bbox 2890 1893 3030 1948; x_wconf 74' lang='lat' dir='ltr'><strong>vobis</strong></span> <span class='ocrx_word' id='word_1_382' title='bbox 3050 1911 3153 1949; x_wconf 84' lang='lat' dir='ltr'><strong>non</strong></span> <span class='ocrx_word' id='word_1_383' title='bbox 3178 1893 3492 1950; x_wconf 81' lang='lat' dir='ltr'><strong>dominetur.</strong></span> <span class='ocrx_word' id='word_1_384' title='bbox 3517 1894 3632 1950; x_wconf 85' lang='lat' dir='ltr'><strong>Non</strong></span> <span class='ocrx_word' id='word_1_385' title='bbox 3651 1897 3770 1962; x_wconf 75' lang='lat' dir='ltr'><strong>dixit,</strong></span> 
     </span>
    </p>
   </div>
   <div class='ocr_carea' id='block_1_47' title="bbox 2219 1983 3772 2058">
    <p class='ocr_par' dir='ltr' id='par_1_47' title="bbox 2219 1983 3772 2058">
     <span class='ocr_line' id='line_1_47' title="bbox 2219 1983 3772 2058; baseline 0.002 -19"><span class='ocrx_word' id='word_1_386' title='bbox 2219 1983 2336 2040; x_wconf 87' lang='lat' dir='ltr'><strong>Non</strong></span> <span class='ocrx_word' id='word_1_387' title='bbox 2365 1983 2551 2040; x_wconf 90' lang='lat' dir='ltr'><strong>veniat</strong></span> <span class='ocrx_word' id='word_1_388' title='bbox 2577 1984 2646 2040; x_wconf 88' lang='lat' dir='ltr'><strong>ad</strong></span> <span class='ocrx_word' id='word_1_389' title='bbox 2673 1999 2800 2052; x_wconf 89' lang='lat' dir='ltr'><strong>vos;</strong></span> <span class='ocrx_word' id='word_1_390' title='bbox 2826 2000 2937 2041; x_wconf 89' lang='lat' dir='ltr'><strong>non</strong></span> <span class='ocrx_word' id='word_1_391' title='bbox 2965 1985 3121 2052; x_wconf 89' lang='lat' dir='ltr'><strong>dixit,</strong></span> <span class='ocrx_word' id='word_1_392' title='bbox 3152 1984 3270 2041; x_wconf 85' lang='lat' dir='ltr'><strong>Non</strong></span> <span class='ocrx_word' id='word_1_393' title='bbox 3299 1995 3588 2058; x_wconf 88' lang='lat' dir='ltr'><strong>provocet,</strong></span> <span class='ocrx_word' id='word_1_394' title='bbox 3617 2003 3710 2042; x_wconf 89' lang='lat' dir='ltr'><strong>non</strong></span> <span class='ocrx_word' id='word_1_395' title='bbox 3732 1989 3772 2042; x_wconf 89' lang='lat' dir='ltr'><strong>ti-</strong></span> 
     </span>
    </p>
   </div>
   <div class='ocr_carea' id='block_1_48' title="bbox 2217 2063 3771 2149">
    <p class='ocr_par' dir='ltr' id='par_1_48' title="bbox 2217 2063 3771 2149">
     <span class='ocr_line' id='line_1_48' title="bbox 2217 2063 3771 2149; baseline 0.003 -19"><span class='ocrx_word' id='word_1_396' title='bbox 2217 2075 2387 2143; x_wconf 90' lang='lat' dir='ltr'><strong>tillet;</strong></span> <span class='ocrx_word' id='word_1_397' title='bbox 2417 2063 2534 2143; x_wconf 84' lang='lat' dir='ltr'><strong>sed,</strong></span> <span class='ocrx_word' id='word_1_398' title='bbox 2567 2073 2694 2131; x_wconf 80' lang='lat' dir='ltr'><strong>Non</strong></span> <span class='ocrx_word' id='word_1_399' title='bbox 2735 2087 2930 2149; x_wconf 80' lang='lat' dir='ltr'><strong>regnet,</strong></span> <span class='ocrx_word' id='word_1_400' title='bbox 2960 2094 3066 2133; x_wconf 82' lang='lat' dir='ltr'><strong>non</strong></span> <span class='ocrx_word' id='word_1_401' title='bbox 3107 2077 3420 2144; x_wconf 76' lang='lat' dir='ltr'><strong>dominetur,</strong></span> <span class='ocrx_word' id='word_1_402' title='bbox 3464 2076 3704 2149; x_wconf 79' lang='lat' dir='ltr'><strong>conﬂigat</strong></span> <span class='ocrx_word' id='word_1_403' title='bbox 3724 2078 3771 2134; x_wconf 83' lang='lat' dir='ltr'><strong>ad</strong></span> 
     </span>
    </p>
   </div>
   <div class='ocr_carea' id='block_1_49' title="bbox 2221 2167 3771 2242">
    <p class='ocr_par' dir='ltr' id='par_1_49' title="bbox 2221 2167 3771 2242">
     <span class='ocr_line' id='line_1_49' title="bbox 2221 2167 3771 2242; baseline 0.003 -20"><span class='ocrx_word' id='word_1_404' title='bbox 2221 2167 2486 2223; x_wconf 87' lang='lat' dir='ltr'><strong>vincentis</strong></span> <span class='ocrx_word' id='word_1_405' title='bbox 2512 2167 2741 2238; x_wconf 85' lang='lat' dir='ltr'><strong>gloriam</strong></span> <span class='ocrx_word' id='word_1_406' title='bbox 2759 2209 2775 2236; x_wconf 94' lang='lat'><strong>,</strong></span> <span class='ocrx_word' id='word_1_407' title='bbox 2807 2167 3029 2225; x_wconf 89' lang='lat' dir='ltr'><strong>dimicet</strong></span> <span class='ocrx_word' id='word_1_408' title='bbox 3055 2177 3111 2225; x_wconf 88' lang='lat' dir='ltr'><strong>et</strong></span> <span class='ocrx_word' id='word_1_409' title='bbox 3149 2169 3364 2227; x_wconf 88' lang='lat' dir='ltr'><strong>decidat</strong></span> <span class='ocrx_word' id='word_1_410' title='bbox 3390 2169 3461 2225; x_wconf 91' lang='lat' dir='ltr'><strong>ad</strong></span> <span class='ocrx_word' id='word_1_411' title='bbox 3483 2171 3771 2242; x_wconf 86' lang='lat' dir='ltr'><strong>triumphum</strong></span> 
     </span>
    </p>
   </div>
   <div class='ocr_carea' id='block_1_50' title="bbox 2216 2259 3769 2334">
    <p class='ocr_par' dir='ltr' id='par_1_50' title="bbox 2216 2259 3769 2334">
     <span class='ocr_line' id='line_1_50' title="bbox 2216 2259 3769 2334; baseline 0.002 -20"><span class='ocrx_word' id='word_1_412' title='bbox 2216 2260 2472 2326; x_wconf 87' lang='lat' dir='ltr'><strong>victoris;</strong></span> <span class='ocrx_word' id='word_1_413' title='bbox 2502 2269 2558 2316; x_wconf 92' lang='lat' dir='ltr'><strong>et</strong></span> <span class='ocrx_word' id='word_1_414' title='bbox 2587 2259 2806 2317; x_wconf 90' lang='lat' dir='ltr'><strong>tandem</strong></span> <span class='ocrx_word' id='word_1_415' title='bbox 2833 2276 2894 2316; x_wconf 86' lang='lat' dir='ltr'><strong>se</strong></span> <span class='ocrx_word' id='word_1_416' title='bbox 2921 2261 3105 2318; x_wconf 89' lang='lat' dir='ltr'><strong>doleat</strong></span> <span class='ocrx_word' id='word_1_417' title='bbox 3124 2262 3288 2334; x_wconf 91' lang='lat' dir='ltr'><strong>impia</strong></span> <span class='ocrx_word' id='word_1_418' title='bbox 3316 2263 3536 2334; x_wconf 87' lang='lat' dir='ltr'><strong>peccati</strong></span> <span class='ocrx_word' id='word_1_419' title='bbox 3563 2263 3769 2318; x_wconf 84' lang='lat' dir='ltr'><strong>domina-</strong></span> 
     </span>
    </p>
   </div>
   <div class='ocr_carea' id='block_1_51' title="bbox 2217 2352 3770 2423">
    <p class='ocr_par' dir='ltr' id='par_1_51' title="bbox 2217 2352 3770 2423">
     <span class='ocr_line' id='line_1_51' title="bbox 2217 2352 3770 2423; baseline 0.001 -17"><span class='ocrx_word' id='word_1_420' title='bbox 2217 2352 2294 2407; x_wconf 91' lang='lat' dir='ltr'><strong>tio</strong></span> <span class='ocrx_word' id='word_1_421' title='bbox 2324 2367 2354 2408; x_wconf 89' lang='lat' dir='ltr'><strong>a</strong></span> <span class='ocrx_word' id='word_1_422' title='bbox 2384 2352 2555 2407; x_wconf 90' lang='lat' dir='ltr'><strong>servis</strong></span> <span class='ocrx_word' id='word_1_423' title='bbox 2582 2352 2854 2423; x_wconf 89' lang='lat' dir='ltr'><strong>quondam</strong></span> <span class='ocrx_word' id='word_1_424' title='bbox 2883 2353 2994 2408; x_wconf 91' lang='lat' dir='ltr'><strong>suis</strong></span> <span class='ocrx_word' id='word_1_425' title='bbox 3021 2361 3136 2409; x_wconf 88' lang='lat' dir='ltr'><strong>tota</strong></span> <span class='ocrx_word' id='word_1_426' title='bbox 3165 2354 3462 2410; x_wconf 83' lang='lat' dir='ltr'><strong>securitate</strong></span> <span class='ocrx_word' id='word_1_427' title='bbox 3491 2354 3708 2419; x_wconf 85' lang='lat' dir='ltr'><strong>calcari;</strong></span> <span class='ocrx_word' id='word_1_428' title='bbox 3729 2361 3770 2408; x_wconf 89' lang='lat' dir='ltr'><strong>et</strong></span> 
     </span>
    </p>
   </div>
   <div class='ocr_carea' id='block_1_52' title="bbox 2217 2442 3769 2515">
    <p class='ocr_par' dir='ltr' id='par_1_52' title="bbox 2217 2442 3769 2515">
     <span class='ocr_line' id='line_1_52' title="bbox 2217 2442 3769 2515; baseline 0.001 -18"><span class='ocrx_word' id='word_1_429' title='bbox 2217 2442 2449 2498; x_wconf 88' lang='lat' dir='ltr'><strong>crudelis</strong></span> <span class='ocrx_word' id='word_1_430' title='bbox 2480 2453 2739 2515; x_wconf 87' lang='lat' dir='ltr'><strong>tyrannus</strong></span> <span class='ocrx_word' id='word_1_431' title='bbox 2770 2442 3086 2514; x_wconf 84' lang='lat' dir='ltr'><strong>ingemiscat</strong></span> <span class='ocrx_word' id='word_1_432' title='bbox 3129 2443 3435 2514; x_wconf 88' lang='lat' dir='ltr'><strong>subjectum</strong></span> <span class='ocrx_word' id='word_1_433' title='bbox 3491 2459 3556 2502; x_wconf 89' lang='lat' dir='ltr'><strong>se</strong></span> <span class='ocrx_word' id='word_1_434' title='bbox 3592 2459 3769 2499; x_wconf 85' lang='lat' dir='ltr'><strong>suonnu</strong></span> 
     </span>
    </p>
   </div>
   <div class='ocr_carea' id='block_1_53' title="bbox 2216 2532 3770 2608">
    <p class='ocr_par' dir='ltr' id='par_1_53' title="bbox 2216 2532 3770 2608">
     <span class='ocr_line' id='line_1_53' title="bbox 2216 2532 3770 2608; baseline 0.001 -20"><span class='ocrx_word' id='word_1_435' title='bbox 2216 2532 2444 2604; x_wconf 88' lang='lat' dir='ltr'><strong>pedibus</strong></span> <span class='ocrx_word' id='word_1_436' title='bbox 2478 2533 2849 2605; x_wconf 90' lang='lat' dir='ltr'><strong>captivorum;</strong></span> <span class='ocrx_word' id='word_1_437' title='bbox 2893 2543 2949 2589; x_wconf 85' lang='lat' dir='ltr'><strong>ct</strong></span> <span class='ocrx_word' id='word_1_438' title='bbox 2988 2534 3056 2590; x_wconf 88' lang='lat' dir='ltr'><strong>ad</strong></span> <span class='ocrx_word' id='word_1_439' title='bbox 3103 2550 3293 2591; x_wconf 90' lang='lat' dir='ltr'><strong>eorum</strong></span> <span class='ocrx_word' id='word_1_440' title='bbox 3337 2535 3690 2608; x_wconf 87' lang='lat' dir='ltr'><strong>triumphum,</strong></span> <span class='ocrx_word' id='word_1_441' title='bbox 3720 2533 3770 2590; x_wconf 78' lang='lat' dir='ltr'><strong>de</strong></span> 
     </span>
    </p>
   </div>
   <div class='ocr_carea' id='block_1_54' title="bbox 2216 2627 3769 2700">
    <p class='ocr_par' dir='ltr' id='par_1_54' title="bbox 2216 2627 3769 2700">
     <span class='ocr_line' id='line_1_54' title="bbox 2216 2627 3769 2700; baseline 0.001 -18"><span class='ocrx_word' id='word_1_442' title='bbox 2216 2627 2412 2698; x_wconf 88' lang='lat' dir='ltr'><strong>quibus</strong></span> <span class='ocrx_word' id='word_1_443' title='bbox 2438 2627 2528 2683; x_wconf 89' lang='lat' dir='ltr'><strong>diu</strong></span> <span class='ocrx_word' id='word_1_444' title='bbox 2559 2628 3012 2699; x_wconf 89' lang='lat' dir='ltr'><strong>triumphaverat,</strong></span> <span class='ocrx_word' id='word_1_445' title='bbox 3061 2644 3121 2685; x_wconf 86' lang='lat' dir='ltr'><strong>se</strong></span> <span class='ocrx_word' id='word_1_446' title='bbox 3147 2637 3439 2686; x_wconf 86' lang='lat' dir='ltr'><strong>veteranus</strong></span> <span class='ocrx_word' id='word_1_447' title='bbox 3481 2628 3649 2686; x_wconf 89' lang='lat' dir='ltr'><strong>hostis</strong></span> <span class='ocrx_word' id='word_1_448' title='bbox 3678 2642 3769 2700; x_wconf 86' lang='lat' dir='ltr'><strong>per-</strong></span> 
     </span>
    </p>
   </div>
   <div class='ocr_carea' id='block_1_55' title="bbox 2216 2719 2723 2791">
    <p class='ocr_par' dir='ltr' id='par_1_55' title="bbox 2216 2719 2723 2791">
     <span class='ocr_line' id='line_1_55' title="bbox 2216 2719 2723 2791; baseline 0.004 -17"><span class='ocrx_word' id='word_1_449' title='bbox 2216 2719 2429 2776; x_wconf 89' lang='lat' dir='ltr'><strong>venisse</strong></span> <span class='ocrx_word' id='word_1_450' title='bbox 2456 2719 2723 2791; x_wconf 91' lang='lat' dir='ltr'><strong>deploret.</strong></span> 
     </span>
    </p>
   </div>
   <div class='ocr_carea' id='block_1_56' title="bbox 2779 2808 3229 2868">
    <p class='ocr_par' dir='ltr' id='par_1_56' title="bbox 2779 2808 3229 2868">
     <span class='ocr_line' id='line_1_56' title="bbox 2779 2808 3229 2868; baseline 0.002 -1"><span class='ocrx_word' id='word_1_451' title='bbox 2779 2808 3012 2867; x_wconf 82' lang='lat' dir='ltr'><strong>SERMO</strong></span> <span class='ocrx_word' id='word_1_452' title='bbox 3046 2809 3229 2868; x_wconf 78' lang='lat' dir='ltr'><strong>CXIV.</strong></span> 
     </span>
    </p>
   </div>
   <div class='ocr_carea' id='block_1_57' title="bbox 2215 2899 3768 2975">
    <p class='ocr_par' dir='ltr' id='par_1_57' title="bbox 2215 2899 3768 2975">
     <span class='ocr_line' id='line_1_57' title="bbox 2215 2899 3768 2975; baseline 0.002 -19"><span class='ocrx_word' id='word_1_453' title='bbox 2215 2899 2297 2956; x_wconf 89' lang='lat' dir='ltr'><strong>De</strong></span> <span class='ocrx_word' id='word_1_454' title='bbox 2320 2902 2480 2957; x_wconf 73' lang='lat' dir='ltr'><strong>servis</strong></span> <span class='ocrx_word' id='word_1_455' title='bbox 2501 2901 2626 2974; x_wconf 85' lang='lat' dir='ltr'><strong>legis</strong></span> <span class='ocrx_word' id='word_1_456' title='bbox 2648 2911 2698 2957; x_wconf 91' lang='lat' dir='ltr'><strong>et</strong></span> <span class='ocrx_word' id='word_1_457' title='bbox 2725 2904 2930 2975; x_wconf 75' lang='lat' dir='ltr'><strong>graliat.</strong></span> <span class='ocrx_word' id='word_1_458' title='bbox 2964 2901 3022 2975; x_wconf 89' lang='lat' dir='ltr'><strong>In</strong></span> <span class='ocrx_word' id='word_1_459' title='bbox 3050 2903 3215 2975; x_wconf 81' lang='lat' dir='ltr'><strong>verba</strong></span> <span class='ocrx_word' id='word_1_460' title='bbox 3243 2901 3531 2975; x_wconf 85' lang='lat' dir='ltr'><strong>ejusdem:</strong></span> <span class='ocrx_word' id='word_1_461' title='bbox 3560 2901 3768 2959; x_wconf 65' lang='lat' dir='ltr'><strong>Peccavi-</strong></span> 
     </span>
    </p>
   </div>
   <div class='ocr_carea' id='block_1_58' title="bbox 2285 2973 3713 3047">
    <p class='ocr_par' dir='ltr' id='par_1_58' title="bbox 2285 2973 3713 3047">
     <span class='ocr_line' id='line_1_58' title="bbox 2285 2973 3713 3047; baseline 0.001 -19"><span class='ocrx_word' id='word_1_462' title='bbox 2285 2989 2420 3039; x_wconf 85' lang='lat' dir='ltr'><strong>mus,</strong></span> <span class='ocrx_word' id='word_1_463' title='bbox 2450 2973 2571 3046; x_wconf 83' lang='lat' dir='ltr'><strong>quia</strong></span> <span class='ocrx_word' id='word_1_464' title='bbox 2593 2989 2696 3028; x_wconf 83' lang='lat' dir='ltr'><strong>non</strong></span> <span class='ocrx_word' id='word_1_465' title='bbox 2723 2973 2899 3028; x_wconf 81' lang='lat' dir='ltr'><strong>sumus</strong></span> <span class='ocrx_word' id='word_1_466' title='bbox 2918 2973 3012 3028; x_wconf 94' lang='lat' dir='ltr'><strong>sub</strong></span> <span class='ocrx_word' id='word_1_467' title='bbox 3042 2974 3169 3046; x_wconf 84' lang='lat' dir='ltr'><strong>lege,</strong></span> <span class='ocrx_word' id='word_1_468' title='bbox 3195 2973 3288 3030; x_wconf 85' lang='lat' dir='ltr'><strong>sed</strong></span> <span class='ocrx_word' id='word_1_469' title='bbox 3306 2975 3400 3028; x_wconf 88' lang='lat' dir='ltr'><strong>sub</strong></span> <span class='ocrx_word' id='word_1_470' title='bbox 3421 2975 3713 3047; x_wconf 80' lang='lat' dir='ltr'><strong>gratia,etc.</strong></span> 
     </span>
    </p>
   </div>
   <div class='ocr_carea' id='block_1_59' title="bbox 2287 3085 3767 3159">
    <p class='ocr_par' dir='ltr' id='par_1_59' title="bbox 2287 3085 3767 3159">
     <span class='ocr_line' id='line_1_59' title="bbox 2287 3085 3767 3159; baseline 0.001 -18"><span class='ocrx_word' id='word_1_471' title='bbox 2287 3085 2438 3142; x_wconf 90' lang='lat' dir='ltr'><strong>Sicut</strong></span> <span class='ocrx_word' id='word_1_472' title='bbox 2464 3085 2831 3158; x_wconf 88' lang='lat' dir='ltr'><strong>peregrinanti</strong></span> <span class='ocrx_word' id='word_1_473' title='bbox 2861 3085 3067 3142; x_wconf 86' lang='lat' dir='ltr'><strong>reditus</strong></span> <span class='ocrx_word' id='word_1_474' title='bbox 3107 3086 3176 3142; x_wconf 92' lang='lat' dir='ltr'><strong>ad</strong></span> <span class='ocrx_word' id='word_1_475' title='bbox 3204 3088 3426 3159; x_wconf 85' lang='lat' dir='ltr'><strong>propria</strong></span> <span class='ocrx_word' id='word_1_476' title='bbox 3454 3087 3623 3144; x_wconf 90' lang='lat' dir='ltr'><strong>dulcis</strong></span> <span class='ocrx_word' id='word_1_477' title='bbox 3650 3103 3767 3142; x_wconf 88' lang='lat' dir='ltr'><strong>sem-</strong></span> 
     </span>
    </p>
   </div>
   <div class='ocr_carea' id='block_1_60' title="bbox 523 3167 3770 3251">
    <p class='ocr_par' dir='ltr' id='par_1_60' title="bbox 523 3167 3770 3251">
     <span class='ocr_line' id='line_1_60' title="bbox 523 3167 3770 3251; baseline -0.002 -15"><span class='ocrx_word' id='word_1_478' title='bbox 523 3180 837 3251; x_wconf 88' lang='lat' dir='ltr'><strong>captivitate</strong></span> <span class='ocrx_word' id='word_1_479' title='bbox 864 3180 1180 3246; x_wconf 89' lang='lat' dir='ltr'><strong>succumbit,</strong></span> <span class='ocrx_word' id='word_1_480' title='bbox 1213 3181 1303 3250; x_wconf 91' lang='lat' dir='ltr'><strong>qui</strong></span> <span class='ocrx_word' id='word_1_481' title='bbox 1331 3179 1475 3249; x_wconf 91' lang='lat' dir='ltr'><strong>quod</strong></span> <span class='ocrx_word' id='word_1_482' title='bbox 1497 3179 1679 3234; x_wconf 87' lang='lat' dir='ltr'><strong>delicti</strong></span> <span class='ocrx_word' id='word_1_483' title='bbox 1700 3187 1785 3234; x_wconf 90' lang='lat' dir='ltr'><strong>est</strong></span> <span class='ocrx_word' id='word_1_484' title='bbox 1811 3195 1930 3234; x_wconf 89' lang='lat' dir='ltr'><strong>esse</strong></span> <span class='ocrx_word' id='word_1_485' title='bbox 1957 3188 2114 3234; x_wconf 89' lang='lat' dir='ltr'><strong>autu-</strong></span> <span class='ocrx_word' id='word_1_486' title='bbox 2138 3167 2184 3231; x_wconf 86' lang='lat' dir='ltr'><strong>C</strong></span> <span class='ocrx_word' id='word_1_487' title='bbox 2215 3193 2315 3249; x_wconf 84' lang='lat' dir='ltr'><strong>per</strong></span> <span class='ocrx_word' id='word_1_488' title='bbox 2341 3186 2396 3233; x_wconf 90' lang='lat' dir='ltr'><strong>et</strong></span> <span class='ocrx_word' id='word_1_489' title='bbox 2423 3178 2619 3233; x_wconf 91' lang='lat' dir='ltr'><strong>charus</strong></span> <span class='ocrx_word' id='word_1_490' title='bbox 2639 3185 2741 3244; x_wconf 88' lang='lat' dir='ltr'><strong>est,</strong></span> <span class='ocrx_word' id='word_1_491' title='bbox 2773 3186 2830 3233; x_wconf 88' lang='lat' dir='ltr'><strong>et</strong></span> <span class='ocrx_word' id='word_1_492' title='bbox 2849 3177 3150 3234; x_wconf 71' lang='lat' dir='ltr'><strong>vernacula:</strong></span> <span class='ocrx_word' id='word_1_493' title='bbox 3168 3177 3364 3234; x_wconf 87' lang='lat' dir='ltr'><strong>domus</strong></span> <span class='ocrx_word' id='word_1_494' title='bbox 3386 3179 3637 3234; x_wconf 89' lang='lat' dir='ltr'><strong>vestibula</strong></span> <span class='ocrx_word' id='word_1_495' title='bbox 3666 3184 3770 3232; x_wconf 86' lang='lat' dir='ltr'><strong>sunt</strong></span> 
     </span>
    </p>
   </div>
   <div class='ocr_carea' id='block_1_61' title="bbox 526 3268 3768 3344">
    <p class='ocr_par' dir='ltr' id='par_1_61' title="bbox 526 3268 3768 3344">
     <span class='ocr_line' id='line_1_61' title="bbox 526 3268 3768 3344; baseline -0.002 -16"><span class='ocrx_word' id='word_1_496' title='bbox 526 3282 639 3328; x_wconf 88' lang='lat' dir='ltr'><strong>mat</strong></span> <span class='ocrx_word' id='word_1_497' title='bbox 665 3274 772 3330; x_wconf 91' lang='lat' dir='ltr'><strong>hoc</strong></span> <span class='ocrx_word' id='word_1_498' title='bbox 807 3283 1032 3340; x_wconf 82' lang='lat' dir='ltr'><strong>naturae,</strong></span> <span class='ocrx_word' id='word_1_499' title='bbox 1073 3284 1128 3328; x_wconf 90' lang='lat' dir='ltr'><strong>et</strong></span> <span class='ocrx_word' id='word_1_500' title='bbox 1163 3274 1353 3328; x_wconf 90' lang='lat' dir='ltr'><strong>morbo</strong></span> <span class='ocrx_word' id='word_1_501' title='bbox 1381 3274 1474 3344; x_wconf 90' lang='lat' dir='ltr'><strong>qui</strong></span> <span class='ocrx_word' id='word_1_502' title='bbox 1522 3282 1606 3328; x_wconf 88' lang='grc' dir='ltr'><strong>εει</strong></span> <span class='ocrx_word' id='word_1_503' title='bbox 1652 3272 1900 3329; x_wconf 87' lang='lat' dir='ltr'><strong>accidens</strong></span> <span class='ocrx_word' id='word_1_504' title='bbox 1948 3273 2118 3327; x_wconf 90' lang='lat' dir='ltr'><strong>utitur</strong></span> <span class='ocrx_word' id='word_1_505' title='bbox 2217 3270 2453 3338; x_wconf 89' lang='lat' dir='ltr'><strong>gratiosa</strong></span> <span class='ocrx_word' id='word_1_506' title='bbox 2483 3275 2606 3338; x_wconf 90' lang='lat' dir='ltr'><strong>post</strong></span> <span class='ocrx_word' id='word_1_507' title='bbox 2646 3276 2889 3338; x_wconf 88' lang='lat' dir='ltr'><strong>tempus,</strong></span> <span class='ocrx_word' id='word_1_508' title='bbox 2923 3268 2998 3323; x_wconf 91' lang='lat' dir='ltr'><strong>ita</strong></span> <span class='ocrx_word' id='word_1_509' title='bbox 3037 3268 3171 3323; x_wconf 89' lang='lat' dir='ltr'><strong>mihi</strong></span> <span class='ocrx_word' id='word_1_510' title='bbox 3209 3277 3338 3340; x_wconf 86' lang='lat' dir='ltr'><strong>post</strong></span> <span class='ocrx_word' id='word_1_511' title='bbox 3379 3268 3640 3324; x_wconf 85' lang='lat' dir='ltr'><strong>intervalla</strong></span> <span class='ocrx_word' id='word_1_512' title='bbox 3663 3282 3768 3322; x_wconf 88' lang='lat' dir='ltr'><strong>ser-</strong></span> 
     </span>
    </p>
   </div>
   <div class='ocr_carea' id='block_1_62' title="bbox 523 3357 3769 3436">
    <p class='ocr_par' dir='ltr' id='par_1_62' title="bbox 523 3357 3769 3436">
     <span class='ocr_line' id='line_1_62' title="bbox 523 3357 3769 3436; baseline -0.003 -16"><span class='ocrx_word' id='word_1_513' title='bbox 523 3364 673 3420; x_wconf 84' lang='lat' dir='ltr'><strong>velut</strong></span> <span class='ocrx_word' id='word_1_514' title='bbox 685 3379 852 3436; x_wconf 90' lang='lat' dir='ltr'><strong>opere</strong></span> <span class='ocrx_word' id='word_1_515' title='bbox 873 3372 927 3419; x_wconf 92' lang='lat' dir='ltr'><strong>et</strong></span> <span class='ocrx_word' id='word_1_516' title='bbox 948 3364 1209 3419; x_wconf 80' lang='lat' dir='ltr'><strong>beneficio</strong></span> <span class='ocrx_word' id='word_1_517' title='bbox 1230 3362 1558 3420; x_wconf 88' lang='lat' dir='ltr'><strong>Conditoris.</strong></span> <span class='ocrx_word' id='word_1_518' title='bbox 1582 3361 1649 3417; x_wconf 84' lang='lat' dir='ltr'><strong>Et</strong></span> <span class='ocrx_word' id='word_1_519' title='bbox 1666 3363 1785 3418; x_wconf 91' lang='lat' dir='ltr'><strong>ideo</strong></span> <span class='ocrx_word' id='word_1_520' title='bbox 1805 3363 1873 3416; x_wconf 87' lang='lat' dir='ltr'><strong>ad</strong></span> <span class='ocrx_word' id='word_1_521' title='bbox 1889 3377 2118 3431; x_wconf 88' lang='lat' dir='ltr'><strong>arguen-</strong></span> <span class='ocrx_word' id='word_1_522' title='bbox 2217 3360 2392 3416; x_wconf 91' lang='lat' dir='ltr'><strong>monis</strong></span> <span class='ocrx_word' id='word_1_523' title='bbox 2419 3359 2487 3414; x_wconf 89' lang='lat' dir='ltr'><strong>ad</strong></span> <span class='ocrx_word' id='word_1_524' title='bbox 2517 3359 2939 3431; x_wconf 88' lang='lat' dir='ltr'><strong>apostolicarum</strong></span> <span class='ocrx_word' id='word_1_525' title='bbox 2975 3371 2998 3399; x_wconf 74' lang='grc' dir='ltr'><strong>ε</strong></span> <span class='ocrx_word' id='word_1_526' title='bbox 3029 3360 3227 3415; x_wconf 86' lang='lat' dir='ltr'><strong>seriem</strong></span> <span class='ocrx_word' id='word_1_527' title='bbox 3267 3359 3555 3417; x_wconf 87' lang='lat' dir='ltr'><strong>lectionum</strong></span> <span class='ocrx_word' id='word_1_528' title='bbox 3577 3357 3769 3414; x_wconf 89' lang='lat' dir='ltr'><strong>suavior</strong></span> 
     </span>
    </p>
   </div>
   <div class='ocr_carea' id='block_1_63' title="bbox 523 3450 3765 3525">
    <p class='ocr_par' dir='ltr' id='par_1_63' title="bbox 523 3450 3765 3525">
     <span class='ocr_line' id='line_1_63' title="bbox 523 3450 3765 3525; baseline -0.002 -14"><span class='ocrx_word' id='word_1_529' title='bbox 523 3453 652 3511; x_wconf 88' lang='lat' dir='ltr'><strong>dum</strong></span> <span class='ocrx_word' id='word_1_530' title='bbox 681 3456 870 3510; x_wconf 85' lang='lat' dir='ltr'><strong>talium</strong></span> <span class='ocrx_word' id='word_1_531' title='bbox 910 3455 1268 3525; x_wconf 85' lang='lat' dir='ltr'><strong>ignorantiam</strong></span> <span class='ocrx_word' id='word_1_532' title='bbox 1308 3453 1513 3509; x_wconf 88' lang='lat' dir='ltr'><strong>addidit</strong></span> <span class='ocrx_word' id='word_1_533' title='bbox 1534 3453 1719 3508; x_wconf 92' lang='lat' dir='ltr'><strong>dicens</strong></span> <span class='ocrx_word' id='word_1_534' title='bbox 1745 3471 1757 3506; x_wconf 92' lang='lat'>:</span> <span class='ocrx_word' id='word_1_535' title='bbox 1781 3453 1862 3505; x_wconf 82' lang='lat' dir='ltr'><strong>An</strong></span> <span class='ocrx_word' id='word_1_536' title='bbox 1910 3453 2116 3507; x_wconf 83' lang='lat' dir='ltr'><strong>nescitis</strong></span> <span class='ocrx_word' id='word_1_537' title='bbox 2216 3459 2300 3506; x_wconf 88' lang='lat' dir='ltr'><strong>est</strong></span> <span class='ocrx_word' id='word_1_538' title='bbox 2326 3467 2595 3507; x_wconf 90' lang='lat' dir='ltr'><strong>recursus.</strong></span> <span class='ocrx_word' id='word_1_539' title='bbox 2627 3451 2906 3522; x_wconf 91' lang='lat' dir='ltr'><strong>Siquidem</strong></span> <span class='ocrx_word' id='word_1_540' title='bbox 2953 3467 2986 3506; x_wconf 87' lang='lat' dir='ltr'><strong>a</strong></span> <span class='ocrx_word' id='word_1_541' title='bbox 3025 3452 3307 3523; x_wconf 90' lang='lat' dir='ltr'><strong>proposito</strong></span> <span class='ocrx_word' id='word_1_542' title='bbox 3350 3451 3566 3509; x_wconf 86' lang='lat' dir='ltr'><strong>dicendi</strong></span> <span class='ocrx_word' id='word_1_543' title='bbox 3589 3450 3765 3512; x_wconf 86' lang='lat' dir='ltr'><strong>ordine,</strong></span> 
     </span>
    </p>
   </div>
   <div class='ocr_carea' id='block_1_64' title="bbox 523 3528 2115 3619">
    <p class='ocr_par' dir='ltr' id='par_1_64' title="bbox 523 3528 2115 3619">
     <span class='ocr_line' id='line_1_64' title="bbox 523 3528 2115 3619; baseline 0 -21"><span class='ocrx_word' id='word_1_544' title='bbox 523 3547 648 3618; x_wconf 82' lang='lat' dir='ltr'><strong>quia</strong></span> <span class='ocrx_word' id='word_1_545' title='bbox 685 3548 986 3619; x_wconf 78' lang='lat' dir='ltr'><strong>quicumque</strong></span> <span class='ocrx_word' id='word_1_546' title='bbox 1026 3547 1080 3600; x_wconf 80' lang='lat' dir='ltr'><strong>in</strong></span> <span class='ocrx_word' id='word_1_547' title='bbox 1118 3544 1320 3600; x_wconf 78' lang='lat' dir='ltr'><strong>Christo</strong></span> <span class='ocrx_word' id='word_1_548' title='bbox 1345 3545 1474 3600; x_wconf 76' lang='lat' dir='ltr'><strong>Iesu</strong></span> <span class='ocrx_word' id='word_1_549' title='bbox 1525 3546 1772 3615; x_wconf 77' lang='lat' dir='ltr'><strong>baptizati</strong></span> <span class='ocrx_word' id='word_1_550' title='bbox 1795 3528 2015 3610; x_wconf 65' lang='lat' dir='ltr'><strong>sumus,</strong></span> <span class='ocrx_word' id='word_1_551' title='bbox 2060 3546 2115 3598; x_wconf 80' lang='lat' dir='ltr'><strong>in</strong></span> 
     </span>
    </p>
   </div>
   <div class='ocr_carea' id='block_1_65' title="bbox 526 3636 2115 3710">
    <p class='ocr_par' dir='ltr' id='par_1_65' title="bbox 526 3636 2115 3710">
     <span class='ocr_line' id='line_1_65' title="bbox 526 3636 2115 3710; baseline -0.001 -16"><span class='ocrx_word' id='word_1_552' title='bbox 526 3647 691 3694; x_wconf 87' lang='lat' dir='ltr'><strong>morte</strong></span> <span class='ocrx_word' id='word_1_553' title='bbox 707 3641 871 3710; x_wconf 83' lang='lat' dir='ltr'><strong>ipsius</strong></span> <span class='ocrx_word' id='word_1_554' title='bbox 900 3640 1144 3709; x_wconf 72' lang='lat' dir='ltr'><strong>baptismi</strong></span> <span class='ocrx_word' id='word_1_555' title='bbox 1185 3640 1406 3694; x_wconf 83' lang='lat' dir='ltr'><strong>sumus?</strong></span> <span class='ocrx_word' id='word_1_556' title='bbox 1443 3636 1736 3709; x_wconf 81' lang='lat' dir='ltr'><strong>Consepulti</strong></span> <span class='ocrx_word' id='word_1_557' title='bbox 1776 3639 1914 3692; x_wconf 86' lang='lat' dir='ltr'><strong>enim</strong></span> <span class='ocrx_word' id='word_1_558' title='bbox 1940 3653 2115 3692; x_wconf 89' lang='lat' dir='ltr'><strong>sumus</strong></span> 
     </span>
    </p>
   </div>
   <div class='ocr_carea' id='block_1_66' title="bbox 525 3727 2114 3802">
    <p class='ocr_par' dir='ltr' id='par_1_66' title="bbox 525 3727 2114 3802">
     <span class='ocr_line' id='line_1_66' title="bbox 525 3727 2114 3802; baseline -0.001 -16"><span class='ocrx_word' id='word_1_559' title='bbox 525 3731 604 3787; x_wconf 82' lang='lat' dir='ltr'><strong>illi</strong></span> <span class='ocrx_word' id='word_1_560' title='bbox 625 3749 718 3802; x_wconf 84' lang='lat' dir='ltr'><strong>per</strong></span> <span class='ocrx_word' id='word_1_561' title='bbox 745 3731 1052 3802; x_wconf 85' lang='lat' dir='ltr'><strong>baptismum</strong></span> <span class='ocrx_word' id='word_1_562' title='bbox 1073 3732 1129 3785; x_wconf 84' lang='lat' dir='ltr'><strong>in</strong></span> <span class='ocrx_word' id='word_1_563' title='bbox 1163 3740 1397 3785; x_wconf 87' lang='lat' dir='ltr'><strong>mortem.</strong></span> <span class='ocrx_word' id='word_1_564' title='bbox 1433 3729 1667 3785; x_wconf 81' lang='lat' dir='ltr'><strong>Audiant</strong></span> <span class='ocrx_word' id='word_1_565' title='bbox 1696 3727 1910 3797; x_wconf 84' lang='lat' dir='ltr'><strong>fideles,</strong></span> <span class='ocrx_word' id='word_1_566' title='bbox 1945 3738 2002 3785; x_wconf 88' lang='lat' dir='ltr'><strong>et</strong></span> <span class='ocrx_word' id='word_1_567' title='bbox 2033 3731 2114 3786; x_wconf 80' lang='lat' dir='ltr'><strong>in-</strong></span> 
     </span>
    </p>
   </div>
   <div class='ocr_carea' id='block_1_67' title="bbox 2214 3541 3766 3616">
    <p class='ocr_par' dir='ltr' id='par_1_67' title="bbox 2214 3541 3766 3616">
     <span class='ocr_line' id='line_1_67' title="bbox 2214 3541 3766 3616; baseline -0.002 -17"><span class='ocrx_word' id='word_1_568' title='bbox 2214 3554 2271 3599; x_wconf 92' lang='lat' dir='ltr'><strong>et</strong></span> <span class='ocrx_word' id='word_1_569' title='bbox 2297 3541 2568 3600; x_wconf 84' lang='lat' dir='ltr'><strong>continuo</strong></span> <span class='ocrx_word' id='word_1_570' title='bbox 2585 3546 2797 3600; x_wconf 87' lang='lat' dir='ltr'><strong>tramite</strong></span> <span class='ocrx_word' id='word_1_571' title='bbox 2824 3544 3079 3616; x_wconf 84' lang='lat' dir='ltr'><strong>loquendi</strong></span> <span class='ocrx_word' id='word_1_572' title='bbox 3107 3544 3387 3602; x_wconf 89' lang='lat' dir='ltr'><strong>discedere</strong></span> <span class='ocrx_word' id='word_1_573' title='bbox 3417 3561 3519 3601; x_wconf 90' lang='lat' dir='ltr'><strong>nos</strong></span> <span class='ocrx_word' id='word_1_574' title='bbox 3546 3559 3675 3615; x_wconf 68' lang='lat' dir='ltr'><strong>saepe</strong></span> <span class='ocrx_word' id='word_1_575' title='bbox 3692 3558 3766 3597; x_wconf 84' lang='lat' dir='ltr'><strong>ne-</strong></span> 
     </span>
    </p>
   </div>
   <div class='ocr_carea' id='block_1_68' title="bbox 2214 3633 3766 3708">
    <p class='ocr_par' dir='ltr' id='par_1_68' title="bbox 2214 3633 3766 3708">
     <span class='ocr_line' id='line_1_68' title="bbox 2214 3633 3766 3708; baseline -0.002 -16"><span class='ocrx_word' id='word_1_576' title='bbox 2214 3639 2438 3693; x_wconf 83' lang='lat' dir='ltr'><strong>cessitas</strong></span> <span class='ocrx_word' id='word_1_577' title='bbox 2466 3637 2717 3707; x_wconf 85' lang='lat' dir='ltr'><strong>religiosa</strong></span> <span class='ocrx_word' id='word_1_578' title='bbox 2746 3637 3056 3708; x_wconf 87' lang='lat' dir='ltr'><strong>compellit;</strong></span> <span class='ocrx_word' id='word_1_579' title='bbox 3085 3636 3214 3707; x_wconf 87' lang='lat' dir='ltr'><strong>quia</strong></span> <span class='ocrx_word' id='word_1_580' title='bbox 3252 3636 3334 3693; x_wconf 86' lang='lat' dir='ltr'><strong>sic</strong></span> <span class='ocrx_word' id='word_1_581' title='bbox 3371 3635 3628 3692; x_wconf 66' lang='lat' dir='ltr'><strong>doctrina:</strong></span> <span class='ocrx_word' id='word_1_582' title='bbox 3661 3633 3766 3690; x_wconf 87' lang='lat' dir='ltr'><strong>ordo</strong></span> 
     </span>
    </p>
   </div>
   <div class='ocr_carea' id='block_1_69' title="bbox 2214 3729 3766 3802">
    <p class='ocr_par' dir='ltr' id='par_1_69' title="bbox 2214 3729 3766 3802">
     <span class='ocr_line' id='line_1_69' title="bbox 2214 3729 3766 3802; baseline -0.003 -18"><span class='ocrx_word' id='word_1_583' title='bbox 2214 3729 2575 3785; x_wconf 90' lang='lat' dir='ltr'><strong>moderandus</strong></span> <span class='ocrx_word' id='word_1_584' title='bbox 2603 3739 2715 3796; x_wconf 89' lang='lat' dir='ltr'><strong>est,</strong></span> <span class='ocrx_word' id='word_1_585' title='bbox 2749 3738 2808 3786; x_wconf 91' lang='lat' dir='ltr'><strong>ut</strong></span> <span class='ocrx_word' id='word_1_586' title='bbox 2848 3746 2954 3786; x_wconf 91' lang='lat' dir='ltr'><strong>non</strong></span> <span class='ocrx_word' id='word_1_587' title='bbox 2993 3729 3156 3786; x_wconf 91' lang='lat' dir='ltr'><strong>modo</strong></span> <span class='ocrx_word' id='word_1_588' title='bbox 3198 3730 3346 3785; x_wconf 87' lang='lat' dir='ltr'><strong>aliud</strong></span> <span class='ocrx_word' id='word_1_589' title='bbox 3382 3730 3693 3802; x_wconf 86' lang='lat' dir='ltr'><strong>impediatur</strong></span> <span class='ocrx_word' id='word_1_590' title='bbox 3713 3743 3766 3781; x_wconf 81' lang='lat' dir='ltr'><strong>ex</strong></span> 
     </span>
    </p>
   </div>
   <div class='ocr_carea' id='block_1_70' title="bbox 530 3821 2112 3892">
    <p class='ocr_par' dir='ltr' id='par_1_70' title="bbox 530 3821 2112 3892">
     <span class='ocr_line' id='line_1_70' title="bbox 530 3821 2112 3892; baseline 0.001 -16"><span class='ocrx_word' id='word_1_591' title='bbox 530 3823 768 3892; x_wconf 87' lang='lat' dir='ltr'><strong>telligant</strong></span> <span class='ocrx_word' id='word_1_592' title='bbox 795 3828 813 3875; x_wconf 76' lang='grc' dir='ltr'>ε·</span> <span class='ocrx_word' id='word_1_593' title='bbox 831 3822 1283 3892; x_wconf 88' lang='lat' dir='ltr'><strong>quemadmodum</strong></span> <span class='ocrx_word' id='word_1_594' title='bbox 1312 3822 1560 3877; x_wconf 89' lang='lat' dir='ltr'><strong>triduana</strong></span> <span class='ocrx_word' id='word_1_595' title='bbox 1601 3821 1811 3876; x_wconf 90' lang='lat' dir='ltr'><strong>Domini</strong></span> <span class='ocrx_word' id='word_1_596' title='bbox 1835 3822 2112 3892; x_wconf 88' lang='lat' dir='ltr'><strong>sepultura</strong></span> 
     </span>
    </p>
   </div>
   <div class='ocr_carea' id='block_1_71' title="bbox 525 3914 2110 3987">
    <p class='ocr_par' dir='ltr' id='par_1_71' title="bbox 525 3914 2110 3987">
     <span class='ocr_line' id='line_1_71' title="bbox 525 3914 2110 3987; baseline -0.001 -16"><span class='ocrx_word' id='word_1_597' title='bbox 525 3917 668 3972; x_wconf 87' lang='lat' dir='ltr'><strong>trina</strong></span> <span class='ocrx_word' id='word_1_598' title='bbox 700 3915 1040 3972; x_wconf 88' lang='lat' dir='ltr'><strong>demersione</strong></span> <span class='ocrx_word' id='word_1_599' title='bbox 1081 3914 1339 3984; x_wconf 88' lang='lat' dir='ltr'><strong>figuratur</strong></span> <span class='ocrx_word' id='word_1_600' title='bbox 1379 3915 1432 3970; x_wconf 92' lang='lat' dir='ltr'><strong>in</strong></span> <span class='ocrx_word' id='word_1_601' title='bbox 1481 3916 1779 3987; x_wconf 87' lang='lat' dir='ltr'><strong>baptismo;</strong></span> <span class='ocrx_word' id='word_1_602' title='bbox 1822 3923 1881 3970; x_wconf 90' lang='lat' dir='ltr'><strong>ut</strong></span> <span class='ocrx_word' id='word_1_603' title='bbox 1927 3932 2110 3971; x_wconf 88' lang='lat' dir='ltr'><strong>resur-</strong></span> 
     </span>
    </p>
   </div>
   <div class='ocr_carea' id='block_1_72' title="bbox 525 4005 2110 4078">
    <p class='ocr_par' dir='ltr' id='par_1_72' title="bbox 525 4005 2110 4078">
     <span class='ocr_line' id='line_1_72' title="bbox 525 4005 2110 4078; baseline 0 -16"><span class='ocrx_word' id='word_1_604' title='bbox 525 4006 731 4063; x_wconf 90' lang='lat' dir='ltr'><strong>rexisse</strong></span> <span class='ocrx_word' id='word_1_605' title='bbox 758 4022 878 4062; x_wconf 92' lang='lat' dir='ltr'><strong>cum</strong></span> <span class='ocrx_word' id='word_1_606' title='bbox 907 4005 1142 4072; x_wconf 89' lang='lat' dir='ltr'><strong>Christo,</strong></span> <span class='ocrx_word' id='word_1_607' title='bbox 1175 4015 1230 4060; x_wconf 88' lang='lat' dir='ltr'><strong>et</strong></span> <span class='ocrx_word' id='word_1_608' title='bbox 1249 4007 1294 4061; x_wconf 94' lang='lat' dir='ltr'><strong>si</strong></span> <span class='ocrx_word' id='word_1_609' title='bbox 1324 4007 1548 4062; x_wconf 87' lang='lat' dir='ltr'><strong>necdum</strong></span> <span class='ocrx_word' id='word_1_610' title='bbox 1574 4023 1833 4078; x_wconf 89' lang='lat' dir='ltr'><strong>corpore,</strong></span> <span class='ocrx_word' id='word_1_611' title='bbox 1859 4008 1980 4062; x_wconf 68' lang='lat' dir='ltr'><strong>vitae</strong></span> <span class='ocrx_word' id='word_1_612' title='bbox 1995 4007 2110 4078; x_wconf 89' lang='lat' dir='ltr'><strong>jam</strong></span> 
     </span>
    </p>
   </div>
   <div class='ocr_carea' id='block_1_73' title="bbox 527 4099 2110 4170">
    <p class='ocr_par' dir='ltr' id='par_1_73' title="bbox 527 4099 2110 4170">
     <span class='ocr_line' id='line_1_73' title="bbox 527 4099 2110 4170; baseline 0 -14"><span class='ocrx_word' id='word_1_613' title='bbox 527 4102 764 4156; x_wconf 89' lang='lat' dir='ltr'><strong>novitate</strong></span> <span class='ocrx_word' id='word_1_614' title='bbox 800 4100 1207 4170; x_wconf 87' lang='lat' dir='ltr'><strong>congaudeant;</strong></span> <span class='ocrx_word' id='word_1_615' title='bbox 1253 4101 1429 4170; x_wconf 89' lang='lat' dir='ltr'><strong>sitque</strong></span> <span class='ocrx_word' id='word_1_616' title='bbox 1462 4107 1608 4155; x_wconf 91' lang='lat' dir='ltr'><strong>totus</strong></span> <span class='ocrx_word' id='word_1_617' title='bbox 1642 4099 1808 4155; x_wconf 91' lang='lat' dir='ltr'><strong>homo</strong></span> <span class='ocrx_word' id='word_1_618' title='bbox 1851 4101 2110 4156; x_wconf 89' lang='lat' dir='ltr'><strong>virtutum</strong></span> 
     </span>
    </p>
   </div>
   <div class='ocr_carea' id='block_1_74' title="bbox 522 4190 2104 4262">
    <p class='ocr_par' dir='ltr' id='par_1_74' title="bbox 522 4190 2104 4262">
     <span class='ocr_line' id='line_1_74' title="bbox 522 4190 2104 4262; baseline 0 -15"><span class='ocrx_word' id='word_1_619' title='bbox 522 4192 870 4256; x_wconf 87' lang='lat' dir='ltr'><strong>domicilium,</strong></span> <span class='ocrx_word' id='word_1_620' title='bbox 898 4191 992 4261; x_wconf 92' lang='lat' dir='ltr'><strong>qui</strong></span> <span class='ocrx_word' id='word_1_621' title='bbox 1020 4191 1423 4262; x_wconf 89' lang='lat' dir='ltr'><strong>receptaculum</strong></span> <span class='ocrx_word' id='word_1_622' title='bbox 1456 4190 1630 4246; x_wconf 88' lang='lat' dir='ltr'><strong>fuerat</strong></span> <span class='ocrx_word' id='word_1_623' title='bbox 1665 4200 1792 4248; x_wconf 87' lang='lat' dir='ltr'><strong>ante</strong></span> <span class='ocrx_word' id='word_1_624' title='bbox 1827 4192 2104 4247; x_wconf 91' lang='lat' dir='ltr'><strong>vitiorum.</strong></span> 
     </span>
    </p>
   </div>
   <div class='ocr_carea' id='block_1_75' title="bbox 529 4281 2107 4354">
    <p class='ocr_par' dir='ltr' id='par_1_75' title="bbox 529 4281 2107 4354">
     <span class='ocr_line' id='line_1_75' title="bbox 529 4281 2107 4354; baseline 0.002 -19"><span class='ocrx_word' id='word_1_625' title='bbox 529 4281 614 4346; x_wconf 78' lang='lat' dir='ltr'><strong>L&#39;t,</strong></span> <span class='ocrx_word' id='word_1_626' title='bbox 643 4282 780 4336; x_wconf 87' lang='lat' dir='ltr'><strong>sicut</strong></span> <span class='ocrx_word' id='word_1_627' title='bbox 807 4281 975 4346; x_wconf 81' lang='lat' dir='ltr'><strong>dixit,</strong></span> <span class='ocrx_word' id='word_1_628' title='bbox 1007 4283 1261 4354; x_wconf 82' lang='lat' dir='ltr'><strong>quomodo</strong></span> <span class='ocrx_word' id='word_1_629' title='bbox 1299 4281 1533 4336; x_wconf 82' lang='lat' dir='ltr'><strong>Christus</strong></span> <span class='ocrx_word' id='word_1_630' title='bbox 1559 4285 1784 4337; x_wconf 73' lang='lat' dir='ltr'><strong>surrexit</strong></span> <span class='ocrx_word' id='word_1_631' title='bbox 1821 4301 1854 4336; x_wconf 89' lang='lat' dir='ltr'><strong>a</strong></span> <span class='ocrx_word' id='word_1_632' title='bbox 1890 4285 2107 4338; x_wconf 83' lang='lat' dir='ltr'><strong>mortuis</strong></span> 
     </span>
    </p>
   </div>
   <div class='ocr_carea' id='block_1_76' title="bbox 525 4373 2105 4444">
    <p class='ocr_par' dir='ltr' id='par_1_76' title="bbox 525 4373 2105 4444">
     <span class='ocr_line' id='line_1_76' title="bbox 525 4373 2105 4444; baseline 0.003 -18"><span class='ocrx_word' id='word_1_633' title='bbox 525 4390 616 4444; x_wconf 79' lang='lat' dir='ltr'><strong>per</strong></span> <span class='ocrx_word' id='word_1_634' title='bbox 643 4374 866 4444; x_wconf 86' lang='lat' dir='ltr'><strong>gloriam</strong></span> <span class='ocrx_word' id='word_1_635' title='bbox 887 4373 1085 4438; x_wconf 86' lang='lat' dir='ltr'><strong>Patris,</strong></span> <span class='ocrx_word' id='word_1_636' title='bbox 1109 4376 1184 4428; x_wconf 86' lang='lat' dir='ltr'><strong>ita</strong></span> <span class='ocrx_word' id='word_1_637' title='bbox 1212 4384 1260 4428; x_wconf 91' lang='lat' dir='ltr'><strong>et</strong></span> <span class='ocrx_word' id='word_1_638' title='bbox 1288 4391 1382 4429; x_wconf 81' lang='lat' dir='ltr'><strong>nos</strong></span> <span class='ocrx_word' id='word_1_639' title='bbox 1409 4376 1462 4429; x_wconf 88' lang='lat' dir='ltr'><strong>in</strong></span> <span class='ocrx_word' id='word_1_640' title='bbox 1492 4376 1716 4429; x_wconf 83' lang='lat' dir='ltr'><strong>novitate</strong></span> <span class='ocrx_word' id='word_1_641' title='bbox 1735 4376 1852 4430; x_wconf 75' lang='lat' dir='ltr'><strong>vita:</strong></span> <span class='ocrx_word' id='word_1_642' title='bbox 1873 4375 2105 4430; x_wconf 86' lang='lat' dir='ltr'><strong>ambule-</strong></span> 
     </span>
    </p>
   </div>
   <div class='ocr_carea' id='block_1_77' title="bbox 522 4463 2106 4536">
    <p class='ocr_par' dir='ltr' id='par_1_77' title="bbox 522 4463 2106 4536">
     <span class='ocr_line' id='line_1_77' title="bbox 522 4463 2106 4536; baseline 0.003 -19"><span class='ocrx_word' id='word_1_643' title='bbox 522 4481 654 4518; x_wconf 85' lang='lat' dir='ltr'><strong>mus.</strong></span> <span class='ocrx_word' id='word_1_644' title='bbox 685 4463 929 4521; x_wconf 91' lang='lat' dir='ltr'><strong>Christus</strong></span> <span class='ocrx_word' id='word_1_645' title='bbox 950 4466 1209 4536; x_wconf 87' lang='lat' dir='ltr'><strong>quidquid</strong></span> <span class='ocrx_word' id='word_1_646' title='bbox 1249 4481 1466 4521; x_wconf 89' lang='lat' dir='ltr'><strong>suarum</strong></span> <span class='ocrx_word' id='word_1_647' title='bbox 1504 4467 1762 4522; x_wconf 91' lang='lat' dir='ltr'><strong>virtutum</strong></span> <span class='ocrx_word' id='word_1_648' title='bbox 1805 4476 1906 4532; x_wconf 90' lang='lat' dir='ltr'><strong>est,</strong></span> <span class='ocrx_word' id='word_1_649' title='bbox 1940 4467 2106 4523; x_wconf 91' lang='lat' dir='ltr'><strong>refert</strong></span> 
     </span>
    </p>
   </div>
   <div class='ocr_carea' id='block_1_78' title="bbox 2214 3821 3764 3893">
    <p class='ocr_par' dir='ltr' id='par_1_78' title="bbox 2214 3821 3764 3893">
     <span class='ocr_line' id='line_1_78' title="bbox 2214 3821 3764 3893; baseline -0.003 -16"><span class='ocrx_word' id='word_1_650' title='bbox 2214 3823 2339 3878; x_wconf 89' lang='lat' dir='ltr'><strong>alio.</strong></span> <span class='ocrx_word' id='word_1_651' title='bbox 2375 3821 2527 3878; x_wconf 88' lang='lat' dir='ltr'><strong>Unde</strong></span> <span class='ocrx_word' id='word_1_652' title='bbox 2555 3823 2686 3893; x_wconf 91' lang='lat' dir='ltr'><strong>quid</strong></span> <span class='ocrx_word' id='word_1_653' title='bbox 2722 3823 2884 3878; x_wconf 91' lang='lat' dir='ltr'><strong>hodie</strong></span> <span class='ocrx_word' id='word_1_654' title='bbox 2925 3822 3117 3878; x_wconf 86' lang='lat' dir='ltr'><strong>beatus</strong></span> <span class='ocrx_word' id='word_1_655' title='bbox 3146 3821 3442 3893; x_wconf 79' lang='lat' dir='ltr'><strong>Apostolus</strong></span> <span class='ocrx_word' id='word_1_656' title='bbox 3479 3822 3665 3878; x_wconf 85' lang='lat' dir='ltr'><strong>dixerit</strong></span> <span class='ocrx_word' id='word_1_657' title='bbox 3688 3834 3764 3874; x_wconf 86' lang='lat' dir='ltr'><strong>au-</strong></span> 
     </span>
    </p>
   </div>
   <div class='ocr_carea' id='block_1_79' title="bbox 2212 3915 3764 3990">
    <p class='ocr_par' dir='ltr' id='par_1_79' title="bbox 2212 3915 3764 3990">
     <span class='ocr_line' id='line_1_79' title="bbox 2212 3915 3764 3990; baseline 0.001 -20"><span class='ocrx_word' id='word_1_658' title='bbox 2212 3915 2440 3970; x_wconf 89' lang='lat' dir='ltr'><strong>diamus.</strong></span> <span class='ocrx_word' id='word_1_659' title='bbox 2471 3916 2610 3984; x_wconf 86' lang='lat' dir='ltr'><strong>Quid</strong></span> <span class='ocrx_word' id='word_1_660' title='bbox 2639 3930 2769 3986; x_wconf 89' lang='lat' dir='ltr'><strong>ergo</strong></span> <span class='ocrx_word' id='word_1_661' title='bbox 2799 3917 2908 3971; x_wconf 86' lang='lat' dir='ltr'><strong>ait?</strong></span> <span class='ocrx_word' id='word_1_662' title='bbox 2937 3917 3305 3984; x_wconf 82' lang='lat' dir='ltr'><strong>Peccavimus,</strong></span> <span class='ocrx_word' id='word_1_663' title='bbox 3338 3919 3460 3990; x_wconf 82' lang='lat' dir='ltr'><strong>quia</strong></span> <span class='ocrx_word' id='word_1_664' title='bbox 3499 3935 3602 3972; x_wconf 74' lang='lat' dir='ltr'><strong>non</strong></span> <span class='ocrx_word' id='word_1_665' title='bbox 3627 3931 3764 3972; x_wconf 61' lang='lat' dir='ltr'><strong>manus</strong></span> 
     </span>
    </p>
   </div>
   <div class='ocr_carea' id='block_1_80' title="bbox 2211 4006 3764 4081">
    <p class='ocr_par' dir='ltr' id='par_1_80' title="bbox 2211 4006 3764 4081">
     <span class='ocr_line' id='line_1_80' title="bbox 2211 4006 3764 4081; baseline -0.001 -21"><span class='ocrx_word' id='word_1_666' title='bbox 2211 4006 2302 4060; x_wconf 88' lang='lat' dir='ltr'><strong>sub</strong></span> <span class='ocrx_word' id='word_1_667' title='bbox 2333 4008 2460 4080; x_wconf 88' lang='lat' dir='ltr'><strong>lege,</strong></span> <span class='ocrx_word' id='word_1_668' title='bbox 2484 4009 2576 4062; x_wconf 85' lang='lat' dir='ltr'><strong>sed</strong></span> <span class='ocrx_word' id='word_1_669' title='bbox 2595 4007 2687 4062; x_wconf 88' lang='lat' dir='ltr'><strong>sub</strong></span> <span class='ocrx_word' id='word_1_670' title='bbox 2713 4009 2920 4080; x_wconf 85' lang='lat' dir='ltr'><strong>gratia?</strong></span> <span class='ocrx_word' id='word_1_671' title='bbox 2938 4007 3084 4062; x_wconf 80' lang='lat' dir='ltr'><strong>Absit</strong></span> <span class='ocrx_word' id='word_1_672' title='bbox 3120 4007 3309 4081; x_wconf 82' lang='lat' dir='ltr'><strong>(Rom.</strong></span> <span class='ocrx_word' id='word_1_673' title='bbox 3343 4025 3393 4064; x_wconf 74' lang='lat' dir='ltr'><strong>VI</strong></span> <span class='ocrx_word' id='word_1_674' title='bbox 3411 4009 3451 4079; x_wconf 93' lang='lat'><strong>).</strong></span> <span class='ocrx_word' id='word_1_675' title='bbox 3486 4007 3612 4065; x_wconf 64' lang='lat' dir='ltr'><strong>Haec</strong></span> <span class='ocrx_word' id='word_1_676' title='bbox 3635 4009 3764 4062; x_wconf 86' lang='lat' dir='ltr'><strong>inter-</strong></span> 
     </span>
    </p>
   </div>
   <div class='ocr_carea' id='block_1_81' title="bbox 2211 4095 3766 4171">
    <p class='ocr_par' dir='ltr' id='par_1_81' title="bbox 2211 4095 3766 4171">
     <span class='ocr_line' id='line_1_81' title="bbox 2211 4095 3766 4171; baseline 0 -19"><span class='ocrx_word' id='word_1_677' title='bbox 2211 4099 2439 4168; x_wconf 86' lang='lat' dir='ltr'><strong>rogatio,</strong></span> <span class='ocrx_word' id='word_1_678' title='bbox 2473 4098 2692 4165; x_wconf 86' lang='lat' dir='ltr'><strong>fratres,</strong></span> <span class='ocrx_word' id='word_1_679' title='bbox 2725 4095 2914 4155; x_wconf 50' lang='lat' dir='ltr'><strong>eorum&#39;</strong></span> <span class='ocrx_word' id='word_1_680' title='bbox 2941 4100 3117 4170; x_wconf 89' lang='lat' dir='ltr'><strong>arguit</strong></span> <span class='ocrx_word' id='word_1_681' title='bbox 3145 4099 3471 4171; x_wconf 89' lang='lat' dir='ltr'><strong>imperitiam</strong></span> <span class='ocrx_word' id='word_1_682' title='bbox 3501 4101 3624 4171; x_wconf 88' lang='lat' dir='ltr'><strong>qui,</strong></span> <span class='ocrx_word' id='word_1_683' title='bbox 3663 4096 3766 4166; x_wconf 81' lang='lat' dir='ltr'><strong>legis</strong></span> 
     </span>
    </p>
   </div>
   <div class='ocr_carea' id='block_1_82' title="bbox 2210 4189 3762 4262">
    <p class='ocr_par' dir='ltr' id='par_1_82' title="bbox 2210 4189 3762 4262">
     <span class='ocr_line' id='line_1_82' title="bbox 2210 4189 3762 4262; baseline -0.003 -18"><span class='ocrx_word' id='word_1_684' title='bbox 2210 4189 2601 4246; x_wconf 86' lang='lat' dir='ltr'><strong>consuetudine</strong></span> <span class='ocrx_word' id='word_1_685' title='bbox 2640 4192 2928 4262; x_wconf 88' lang='lat' dir='ltr'><strong>captivati,</strong></span> <span class='ocrx_word' id='word_1_686' title='bbox 2979 4191 3167 4261; x_wconf 85' lang='lat' dir='ltr'><strong>gratiae</strong></span> <span class='ocrx_word' id='word_1_687' title='bbox 3222 4192 3492 4248; x_wconf 90' lang='lat' dir='ltr'><strong>benelicio</strong></span> <span class='ocrx_word' id='word_1_688' title='bbox 3560 4191 3762 4248; x_wconf 87' lang='lat' dir='ltr'><strong>nesciunt</strong></span> 
     </span>
    </p>
   </div>
   <div class='ocr_carea' id='block_1_83' title="bbox 2209 4281 3764 4356">
    <p class='ocr_par' dir='ltr' id='par_1_83' title="bbox 2209 4281 3764 4356">
     <span class='ocr_line' id='line_1_83' title="bbox 2209 4281 3764 4356; baseline -0.001 -20"><span class='ocrx_word' id='word_1_689' title='bbox 2209 4281 2411 4336; x_wconf 87' lang='lat' dir='ltr'><strong>sentire</strong></span> <span class='ocrx_word' id='word_1_690' title='bbox 2438 4282 2696 4349; x_wconf 90' lang='lat' dir='ltr'><strong>virtutes;</strong></span> <span class='ocrx_word' id='word_1_691' title='bbox 2728 4292 2783 4338; x_wconf 93' lang='lat' dir='ltr'><strong>et</strong></span> <span class='ocrx_word' id='word_1_692' title='bbox 2821 4299 2958 4354; x_wconf 88' lang='lat' dir='ltr'><strong>quos</strong></span> <span class='ocrx_word' id='word_1_693' title='bbox 2999 4293 3392 4355; x_wconf 65' lang='lat' dir='ltr'><strong>praeceptorum</strong></span> <span class='ocrx_word' id='word_1_694' title='bbox 3437 4284 3764 4356; x_wconf 80' lang='lat' dir='ltr'><strong>legaliumse—</strong></span> 
     </span>
    </p>
   </div>
   <div class='ocr_carea' id='block_1_84' title="bbox 2208 4374 3763 4445">
    <p class='ocr_par' dir='ltr' id='par_1_84' title="bbox 2208 4374 3763 4445">
     <span class='ocr_line' id='line_1_84' title="bbox 2208 4374 3763 4445; baseline -0.002 -16"><span class='ocrx_word' id='word_1_695' title='bbox 2208 4374 2316 4430; x_wconf 88' lang='lat' dir='ltr'><strong>ries</strong></span> <span class='ocrx_word' id='word_1_696' title='bbox 2334 4374 2572 4445; x_wconf 91' lang='lat' dir='ltr'><strong>prodidit</strong></span> <span class='ocrx_word' id='word_1_697' title='bbox 2591 4385 2956 4443; x_wconf 90' lang='lat' dir='ltr'><strong>contumaces,</strong></span> <span class='ocrx_word' id='word_1_698' title='bbox 2989 4391 3084 4432; x_wconf 91' lang='lat' dir='ltr'><strong>eos</strong></span> <span class='ocrx_word' id='word_1_699' title='bbox 3111 4378 3227 4432; x_wconf 88' lang='lat' dir='ltr'><strong>sola</strong></span> <span class='ocrx_word' id='word_1_700' title='bbox 3257 4393 3542 4433; x_wconf 89' lang='lat' dir='ltr'><strong>munerum</strong></span> <span class='ocrx_word' id='word_1_701' title='bbox 3563 4388 3763 4434; x_wconf 84' lang='lat' dir='ltr'><strong>commo-</strong></span> 
     </span>
    </p>
   </div>
   <div class='ocr_carea' id='block_1_85' title="bbox 2207 4467 3762 4542">
    <p class='ocr_par' dir='ltr' id='par_1_85' title="bbox 2207 4467 3762 4542">
     <span class='ocr_line' id='line_1_85' title="bbox 2207 4467 3762 4542; baseline -0.001 -19"><span class='ocrx_word' id='word_1_702' title='bbox 2207 4467 2276 4523; x_wconf 88' lang='lat' dir='ltr'><strong>da</strong></span> <span class='ocrx_word' id='word_1_703' title='bbox 2305 4479 2361 4524; x_wconf 92' lang='lat' dir='ltr'><strong>et</strong></span> <span class='ocrx_word' id='word_1_704' title='bbox 2388 4467 2736 4526; x_wconf 88' lang='lat' dir='ltr'><strong>festivitatum</strong></span> <span class='ocrx_word' id='word_1_705' title='bbox 2765 4486 2964 4542; x_wconf 89' lang='lat' dir='ltr'><strong>pompa</strong></span> <span class='ocrx_word' id='word_1_706' title='bbox 2995 4471 3467 4528; x_wconf 86' lang='lat' dir='ltr'><strong>observationibus</strong></span> <span class='ocrx_word' id='word_1_707' title='bbox 3496 4474 3644 4528; x_wconf 87' lang='lat' dir='ltr'><strong>vanis</strong></span> <span class='ocrx_word' id='word_1_708' title='bbox 3668 4469 3762 4526; x_wconf 83' lang='lat' dir='ltr'><strong>fecit</strong></span> 
     </span>
    </p>
   </div>
   <div class='ocr_carea' id='block_1_86' title="bbox 522 4545 3760 4636">
    <p class='ocr_par' dir='ltr' id='par_1_86' title="bbox 522 4545 3760 4636">
     <span class='ocr_line' id='line_1_86' title="bbox 522 4545 3760 4636; baseline 0.002 -27"><span class='ocrx_word' id='word_1_709' title='bbox 522 4555 589 4610; x_wconf 92' lang='lat' dir='ltr'><strong>ad</strong></span> <span class='ocrx_word' id='word_1_710' title='bbox 609 4557 835 4625; x_wconf 84' lang='lat' dir='ltr'><strong>gloriam</strong></span> <span class='ocrx_word' id='word_1_711' title='bbox 858 4557 1064 4622; x_wconf 87' lang='lat' dir='ltr'><strong>Patris;</strong></span> <span class='ocrx_word' id='word_1_712' title='bbox 1087 4567 1142 4613; x_wconf 91' lang='lat' dir='ltr'><strong>et</strong></span> <span class='ocrx_word' id='word_1_713' title='bbox 1161 4558 1343 4624; x_wconf 90' lang='lat' dir='ltr'><strong>homo,</strong></span> <span class='ocrx_word' id='word_1_714' title='bbox 1369 4559 1520 4630; x_wconf 89' lang='lat' dir='ltr'><strong>cujus</strong></span> <span class='ocrx_word' id='word_1_715' title='bbox 1541 4576 1697 4616; x_wconf 90' lang='lat' dir='ltr'><strong>suum</strong></span> <span class='ocrx_word' id='word_1_716' title='bbox 1721 4561 1852 4616; x_wconf 91' lang='lat' dir='ltr'><strong>nihil</strong></span> <span class='ocrx_word' id='word_1_717' title='bbox 1874 4569 1976 4626; x_wconf 90' lang='lat' dir='ltr'><strong>est,</strong></span> <span class='ocrx_word' id='word_1_718' title='bbox 2001 4563 2105 4619; x_wconf 91' lang='lat' dir='ltr'><strong>sibi</strong></span> <span class='ocrx_word' id='word_1_719' title='bbox 2131 4545 2185 4607; x_wconf 84' lang='grc' dir='ltr'><strong>Ῑ)</strong></span> <span class='ocrx_word' id='word_1_720' title='bbox 2209 4571 2263 4616; x_wconf 89' lang='grc' dir='ltr'><strong>ει</strong></span> <span class='ocrx_word' id='word_1_721' title='bbox 2289 4561 2524 4617; x_wconf 91' lang='lat' dir='ltr'><strong>reddidit</strong></span> <span class='ocrx_word' id='word_1_722' title='bbox 2543 4561 2858 4618; x_wconf 90' lang='lat' dir='ltr'><strong>obstinatos.</strong></span> <span class='ocrx_word' id='word_1_723' title='bbox 2892 4562 3099 4619; x_wconf 88' lang='lat' dir='ltr'><strong>Etcum</strong></span> <span class='ocrx_word' id='word_1_724' title='bbox 3121 4564 3293 4634; x_wconf 89' lang='lat' dir='ltr'><strong>legem</strong></span> <span class='ocrx_word' id='word_1_725' title='bbox 3316 4573 3536 4636; x_wconf 87' lang='lat' dir='ltr'><strong>tempus</strong></span> <span class='ocrx_word' id='word_1_726' title='bbox 3555 4563 3760 4621; x_wconf 83' lang='lat' dir='ltr'><strong>excluse-</strong></span> 
     </span>
    </p>
   </div>
   <div class='ocr_carea' id='block_1_87' title="bbox 520 4647 3759 4725">
    <p class='ocr_par' dir='ltr' id='par_1_87' title="bbox 520 4647 3759 4725">
     <span class='ocr_line' id='line_1_87' title="bbox 520 4647 3759 4725; baseline 0.003 -22"><span class='ocrx_word' id='word_1_727' title='bbox 520 4649 794 4704; x_wconf 82' lang='lat' dir='ltr'><strong>vindicarc</strong></span> <span class='ocrx_word' id='word_1_728' title='bbox 814 4649 1066 4720; x_wconf 90' lang='lat' dir='ltr'><strong>quodper</strong></span> <span class='ocrx_word' id='word_1_729' title='bbox 1083 4647 1931 4708; x_wconf 81' lang='lat' dir='ltr'><strong>Christumresnrrexitelaborat.</strong></span> <span class='ocrx_word' id='word_1_730' title='bbox 1948 4653 2104 4721; x_wconf 86' lang='lat' dir='ltr'><strong>Quod</strong></span> <span class='ocrx_word' id='word_1_731' title='bbox 2206 4653 2296 4719; x_wconf 89' lang='lat' dir='ltr'><strong>rit,</strong></span> <span class='ocrx_word' id='word_1_732' title='bbox 2328 4653 2457 4722; x_wconf 91' lang='lat' dir='ltr'><strong>quid</strong></span> <span class='ocrx_word' id='word_1_733' title='bbox 2485 4653 2663 4709; x_wconf 90' lang='lat' dir='ltr'><strong>cultor</strong></span> <span class='ocrx_word' id='word_1_734' title='bbox 2690 4655 2824 4724; x_wconf 89' lang='lat' dir='ltr'><strong>legis</strong></span> <span class='ocrx_word' id='word_1_735' title='bbox 2851 4671 2882 4709; x_wconf 88' lang='lat' dir='ltr'><strong>a</strong></span> <span class='ocrx_word' id='word_1_736' title='bbox 2903 4655 3020 4725; x_wconf 88' lang='lat' dir='ltr'><strong>lege</strong></span> <span class='ocrx_word' id='word_1_737' title='bbox 3054 4654 3213 4711; x_wconf 90' lang='lat' dir='ltr'><strong>faciet</strong></span> <span class='ocrx_word' id='word_1_738' title='bbox 3241 4656 3564 4712; x_wconf 83' lang='lat' dir='ltr'><strong>abdicatus?</strong></span> <span class='ocrx_word' id='word_1_739' title='bbox 3592 4655 3759 4714; x_wconf 56' lang='lat' dir='ltr'><strong>iudice.</strong></span> 
     </span>
    </p>
   </div>
   <div class='ocr_carea' id='block_1_88' title="bbox 519 4742 3758 4819">
    <p class='ocr_par' dir='ltr' id='par_1_88' title="bbox 519 4742 3758 4819">
     <span class='ocr_line' id='line_1_88' title="bbox 519 4742 3758 4819; baseline -0.001 -20"><span class='ocrx_word' id='word_1_740' title='bbox 519 4751 701 4799; x_wconf 85' lang='lat' dir='ltr'><strong>autem</strong></span> <span class='ocrx_word' id='word_1_741' title='bbox 723 4743 885 4798; x_wconf 83' lang='lat' dir='ltr'><strong>dixit:</strong></span> <span class='ocrx_word' id='word_1_742' title='bbox 906 4742 972 4798; x_wconf 82' lang='lat' dir='ltr'><strong>In</strong></span> <span class='ocrx_word' id='word_1_743' title='bbox 994 4745 1214 4800; x_wconf 79' lang='lat' dir='ltr'><strong>novitate</strong></span> <span class='ocrx_word' id='word_1_744' title='bbox 1233 4745 1350 4801; x_wconf 70' lang='lat' dir='ltr'><strong>vitta</strong></span> <span class='ocrx_word' id='word_1_745' title='bbox 1364 4747 1700 4811; x_wconf 86' lang='lat' dir='ltr'><strong>ambulemus,</strong></span> <span class='ocrx_word' id='word_1_746' title='bbox 1724 4761 1841 4816; x_wconf 63' lang='lat' dir='ltr'><strong>quin</strong></span> <span class='ocrx_word' id='word_1_747' title='bbox 1855 4748 2102 4816; x_wconf 90' lang='lat' dir='ltr'><strong>superius</strong></span> <span class='ocrx_word' id='word_1_748' title='bbox 2204 4743 2334 4814; x_wconf 90' lang='lat' dir='ltr'><strong>quid</strong></span> <span class='ocrx_word' id='word_1_749' title='bbox 2364 4744 2530 4799; x_wconf 89' lang='lat' dir='ltr'><strong>habes</strong></span> <span class='ocrx_word' id='word_1_750' title='bbox 2549 4743 2695 4814; x_wconf 89' lang='lat' dir='ltr'><strong>quod</strong></span> <span class='ocrx_word' id='word_1_751' title='bbox 2715 4761 2825 4801; x_wconf 92' lang='lat' dir='ltr'><strong>non</strong></span> <span class='ocrx_word' id='word_1_752' title='bbox 2854 4746 3172 4816; x_wconf 86' lang='lat' dir='ltr'><strong>perdidisti?</strong></span> <span class='ocrx_word' id='word_1_753' title='bbox 3200 4746 3258 4802; x_wconf 90' lang='lat' dir='ltr'><strong>Si</strong></span> <span class='ocrx_word' id='word_1_754' title='bbox 3287 4757 3473 4802; x_wconf 91' lang='lat' dir='ltr'><strong>autem</strong></span> <span class='ocrx_word' id='word_1_755' title='bbox 3495 4743 3758 4819; x_wconf 88' lang='lat' dir='ltr'><strong>perdidisti,</strong></span> 
     </span>
    </p>
   </div>
   <div class='ocr_carea' id='block_1_89' title="bbox 516 4834 2098 4910">
    <p class='ocr_par' dir='ltr' id='par_1_89' title="bbox 516 4834 2098 4910">
     <span class='ocr_line' id='line_1_89' title="bbox 516 4834 2098 4910; baseline 0.003 -19"><span class='ocrx_word' id='word_1_756' title='bbox 516 4835 768 4901; x_wconf 90' lang='lat' dir='ltr'><strong>diximus,</strong></span> <span class='ocrx_word' id='word_1_757' title='bbox 796 4835 883 4890; x_wconf 91' lang='lat' dir='ltr'><strong>illa</strong></span> <span class='ocrx_word' id='word_1_758' title='bbox 907 4834 1219 4903; x_wconf 79' lang='lat' dir='ltr'><strong>confirmat,</strong></span> <span class='ocrx_word' id='word_1_759' title='bbox 1263 4845 1324 4891; x_wconf 91' lang='lat' dir='ltr'><strong>ut</strong></span> <span class='ocrx_word' id='word_1_760' title='bbox 1351 4838 1396 4892; x_wconf 89' lang='lat' dir='ltr'><strong>si</strong></span> <span class='ocrx_word' id='word_1_761' title='bbox 1433 4837 1658 4893; x_wconf 88' lang='lat' dir='ltr'><strong>necdum</strong></span> <span class='ocrx_word' id='word_1_762' title='bbox 1700 4837 1803 4893; x_wconf 89' lang='lat' dir='ltr'><strong>hoc</strong></span> <span class='ocrx_word' id='word_1_763' title='bbox 1849 4855 2098 4910; x_wconf 87' lang='lat' dir='ltr'><strong>corpore,</strong></span> 
     </span>
    </p>
   </div>
   <div class='ocr_carea' id='block_1_90' title="bbox 517 4925 2096 4998">
    <p class='ocr_par' dir='ltr' id='par_1_90' title="bbox 517 4925 2096 4998">
     <span class='ocr_line' id='line_1_90' title="bbox 517 4925 2096 4998; baseline 0.004 -18"><span class='ocrx_word' id='word_1_764' title='bbox 517 4927 624 4981; x_wconf 88' lang='lat' dir='ltr'><strong>vita</strong></span> <span class='ocrx_word' id='word_1_765' title='bbox 653 4935 828 4982; x_wconf 88' lang='lat' dir='ltr'><strong>tamen</strong></span> <span class='ocrx_word' id='word_1_766' title='bbox 845 4925 957 4996; x_wconf 90' lang='lat' dir='ltr'><strong>jam</strong></span> <span class='ocrx_word' id='word_1_767' title='bbox 980 4934 1126 4982; x_wconf 91' lang='lat' dir='ltr'><strong>totus</strong></span> <span class='ocrx_word' id='word_1_768' title='bbox 1147 4926 1456 4985; x_wconf 91' lang='lat' dir='ltr'><strong>immutatus</strong></span> <span class='ocrx_word' id='word_1_769' title='bbox 1476 4927 1721 4994; x_wconf 85' lang='lat' dir='ltr'><strong>incedat;</strong></span> <span class='ocrx_word' id='word_1_770' title='bbox 1739 4928 2096 4998; x_wconf 87' lang='lat' dir='ltr'><strong>intelligatse,</strong></span> 
     </span>
    </p>
   </div>
   <div class='ocr_carea' id='block_1_91' title="bbox 515 5017 2098 5093">
    <p class='ocr_par' dir='ltr' id='par_1_91' title="bbox 515 5017 2098 5093">
     <span class='ocr_line' id='line_1_91' title="bbox 515 5017 2098 5093; baseline 0.003 -20"><span class='ocrx_word' id='word_1_771' title='bbox 515 5027 571 5074; x_wconf 90' lang='lat' dir='ltr'><strong>et</strong></span> <span class='ocrx_word' id='word_1_772' title='bbox 608 5017 916 5073; x_wconf 90' lang='lat' dir='ltr'><strong>dominetur</strong></span> <span class='ocrx_word' id='word_1_773' title='bbox 944 5018 1222 5074; x_wconf 87' lang='lat' dir='ltr'><strong>elementis</strong></span> <span class='ocrx_word' id='word_1_774' title='bbox 1240 5059 1254 5083; x_wconf 94' lang='lat'><strong>,</strong></span> <span class='ocrx_word' id='word_1_775' title='bbox 1283 5019 1376 5088; x_wconf 91' lang='lat' dir='ltr'><strong>qui</strong></span> <span class='ocrx_word' id='word_1_776' title='bbox 1397 5019 1679 5076; x_wconf 90' lang='lat' dir='ltr'><strong>elementis</strong></span> <span class='ocrx_word' id='word_1_777' title='bbox 1709 5020 1969 5076; x_wconf 89' lang='lat' dir='ltr'><strong>hactenus</strong></span> <span class='ocrx_word' id='word_1_778' title='bbox 1998 5037 2098 5093; x_wconf 90' lang='lat' dir='ltr'><strong>per</strong></span> 
     </span>
    </p>
   </div>
   <div class='ocr_carea' id='block_1_92' title="bbox 513 5111 2098 5185">
    <p class='ocr_par' dir='ltr' id='par_1_92' title="bbox 513 5111 2098 5185">
     <span class='ocr_line' id='line_1_92' title="bbox 513 5111 2098 5185; baseline 0.002 -18"><span class='ocrx_word' id='word_1_779' title='bbox 513 5112 870 5181; x_wconf 78' lang='lat' dir='ltr'><strong>ignorantiam</strong></span> <span class='ocrx_word' id='word_1_780' title='bbox 892 5111 1193 5177; x_wconf 86' lang='lat' dir='ltr'><strong>serviebat;</strong></span> <span class='ocrx_word' id='word_1_781' title='bbox 1218 5113 1475 5182; x_wconf 87' lang='lat' dir='ltr'><strong>largiatur</strong></span> <span class='ocrx_word' id='word_1_782' title='bbox 1494 5127 1589 5168; x_wconf 89' lang='lat' dir='ltr'><strong>sua</strong></span> <span class='ocrx_word' id='word_1_783' title='bbox 1615 5129 1711 5184; x_wconf 90' lang='lat' dir='ltr'><strong>per</strong></span> <span class='ocrx_word' id='word_1_784' title='bbox 1731 5115 1978 5182; x_wconf 89' lang='lat' dir='ltr'><strong>gloriam,</strong></span> <span class='ocrx_word' id='word_1_785' title='bbox 2005 5115 2098 5185; x_wconf 92' lang='lat' dir='ltr'><strong>qui</strong></span> 
     </span>
    </p>
   </div>
   <div class='ocr_carea' id='block_1_93' title="bbox 511 5202 2101 5276">
    <p class='ocr_par' dir='ltr' id='par_1_93' title="bbox 511 5202 2101 5276">
     <span class='ocr_line' id='line_1_93' title="bbox 511 5202 2101 5276; baseline 0.001 -18"><span class='ocrx_word' id='word_1_786' title='bbox 511 5205 662 5276; x_wconf 73' lang='lat' dir='ltr'><strong>prius</strong></span> <span class='ocrx_word' id='word_1_787' title='bbox 682 5203 911 5274; x_wconf 90' lang='lat' dir='ltr'><strong>turpiter</strong></span> <span class='ocrx_word' id='word_1_788' title='bbox 937 5202 1218 5260; x_wconf 89' lang='lat' dir='ltr'><strong>furabatur</strong></span> <span class='ocrx_word' id='word_1_789' title='bbox 1246 5203 1454 5269; x_wconf 88' lang='lat' dir='ltr'><strong>aliena;</strong></span> <span class='ocrx_word' id='word_1_790' title='bbox 1487 5212 1541 5259; x_wconf 93' lang='lat' dir='ltr'><strong>et</strong></span> <span class='ocrx_word' id='word_1_791' title='bbox 1565 5205 1657 5275; x_wconf 89' lang='lat' dir='ltr'><strong>qui</strong></span> <span class='ocrx_word' id='word_1_792' title='bbox 1686 5205 1868 5264; x_wconf 79' lang='lat' dir='ltr'><strong>carnis</strong></span> <span class='ocrx_word' id='word_1_793' title='bbox 1886 5221 2101 5262; x_wconf 83' lang='lat' dir='ltr'><strong>exerce-</strong></span> 
     </span>
    </p>
   </div>
   <div class='ocr_carea' id='block_1_94' title="bbox 583 5423 2094 5497">
    <p class='ocr_par' dir='ltr' id='par_1_94' title="bbox 583 5423 2094 5497">
     <span class='ocr_line' id='line_1_94' title="bbox 583 5423 2094 5497; baseline 0.002 -18"><span class='ocrx_word' id='word_1_794' title='bbox 583 5433 609 5463; x_wconf 81' lang='grc' dir='ltr'>ι</span> <span class='ocrx_word' id='word_1_795' title='bbox 635 5423 794 5497; x_wconf 83' lang='lat' dir='ltr'><strong>Juxta</strong></span> <span class='ocrx_word' id='word_1_796' title='bbox 823 5434 1064 5497; x_wconf 88' lang='lat' dir='ltr'><strong>veterum</strong></span> <span class='ocrx_word' id='word_1_797' title='bbox 1092 5424 1535 5497; x_wconf 77' lang='lat' dir='ltr'><strong>philosOphorum</strong></span> <span class='ocrx_word' id='word_1_798' title='bbox 1562 5425 1820 5497; x_wconf 83' lang='lat' dir='ltr'><strong>placitum</strong></span> <span class='ocrx_word' id='word_1_799' title='bbox 1843 5426 2094 5497; x_wconf 12' lang='lat' dir='ltr'><strong>,iquibus</strong></span> 
     </span>
    </p>
   </div>
   <div class='ocr_carea' id='block_1_95' title="bbox 509 5494 2093 5566">
    <p class='ocr_par' dir='ltr' id='par_1_95' title="bbox 509 5494 2093 5566">
     <span class='ocr_line' id='line_1_95' title="bbox 509 5494 2093 5566; baseline 0 -14"><span class='ocrx_word' id='word_1_800' title='bbox 509 5496 710 5566; x_wconf 89' lang='lat' dir='ltr'><strong>aliquid</strong></span> <span class='ocrx_word' id='word_1_801' title='bbox 749 5498 884 5551; x_wconf 86' lang='lat' dir='ltr'><strong>mori</strong></span> <span class='ocrx_word' id='word_1_802' title='bbox 931 5494 1230 5566; x_wconf 76' lang='lat' dir='ltr'><strong>dicebatur,</strong></span> <span class='ocrx_word' id='word_1_803' title='bbox 1263 5494 1384 5550; x_wconf 87' lang='lat' dir='ltr'><strong>cum</strong></span> <span class='ocrx_word' id='word_1_804' title='bbox 1425 5495 1536 5551; x_wconf 88' lang='lat' dir='ltr'><strong>suis</strong></span> <span class='ocrx_word' id='word_1_805' title='bbox 1565 5494 1748 5552; x_wconf 78' lang='lat' dir='ltr'><strong>exibat</strong></span> <span class='ocrx_word' id='word_1_806' title='bbox 1778 5494 2004 5564; x_wconf 85' lang='lat' dir='ltr'><strong>ﬁnibus,</strong></span> <span class='ocrx_word' id='word_1_807' title='bbox 2037 5499 2093 5552; x_wconf 91' lang='lat' dir='ltr'><strong>in</strong></span> 
     </span>
    </p>
   </div>
   <div class='ocr_carea' id='block_1_96' title="bbox 510 5565 2097 5632">
    <p class='ocr_par' dir='ltr' id='par_1_96' title="bbox 510 5565 2097 5632">
     <span class='ocr_line' id='line_1_96' title="bbox 510 5565 2097 5632; baseline 0 -10"><span class='ocrx_word' id='word_1_808' title='bbox 510 5565 683 5622; x_wconf 87' lang='lat' dir='ltr'><strong>aliena</strong></span> <span class='ocrx_word' id='word_1_809' title='bbox 726 5568 1009 5622; x_wconf 88' lang='lat' dir='ltr'><strong>transiens.</strong></span> <span class='ocrx_word' id='word_1_810' title='bbox 1051 5565 1262 5622; x_wconf 87' lang='lat' dir='ltr'><strong>Platoni</strong></span> <span class='ocrx_word' id='word_1_811' title='bbox 1311 5566 1474 5621; x_wconf 93' lang='lat' dir='ltr'><strong>homo</strong></span> <span class='ocrx_word' id='word_1_812' title='bbox 1522 5568 1654 5622; x_wconf 91' lang='lat' dir='ltr'><strong>mori</strong></span> <span class='ocrx_word' id='word_1_813' title='bbox 1695 5567 1997 5632; x_wconf 87' lang='lat' dir='ltr'><strong>dicebatur,</strong></span> <span class='ocrx_word' id='word_1_814' title='bbox 2039 5575 2097 5622; x_wconf 90' lang='lat' dir='ltr'><strong>et</strong></span> 
     </span>
    </p>
   </div>
   <div class='ocr_carea' id='block_1_97' title="bbox 510 5637 2095 5708">
    <p class='ocr_par' dir='ltr' id='par_1_97' title="bbox 510 5637 2095 5708">
     <span class='ocr_line' id='line_1_97' title="bbox 510 5637 2095 5708; baseline -0.001 -16"><span class='ocrx_word' id='word_1_815' title='bbox 510 5651 635 5692; x_wconf 90' lang='lat' dir='ltr'><strong>cum</strong></span> <span class='ocrx_word' id='word_1_816' title='bbox 682 5637 858 5692; x_wconf 88' lang='lat' dir='ltr'><strong>anima</strong></span> <span class='ocrx_word' id='word_1_817' title='bbox 885 5638 1140 5708; x_wconf 89' lang='lat' dir='ltr'><strong>relinquit</strong></span> <span class='ocrx_word' id='word_1_818' title='bbox 1166 5652 1396 5708; x_wconf 91' lang='lat' dir='ltr'><strong>corpus,</strong></span> <span class='ocrx_word' id='word_1_819' title='bbox 1427 5646 1484 5691; x_wconf 90' lang='lat' dir='ltr'><strong>et</strong></span> <span class='ocrx_word' id='word_1_820' title='bbox 1510 5651 1632 5693; x_wconf 89' lang='lat' dir='ltr'><strong>cum</strong></span> <span class='ocrx_word' id='word_1_821' title='bbox 1661 5637 1839 5708; x_wconf 83' lang='lat' dir='ltr'><strong>anima</strong></span> <span class='ocrx_word' id='word_1_822' title='bbox 1870 5637 1925 5692; x_wconf 88' lang='lat' dir='ltr'><strong>in</strong></span> <span class='ocrx_word' id='word_1_823' title='bbox 1967 5651 2095 5692; x_wconf 90' lang='lat' dir='ltr'><strong>cor-</strong></span> 
     </span>
    </p>
   </div>
   <div class='ocr_carea' id='block_1_98' title="bbox 511 5707 2097 5780">
    <p class='ocr_par' dir='ltr' id='par_1_98' title="bbox 511 5707 2097 5780">
     <span class='ocr_line' id='line_1_98' title="bbox 511 5707 2097 5780; baseline 0.002 -18"><span class='ocrx_word' id='word_1_824' title='bbox 511 5722 645 5778; x_wconf 88' lang='lat' dir='ltr'><strong>pore</strong></span> <span class='ocrx_word' id='word_1_825' title='bbox 669 5709 977 5780; x_wconf 84' lang='lat' dir='ltr'><strong>_coustituta</strong></span> <span class='ocrx_word' id='word_1_826' title='bbox 1014 5707 1140 5766; x_wconf 83' lang='lat' dir='ltr'><strong>suas</strong></span> <span class='ocrx_word' id='word_1_827' title='bbox 1169 5707 1321 5766; x_wconf 85' lang='lat' dir='ltr'><strong>exuit</strong></span> <span class='ocrx_word' id='word_1_828' title='bbox 1348 5708 1648 5780; x_wconf 84' lang='lat' dir='ltr'><strong>passiones,</strong></span> <span class='ocrx_word' id='word_1_829' title='bbox 1680 5714 1737 5765; x_wconf 86' lang='lat' dir='ltr'><strong>et</strong></span> <span class='ocrx_word' id='word_1_830' title='bbox 1765 5707 1836 5765; x_wconf 92' lang='lat' dir='ltr'><strong>ad</strong></span> <span class='ocrx_word' id='word_1_831' title='bbox 1862 5708 2097 5766; x_wconf 83' lang='lat' dir='ltr'><strong>virtutes</strong></span> 
     </span>
    </p>
   </div>
   <div class='ocr_carea' id='block_1_99' title="bbox 509 5777 726 5834">
    <p class='ocr_par' dir='ltr' id='par_1_99' title="bbox 509 5777 726 5834">
     <span class='ocr_line' id='line_1_99' title="bbox 509 5777 726 5834; baseline -0.009 0"><span class='ocrx_word' id='word_1_832' title='bbox 509 5777 726 5834; x_wconf 62' lang='lat' dir='ltr'><strong>iransit.</strong></span> 
     </span>
    </p>
   </div>
   <div class='ocr_carea' id='block_1_100' title="bbox 2203 4838 3759 4912">
    <p class='ocr_par' dir='ltr' id='par_1_100' title="bbox 2203 4838 3759 4912">
     <span class='ocr_line' id='line_1_100' title="bbox 2203 4838 3759 4912; baseline 0.006 -20"><span class='ocrx_word' id='word_1_833' title='bbox 2203 4838 2331 4908; x_wconf 90' lang='lat' dir='ltr'><strong>quid</strong></span> <span class='ocrx_word' id='word_1_834' title='bbox 2347 4838 2596 4908; x_wconf 89' lang='lat' dir='ltr'><strong>gloriaris</strong></span> <span class='ocrx_word' id='word_1_835' title='bbox 2616 4840 2770 4909; x_wconf 87' lang='lat' dir='ltr'><strong>quasi</strong></span> <span class='ocrx_word' id='word_1_836' title='bbox 2793 4855 2899 4895; x_wconf 92' lang='lat' dir='ltr'><strong>non</strong></span> <span class='ocrx_word' id='word_1_837' title='bbox 2919 4841 3254 4911; x_wconf 79' lang='lat' dir='ltr'><strong>perdideris?</strong></span> <span class='ocrx_word' id='word_1_838' title='bbox 3277 4839 3379 4897; x_wconf 89' lang='lat' dir='ltr'><strong>Ubi</strong></span> <span class='ocrx_word' id='word_1_839' title='bbox 3408 4851 3492 4897; x_wconf 91' lang='lat' dir='ltr'><strong>est</strong></span> <span class='ocrx_word' id='word_1_840' title='bbox 3520 4840 3759 4912; x_wconf 71' lang='lat' dir='ltr'><strong>templum.</strong></span> 
     </span>
    </p>
   </div>
   <div class='ocr_carea' id='block_1_101' title="bbox 2203 4930 3761 5000">
    <p class='ocr_par' dir='ltr' id='par_1_101' title="bbox 2203 4930 3761 5000">
     <span class='ocr_line' id='line_1_101' title="bbox 2203 4930 3761 5000; baseline 0.001 -16"><span class='ocrx_word' id='word_1_841' title='bbox 2203 4931 2295 4986; x_wconf 86' lang='lat' dir='ltr'><strong>ubi</strong></span> <span class='ocrx_word' id='word_1_842' title='bbox 2323 4940 2406 4986; x_wconf 89' lang='lat' dir='ltr'><strong>est</strong></span> <span class='ocrx_word' id='word_1_843' title='bbox 2427 4932 2712 5000; x_wconf 89' lang='lat' dir='ltr'><strong>sacerdos,</strong></span> <span class='ocrx_word' id='word_1_844' title='bbox 2743 4933 2836 4988; x_wconf 90' lang='lat' dir='ltr'><strong>ubi</strong></span> <span class='ocrx_word' id='word_1_845' title='bbox 2863 4935 3185 4990; x_wconf 89' lang='lat' dir='ltr'><strong>sacrilicium</strong></span> <span class='ocrx_word' id='word_1_846' title='bbox 3202 4976 3216 5000; x_wconf 95' lang='lat'><strong>,</strong></span> <span class='ocrx_word' id='word_1_847' title='bbox 3247 4934 3336 4990; x_wconf 88' lang='lat' dir='ltr'><strong>ubi</strong></span> <span class='ocrx_word' id='word_1_848' title='bbox 3365 4936 3665 5000; x_wconf 85' lang='lat' dir='ltr'><strong>incensum,</strong></span> <span class='ocrx_word' id='word_1_849' title='bbox 3691 4930 3761 4986; x_wconf 85' lang='lat' dir='ltr'><strong>ubi</strong></span> 
     </span>
    </p>
   </div>
   <div class='ocr_carea' id='block_1_102' title="bbox 2201 5021 3762 5092">
    <p class='ocr_par' dir='ltr' id='par_1_102' title="bbox 2201 5021 3762 5092">
     <span class='ocr_line' id='line_1_102' title="bbox 2201 5021 3762 5092; baseline 0 -16"><span class='ocrx_word' id='word_1_850' title='bbox 2201 5021 2606 5092; x_wconf 82' lang='lat' dir='ltr'><strong>purificationes</strong></span> <span class='ocrx_word' id='word_1_851' title='bbox 2654 5031 2791 5091; x_wconf 70' lang='lat' dir='ltr'><strong>tute,</strong></span> <span class='ocrx_word' id='word_1_852' title='bbox 2837 5023 2927 5080; x_wconf 91' lang='lat' dir='ltr'><strong>ubi</strong></span> <span class='ocrx_word' id='word_1_853' title='bbox 2974 5026 3377 5081; x_wconf 84' lang='lat' dir='ltr'><strong>solemnitatum</strong></span> <span class='ocrx_word' id='word_1_854' title='bbox 3427 5035 3636 5082; x_wconf 89' lang='lat' dir='ltr'><strong>tuarum</strong></span> <span class='ocrx_word' id='word_1_855' title='bbox 3677 5036 3762 5077; x_wconf 84' lang='lat' dir='ltr'><strong>non</strong></span> 
     </span>
    </p>
   </div>
   <div class='ocr_carea' id='block_1_103' title="bbox 2201 5114 3760 5184">
    <p class='ocr_par' dir='ltr' id='par_1_103' title="bbox 2201 5114 3760 5184">
     <span class='ocr_line' id='line_1_103' title="bbox 2201 5114 3760 5184; baseline 0.001 -16"><span class='ocrx_word' id='word_1_856' title='bbox 2201 5115 2496 5172; x_wconf 87' lang='lat' dir='ltr'><strong>omittenda</strong></span> <span class='ocrx_word' id='word_1_857' title='bbox 2539 5117 2798 5172; x_wconf 83' lang='lat' dir='ltr'><strong>devotio?</strong></span> <span class='ocrx_word' id='word_1_858' title='bbox 2824 5117 2930 5174; x_wconf 87' lang='lat' dir='ltr'><strong>Sed</strong></span> <span class='ocrx_word' id='word_1_859' title='bbox 2969 5126 3030 5172; x_wconf 91' lang='lat' dir='ltr'><strong>ut</strong></span> <span class='ocrx_word' id='word_1_860' title='bbox 3056 5118 3132 5173; x_wconf 89' lang='lat' dir='ltr'><strong>sis</strong></span> <span class='ocrx_word' id='word_1_861' title='bbox 3170 5116 3416 5184; x_wconf 77' lang='lat' dir='ltr'><strong>Judzeus,</strong></span> <span class='ocrx_word' id='word_1_862' title='bbox 3448 5119 3637 5175; x_wconf 90' lang='lat' dir='ltr'><strong>merito</strong></span> <span class='ocrx_word' id='word_1_863' title='bbox 3677 5114 3760 5170; x_wconf 86' lang='lat' dir='ltr'><strong>cir-</strong></span> 
     </span>
    </p>
   </div>
   <div class='ocr_carea' id='block_1_104' title="bbox 2203 5206 3768 5280">
    <p class='ocr_par' dir='ltr' id='par_1_104' title="bbox 2203 5206 3768 5280">
     <span class='ocr_line' id='line_1_104' title="bbox 2203 5206 3768 5280; baseline 0.001 -19"><span class='ocrx_word' id='word_1_864' title='bbox 2203 5206 2541 5274; x_wconf 89' lang='lat' dir='ltr'><strong>cumcideris,</strong></span> <span class='ocrx_word' id='word_1_865' title='bbox 2575 5211 2703 5279; x_wconf 91' lang='lat' dir='ltr'><strong>quia</strong></span> <span class='ocrx_word' id='word_1_866' title='bbox 2728 5209 2888 5266; x_wconf 91' lang='lat' dir='ltr'><strong>bonis</strong></span> <span class='ocrx_word' id='word_1_867' title='bbox 2907 5211 3158 5266; x_wconf 88' lang='lat' dir='ltr'><strong>omnibus</strong></span> <span class='ocrx_word' id='word_1_868' title='bbox 3195 5211 3468 5268; x_wconf 88' lang='lat' dir='ltr'><strong>abscissus</strong></span> <span class='ocrx_word' id='word_1_869' title='bbox 3508 5227 3567 5268; x_wconf 90' lang='lat' dir='ltr'><strong>es</strong></span> <span class='ocrx_word' id='word_1_870' title='bbox 3603 5209 3768 5280; x_wconf 50' lang='lat' dir='ltr'><strong>supra:</strong></span> 
     </span>
    </p>
   </div>
   <div class='ocr_carea' id='block_1_105' title="bbox 2276 5428 3761 5504">
    <p class='ocr_par' dir='ltr' id='par_1_105' title="bbox 2276 5428 3761 5504">
     <span class='ocr_line' id='line_1_105' title="bbox 2276 5428 3761 5504; baseline 0.002 -20"><span class='ocrx_word' id='word_1_871' title='bbox 2276 5429 2302 5468; x_wconf 74' lang='grc' dir='ltr'>δ</span> <span class='ocrx_word' id='word_1_872' title='bbox 2331 5428 2778 5504; x_wconf 84' lang='lat' dir='ltr'><strong>Concupisccntia</strong></span> <span class='ocrx_word' id='word_1_873' title='bbox 2813 5431 3029 5502; x_wconf 90' lang='lat' dir='ltr'><strong>quando</strong></span> <span class='ocrx_word' id='word_1_874' title='bbox 3067 5441 3294 5488; x_wconf 90' lang='lat' dir='ltr'><strong>vocatur</strong></span> <span class='ocrx_word' id='word_1_875' title='bbox 3335 5441 3642 5504; x_wconf 86' lang='lat' dir='ltr'><strong>peccatum,</strong></span> <span class='ocrx_word' id='word_1_876' title='bbox 3673 5440 3761 5482; x_wconf 82' lang='lat' dir='ltr'><strong>non</strong></span> 
     </span>
    </p>
   </div>
   <div class='ocr_carea' id='block_1_106' title="bbox 2201 5501 3761 5629">
    <p class='ocr_par' dir='ltr' id='par_1_106' title="bbox 2201 5501 3761 5629">
     <span class='ocr_line' id='line_1_106' title="bbox 2202 5501 3761 5572; baseline -0.001 -17"><span class='ocrx_word' id='word_1_877' title='bbox 2202 5501 2390 5570; x_wconf 88' lang='lat' dir='ltr'><strong>utique</strong></span> <span class='ocrx_word' id='word_1_878' title='bbox 2409 5501 2535 5571; x_wconf 89' lang='lat' dir='ltr'><strong>quia</strong></span> <span class='ocrx_word' id='word_1_879' title='bbox 2566 5501 2847 5570; x_wconf 87' lang='lat' dir='ltr'><strong>peccatum</strong></span> <span class='ocrx_word' id='word_1_880' title='bbox 2877 5513 2962 5561; x_wconf 88' lang='lat' dir='ltr'><strong>est</strong></span> <span class='ocrx_word' id='word_1_881' title='bbox 2987 5512 3234 5569; x_wconf 84' lang='lat' dir='ltr'><strong>vocatur,</strong></span> <span class='ocrx_word' id='word_1_882' title='bbox 3275 5501 3371 5558; x_wconf 83' lang='lat' dir='ltr'><strong>sed</strong></span> <span class='ocrx_word' id='word_1_883' title='bbox 3400 5504 3526 5572; x_wconf 84' lang='lat' dir='ltr'><strong>quia</strong></span> <span class='ocrx_word' id='word_1_884' title='bbox 3564 5505 3761 5571; x_wconf 81' lang='lat' dir='ltr'><strong>peccato</strong></span> 
     </span>
     <span class='ocr_line' id='line_1_107' title="bbox 2201 5567 3760 5629; baseline -0.001 -5"><span class='ocrx_word' id='word_1_885' title='bbox 2201 5569 2340 5626; x_wconf 87' lang='lat' dir='ltr'><strong>facta</strong></span> <span class='ocrx_word' id='word_1_886' title='bbox 2370 5572 2457 5625; x_wconf 87' lang='lat' dir='ltr'><strong>sit.</strong></span> <span class='ocrx_word' id='word_1_887' title='bbox 2491 5571 2548 5626; x_wconf 91' lang='lat' dir='ltr'><strong>S.</strong></span> <span class='ocrx_word' id='word_1_888' title='bbox 2581 5571 2938 5629; x_wconf 73' lang='lat' dir='ltr'><strong>Augustinus.</strong></span> <span class='ocrx_word' id='word_1_889' title='bbox 2972 5584 3104 5629; x_wconf 88' lang='lat' dir='ltr'><strong>tom.</strong></span> <span class='ocrx_word' id='word_1_890' title='bbox 3131 5573 3240 5629; x_wconf 66' lang='lat' dir='ltr'><strong>\‘Il.</strong></span> <span class='ocrx_word' id='word_1_891' title='bbox 3273 5579 3466 5629; x_wconf 82' lang='lat' dir='ltr'><strong>contra</strong></span> <span class='ocrx_word' id='word_1_892' title='bbox 3484 5571 3616 5629; x_wconf 80' lang='lat' dir='ltr'><strong>duas</strong></span> <span class='ocrx_word' id='word_1_893' title='bbox 3649 5567 3760 5629; x_wconf 55' lang='lat' dir='ltr'><strong>Eni.</strong></span> 
     </span>
    </p>
   </div>
   <div class='ocr_carea' id='block_1_107' title="bbox 2203 5573 3760 5717">
    <p class='ocr_par' dir='ltr' id='par_1_107' title="bbox 2203 5573 3760 5717">
     <span class='ocr_line' id='line_1_108' title="bbox 2203 5573 3760 5643; baseline -0.001 -19"><span class='ocrx_word' id='word_1_894' title='bbox 2203 5573 2340 5626; x_wconf 86' lang='lat' dir='ltr'><strong>facta</strong></span> <span class='ocrx_word' id='word_1_895' title='bbox 2370 5573 2457 5625; x_wconf 91' lang='lat' dir='ltr'><strong>sit.</strong></span> <span class='ocrx_word' id='word_1_896' title='bbox 2491 5573 2548 5626; x_wconf 91' lang='lat' dir='ltr'><strong>S.</strong></span> <span class='ocrx_word' id='word_1_897' title='bbox 2581 5573 2938 5641; x_wconf 84' lang='lat' dir='ltr'><strong>Augustinus,</strong></span> <span class='ocrx_word' id='word_1_898' title='bbox 2972 5584 3104 5629; x_wconf 88' lang='lat' dir='ltr'><strong>tom.</strong></span> <span class='ocrx_word' id='word_1_899' title='bbox 3131 5573 3240 5637; x_wconf 66' lang='lat' dir='ltr'><strong>\‘Il,</strong></span> <span class='ocrx_word' id='word_1_900' title='bbox 3273 5579 3466 5629; x_wconf 82' lang='lat' dir='ltr'><strong>contra</strong></span> <span class='ocrx_word' id='word_1_901' title='bbox 3484 5573 3616 5629; x_wconf 80' lang='lat' dir='ltr'><strong>duas</strong></span> <span class='ocrx_word' id='word_1_902' title='bbox 3649 5573 3760 5643; x_wconf 62' lang='lat' dir='ltr'><strong>Epic</strong></span> 
     </span>
     <span class='ocr_line' id='line_1_109' title="bbox 2203 5641 3306 5717; baseline 0.003 -19"><span class='ocrx_word' id='word_1_903' title='bbox 2203 5641 2674 5717; x_wconf 65' lang='lat' dir='ltr'><strong>stola_s__l_’elagian.</strong></span> <span class='ocrx_word' id='word_1_904' title='bbox 2706 5643 2798 5699; x_wconf 92' lang='lat' dir='ltr'><strong>lib.</strong></span> <span class='ocrx_word' id='word_1_905' title='bbox 2822 5660 2840 5700; x_wconf 86' lang='grc' dir='ltr'><strong>ι</strong></span> <span class='ocrx_word' id='word_1_906' title='bbox 2867 5660 2987 5717; x_wconf 80' lang='lat' dir='ltr'><strong>cap.</strong></span> <span class='ocrx_word' id='word_1_907' title='bbox 3005 5642 3106 5717; x_wconf 73' lang='lat'><strong>_12.</strong></span> <span class='ocrx_word' id='word_1_908' title='bbox 3139 5643 3306 5717; x_wconf 55' lang='lat' dir='ltr'><strong>biga.</strong></span> 
     </span>
    </p>
   </div>
   <div class='ocr_carea' id='block_1_108' title="bbox 2279 5712 3327 5783">
    <p class='ocr_par' dir='ltr' id='par_1_108' title="bbox 2279 5712 3327 5783">
     <span class='ocr_line' id='line_1_110' title="bbox 2279 5712 3327 5783; baseline 0.003 -14"><span class='ocrx_word' id='word_1_909' title='bbox 2279 5723 2302 5752; x_wconf 73' lang='grc' dir='ltr'><strong><em>ο</em></strong></span> <span class='ocrx_word' id='word_1_910' title='bbox 2334 5712 2468 5771; x_wconf 80' lang='lat' dir='ltr'><strong>Vide</strong></span> <span class='ocrx_word' id='word_1_911' title='bbox 2496 5721 2682 5770; x_wconf 91' lang='lat' dir='ltr'><strong>notam</strong></span> <span class='ocrx_word' id='word_1_912' title='bbox 2714 5725 2738 5754; x_wconf 77' lang='grc' dir='ltr'><strong><em>ο</em></strong></span> <span class='ocrx_word' id='word_1_913' title='bbox 2768 5712 3047 5783; x_wconf 67' lang='lat' dir='ltr'><strong>serm.&#39;66,</strong></span> <span class='ocrx_word' id='word_1_914' title='bbox 3069 5714 3175 5773; x_wconf 84' lang='lat' dir='ltr'><strong>col.</strong></span> <span class='ocrx_word' id='word_1_915' title='bbox 3201 5712 3327 5772; x_wconf 76' lang='lat'><strong>385.</strong></span> 
     </span>
    </p>
   </div>
  </div>
