3878 6368
130 364 221 423 δη

1518 347 1748 410 SERHO
1780 347 1968 407 CXIV.

3284 353 3392 420 BM

130 477 288 536 dictis.
317 429 593 550 Scriptum
620 484 705 534 est
726 475 903 533 enim:
928 471 1248 532 Maledictus
1275 469 1453 528 omnis
1478 468 1572 540 qui
1592 482 1700 524 non
1727 468 1782 530 Α
1803 471 2131 538 praesumpta
2167 464 2407 523 libertas.
2443 466 2592 522 Servi
2638 468 2766 539 facti
2810 469 2934 526 estis
2974 469 3216 542 justitic.
3265 471 3393 534 limo

131 569 472 646 permanserit
492 569 548 626 in
569 569 820 626 omnibus
845 584 967 640 quae
992 568 1190 640 scripta
1225 573 1352 624 sunt
1380 565 1435 621 in
1463 563 1602 620 libro
1625 561 1705 618 le—

131 665 204 736 gis
231 660 404 733 (Deut.
437 665 632 732 xxvii).
662 661 720 717 Si
749 660 1068 718 maledictus
1097 669 1180 716 est
1205 660 1300 731 qui
1328 659 1383 716 in
1406 673 1516 714 uno
1543 653 1707 712 offen-

134 757 276 819 derit,
304 755 522 826 quoties
549 753 866 811 maledictus
905 753 1011 810 erit
1048 753 1141 824 qui
1175 751 1308 809 nihil
1340 767 1410 807 ex
1454 747 1708 805 omnibus

129 844 434 920 probabitur
461 844 740 902 effecisse?
759 843 1117 909 Peccavimus,
1143 843 1238 911 ait,
1263 845 1386 917 quia
1405 859 1510 898 non
1530 857 1706 898 sumus

125 927 214 998 ίαο
224 940 346 1012 lege,
361 947 387 975 ἰ
396 938 490 994 sed
508 937 604 994 sub
616 938 905 1012 gratia?Ac
923 939 969 994 si
982 938 1206 1003 diceret,
1226 935 1417 992 fratres
1430 954 1444 991 :
1459 934 1712 992 Peccavi~

135 1048 258 1093 mus,
278 1030 403 1102 quia
425 1031 480 1086 in
500 1047 632 1087 cura
654 1045 761 1087 non
789 1031 1183 1104 permansimus
1204 1029 1316 1101 jam
1336 1019 1550 1086 sanati?
1569 1027 1707 1085 Pec-

135 1125 376 1188 cavimus,
404 1124 530 1195 quia
562 1125 758 1196 ignem,
801 1124 1032 1192 ferrum,
1073 1125 1467 1181 medicamenta
1495 1121 1710 1193 reliqui-

136 1232 242 1274 mus
261 1217 372 1285 jam
398 1217 609 1273 curati?
645 1216 836 1274 Infelix
873 1231 1035 1288 :eger,
1074 1217 1169 1288 qui
1209 1224 1333 1289 post
1371 1231 1558 1273 curam
1597 1230 1709 1271 non

137 1309 236 1365 vult
251 1324 440 1365 curare
466 1317 813 1366 tormentum.
842 1308 912 1364 Et
938 1310 1064 1380 quid
1086 1310 1269 1382 plura,
1300 1309 1532 1365 fratres?
1550 1307 1711 1365 Num-

136 1414 280 1470 quam
307 1406 483 1465 curat,
508 1399 600 1468 qui
630 1399 952 1455 inﬁrmantis
973 1401 1243 1470 quaeritet
1273 1405 1553 1471 exspectat
1573 1398 1711 1455 arbi-

137 1490 320 1546 trium?
346 1489 482 1545 Nam
503 1491 530 1529 δ
560 1506 682 1546 cum
711 1506 780 1547 ex
819 1491 1047 1547 humore
1092 1490 1286 1562 frigido
1323 1505 1538 1562 semper
1571 1489 1712 1561 ignis

139 1581 480 1638 succendatur
506 1583 560 1637 in
588 1598 836 1653 corpore,
861 1591 918 1638 et
937 1583 1083 1652 rigor
1102 1584 1301 1640 nimius
1321 1583 1448 1638 dum
1468 1583 1710 1640 membra

139 1681 279 1729 vexat
303 1682 363 1729 et
387 1674 657 1740 concutit,
689 1675 869 1731 acrius
889 1675 1006 1746 ipse
1041 1675 1212 1732 efficit
1244 1684 1300 1731 et
1325 1676 1496 1746 gignit
1527 1675 1711 1731 incen-

137 1765 299 1832 dium;
333 1765 408 1820 ita
434 1775 672 1836 aegrotus
711 1766 779 1822 ad
817 1767 1116 1837 augendam
1152 1766 1422 1824 ﬂammam
1451 1784 1573 1840 qua:
1599 1769 1712 1825 suis

1769 564 1778 576 ‘
1806 558 2058 626 servitus,
2090 557 2303 625 fratres,
2329 574 2438 616 non
2464 559 2686 628 obligat,
2717 559 2815 617 sed
2838 561 3102 632 absolvit;
3124 580 3233 622 non
3253 581 3390 624 one-

1805 661 1912 720 rat,
1948 653 2043 710 sed
2071 653 2337 720 honorat;
2369 652 2631 724 abstergit
2649 655 2926 712 servitutis
2953 658 3250 728 maculam,
3281 675 3392 719 non

1805 745 1993 803 inurit.
2016 743 2156 813 Quid
2181 745 2287 812 hic,
2318 759 2472 815 rogo,
2503 761 2612 802 non
2632 745 2870 802 divinum
2901 755 3004 815 est,
3036 748 3128 805 ubi
3157 751 3392 808 servitus

1806 839 2028 912 pellitur
2067 838 2360 907 servitute,
2385 839 2476 895 ubi
2511 837 2726 910 fugatur
2765 841 3075 900 conditione
3111 844 3386 912 conditio,

1809 931 1901 987 ubi
1927 947 2074 988 mors
2102 939 2277 988 morte
2305 931 2552 997 moritur,
2583 931 2676 989 ubi
2702 932 2935 1004 perditio
2961 933 3267 1006 perditione
3305 952 3394 994 sa~

1808 1033 1987 1092 natur,
2017 1032 2074 1082 et
2094 1032 2153 1082 ut
2171 1023 2390 1096 proprie
2418 1038 2483 1080 ac
2511 1023 2747 1080 breviter
2771 1024 3001 1094 dicatur,
3023 1026 3116 1084 ubi
3150 1036 3264 1084 tota
3293 1027 3392 1084 ad-
3421 1028 3434 1082 ξ

1807 1118 2036 1174 versitas
2076 1117 2244 1189 ipsius
2284 1115 2625 1172 adversitatis
2673 1131 2932 1174 mucrone
2987 1119 3391 1190 prosternitur?
3425 1174 3428 1178 .

1809 1209 1965 1280 Quod
1991 1218 2170 1267 autem
2199 1209 2336 1266 dixit
2361 1229 2374 1264 :
2407 1208 2708 1265 Humanum
2729 1209 2846 1267 dico
2875 1222 3086 1284 propter
3111 1214 3395 1285 inﬁmita-

1811 1311 1914 1358 tem
1941 1303 2116 1358 carnis
2143 1312 2326 1359 vestra:
2351 1317 2370 1357 :
2399 1303 2534 1357 sicut
2559 1303 2695 1358 enim
2715 1303 3019 1360 exhibuistis
3047 1306 3276 1361 membra
3307 1324 3426 1382 νιε-⁹

1809 1403 1922 1452 stra
1948 1396 2139 1452 seruire
2158 1393 2519 1461 immunditiis,
2541 1403 2594 1450 et
2619 1395 2886 1467 iniquitati
2916 1395 2988 1450 att
3026 1398 3392 1469 iniquitatem;

1808 1489 1886 1543 ita
1912 1486 2148 1543 exhibete
2171 1485 2402 1542 membra
2429 1495 2597 1542 vestra
2629 1487 2820 1542 serrire
2840 1488 3062 1560 justitiat
3079 1489 3135 1544 in
3156 1490 3395 1561 sanctifi-

1812 1582 2085 1636 cationem.
2117 1579 2538 1650 Magnitudinem
2566 1579 2785 1650 pietatis
2811 1579 3068 1648 ostendit,
3096 1596 3219 1637 cum
3240 1595 3398 1638 evan-

1810 1672 2038 1741 gelicam
2064 1670 2366 1728 doctrinam
2395 1670 2465 1726 ad
2495 1679 2603 1726 tam
2631 1671 2852 1728 humilia
2880 1679 2938 1728 et
2964 1687 3105 1744 pene
3131 1687 3398 1730 verecun-

1810 1765 1879 1821 da
1907 1765 2130 1836 deponit
2156 1766 2438 1836 exempla;
2481 1773 2541 1820 ut
2577 1766 2851 1823 sanctitati
2891 1774 3098 1822 tantum
3137 1775 3398 1838 quantum

138 1872 333 1928 semper
357 1865 552 1913 mstuat
589 1866 646 1914 et
685 1857 908 1914 anhelat
934 1859 987 1914 in
1013 1860 1184 1926 venis,
1220 1859 1338 1915 dari
1377 1860 1482 1916 sibi
1509 1875 1708 1932 aquam
1737 1854 1788 1917 Β
1813 1858 2183 1925 immunditite,
2215 1865 2474 1928 quantum
2509 1858 2779 1930 iniquitati
2800 1857 3022 1929 iustitiae
3051 1867 3263 1916 tantum
3292 1859 3398 1916 im-

139 1949 364 2021 frigidam
393 1951 742 2021 impatienter
773 1960 1085 2023 exspectat,
1116 1953 1365 2009 nesciens
1395 1953 1541 2024 quod
1582 1961 1710 2010 tunc

145 2055 163 2084 ε
188 2044 332 2100 calor
361 2044 546 2101 calore
586 2045 956 2116 restinguitur,
1001 2045 1201 2116 frigore
1242 2046 1478 2103 nutritur
1522 2047 1710 2104 incen-

141 2136 288 2190 dium.
312 2134 426 2191 Lex
445 2149 578 2206 ergo
599 2135 726 2192 dum
755 2136 988 2192 hominis
1007 2152 1223 2209 semper
1242 2146 1522 2207 exspectat
1547 2146 1602 2194 et
1628 2153 1714 2193 su-

141 2229 286 2284 stinet
312 2227 675 2294 voluntatem,
714 2243 816 2284 nec
851 2235 1030 2284 tamen
1061 2229 1224 2286 homo
1266 2229 1473 2300 peccati
1500 2229 1712 2286 sarcina

143 2318 450 2392 [impeditus
475 2317 724 2376 sufficere
744 2319 1008 2390 legalibus
1035 2321 1291 2392 praevalet
1317 2321 1539 2378 obedire
1560 2338 1713 2379 man-

143 2411 294 2479 datis,
315 2412 581 2468 cultorem
608 2427 767 2468 suum
795 2413 883 2469 lex
919 2429 1027 2468 non
1057 2413 1287 2470 absolvit
1313 2429 1343 2469 a
1364 2415 1574 2486 peccati
1599 2415 1715 2472 vin-

143 2503 285 2570 culo,
323 2504 420 2563 sed
451 2505 679 2562 crimine
718 2505 1177 2576 prtevaricationis
1217 2506 1438 2578 obligat.
1481 2507 1551 2562 Et
1589 2507 1712 2564 ideo

143 2595 344 2660 addidit,
376 2595 598 2652 dicens:
633 2593 864 2653 Nescitis
885 2597 1025 2670 quod
1046 2599 1127 2652 cui
1154 2599 1460 2654 exhibuistis
1492 2616 1577 2655 ros
1597 2617 1711 2655 ser-

143 2703 218 2744 ros
247 2687 312 2741 ad
337 2686 709 2754 obedientium,
741 2690 875 2744 servi
902 2690 1026 2745 estis
1053 2691 1166 2761 ejus
1203 2691 1284 2744 cui
1313 2691 1576 2758 obedistis,
1607 2694 1714 2747 sive

143 2781 320 2856 peccati
339 2780 415 2838 ad
436 2790 670 2850 mortem,
689 2782 794 2840 sive
813 2781 1121 2842 obeditionis
1141 2781 1213 2841 ad
1233 2785 1427 2842 vitam?
1447 2784 1584 2856 Quid
1606 2791 1709 2856 est,

145 2877 339 2942 fratres,
356 2876 502 2948 quod
524 2893 646 2933 cum
675 2877 744 2933 de
765 2877 881 2948 lege
906 2879 1266 2948 loqueremur,
1287 2879 1558 2935 hominem
1580 2897 1711 2951 pro-

145 2969 268 3025 didit
289 2985 502 3026 servum
521 2969 687 3026 fuisse
714 2972 960 3042 peccati?
983 2973 1104 3028 Sive
1124 2977 1340 3045 peccati,
1366 2975 1459 3040 ait,
1486 2975 1556 3030 ad
1574 2994 1714 3031 mor-

147 3072 254 3128 tem,
280 3063 381 3117 sire
409 3061 720 3117 obeditionis
749 3063 819 3116 ad
841 3065 1017 3118 vitam.
1042 3063 1180 3131 Quia
1209 3066 1458 3136 superius
1479 3067 1710 3132 dixerat,

1811 1959 1998 2023 ponat,
2030 1957 2086 2008 et
2113 1951 2345 2022 imperet
2371 1951 2633 2008 servituti.
2677 1950 2943 2019 Absurde,
2977 1951 3194 2020 fratres,
3235 1958 3401 2024 atque

1812 2043 2067 2100 indecens
2111 2042 2327 2100 videtur
2371 2043 2738 2116 comparatio,
2790 2059 2912 2116 qua
2961 2051 3170 2102 tantum
3215 2044 3400 2116 glorise

1811 2143 2072 2206 quantum
2102 2135 2422 2207 turpitudini
2449 2135 2723 2192 hominem
2742 2136 2892 2208 cupit
2917 2152 3038 2194 esse
3062 2136 3399 2206 subjectum;

1812 2228 1912 2285 sed
1966 2228 2171 2284 utinam
2217 2229 2306 2285 vel
2361 2228 2600 2283 tantum!
2651 2226 2720 2283 Et
2773 2229 2990 2299 quando
3039 2237 3248 2284 tantum
3288 2228 3403 2285 Deo

1812 2327 2074 2390 quantum
2093 2319 2296 2377 mundo
2314 2361 2330 2386 ,
2360 2319 2578 2392 quando
2600 2327 2809 2376 tantum
2828 2320 2970 2378 cmlo
2997 2329 3259 2390 quantum
3289 2328 3401 2376 ter-

1811 2428 1919 2480 ras,
1959 2412 2177 2484 quando
2204 2420 2413 2469 tantum
2455 2412 2642 2468 virtuti
2669 2417 2931 2483 quantum
2959 2411 3104 2469 vitiis
3142 2411 3406 2482 fragilitas

1813 2503 2047 2560 humana
2075 2501 2406 2560 famulatur?
2435 2502 2604 2560 Totus
2631 2503 2797 2560 homo
2823 2502 2991 2559 miser
3016 2503 3097 2559 sic
3127 2501 3278 2559 carni
3308 2500 3405 2557 de-

1813 2595 1976 2661 ditur,
2007 2595 2087 2652 sic
2105 2595 2270 2652 rebus
2290 2595 2648 2668 praesentibus
2666 2603 2982 2667 occupatur,
3007 2602 3068 2650 ut
3094 2593 3226 2650 nihil
3246 2593 3301 2650 in
3323 2607 3404 2658 se,

1814 2688 1962 2759 quod
1989 2688 2184 2745 futurze
2200 2689 2343 2755 vitm,
2365 2689 2512 2759 quod
2539 2689 2736 2746 divinis
2761 2689 2921 2746 bonis
2939 2689 3230 2756 deserviat,
3251 2689 3408 2745 dere-

1815 2781 2044 2858 linquat.
2075 2781 2347 2845 lllecebra‘.
2385 2784 2703 2860 temporalis
2738 2785 2849 2844 vim
2885 2784 3079 2844 beatus
3115 2782 3409 2858 Apostolus

1818 2896 1927 2935 uno
1947 2896 2201 2938 sermone
2220 2881 2471 2940 humanis
2484 2881 2834 2939 conscientiis
2853 2881 3242 2938 convenienter
3263 2885 3409 2952 apta-

1816 2971 1914 3037 vit,
1945 2972 2334 3029 convenienter
2359 2975 2646 3046 expressit,
2679 2986 2740 3030 nt
2759 2981 2909 3030 tanta
2943 2974 3222 3030 voluntate
3245 2972 3408 3044 justi-

1819 3064 1907 3118 tim
1926 3103 1940 3126 ,
1971 3064 2243 3135 pudicitiae
2289 3080 2354 3122 ac
2397 3065 2674 3123 munditiae
2718 3066 2953 3122 humana
3001 3065 3242 3123 membra
3295 3081 3410 3122 ser-

145 3162 407 3225 peccatum
446 3153 602 3210 vobis
631 3169 740 3210 non
767 3154 1108 3222 dominetur;
1141 3173 1248 3212 non
1279 3157 1423 3212 enim
1452 3159 1585 3214 estis
1613 3160 1714 3216 sub
1820 3156 2001 3222 viant,
2050 3164 2254 3227 quanta
2285 3157 2629 3216 vehementia
2667 3158 3050 3230 dementiaque
3094 3157 3411 3230 turpitudini

145 3244 270 3315 lege,
298 3244 391 3301 sed
411 3246 512 3302 sub
539 3245 730 3316 gratia.
763 3243 866 3313 Qui
894 3261 1023 3317 ergo
1052 3246 1152 3301 sub
1182 3247 1299 3317 lege
1327 3257 1454 3303 sunt
1481 3249 1711 3320 peccati,
1740 3235 1791 3301 (Ξ
1821 3247 2074 3316 vitiisque
2121 3264 2181 3305 se
2207 3248 2491 3305 dederunt.
2545 3247 2717 3306 Parva
2745 3257 2840 3306 aut
2867 3249 3009 3307 forte
3048 3250 3192 3306 nulla
3220 3249 3407 3320 exigit,

147 3335 504 3409 deprimuntur
543 3344 599 3392 et
627 3337 980 3394 incurvantur
1019 3338 1248 3410 imperio
1271 3379 1286 3404 ,
1328 3355 1429 3395 nec
1458 3349 1716 3410 poterunt

149 3428 314 3484 miseri
337 3429 408 3485 de
427 3429 638 3500 peccati
660 3429 968 3500 turpissima
988 3429 1268 3495 servitute,
1295 3431 1394 3485 nisi
1409 3432 1581 3501 gratia
1602 3448 1716 3488 ma-

153 3521 482 3587 numittent'e,
506 3520 746 3576 liberari.
780 3519 992 3576 Gratias
1020 3532 1191 3576 autem
1229 3539 1326 3594 ago
1367 3521 1511 3588 Deo,
1544 3522 1712 3590 dixit,

152 3616 260 3685 quia
285 3616 454 3688 fuistis
488 3616 622 3671 servi
652 3616 872 3688 peccati.
904 3613 996 3671 Sic
1025 3615 1229 3684 gratias
1257 3616 1398 3686 agit,
1429 3617 1585 3686 quasi
1624 3617 1717 3687 qui

150 3707 465 3778 congaudeat
493 3708 768 3764 hominem
805 3723 1020 3764 servum
1063 3707 1226 3766 fuisse
1265 3710 1507 3780 peccati?
1540 3710 1712 3768 Absit.

152 3796 342 3854 Gratias
393 3799 540 3869 agit,
585 3815 692 3855 non
738 3799 863 3870 quia
910 3807 1036 3854 ante
1082 3801 1224 3856 servi
1262 3800 1460 3858 fuimus
1513 3801 1717 3857 domini

151 3900 243 3946 tam
267 3891 532 3957 crudelis,
564 3892 657 3951 sed
690 3893 817 3962 quia
858 3891 1020 3948 etiam
1050 3910 1158 3949 non
1197 3910 1381 3953 sumus
1417 3894 1713 3965 subjugati,

149 3983 265 4038 sicut
290 3997 356 4038 ex
383 3983 740 4054 sequentibus
769 3981 822 4038 id
842 3983 1019 4054 ipsum
1047 3983 1356 4040 manifestat
1385 3986 1712 4057 expressius,

149 4072 350 4130 dicens:
386 4070 690 4130 Obaudistis
720 4085 891 4130 autem
928 4092 995 4130 ea:
1038 4076 1192 4131 corde
1237 4078 1294 4132 in
1339 4095 1454 4133 eam
1494 4081 1719 4151 formam

151 4167 409 4234 doctrinm,
447 4170 502 4223 in
530 4185 684 4241 quam
706 4168 883 4222 traditi
911 4171 1032 4225 estis
1065 4185 1083 4224 :
1113 4171 1316 4226 liberati
1344 4183 1517 4228 autem
1545 4189 1579 4228 a
1597 4190 1719 4245 pec-

150 4269 264 4324 cato,
292 4261 426 4316 servi
455 4261 583 4331 facti
612 4261 733 4316 estis
755 4260 992 4332 justititc.
1026 4259 1442 4332 Obaudivimus,
1492 4263 1714 4335 fratres,

150 4349 388 4408 beneﬁcio
417 4352 684 4416 vocantis,
719 4367 826 4409 non
857 4360 1062 4416 nostro,
1085 4353 1211 4424 quia
1229 4356 1427 4426 captivi
1455 4358 1534 4415 sic
1563 4365 1718 4415 tene-

151 4442 320 4500 bamur
347 4445 595 4500 arbitrio.
616 4444 917 4501 Ubaudistis
941 4457 1109 4502 autem
1131 4466 1197 4504 ea:
1219 4449 1373 4506 corde
1395 4453 1450 4505 in
1473 4469 1589 4508 eam
1609 4456 1720 4528 for-

153 4551 271 4590 mam
295 4537 568 4592 doctrinae.
593 4535 648 4590 ln
665 4551 827 4606 qnam
843 4537 936 4592 ?ln
965 4537 1243 4609 Evangelii
1264 4557 1477 4615 nempe,
1503 4545 1594 4602 ubi
1616 4562 1716 4602 no-

1820 3341 1914 3410 qui
1935 3340 2082 3410 cupit
2102 3338 2128 3378 ά
2157 3340 2370 3398 devicta
2399 3341 2735 3414 proprietate
2760 3341 3096 3407 concedere;
3139 3348 3196 3397 et
3223 3339 3412 3396 adimit

1818 3435 2224 3490 excusationem
2254 3435 2346 3505 qui
2377 3435 2651 3506 possibilia
2683 3435 2778 3492 tibi
2799 3444 2824 3474 ⁶
2854 3441 2912 3494 et
2939 3434 3138 3491 usitata
3166 3433 3412 3506 praecipit

1821 3535 1873 3582 te
1904 3528 2180 3597 repensari
2213 3527 2416 3584 debere
2457 3544 2556 3599 pro
2601 3527 2870 3584 maximis.
2921 3526 2997 3583 Da
3029 3540 3190 3596 ergo,
3223 3526 3408 3592 homo,

1820 3617 1932 3673 Deo
1962 3625 2170 3674 tantum
2191 3626 2456 3689 quantum
2477 3620 2629 3676 carni
2649 3618 2901 3688 vitiisque
2920 3617 3173 3674 tribuisti.
3197 3614 3266 3671 Et
3283 3614 3416 3685 quid

1820 3719 1923 3777 est,
1953 3711 2097 3781 quod
2122 3720 2249 3767 ante
2271 3712 2431 3778 vitiis,
2457 3727 2564 3768 non
2594 3711 2728 3778 Deo,
2759 3711 2962 3768 debeas
2989 3711 3242 3783 teipsum,
3268 3707 3416 3781 quod

1819 3818 1852 3857 a
1883 3810 1934 3858 te
1955 3801 2097 3858 Deus
2127 3811 2222 3859 tuo
2249 3811 2456 3860 tantum
2478 3804 2663 3874 utique
2682 3819 2869 3860 amore
2896 3803 3198 3875 perquirit?
3217 3802 3414 3874 chuio

1823 3903 1910 3950 tur
1952 3913 1965 3948 :
2009 3893 2138 3949 Cant
2181 3897 2319 3950 enim
2365 3896 2500 3951 servi
2548 3897 2726 3952 essetis
2777 3897 3006 3968 peccati,
3054 3895 3199 3950 liberi
3241 3896 3414 3968 fuistis

1811 3989 2068 4060 justitite;
2117 4007 2253 4045 nunc
2295 3999 2468 4045 autem
2512 3988 2717 4046 liberati
2751 4007 2784 4043 a
2828 3999 3069 4060 peccato,
3113 3989 3246 4044 servi
3286 3988 3416 4059 facti

1819 4083 1944 4138 estis
1976 4080 1996 4120 ί
2021 4081 2262 4154 justitite.
2290 4081 2432 4138 Ante
2459 4081 2601 4138 servi
2629 4080 2871 4153 peccati,
2903 4095 3048 4136 nunc
3072 4079 3216 4136 servi
3248 4076 3413 4149 justi-

1821 4175 1928 4230 tirc.
1971 4172 2076 4230 Per
2103 4173 2422 4246 Apostolum
2451 4188 2580 4230 ecce
2607 4171 2848 4230 succedit
2869 4172 3104 4227 servitus
3132 4170 3409 4237 servituti,

1821 4272 2114 4322 contumax
2159 4272 2219 4320 tu
2260 4281 2404 4320 nunc
2431 4273 2645 4336 tempus
2685 4273 2794 4319 tute
2839 4263 3104 4319 libertatis
3151 4262 3414 4329 ostende;

1820 4367 2104 4430 peccatum
2131 4366 2185 4414 te
2213 4367 2340 4414 ante
2367 4357 2732 4414 mentiebatur
2768 4356 3017 4423 liberum,
3048 4371 3210 4427 quem
3260 4364 3414 4413 tene-

1818 4451 1915 4507 bat
1936 4461 1962 4500 s
1992 4451 2294 4507 miserande
2321 4449 2614 4522 captivum,
2647 4464 2791 4506 nunc
2816 4447 2990 4519 gratia
3020 4456 3071 4503 te
3098 4453 3258 4504 vocat
3293 4462 3412 4502 sero

1821 4563 1967 4614 vum,
2009 4562 2172 4616 quem
2202 4551 2265 4602 ut
2295 4560 2422 4601 vere
2453 4543 2656 4600 faceret
2682 4558 2804 4600 esse
2833 4543 3092 4606 liberum,
3125 4540 3220 4596 Dei
3247 4540 3416 4612 ipsius

154 4646 212 4686 vo
233 4631 493 4688 libertatis
521 4645 718 4702 genere
739 4648 846 4686 non
867 4640 950 4688 est
971 4633 1168 4690 omissa
1197 4637 1448 4705 servitus,
1480 4638 1575 4695 sed
1603 4656 1721 4696 mu-
1746 4624 1803 4688 Ῑ)
1827 4639 2106 4713 adoptavit
2133 4639 2187 4694 in
2217 4638 2403 4693 tilium.
2435 4636 2659 4708 impleta
2688 4643 2775 4692 est
2793 4648 2924 4705 ergo
2963 4632 3163 4691 Christi
3192 4640 3413 4688 senten-

155 4731 266 4793 tata,
293 4726 419 4797 quia
449 4724 645 4781 melior
671 4732 756 4781 est
773 4723 972 4780 devota
1000 4724 1277 4784 famulatio
1305 4746 1469 4802 quam
1501 4747 1636 4803 vaga
1664 4744 1722 4791 et

211 4943 452 5027 '“Subdit
489 4946 580 5027 hic
608 4945 855 5002 Latinius
883 4965 897 5002 :
929 4947 1067 5027 Vide
1093 4967 1254 5027 quam
1284 4952 1444 5027 longe
1476 4956 1543 5010 ab
1571 4955 1720 5027 Apo-

153 5016 256 5098 stgli
281 5033 412 5098 vera
438 5017 675 5098 lectione
702 5027 760 5098 et
787 5020 1054 5098 sententia
1082 5016 1301 5098 recedat
1329 5016 1712 5098 Cbt'ysolog'us.

154 5087 280 5142 Alius
305 5095 455 5165 certe
479 5097 564 5144 est
592 5087 836 5165 apostoli
858 5105 1067 5165 sensus,
1093 5093 1220 5165 llum
1244 5094 1416 5165 inquit
1435 5087 1456 5150 ἕ
1471 5087 1718 5154 Peccavi-

153 5175 264 5225 mus,
285 5161 427 5239 quia,
459 5167 567 5216 etc.
600 5157 668 5214 Et
687 5161 866 5239 νειῷ-ῖς
888 5161 1029 5239 illius
1049 5162 1142 5239 sub
1165 5157 1356 5239 gratia,
1390 5169 1586 5239 repetit
1615 5169 1716 5226 ite-

153 5231 620 5313 [uniter-umque
658 5231 856 5313 refellit
885 5231 1256 5313 gbjectioncm
1297 5231 1397 5292 sibi
1447 5231 1538 5313 ab_
1563 5240 1718 5297 initio

153 5297 324 5377 factam
355 5301 460 5358 illis
481 5297 601 5357 aliis
620 5302 799 5358 verbis
831 5319 844 5356 :
879 5297 1018 5377 Quid
1053 5323 1176 5377 ergo
1206 5306 1470 5363 dicemus?
1496 5309 1718 5367 Perma-

155 5368 444 5445 nebiinusm
473 5383 702 5445 peccato,
737 5381 794 5445 ut
822 5375 992 5445 gratia
1022 5368 1284 5432 abundet?
1308 5379 1471 5434 Absit.

181 5510 191 5520 ο
215 5439 239 5480 δ
274 5441 350 5520 Ex
371 5439 600 5520 hutnore
629 5439 850 5520 frigido,
872 5445 1087 5520 putrido
1111 5457 1308 5512 tamen,
1341 5451 1604 5508 minorem
1625 5469 1716 5509 re-

153 5513 431 5568 sistentium
461 5513 712 5588 faciente,
740 5513 887 5588 ignis
910 5515 964 5570 in
991 5533 1222 5588 corpore
1250 5530 1437 5578 nostro
1466 5523 1718 5579 accendi-

159 5589 232 5664 tur
255 5599 314 5640 ac
341 5585 559 5664 putrido
592 5585 710 5656 ipso
739 5585 1184 5664 humorcfrigido
1215 5594 1478 5658 nutritur;
1501 5601 1720 5649 contra-

156 5655 280 5709 rium
304 5655 445 5710 enim
467 5655 527 5711 lit
545 5655 623 5713 ex
633 5671 733 5714 suo
751 5659 1045 5728 contrario,
1063 5655 1130 5717 ut
1147 5669 1298 5734 patet
1324 5680 1396 5722 ex
1412 5655 1720 5723 Aristotelis

159 5720 384 5784 Plnsica.
415 5726 580 5784 Mm.

213 5741 384 5797 “sica.
409 5741 580 5797 aura.

224 5794 244 5836 ε
269 5794 364 5854 lis.
394 5794 637 5880 cressa,
667 5799 828 5880 Calor
855 5818 962 5859 non
981 5804 1326 5879 exstinguitur
1355 5808 1582 5880 frigore;
1625 5807 1719 5866 sed

156 5867 338 5936 {rigore
356 5869 584 5928 nutritur
610 5867 930 5929 incendium.

1828 4731 2223 4814 tia,quadicit:
2251 4727 2352 4796 Qui
2371 4730 2476 4785 vult
2500 4744 2612 4785 esse
2631 4728 2890 4795 dominus,
2905 4726 2975 4784 sit
2999 4741 3174 4783 servus
3197 4721 3412 4798 (Matth.
3490 4809 3493 4814 Δ

1897 4955 1926 4996 ἀ
1965 4955 2128 5020 Alias,
2153 4953 2378 5018 detenta,
2416 4967 2515 5009 seu
2544 4960 2762 5008 retenta.
2807 4949 2880 5006 Ut
2915 4948 2974 5006 fit
3001 4965 3120 5006 cum
3150 4965 3238 5006 res
3258 4948 3417 5006 datur

1826 5028 1880 5084 in
1907 5025 2360 5100 'cmphyteusim;
2407 5023 2497 5080 ubi
2537 5038 2748 5100 parum,
2790 5022 2935 5100 qugd
2978 5021 3090 5100 fere
3117 5035 3218 5100 pro
3247 5020 3415 5100 nihilo

1823 5091 2198 5168 habetur,pro
2224 5091 2609 5168 canonehsolvi
2647 5091 2932 5168 mandatiir
2969 5091 3036 5146 ab
3079 5091 3413 5162 emphytcut.
3498 5115 3510 5138 ε

1826 5163 2138 5241 Proprietas
2159 5168 2303 5224 enim
2329 5182 2394 5223 ac
2418 5165 2679 5241 directum
2705 5163 2852 5241 domi
2879 5163 3001 5241 aium
3033 5176 3417 5241 penesconcc-
3489 5167 3516 5240 ᾗ

1823 5230 2041 5296 (lenient
2069 5249 2329 5304 remanet,
2365 5246 2424 5293 ut
2449 5235 2569 5293 cod.
2601 5234 2672 5291 de
2697 5233 2818 5305 jure
2839 5230 3079 5304 emphyt.
3109 5239 3165 5292 et
3192 5232 3299 5289 late
3319 5247 3418 5303 per
3484 5230 3516 5306 ᾖ

1823 5309 2025 5367 Julium
2054 5309 2293 5366 Clarum.
2321 5307 2484 5364 Mm.
3470 5311 3510 5327 ·’

1899 5393 1924 5420 ο
1964 5382 2079 5452 llic,
2107 5379 2486 5452 suspicandum
2531 5375 2853 5452 de_veritate
2877 5373 3124 5452 lectionis
3143 5380 3295 5452 put_at
3316 5371 3418 5452 La-

1825 5453 2010 5509 tinius.
2055 5443 2288 5507 Primam
2327 5450 2553 5505 edition.
2586 5447 2718 5502 Bon.
2758 5445 2929 5500 secuti
2972 5443 3174 5500 sumus.
3230 5443 3418 5500 Lectio

1825 5540 1958 5579 vero
1986 5524 2055 5607 de
2083 5538 2190 5593 qua
2219 5520 2462 5604 Latinius
2487 5537 2523 5608 ελ
2545 5515 2644 5608 Qui
2693 5515 2958 5598 possibilia
2999 5515 3096 5598 sibi
3137 5525 3186 5570 et
3225 5516 3418 5570 usitata

1829 5589 2460 5721 pracipitﬂtorepensari
2489 5589 2671 5645 debere
2690 5606 2784 5660 pro
2812 5589 3071 5642 maximis.
3247 5657 3257 5666 .

1904 5664 1925 5704 ί
2017 5672 2214 5722 esulmt
2259 5661 2625 5733 Chrysalogus
2667 5658 2815 5731 quod
2871 5656 3164 5731 Apostolus
3207 5655 3420 5716 dixerat

1828 5737 2079 5808 superius
2099 5733 2255 5791 Rom.
2280 5750 2334 5801 v,
2368 5732 2455 5788 l8.
2536 5732 2544 5733 “

1898 5816 1927 5856 ι
1967 5806 2075 5864 Pro
2103 5807 2307 5861 misere.
2348 5803 2436 5862 Sic
2465 5803 2630 5860 etiam
2669 5802 2926 5856 miseriter
2967 5807 3020 5857 et
3055 5799 3419 5858 miserabiliter

1827 5878 1973 5948 apud
1999 5877 2252 5935 Nonium.
