3930 6354
1826 329 1886 388 s.
1931 329 2140 387 rem
2177 327 2618 386 cuavsowct
3698 345 3774 408 εκ

567 445 895 523 Apostolus,
923 460 1019 519 qm
1056 445 1223 504 dicit:
1256 443 1442 519 Itaque
1486 444 1572 502 lex
1618 445 1823 519 quidem
1867 456 2083 515 sancta,
2107 457 2159 504 et
2185 459 2237 522 Α
2261 455 2310 502 et
2330 463 2423 520 per
2457 445 2592 502 illud
2616 445 2821 502 occidit.
2847 443 2918 501 At
2936 446 3211 516 quomodo
3239 445 3339 503 sibi
3364 448 3490 519 jam,
3529 453 3651 522 quod
3673 474 3776 521 εωα

567 542 876 599 mandatum
917 549 1156 597 sanctum
1182 549 1234 596 et
1269 540 1471 613 justum
1511 549 1562 595 et
1607 540 1814 597 bonum.
1849 541 2005 610 Quod
2033 556 2163 613 ergo

567 631 772 692 bonum
800 641 937 697 erat,
962 648 1071 688 non
1096 631 1277 687 intulit
1303 641 1553 699 mortem,
1578 633 1673 688 sed
1694 642 1996 705 peccatum,
2017 635 2164 705 quod

567 727 939 802 principaliter
977 726 1234 782 intulerat
1261 734 1511 791 mortem,
1535 727 1680 797 quod
1727 727 1986 796 fragilem,
2018 727 2165 798 quod

567 819 911 884 lmbecillem,
942 818 1088 889 quod
1107 819 1395 874 humanam
1426 826 1671 873 naturam
1701 835 1927 890 pronam
1963 818 2168 875 fecerat

566 911 635 969 ad
656 912 837 983 lapsus
855 918 914 968 et
931 910 1081 967 vitia.
1115 909 1271 980 Quod
1303 911 1525 975 latebat,
1550 920 1607 967 et
1634 912 1900 968 hostiliter
1926 913 2164 969 humano

563 1004 911 1076 grassabatur
939 1004 995 1060 in
1035 1019 1285 1075 corpore,
1337 1004 1422 1060 lex
1469 1004 1838 1075 reprehendit,
1867 1005 1952 1061 lex
1982 1005 2164 1075 prodi-

564 1095 670 1162 dit,
715 1096 843 1152 dum
873 1095 1132 1152 admonet
1158 1095 1433 1151 hominem
1465 1095 1534 1151 de
1563 1096 1895 1162 innocentia,
1943 1096 2011 1152 de
2039 1112 2165 1152 san-

561 1189 772 1256 ctitate,
797 1189 867 1245 de
881 1187 1113 1258 iustitia,
1139 1188 1208 1244 de
1234 1189 1456 1252 virtute,
1481 1188 1548 1244 de
1579 1189 1714 1255 lide;
1743 1189 1870 1245 dum
1894 1191 2070 1260 arguit
2095 1189 2164 1246 de

561 1284 725 1350 vitiis,
753 1283 824 1340 de
869 1283 1096 1348 delictis,
1148 1282 1217 1338 de
1244 1283 1579 1338 criminibus.
1623 1282 1730 1339 Sed
1768 1283 1952 1349 homo,
1977 1283 2164 1340 audire

557 1377 777 1448 quidem
821 1377 988 1446 cmpit
1029 1376 1274 1440 virtutes,
1299 1378 1464 1448 coepit
1494 1378 1652 1441 velle,
1683 1377 1780 1433 sed
1808 1395 1916 1433 non
1945 1378 2160 1448 attigit;

559 1469 726 1542 οωρῆ
769 1469 1050 1533 detestari,
1081 1468 1178 1524 sed
1206 1470 1360 1538 sequi
1406 1469 1571 1534 vitia;
1603 1468 1781 1525 odisse
1821 1469 2035 1533 delicta,
2068 1469 2164 1525 sed

559 1559 770 1627 facere;
801 1559 1023 1616 horrere
1049 1560 1295 1625 crimina,
1329 1560 1424 1616 sed
1463 1561 1691 1632 implere
1723 1580 1736 1614 :
1768 1562 1909 1618 unde
1931 1562 2084 1618 tarde
2103 1578 2163 1619 se

561 1669 778 1710 servum
807 1654 1098 1724 captivum,
1130 1669 1190 1709 se
1217 1655 1358 1709 male
1397 1654 1566 1709 rabiei
1612 1655 1782 1710 sensit
1811 1656 2079 1711 addictum
2108 1665 2164 1712 et

562 1745 729 1816 coepit
753 1745 988 1800 clamare
1013 1763 1026 1800 :
1063 1744 1260 1818 Infelix
1297 1762 1390 1818 ego
1412 1746 1583 1813 homo,
1616 1748 1730 1820 quis
1755 1765 1838 1802 me
1866 1749 2105 1804 liberabit
2128 1766 2160 1803 a

561 1854 773 1909 corpore
811 1840 993 1892 mortis
1040 1838 1234 1910 hujus?
1264 1837 1364 1893 Cui
1407 1839 1766 1910 respondetur
1797 1858 1809 1894 :
1841 1838 2025 1896 Gratia
2062 1839 2160 1896 Dei
2190 1853 2239 1914 Β

560 1947 653 2000 per
669 1930 852 1985 Iesum
881 1929 1143 1986 Christum
1188 1929 1472 1986 Dominum
1502 1941 1754 1987 nostrum.
1812 1930 1931 1999 Quo
1974 1932 2159 1990 audito

557 2022 722 2091 capit
750 2021 1057 2078 libertatem
1084 2037 1332 2093 quaerere
1362 2039 1460 2093 per
1487 2034 1786 2089 auctorem,
1811 2026 2040 2081 salutem
2063 2042 2162 2098 per

557 2113 792 2177 veniam,
832 2113 1001 2168 vitam
1031 2128 1130 2184 per
1156 2113 1331 2168 solam
1357 2130 1578 2184 sperare
1607 2116 1859 2184 gratiam.
1905 2115 2039 2171 Nam
2065 2116 2158 2172 diu

557 2203 904 2274 ignoraverat
929 2204 1071 2261 unde
1098 2213 1244 2262 esset
1271 2205 1504 2263 difficilis
1542 2208 1872 2273 innocentia,
1897 2209 2041 2265 unde
2077 2209 2157 2264 la-

557 2295 777 2353 boriosa
820 2297 1051 2369 iustitia,
1089 2300 1250 2355 anxia
1298 2302 1574 2367 sanctitas,
1606 2301 1780 2357 virtus
1806 2301 1996 2366 ardua,
2028 2301 2160 2358 ﬁdes

557 2396 673 2444 tota
701 2389 957 2460 periculis
977 2391 1155 2462 plena,
1184 2391 1326 2447 unde
1347 2392 1427 2447 sic
1465 2400 1646 2447 tantas
1672 2392 1858 2463 copias
1899 2392 2162 2449 haberent

557 2479 775 2548 delicta,
799 2491 826 2519 ι
857 2482 999 2538 unde
1029 2484 1255 2540 crimina
1284 2484 1412 2539 dum
1441 2485 1791 2540 succiduntur
1829 2486 2155 2552 increscunt,

557 2571 786 2629 virtutes
804 2572 1065 2630 deficiunt
1089 2574 1217 2630 dum
1244 2575 1513 2632 coluntur.
1545 2575 1656 2631 Lex
1686 2577 1917 2648 aperuit,
1944 2578 2028 2633 lex
2056 2578 2158 2634 do-

553 2663 685 2729 cuit,
719 2664 807 2720 lex
834 2673 946 2720 tota
968 2665 1088 2722 luce
1109 2667 1448 2730 monstravit,
1481 2668 1705 2723 crimina
1728 2685 1826 2739 per
1851 2677 2154 2740 peccatum,

552 2755 788 2811 virtutes
834 2771 934 2826 per
965 2756 1130 2812 Deum
1174 2757 1228 2812 in
1257 2758 1507 2814 humanis
1545 2759 1810 2824 sensibus,
1840 2761 1894 2815 in
1924 2764 2158 2817 humana

556 2855 742 2904 mente
794 2847 1094 2915 dominari;
1127 2863 1229 2905 nec
1281 2864 1443 2920 posse
1497 2860 1624 2906 ante
1677 2854 1921 2922 superari
1960 2854 2156 2911 delicta

555 2951 720 3010 quam
760 2939 1083 2996 delictorum
1123 2938 1287 2995 fuerit
1313 2949 1505 2997 auctor
1532 2943 1849 3008 exstinctus,
1879 2944 2024 3014 quod
2073 2955 2159 3002 est

554 3038 860 3102 peccatum,
893 3031 1039 3100 quod
1062 3029 1310 3089 Christus
1335 3033 1572 3098 abstulit,
1605 3042 1898 3092 attestante
1924 3035 2153 3104 Joanne,

551 3136 677 3182 eum
703 3125 835 3182 dicit
867 3143 880 3179 :
914 3125 1051 3181 Ecce
1093 3128 1272 3200 Agnus
1317 3126 1435 3194 Dei,
1467 3144 1583 3184 ecce
1629 3129 1716 3202 qui
1763 3130 1897 3186 tollit
1944 3141 2156 3202 peccata

553 3217 735 3274 mundi
767 3217 955 3290 (Joau.
1008 3219 1082 3289 ι).
1136 3217 1265 3275 Siue
1293 3223 1404 3291 lege
1449 3221 1604 3286 enim,
1652 3221 1844 3290 inquit,
1889 3232 2156 3293 peceatum
2183 3246 2230 3309 ρ

553 3320 812 3366 mortuum
830 3319 962 3365 erat.
995 3309 1108 3383 Ego
1132 3321 1301 3366 autem
1334 3313 1561 3368 vivebam
1583 3314 1697 3367 sine
1719 3313 1831 3385 lege
1852 3313 2152 3386 aliquando.

555 3401 664 3457 Sed
691 3401 1042 3457 cumvenisset
1067 3402 1391 3468 mandatum,
1417 3413 1685 3474 peccatum
1723 3406 1928 3460 revixit.
1961 3405 2030 3460 Et
2065 3423 2157 3480 ego

554 3501 789 3548 mortuus
826 3509 961 3559 sum,
1013 3503 1062 3547 et
1104 3495 1365 3548 inventum
1412 3504 1490 3550 est
1518 3495 1644 3549 mihi
1672 3496 1997 3561 mandatum,
2021 3499 2160 3570 quod

554 3593 668 3638 erat
687 3585 757 3638 ad
777 3586 950 3650 vitam,
983 3585 1080 3640 hoc
1098 3602 1210 3640 esse
1229 3585 1300 3639 ad
1327 3595 1566 3642 mortem.
1602 3585 1747 3642 Nam
1773 3600 2040 3660 peccatum
2071 3609 2160 3647 oc-

559 3676 766 3730 casione
793 3686 1005 3748 accepta
1031 3694 1125 3748 per
1151 3678 1459 3733 mandatum
1497 3679 1704 3735 seduxit
1724 3698 1824 3748 me,
1849 3692 1898 3737 et
1918 3700 2009 3755 per
2028 3683 2160 3740 illud

555 3765 768 3820 occidit.
802 3765 1091 3822 Peccatum
1119 3775 1391 3824 mortuum
1415 3779 1560 3838 erat,
1590 3787 1698 3827 non
1726 3773 1854 3842 quia
1886 3790 1992 3829 non
2015 3784 2154 3841 erat,

557 3863 653 3920 sed
677 3864 802 3934 quia
847 3864 1216 3934 ignorabatur,
1247 3873 1304 3921 et
1344 3868 1560 3937 proprie
1602 3867 1803 3924 dictum
1832 3877 1934 3934 est,
1962 3870 2160 3925 Pecca-

558 3965 665 4011 tum
684 3957 888 4012 revixit.
914 3955 1052 4025 Quia
1081 3964 1201 4013 erat
1223 3957 1492 4027 sepultum
1522 3959 1575 4014 in
1600 3959 1902 4029 ignorantia
1929 3968 2112 4016 nostra
2139 4001 2153 4036 ε

555 4064 661 4106 non
683 4048 999 4105 mandatum
1018 4063 1117 4120 per
1144 4057 1448 4120 peccatum,
1473 4050 1569 4106 sed
1590 4061 1871 4122 peccatum
1896 4069 1994 4124 per
2012 4068 2160 4108 man-

553 4141 738 4197 datum
766 4142 982 4206 revixit,
1004 4141 1132 4197 dum
1161 4141 1292 4198 facit
1331 4145 1673 4214 praevaricari
1707 4147 1800 4216 qui
1830 4147 2006 4202 fuerat
2030 4154 2158 4202 ante

555 4243 836 4306 peccator;
867 4235 996 4290 dum
1017 4251 1171 4290 reum
1215 4234 1426 4307 perlicit
1454 4237 1618 4292 etiam
1641 4245 2038 4300 contumacem,
2064 4237 2159 4293 de-

556 4334 821 4381 sertorem
849 4328 1148 4384 exsuscitat
1171 4335 1227 4382 et
1254 4327 1534 4382 rebellem.
1570 4327 1723 4383 Unde
1761 4328 1956 4384 merito
1995 4329 2158 4385 homo

555 4414 668 4486 jam
692 4425 821 4474 tunc
848 4433 908 4473 se
937 4418 1206 4474 exclamat
1246 4428 1540 4486 mortuum,
1571 4419 1789 4488 quando
1815 4435 1874 4476 se
1913 4419 2072 4483 unde,
2105 4429 2162 4475 et

557 4521 730 4576 quare
773 4515 829 4562 et
856 4523 953 4578 per
991 4523 1153 4577 quem
1202 4519 1504 4566 moreretur
1556 4511 1794 4580 agnovit.
1846 4510 2154 4574 Peccatum,

559 4597 775 4662 fratres,
802 4613 963 4668 quam
1017 4599 1252 4655 crudelis
1301 4609 1560 4672 tyrannus
1611 4604 1701 4669 sit,
1728 4603 1841 4672 jam
1893 4603 2154 4659 videmus.
2182 4637 2235 4700 Β

559 4687 668 4745 Per
691 4689 993 4744 mandatum
1007 4690 1210 4746 seduxit
1231 4709 1328 4757 me,
1351 4701 1401 4746 et
1421 4711 1511 4764 per
1530 4693 1661 4748 illud
1681 4695 1885 4748 occidit.
1911 4694 2046 4763 Quia
2068 4711 2154 4752 ar-

557 4788 875 4850 gumentum
904 4782 1092 4838 salutis
1122 4785 1352 4839 tetendit
1399 4785 1453 4839 in
1501 4786 1767 4856 laqueum,
1799 4789 1924 4856 quia
1971 4803 2155 4844 curam

557 4871 688 4928 fecit
734 4887 853 4929 esse
903 4873 1234 4944 languorem,
1277 4878 1404 4948 quia
1453 4877 1866 4934 instrumentum
1913 4881 2156 4936 sanitatis

556 4965 776 5023 exitiale
803 4968 1031 5022 mutavit
1077 4969 1131 5024 in
1159 4969 1372 5036 vulnus,
1397 4971 1523 5040 quia
1553 4972 1715 5025 vitam
1747 4973 1913 5043 ipsam
1945 4973 1998 5028 in
2037 4975 2152 5043 gla—

553 5058 703 5117 dium
736 5060 989 5116 lethalem
1018 5063 1324 5118 convertit:
1356 5062 1463 5117 Per
1500 5063 1804 5118 mandatum
1826 5064 2148 5138 seduxitme,

628 5228 656 5259 ι
685 5218 783 5274 Ms.
813 5218 1024 5288 Ctesen,
1052 5230 1109 5276 et
1129 5220 1326 5288 Vatic.,
1355 5222 1496 5276 unde
1522 5223 1667 5278 vitia.

628 5289 656 5328 δ
687 5289 870 5364 _A_lias,_
877 5293 1120 5364 suscepit.

632 5373 654 5434 ε
690 5360 787 5417 Ms.
831 5360 1068 5419 Caeselli:
1096 5370 1151 5418 et
1180 5361 1419 5420 Vallicel.
1451 5383 1465 5417 :
1497 5364 1668 5420 Adam
1706 5366 1794 5420 ille
1819 5367 2014 5434 primus
2042 5382 2148 5420 uou

554 5432 707 5508 habet
723 5435 948 5508 initium,
980 5451 1083 5490 non
1106 5433 1257 5508 habet
1276 5436 1360 5508 hic
1388 5437 1694 5492 novissimus
1718 5432 1911 5508 ﬁnem;
1941 5436 2032 5493 sed
2052 5453 2151 5490 uo-

554 5505 791 5578 uissimus
812 5505 900 5560 ille
919 5515 1017 5578 est,
1047 5507 1232 5578 quiest
1255 5507 1472 5578 primus.

628 5575 655 5649 ξι
686 5573 774 5649 Ait
803 5591 908 5631 non
935 5573 1102 5649 prius
1130 5573 1329 5634 factum
1356 5593 1477 5634 esse
1507 5579 1786 5649 spirituale
1805 5595 2022 5649 corpus,
2054 5577 2150 5633 sed

557 5644 969 5720 animale,_tam'_
982 5648 1036 5702 in
1063 5645 1280 5706 Christo
1307 5665 1471 5720 quam
1499 5644 1555 5706 in
1591 5651 1766 5707 nobis.
1804 5644 2150 5720 Priamittere

559 5714 722 5794 enimp
749 5715 920 5794 solet;
939 5716 1082 5794 Deus
1129 5714 1527 5791 imperfectiora
1545 5763 1563 5794 ,_
1592 5730 1652 5777 ut
1689 5719 2017 5794 perfectiora
2063 5735 2151 5794 se:

556 5792 811 5858 quatitur.
868 5784 958 5842 Sic
994 5789 1151 5863 prius
1177 5784 1320 5848 terra
1347 5805 1510 5862 quam
1538 5784 1764 5859 fructus,
1795 5790 1948 5862 prius
1993 5789 2148 5863 pueri

557 5870 744 5920 smnus
767 5869 928 5924 quam
956 5857 1076 5914 viri.

2265 540 2495 606 occisus,
2527 539 2841 612 provideret
2862 539 2976 609 jam
3006 541 3290 595 mortuus?
3315 557 3433 596 nam
3470 544 3579 614 quis
3617 559 3776 619 potem

2263 631 2551 687 subvenire
2589 631 2792 694 occiso,
2826 630 2926 686 nisi
2956 629 3222 699 Christus,
3253 633 3346 703 qui
3383 633 3536 690 vitam
3573 649 3777 710 reparavit

2263 723 2518 779 occisus?
2555 724 2647 794 qui
2691 723 2947 780 talionem
2977 725 3137 779 morti
3184 725 3412 782 reddidit
3459 745 3548 800 per
3587 746 3773 808 mortem,

2263 821 2497 869 mortem
2529 816 2794 884 peremit,
2827 824 2990 886 atque
3015 831 3134 870 eam
3185 817 3419 887 prodidit
3462 833 3773 896 contumacem,

2263 921 2384 975 quae
2413 907 2669 964 incubare
2683 909 2832 979 jussa
2858 909 3032 979 pomis
3061 924 3298 975 reorum,
3330 920 3581 972 attentare
3599 933 3700 975 ausa
3721 934 3774 980 est

2265 995 2439 1066 ipsum
2477 998 2732 1066 judicent,
2765 999 3018 1056 invadere
3048 1000 3222 1071 ipsum
3266 1002 3573 1063 innocentia:
3590 1025 3773 1080 pneum-

2264 1088 2374 1159 psit
2428 1098 2704 1146 auctorem
2749 1107 2762 1144 :
2809 1091 2954 1148 unde
2991 1092 3184 1148 merito
3231 1109 3378 1150 mors
3411 1107 3603 1154 mortua
3638 1111 3714 1167 est,
3741 1115 3774 1160 et

2265 1177 2322 1233 in
2361 1194 2448 1235 me
2488 1197 2596 1236 non
2622 1196 2723 1250 ego
2754 1182 2896 1247 vivo,
2927 1182 3024 1238 sed
3057 1184 3206 1251 vivit,
3233 1186 3361 1256 agit,
3392 1199 3587 1259 regnat,
3613 1193 3776 1266 imperat

2266 1268 2532 1329 Christus.

2807 1365 3038 1422 SERMO
3081 1368 3288 1426 CXVII.

2266 1456 2348 1511 De
2367 1457 2536 1511 Adam
2559 1458 2728 1529 primo
2748 1469 2799 1531 et
2849 1463 3146 1516 nouissimo.
3181 1460 3238 1516 ln
3261 1464 3421 1518 verba
3449 1466 3658 1531 ejusdem
3677 1488 3687 1521 :
3705 1468 3774 1522 Fa-

2303 1538 2415 1582 ctus
2433 1540 2509 1583 est
2533 1531 2728 1600 primus
2753 1530 2905 1586 homo
2932 1531 3100 1586 Adam
3126 1533 3177 1586 in
3201 1536 3426 1590 animum
3447 1530 3672 1604 ruentem,
3684 1549 3753 1595 etc.

2336 1644 2482 1700 Duos
2510 1645 2756 1702 homines
2804 1647 2998 1702 beatus
3026 1647 3322 1720 Apostolus
3349 1651 3504 1708 hodie
3544 1656 3691 1709 retulit
3710 1656 3772 1710 hu

2263 1751 2426 1792 mano
2453 1738 2639 1807 generi
2666 1738 2880 1794 deJisse
2921 1740 3277 1812 principium,
3316 1742 3482 1798 Adam
3523 1745 3770 1803 videlicetct

2263 1826 2537 1884 Christum
2561 1847 2574 1883 :
2605 1829 2742 1886 duos
2788 1831 3036 1888 homines
3077 1849 3238 1904 pares
3265 1850 3510 1906 corpore,
3537 1837 3620 1894 sed
3639 1840 3769 1894 merito

2263 1919 2547 1990 dispares;
2578 1936 2839 1993 compage
2867 1925 3232 1980 membrorum
3263 1934 3376 1982 tota
3423 1929 3627 1986 veritate
3655 1931 3768 2003 persi-

2263 2011 2439 2076 miles,
2465 2012 2560 2068 sed
2587 2013 2705 2084 ipso
2732 2015 2817 2070 sui
2844 2015 3105 2087 principio
3135 2025 3250 2073 tota
3299 2020 3574 2077 dissimiles
3593 2023 3764 2077 veritate.

2261 2102 2460 2160 Factus
2480 2114 2576 2171 est,
2610 2105 2800 2176 inquit,
2829 2109 3026 2179 primus
3058 2109 3209 2165 homo
3246 2110 3416 2166 Adam
3447 2115 3501 2168 in
3525 2115 3767 2168 animanti-

2261 2207 2460 2252 ventem
2509 2215 2528 2254 :
2578 2199 2883 2256 novissimus
2930 2201 3101 2256 Adam
3144 2204 3200 2258 in
3238 2205 3477 2275 spiritum
3516 2207 3767 2276 ririﬁcauta

2265 2288 2309 2360 (Ι
2338 2289 2461 2346 Cor.
2487 2291 2601 2361 xv).
2626 2291 2721 2347 llle
2760 2293 2965 2364 primus
2993 2295 3062 2350 ab
3101 2295 3206 2350 isto
3233 2297 3523 2353 novissimo
3547 2297 3764 2360 factmeit,

2263 2398 2295 2438 a
2323 2400 2432 2454 quo
2461 2394 2546 2440 est
2586 2394 2641 2441 et
2669 2387 2903 2441 animam
2929 2397 3271 2455 consecutus,
3298 2397 3361 2444 nt
3400 2390 3611 2456 viveret;
3634 2391 3697 2446 hic
3715 2397 3766 2444 est

2262 2475 2381 2548 ipso
2402 2494 2460 2533 se
2483 2477 2736 2545 ﬁguratus
2759 2489 3002 2545 auctore,
3027 2481 3120 2551 qui
3167 2483 3336 2537 vitam
3369 2500 3469 2538 non
3512 2490 3765 2554 exspectaret

2263 2565 2330 2622 ab
2355 2567 2548 2633 altero,
2578 2569 2673 2625 sed
2723 2570 2838 2640 ipse
2869 2571 3030 2626 vitam
3059 2573 3208 2628 solus
3251 2575 3502 2630 omnibus
3526 2575 3764 2644 largiretur;

2261 2656 2352 2714 ille
2381 2659 2640 2716 vilissimo
2687 2660 2984 2732 plasmatur
3013 2679 3080 2717 ex
3122 2663 3250 2718 limo
3271 2705 3285 2731 ,
3334 2681 3403 2721 ex
3430 2674 3571 2720 utero
3603 2664 3764 2736 pretioso

2262 2749 2496 2821 Virginis
2519 2753 2606 2809 hic
2627 2755 2900 2824 procedit;
2926 2756 2977 2810 in
3002 2756 3094 2811 illo
3117 2765 3260 2813 terra
3283 2769 3519 2814 mutatur
3540 2759 3585 2813 in
3601 2772 3762 2818 camelli.

2262 2843 2318 2898 in
2366 2844 2470 2899 isto
2523 2860 2650 2899 caro
2701 2855 3049 2916 promovetur
3077 2847 3130 2902 in
3160 2847 3356 2903 Deum.
3407 2847 3598 2917 thuid
3631 2845 3763 2917 plura?

2261 2935 2360 2993 Hic
2382 2946 2463 2992 est
2485 2938 2676 3003 Adam,
2700 2939 2794 3008 qui
2815 2955 2967 2994 suam
2995 2948 3122 2996 tunc
3142 2941 3195 2994 in
3220 2941 3312 2995 illo
3339 2957 3458 2996 cum
3482 2941 3664 3010 lingeret
3676 2939 3762 2992 ἰω-
3854 3001 3855 3004 η

2261 3029 2441 3098 ginem
2486 3030 2790 3086 collocavit.
2845 3031 2982 3087 llinc
3026 3040 3112 3086 est
3157 3031 3307 3101 quod
3337 3031 3450 3102 ejus
3475 3041 3523 3087 et
3559 3044 3759 3103 personam

2261 3119 2290 3161 ι)
2333 3122 2576 3193 suscipit,
2599 3131 2652 3178 et
2695 3138 2891 3179 nomen
2923 3123 3145 3194 recepit,
3172 3139 3240 3178 ne
3265 3125 3391 3192 sibi,
3421 3123 3548 3195 quod
3583 3122 3634 3177 ad
3655 3134 3758 3176 suam

2261 3215 2547 3284 imaginem
2578 3214 2778 3272 fecerat
2807 3217 3100 3285 deperiret.
3147 3215 3364 3273 Primus
3411 3217 3574 3278 Adam,
3596 3212 3761 3268 novissi-

2259 3322 2379 3362 mus
2404 3306 2607 3369 Adam;
2639 3307 2729 3361 ille
2782 3307 2986 3377 primus
3031 3307 3190 3363 habet
3232 3309 3464 3373 initium,
3492 3309 3558 3363 hic
3590 3302 3762 3360 novissi-

2259 3413 2378 3453 mus
2409 3413 2517 3452 non
2539 3399 2702 3452 habet
2727 3397 2912 3453 linem.
2941 3409 2961 3438 ε
2989 3398 3126 3466 Quia
3148 3399 3234 3454 hic
3254 3401 3556 3457 novissimus
3571 3409 3664 3451 vere
3681 3395 3760 3464 ipse

2259 3498 2342 3545 est
2368 3489 2592 3560 primus,
2623 3489 2741 3560 ipso
2762 3489 2977 3546 dicente
3006 3508 3020 3544 :
3051 3489 3160 3563 Ego
3183 3493 3408 3562 primus,
3436 3501 3483 3546 el
3504 3507 3581 3563 ego
3609 3483 3759 3541 noristi-
3849 3515 3851 3563 ε

2258 3599 2371 3637 mus
2407 3581 2543 3654 (Isa.
2568 3582 2778 3651 vam).
2810 3581 2926 3652 Ego
2951 3599 3069 3638 sum
3098 3599 3327 3653 primus,
3352 3585 3401 3639 id
3424 3593 3501 3640 est
3525 3579 3619 3636 Sine
3641 3575 3755 3632 initio.

2259 3673 2373 3742 Ego
2397 3674 2740 3740 novissimus,
2767 3676 2952 3743 utique
2992 3675 3109 3731 sine
3149 3674 3276 3731 line.
3323 3676 3431 3733 Sed
3456 3691 3546 3730 non
3569 3667 3758 3744 priﬂt.ln‘

2259 3766 2394 3836 quit,
2443 3766 2580 3838 quod
2615 3765 2892 3838 spirituale
2937 3777 3033 3834 est,
3065 3767 3157 3822 sed
3201 3769 3343 3841 quod
3387 3755 3759 3826 auimale,deiule
3847 3833 3849 3846 Ι

2259 3865 2396 3930 quod
2435 3858 2729 3930 spirituale.
2755 3855 2782 3896 ἀ
2819 3857 2972 3914 Prius
3021 3859 3205 3927 utique
3250 3868 3395 3915 terra
3423 3872 3567 3928 quam
3591 3853 3756 3910 fructus;

2260 3951 2356 4006 sed
2378 3967 2485 4006 non
2513 3959 2622 4005 tam
2647 3951 2886 4022 pretiosa
2926 3959 3072 4006 terra
3099 3966 3264 4020 quam
3296 3950 3520 4016 fructus;
3549 3949 3620 4002 illa
3649 3939 3757 4013 gemi-

2261 4050 2348 4097 tus
2374 4042 2541 4110 exigit
2569 4049 2624 4096 et
2672 4041 2905 4109 labores,
2939 4042 3027 4098 hic
3047 4042 3407 4098 substantiam
3449 4041 3637 4110 largitur
3655 4045 3692 4090 et
3711 4032 3758 4085 vi-

2261 4141 2389 4188 tam.
2422 4130 2614 4187 Merito
2635 4133 2899 4203 propheta
2921 4133 2990 4189 de
3016 4133 3108 4188 tali
3133 4133 3313 4190 fructu
3335 4135 3591 4204 gloriatur,
3612 4129 3757 4184 dicens:

2264 4224 2423 4280 Terra
2445 4235 2624 4281 nostra
2644 4224 2785 4280 dedit
2805 4228 3029 4298 fructum
3047 4243 3197 4282 suum
3219 4226 3395 4297 (Psal.
3422 4225 3623 4293 Lxxxiv).
3649 4218 3758 4287 Quem

2259 4313 2531 4370 fructum?
2562 4313 2715 4368 [llum
2743 4330 2937 4386 nempe
2978 4315 3044 4371 de
3066 4330 3176 4386 quo
3205 4317 3335 4372 alibi
3365 4317 3487 4372 dicit
3515 4334 3526 4368 :
3552 4312 3615 4366 De
3649 4311 3758 4379 [ructu

2261 4411 2448 4464 ventris
2481 4410 2554 4463 tui
2583 4426 2776 4480 ponam
2819 4426 2974 4480 super
3019 4409 3190 4465 sedem
3241 4420 3382 4465 tuam
3433 4407 3595 4480 (Psal.
3621 4413 3758 4464 cm!)-

2261 4501 2471 4555 Primus
2511 4501 2684 4568 homo,
2711 4501 2805 4565 ait,
2830 4500 2894 4555 de
2941 4510 3081 4556 terra
3113 4511 3374 4566 terrenus;
3404 4498 3624 4556 secundus
3646 4495 3756 4545 homo.

2262 4593 2326 4646 de
2349 4593 2472 4648 ι’ωιο
2503 4594 2739 4648 caelestis.
2778 4604 2801 4630 ο
2835 4591 2936 4648 Ubi
2965 4601 3090 4648 sunt
3113 4593 3202 4663 qui
3233 4601 3544 4664 conceptum
3585 4581 3756 4652 Virginis,
3844 4597 3845 4664 ᾗ

2262 4685 2496 4755 Virginis
2537 4694 2772 4758 partum,
2807 4685 3094 4741 mulierum
3123 4686 3368 4756 partibus
3413 4684 3674 4740 cxistimmt
3702 4688 3757 4728 ex-

2260 4779 2600 4850 aequandum,
2631 4795 2752 4836 cum
2784 4779 2913 4835 illud
2943 4779 3012 4835 de
3039 4788 3182 4835 terra
3213 4781 3301 4846 sil,
3329 4781 3430 4836 hoc
3459 4779 3518 4834 de
3544 4767 3757 4832 ςωιωιιοε

2261 4875 2456 4931 divina:
2486 4875 2698 4930 virtutis
2725 4875 2813 4940 sit,
2847 4873 2976 4930 illud
3027 4873 3357 4930 infirmitatis
3405 4875 3649 4931 humanm;
3679 4857 3758 4914 illud

2261 4970 2331 5025 sit
2357 4968 2376 5008 ί
2407 4971 2460 5025 in
2488 4986 2718 5042 corpore
2738 4969 3024 5041 passionis,
3056 4970 3159 5026 hoc
3191 4979 3361 5026 totum
3389 4971 3454 5025 sit
3478 4969 3524 5022 in
3545 4954 3758 5028 tranquilli

2261 5074 2372 5122 tate
2399 5066 2566 5122 divini
2594 5066 2843 5138 Spiritus,
2875 5066 3095 5120 humani
3119 5065 3364 5136 corporis
3393 5065 3444 5119 in
3481 5052 3758 5131 quietc?SaI‘v

2351 5233 2373 5262 ε
2396 5223 2717 5300 Cerinthuln
2732 5267 2746 5291 ,
2778 5225 3578 5300 Ebionem,__Carpocratiauos,
3592 5217 3757 5300 alioalﬁf

2256 5295 2416 5364 hujus
2467 5297 2751 5351 commatis
2791 5297 2936 5351 viros
2977 5291 3320 5350 vellicatCAn
3365 5310 3488 5366 vero
3527 5291 3658 5354 “78°
3679 5292 3758 5366 3³ξῖ

2259 5359 2496 5421 clis-sima
2538 5367 2813 5421 communi
2857 5368 3140 5422 mulierum
3177 5381 3326 5420 more
3367 5365 3614 5419 Christum
3651 5359 3756 5406 en!“

2257 5437 2436 5502 fuerit.
2469 5438 2590 5492 vide
2631 5438 2772 5507 apud
2802 5421 3200 5500 Mabillonium,
3235 5435 3384 5506 pmf.
3415 5433 3448 5487 3
3494 5434 3541 5487 in
3577 5421 3756 5507 δπςυξιξίξ

2258 5488 2313 5563 ἦ
2322 5488 2395 5563 lie
2402 5488 2783 5577 summa
2795 5488 3173 5562 samaras;
3183 5488 3485 5570 :o‘ceasione
3495 5488 3756 5577 recense}?

2256 5558 2568 5655 quaestionis
2590 5558 2722 5655 comic
2750 5579 2890 5655 inter
2909 5558 3345 5655 Paulinianum,
3371 5571 3652 5655 monachum

2256 5629 2565 5713 seiuges;
2585 5629 2640 5704 éi
2662 5629 3413 5709 reginam:malum,
3440 5629 3650 5713 ejusdem
3684 5629 3757 5688 100

2256 5721 2601 5778 cmuobitam.

2331 5791 2351 5830 ί
2385 5791 2481 5848 Ms.
2511 5790 2671 5858 Caes,
2701 5792 2754 5846 iu
2774 5790 3004 5860 corporis
3025 5790 3280 5861 passione.

3627 5881 3638 5912 ρ

3853 3011 3855 3165 ι

3853 3011 3855 3165 ι
