3878 6368
152 431 243 490 sat
637 511 640 514 ~
1519 435 1713 494 SERMt

1824 438 2017 496 iXVlII.

3302 400 3411 506 522

150 547 258 619 guis
281 547 448 613 siluit,
479 564 604 605 caro
653 552 876 622 stupuit,
905 563 1160 624 soporata
1203 563 1328 612 sunt
1371 557 1633 624 membra,
1665 566 1721 613 et
1748 561 1798 622 Α
1823 566 2056 632 possunt.
2079 556 2218 613 Ecce
2235 558 2508 629 quomodo
2529 559 2707 615 carnis
2726 560 3054 616 resurrectio
3073 562 3412 636 prtedicatur,

151 639 260 695 aula
300 638 534 708 Virginis
563 649 676 696 tota
703 652 786 698 est
817 643 871 700 in
899 645 1107 702 cmlesti
1135 648 1561 704 commoratione
1601 663 1720 705 sus-

150 748 318 804 pensa,
343 731 520 789 donec
542 743 731 791 auctor
748 738 945 806 carnis,
974 739 1152 796 carnis
1174 749 1411 798 sumeret
1438 742 1720 798 indumen-

151 834 268 890 tum,
295 832 350 879 et
394 825 548 881 fieret
572 826 736 883 homo
764 830 1022 896 cmlestis,
1046 833 1138 903 qui
1167 849 1273 888 non
1302 834 1476 890 solum
1517 845 1718 891 terram

148 915 376 971 redderet
404 916 628 984 homini,
653 919 750 976 sed
777 921 981 978 homini
1001 923 1230 980 donaret
1249 933 1305 982 et
1323 927 1718 997 cmlunnVirgo

147 1008 376 1080 concipit,
412 1009 575 1081 Virgo
603 1015 850 1084 parturit,
881 1016 1047 1087 Virgo
1076 1028 1377 1090 permanet.
1430 1021 1573 1092 Ergo
1608 1022 1718 1078 vir-

147 1102 259 1158 tutis
283 1108 365 1157 est
410 1119 542 1160 caro
578 1107 816 1174 conscia,
849 1126 958 1166 non
1006 1111 1229 1178 doloris,
1261 1128 1380 1184 qua:
1407 1116 1577 1185 magis
1621 1131 1718 1188 pa-

145 1195 314 1252 riendo
331 1197 661 1268 integritatis
689 1213 980 1272 augmenta
1001 1207 1244 1278 suscipit,
1274 1208 1469 1264 damna
1497 1209 1718 1281 pudoris

145 1287 365 1357 ignorat;
396 1291 554 1346 testis
600 1293 781 1362 potius
821 1295 1124 1368 sui-partus
1151 1298 1351 1364 existit,
1376 1315 1496 1369 qua:
1543 1301 1718 1358 nullas

143 1389 305 1452 partus
335 1385 560 1453 pertulit
602 1387 920 1457 passiones;
949 1397 1006 1446 et
1031 1393 1384 1448 sacramentis
1407 1394 1717 1451 coelestibus

143 1475 426 1533 interfuisse
453 1494 517 1535 se
547 1495 684 1536 nova
716 1491 894 1539 mater
913 1483 1157 1550 miratur,
1187 1501 1306 1556 quae
1335 1487 1604 1543 nascentis
1627 1503 1718 1544 or-

142 1569 294 1624 dinem
328 1569 586 1641 intelligit
637 1573 888 1630 humanze
939 1577 1345 1634 consuetudinis
1388 1579 1466 1634 nil
1492 1579 1713 1636 habere.

143 1672 164 1702 ⁸
183 1662 230 1720 Si
249 1663 413 1719 Deum
434 1666 518 1721 sic
541 1667 691 1723 nasci
705 1683 890 1738 magus
907 1668 1105 1726 fatetur
1121 1687 1364 1738 munere,
1381 1671 1577 1728 fatetur
1590 1673 1717 1728 dum

141 1756 336 1820 adorat;
367 1755 638 1813 advertite
681 1760 807 1829 quid
851 1761 1073 1828 sentire,
1105 1763 1232 1832 quid
1271 1763 1494 1820 credere
1521 1763 1720 1820 debeat

141 1844 472 1903 Christianus.
535 1847 645 1905 Sed
689 1851 835 1920 quod
881 1853 1127 1923 sequitur
1180 1855 1482 1911 audiamus.
1535 1853 1716 1920 Qualis

1821 654 1947 723 quia
1977 653 2048 708 ibi
2069 668 2197 708 caro
2219 651 2580 723 possidebitur
2599 669 2630 708 a
2651 653 2862 724 spiritu,
2887 670 2994 711 non
3016 671 3144 712 caro
3164 657 3413 728 spiritum

1818 745 2152 817 possidebit,
2201 745 2340 802 sicut
2391 761 2458 801 ex
2504 747 2854 817 sequentibus
2905 749 3182 806 elucescit.
3233 747 3415 825 Neque

1820 839 2081 908 corruptio
2120 839 2556 910 incorruptionem
2603 839 2902 910 possidebit.
2947 839 3112 898 Vides
3138 842 3263 912 quia
3301 858 3413 900 non

1820 941 1948 982 caro
1998 927 2228 999 deperit,
2270 927 2362 984 sed
2392 929 2700 1001 corruptio;
2728 947 2835 986 non
2865 932 3057 1000 homo,
3087 933 3183 990 sed
3211 933 3410 1008 culpa;

1815 1033 1928 1076 non
1958 1036 2215 1091 persona,
2259 1022 2354 1079 sed
2382 1023 2622 1088 crimen;
2665 1032 2724 1079 ut
2767 1026 2932 1082 homo
2961 1027 3014 1083 in
3045 1027 3178 1096 Deo,
3221 1036 3276 1085 et
3318 1046 3416 1088 eoa

1817 1127 1933 1170 ram
1965 1114 2077 1169 Deo
2103 1115 2308 1182 vivens,
2329 1113 2488 1171 finem
2511 1132 2570 1172 se
2598 1115 2916 1174 delictorum
2943 1120 3158 1177 tandem
3178 1122 3412 1192 gaudeat.

1817 1214 2192 1263 consecutum.
2225 1207 2304 1264 De
2331 1210 2730 1266 resurrectione
2753 1212 3005 1282 proprius
3024 1229 3203 1269 sermo
3230 1214 3410 1284 profe-

1816 1299 2016 1358 rendus
2045 1309 2147 1366 cst,
2173 1299 2385 1369 fratres,
2407 1302 2533 1373 quia
2557 1304 2928 1371 transcursim,
2960 1312 3016 1360 et
3049 1305 3101 1360 in
3126 1305 3241 1376 ipso
3263 1307 3410 1362 verbi

1819 1391 1944 1458 fine,
1974 1409 2084 1448 non
2112 1394 2366 1450 convenit
2419 1394 2524 1450 dici
2579 1394 2647 1448 de
2690 1410 2757 1450 eo
2785 1396 2929 1466 quod
2978 1413 3078 1453 nos
3107 1397 3174 1453 ad
3210 1406 3410 1454 interna

1819 1491 2062 1555 tempora
2091 1501 2156 1542 ac
2183 1495 2501 1556 perpetuam
2531 1486 2848 1542 transmittit
2876 1487 2946 1543 ad
2965 1488 3152 1544 vitam.

2331 1637 2356 1678 ἀ
2402 1639 2635 1696 SERMO
2672 1638 2901 1695 CXVIII.

2119 1732 2196 1789 De
2224 1743 2389 1790 morte
2427 1746 2478 1788 et
2506 1735 2877 1789 resurrectione
2908 1735 3100 1790 carnis.

1893 1870 2159 1938 Quoniam
2209 1876 2322 1925 tota
2353 1879 2379 1907 ο
2421 1885 2545 1940 spes
2575 1868 2694 1924 fidei
2735 1869 3055 1925 Christianze
3084 1869 3138 1925 in
3165 1883 3413 1925 resurre-

143 1949 360 2004 te'reuus,
397 1942 531 1997 tales
550 1953 600 1997 et
621 1946 840 2011 terreni,
864 1955 914 2000 et
933 1947 1103 2019 qualis
1126 1948 1365 2015 calestis,
1400 1949 1526 2006 tales
1545 1959 1596 2006 et
1615 1968 1713 2006 cas-

1824 1965 2004 2020 ctione
2026 1964 2318 2020 constituta
2347 1972 2432 2018 est
2458 1971 2815 2030 mortuorum,
2849 1979 2918 2019 ne
2944 1963 3229 2034 quisquam
3259 1962 3326 2019 de
3346 1978 3411 2019 ea

141 2028 284 2086 leues.
313 2029 785 2099 Quemadmodum
813 2053 920 2093 non
943 2040 1055 2094 nati
1075 2039 1272 2108 taliter,
1298 2041 1436 2098 tales
1456 2051 1715 2114 poterunt

141 2123 360 2190 inveniri,
393 2141 510 2182 non
539 2129 810 2187 manendo
831 2132 978 2201 quod
1001 2134 1114 2189 nati
1143 2144 1286 2202 sunt,
1313 2136 1409 2192 sed
1454 2138 1602 2208 quod
1627 2154 1715 2195 re-

141 2214 234 2272 nati
256 2225 376 2272 sunt
403 2223 824 2289 permanendo?
853 2223 990 2281 Hinc
1015 2234 1118 2292 est,
1143 2225 1355 2294 fratres,
1378 2229 1524 2300 quod
1554 2231 1714 2300 virgi-

141 2307 212 2363 nei
236 2307 388 2365 fontis
410 2319 628 2368 uterum
655 2315 894 2372 cmlestis
921 2317 1142 2388 Spiritus
1169 2334 1365 2375 arcana
1394 2320 1611 2378 luminis
1630 2323 1712 2378 sui

141 2399 446 2461 admixtione
475 2405 761 2474 fecundat;
792 2416 854 2464 ut
897 2425 1034 2480 quos
1062 2409 1090 2450 δ
1116 2412 1269 2482 origo
1300 2412 1505 2469 limosa:
1529 2415 1714 2486 stirpis

140 2493 429 2564 profuderat
457 2498 562 2553 sub
589 2499 787 2556 misera
824 2501 1138 2559 conditione
1167 2511 1432 2570 terrenos,
1464 2508 1716 2565 cmlestes

140 2587 317 2658 pariat,
341 2595 400 2645 et
447 2591 522 2648 ad
569 2593 972 2651 similitudinem
1010 2597 1094 2653 sui
1141 2597 1402 2669 perducat
1453 2601 1710 2657 auctoris.

140 2677 258 2750 Ergo
277 2680 392 2751 jam
430 2685 631 2752 renati,
656 2685 768 2756 jam
818 2687 1100 2744 reformati
1128 2689 1195 2745 ad
1227 2691 1394 2746 nostri
1425 2691 1712 2762 imaginem

138 2767 412 2837 Creatoris,
436 2775 584 2844 quod
610 2778 854 2850 praecipit
870 2778 1159 2849 Apostolus
1181 2781 1518 2852 impleamus.
1545 2783 1714 2856 Igitur

139 2862 247 2917 sicut
265 2867 586 2934 portavimus
626 2869 908 2942 imaginem
931 2873 1140 2938 terreni,
1167 2883 1428 2944 portemus
1448 2885 1498 2929 et
1524 2877 1714 2948 imagi-

140 2969 235 3009 nem
273 2956 517 3014 celestis.
563 2958 748 3016 Fuerit
775 2965 1087 3032 necessitas,
1116 2966 1260 3036 quod
1307 2967 1375 3023 de
1406 2976 1548 3024 terra
1578 2985 1711 3025 con-

141 3049 252 3104 creti
277 3051 524 3108 cmlestia
549 3064 572 3093 ο
603 3055 811 3126 spirare
839 3059 1196 3128 nequivimus,
1227 3063 1372 3131 quod
1412 3063 1480 3118 de
1508 3079 1709 3120 concu-

142 3140 375 3211 piscentia
405 3145 521 3200 nati
550 3149 1043 3220 concupiscentiam
1068 3169 1176 3208 non
1200 3153 1465 3210 valuimus
1484 3156 1706 3222 evitare,

142 3233 263 3304 quod
298 3236 571 3295 illecebris
596 3241 998 3301 dominantibus
1039 3247 1288 3316 acquisiti
1316 3249 1490 3304 coacti
1526 3265 1710 3306 sumus

1818 2073 1981 2114 ausus
2003 2059 2076 2113 sit
2095 2058 2362 2123 dubitare,
2391 2059 2534 2113 beati
2567 2057 2713 2114 Pauli
2735 2059 3044 2126 asserentis,
3076 2074 3196 2116 eam
3225 2066 3412 2115 aucto-

1814 2152 1998 2218 ritate,
2033 2151 2214 2218 rebus,
2242 2152 2526 2223 exetnplis,
2558 2151 2876 2207 latissimam
2906 2152 3123 2208 recitari
3145 2152 3298 2207 vobis
3330 2150 3411 2207 fe-

1815 2244 1988 2300 cimus
2031 2241 2050 2282 ῖ
2104 2244 2269 2301 hodie
2314 2244 2602 2300 lectionem
2629 2287 2644 2312 ,
2696 2245 2763 2300 ad
2811 2260 2973 2315 quam
3013 2260 3192 2300 sermo
3231 2252 3412 2300 noster

1815 2335 1960 2406 quod
1990 2335 2225 2406 adjicere
2252 2337 2424 2407 possit
2469 2352 2575 2392 non
2618 2337 2796 2408 potuit
2837 2335 3098 2391 invenire.
3140 2334 3249 2391 Sed
3287 2335 3415 2405 quia

1815 2427 1990 2483 nostri
2037 2426 2200 2484 officii
2231 2436 2410 2483 vestra
2450 2427 2684 2483 charitas
2729 2443 2947 2498 semper
2986 2426 3154 2496 exigit
3181 2427 3413 2482 servitu—

1815 2524 1965 2585 tem,
1997 2527 2247 2589 repetere
2293 2517 2410 2574 haac
2451 2518 2678 2586 eadem,
2723 2518 2995 2574 inculcare
3043 2518 3416 2574 vehementius

1815 2609 1931 2666 haec
1957 2610 2090 2681 ipsa,
2123 2609 2539 2666 resurrectionis
2567 2609 2734 2681 ipsius
2763 2609 2958 2665 ardore
2977 2609 3256 2679 gestimus.
3290 2609 3416 2665 Fra-

1815 2709 1946 2768 tres,
1977 2717 2193 2772 semper
2216 2702 2284 2758 de
2318 2702 2718 2758 resurrectione
2738 2701 2870 2756 libet
2897 2700 3098 2766 dicere,
3121 2699 3324 2770 jngiter
3346 2700 3416 2756 de

1812 2795 2214 2850 resurrectione
2255 2794 2491 2850 delectat
2519 2793 2704 2849 audire
2727 2834 2742 2859 ,
2787 2793 2912 2862 quia
2954 2791 3093 2848 mori
3122 2805 3414 2861 numquam

1815 2887 1982 2953 libet,
2016 2887 2198 2942 vivere
2239 2901 2455 2958 semper
2480 2884 2731 2940 delectat.
2773 2883 3014 2939 Resonet
3053 2897 3184 2952 ergo
3229 2883 3284 2938 in
3314 2897 3414 2938 ore

1815 2987 2004 3035 nostro
2051 2979 2380 3035 resurrectio
2428 2993 2671 3050 semper,
2721 2991 2938 3048 semper
2981 2975 3308 3031 resurrectio
3345 2973 3414 3030 ad

1813 3081 2013 3128 nostra:
2043 3073 2239 3127 mentis
2270 3072 2666 3128 transmittatur
2702 3070 2942 3126 auditum
2962 3113 2977 3137 ,
3021 3078 3081 3125 ut
3106 3084 3255 3124 mors
3293 3082 3414 3139 quae

1813 3173 2031 3220 nostros
2054 3179 2268 3234 semper
2296 3163 2509 3220 obsidet
2531 3178 2741 3228 sensus,
2768 3178 2888 3218 cum
2912 3169 3119 3217 terrore
3143 3176 3263 3225 suo,
3287 3175 3412 3218 cum

1812 3257 2063 3312 lamentis
2104 3258 2214 3313 suis
2244 3273 2274 3312 a
2311 3257 2510 3312 nostris
2540 3257 2787 3313 sensibus
2835 3255 3118 3327 effugetur.
3150 3256 3286 3324 Quia
3333 3255 3411 3312 sic

143 3324 492 3421 illecebrarum
516 3335 902 3406 turpitudinem
925 3340 1212 3406 sustinere,
1239 3343 1384 3412 quod
1403 3345 1584 3400 seaculi
1612 3345 1715 3400 hu-
1740 3353 1786 3418 C
1817 3351 2050 3420 agricola
2075 3350 2277 3406 fructus
2305 3351 2500 3407 uberes
2527 3358 2583 3405 et
2621 3359 2648 3398 ε
2677 3324 2975 3406 exsatiatas
2999 3349 3186 3421 epulas
3205 3356 3408 3416 cantat,

143 3412 530 3485 inshabitaculo
549 3426 754 3497 recepti
778 3429 979 3499 captivi
1016 3427 1432 3500 fuimusmalis;
1457 3433 1522 3489 ad
1547 3434 1717 3491 instar
1752 3412 1785 3418 ψ
1819 3412 1878 3499 ιιῖ
1906 3442 1934 3481 h
1963 3443 2253 3500 immanem
2279 3443 2516 3500 vomeris
2543 3442 2786 3498 laborem
2817 3458 2922 3498 non
2951 3412 3148 3498 sentiat
3169 3449 3224 3496 et
3245 3412 3411 3496 sudo;

145 3512 288 3568 nostri
316 3514 557 3583 Domini,
589 3519 728 3575 sicut
749 3520 1000 3591 diximus,
1020 3523 1134 3594 jam
1158 3527 1352 3594 renati,
1373 3543 1510 3597 quos
1531 3530 1717 3600 utique
1815 3551 1952 3592 rem.
1983 3533 2076 3591 Sic
2103 3541 2266 3590 nauta
2305 3542 2496 3606 portus
2523 3533 2831 3589 modulatur
2859 3541 2914 3589 et
2940 3533 3110 3599 lucra,
3145 3546 3214 3588 ne
3241 3531 3414 3588 unda-

145 3606 366 3676 concepit
409 3608 583 3679 virgo,
620 3611 912 3669 vivificavit
956 3615 1198 3686 spiritus,
1229 3619 1468 3690 portavit
1516 3621 1712 3692 pudor,

1824 3644 1937 3684 rum
1981 3627 2198 3695 ruinas,
2243 3642 2313 3683 ne
2351 3627 2516 3682 maris
2544 3626 2853 3682 discrimina
2901 3625 3272 3696 pertimescat.
3323 3623 3413 3679 Sic

144 3698 300 3764 genuit
325 3700 630 3772 integritas,
655 3707 876 3762 nutrivit
904 3708 1232 3777 innocentia,
1270 3713 1487 3770 edocuit
1508 3716 1714 3772 sancti-
1815 3722 1992 3789 miles,
2026 3738 2095 3779 ne
2133 3722 2357 3778 vulnera
2396 3727 2604 3777 metuat
2627 3762 2642 3788 ,
2691 3729 2752 3776 ut
2775 3718 2982 3790 gladios
3016 3735 3123 3774 non
3154 3717 3412 3788 pertime-

144 3789 229 3854 las,
255 3790 424 3848 virtus
472 3798 735 3862 exercuit,
771 3800 912 3856 Deus
939 3801 1217 3873 adoptavit
1245 3805 1296 3860 in
1330 3804 1496 3876 filios,
1529 3810 1715 3880 imagi-
1815 3825 1951 3884 scas,
1976 3816 2186 3887 pmdas
2204 3821 2461 3887 personat
2472 3822 2526 3868 et
2545 3789 2864 3884 triumphos.
2888 3809 3043 3867 Unde
3062 3807 3413 3866 resurrectio-

144 3889 247 3934 nem
265 3889 432 3978 totam
455 3892 568 3942 tota
586 3887 934 3948 similitudine
956 3895 1124 3950 nostri
1146 3905 1422 3966 portemus
1441 3903 1710 3958 auctoris:
1817 3926 1943 3966 nem
1983 3918 2185 3974 mente,
2219 3925 2315 3965 ore
2337 3950 2354 3974 ,
2403 3907 2576 3965 oculis
2598 3949 2612 3974 ,
2647 3914 2857 3978 spectet,
2877 3947 2895 3974 ν
2944 3912 3128 3961 cantet
3149 3945 3166 3972 ’
3214 3902 3416 3972 cogitet,

146 3985 236 4072 Ilo“
260 3973 545 4045 πιεὶθθιδιθ
568 3995 674 4050 qua
713 3983 861 4039 SOIUS
889 3993 991 4052 θεῖ,
1025 3987 1120 4043 sed
1150 3988 1478 4057 innocentia.
1511 3993 1715 4066 εἰιιιριί-
1816 4002 2174 4071 Christianus,
2203 4012 2264 4060 ut
2293 3973 2463 4058 totam
2497 3973 2692 4057 mortis
2720 4001 2890 4072 possit
2912 3999 3191 4070 despicere
3221 4003 3276 4051 et
3299 3995 3414 4052 cal-

144 4062 302 4131 dme'
352 4073 797 4143 mansuetudine,
828 4078 1106 4149 Ρθιίθηῑίθς
1152 4081 1474 4152 humilitate.
1505 4062 1716 4144 ῐῐιῖεέῐὶ-
1817 4111 1944 4152 care
1988 4062 2348 4150 formidinem.
2397 4093 2543 4149 Mors
2582 4062 2976 4158 esu-fratres,
3014 4062 3414 4158 desperationis

145 4157 322 4225 οοῐτιίεν
352 4163 666 4232 concordia,
689 4181 795 4236 qua
815 4167 1064 4240 dignatus
1091 4181 1176 4227 εει
1204 4174 1360 4232 nonis
1381 4175 1494 4232 ﬁeri
1516 4187 1570 4233 et
1597 4193 1716 4234 esse
1817 4187 2057 4251 domina,
2089 4185 2480 4242 incredulitatis
2513 4193 2706 4249 mater,
2746 4195 3000 4252 germana
3030 4157 3411 4247 corruptionis,

127 4255 441 4350 “mms-
463 4254 656 4314 Cesse‘
684 4260 936 4318 Vitiorum
966 4265 1205 4336 Ρνιπίιυε
1227 4268 1467 4338 pestifer,
1498 4271 1719 4328 delicto—
1817 4279 2012 4335 inferui
2042 4295 2260 4350 parens,
2291 4277 2492 4333 diaboli
2515 4275 2734 4345 conjux,
2765 4273 3003 4330 omnium
3035 4271 3297 4326 malorum
3325 4284 3414 4325 re-

145 4351 244 4443 rum
287 4346 508 4407 lethalia
556 4352 924 4413 blandimenta
978 4361 1299 4431 vincantur;
1351 4369 1715 4425 exsecrandus
1817 4372 1964 4443 gina,
1996 4346 2116 4442 quae
2138 4387 2299 4428 omne
2331 4385 2501 4441 genus
2524 4369 2804 4426 hominum
2837 4367 2927 4423 tali
2950 4365 3140 4423 ordine
3167 4363 3413 4434 inexple-

143 4431 290 4536 fllror,
325 4443 613 4502 criminum
651 4451 1040 4522 comprimatur
1086 4457 1272 4526 origo;
1317 4458 1638 4517 discutiatur
1682 4478 1714 4518 a
1817 4464 1912 4520 bili
1941 4466 2237 4536 impugnat,
2273 4471 2332 4520 ut
2359 4464 2591 4535 primum
2621 4460 3029 4518 susurratricem
3051 4473 3201 4515 suam
3222 4457 3414 4528 despe-

143 4529 366 4590 sensihus
392 4535 570 4608 caligo
612 4545 728 4598 tota
775 4559 986 4616 pompa:
1027 4549 1330 4618 saecularis;
1371 4551 1656 4622 abjiciatur
1683 4570 1714 4609 a

145 4625 388 4718 mentibus
407 4631 694 4689 mundana:
709 4637 1016 4707 cupiditatis
1032 4641 1245 4712 illusio;
1272 4653 1558 4716 appetatur
1576 4664 1715 4718 pau-

144 4718 303 4808 Pertas
313 4717 535 4788 Christi,
552 4739 672 4795 quae
681 4726 897 4787 divitias
912 4732 966 4788 in
985 4735 1297 4793 caelestibus
1315 4739 1553 4808 possidet
1570 4717 1716 4795 sem-
1745 4723 1798 4786 Ῑ)

149 4799 396 4906 Ρξιθπξλεό
426 4823 544 4869 tota
572 4823 832 4906 sanctitas
860 4827 1052 4883 anima:
1071 4799 1410 4888 custodiatur
1437 4840 1494 4889 et
1521 4850 1718 4906 corpo-

147 4904 229 4958 ns,
257 4902 314 4950 ut
363 4913 476 4955 non
521 4904 907 4974 magnitudine,
939 4919 1035 4965 sed
1061 4929 1184 4971 actu
1233 4923 1410 4985 imago
1437 4902 1714 4985 Creatoris

339 4999 588 5062 portetur
614 5003 671 5050 et
696 4995 959 5055 clarescat
987 5001 1040 5056 in
1071 5004 1246 5059 nobis.
1278 5005 1524 5063 Affirniat
1568 5013 1715 5081 quod

145 5071 349 5174 (limans
368 5081 690 5174 Apostolus,
721 5103 846 5144 cum
875 5089 1044 5148 dicit:
1079 5093 1195 5150 Hoc
1224 5107 1394 5154 autem
1423 5071 1712 5174 dicm-fra-

147 5170 258 5237 tres,
293 5173 412 5245 quia
441 5190 563 5232 caro
588 5187 640 5232 et
663 5183 878 5253 sanguis
916 5201 1132 5258 regnum
1159 5187 1261 5244 Dei
1304 5193 1569 5263 possidere
1597 5170 1714 5252 non

204 5379 230 5410 ι
409 5375 530 5447 ipso
557 5376 626 5434 ad
668 5379 812 5456 hanc
837 5397 951 5456 rem
979 5395 1296 5456 argumento
1324 5389 1494 5447 utitur
1512 5390 1709 5450 Noster

145 5446 192 5495 in
205 5446 418 5524 epistola
435 5446 639 5524 contra
669 5448 1041 5524 Eutychetem.

205 5507 448 5606 {smnia
481 5507 827 5606 Augustinus,
859 5507 1101 5606 ιὶδξῖᾖιη
1123 5528 1190 5585 de
1208 5507 1404 5606 ‘Civit:
1429 5533 1546 5601 Dei,
1579 5550 1701 5606 pag.

226 5582 534 5679 illiill—
555 5582 834 5679 imaginem
863 5600 1050 5653 terreni
1080 5582 1302 5679 hominis
1318 5582 1706 5679 ’ῥὲοιῖιῖῥὶιᾶἇιῗὲ

146 5663 560 5748 agnationis
582 5663 843 5748 etmortis,
872 5684 1027 5748 quam
1047 5669 1201 5748 nobis
1214 5663 1388 5748 intulit
1406 5663 1702 5748 geumatio;

145 5733 227 5818 {ea
240 5729 493 5818 induimus
520 5735 798 5808 imaginem
819 5729 1034 5796 erilestis
1061 5741 1304 5814 hominis,
1334 5729 1704 5818 ρνᾶίεᾶἰὴάξὶιὶ

146 5800 309 5877 "uie
330 5803 539 5877 ιξίιφφίε
556 5800 837 5877 Mrem-

348 5868 474 5944 I‘tgit
503 5868 766 5962 Ιζιεὶιίῐξὶιιεἶ
793 5877 954 5964 Editi,
980 5885 1236 5956 aspirare.

322 5957 435 5992 mm
479 5948 567 5992 Inc
593 5948 726 5992 alma.
753 5953 1064 5992 mum-thin"-
1093 5973 1107 5987 ο
1156 5955 1214 5992 1..
1242 5958 1394 5992 ουκ-,ιιι
1424 5960 1477 5992 ,δ

322 5957 435 5997 nuo
479 5948 567 6005 hic
593 5948 726 6006 alias
752 5948 1064 6011 inscribitur
1093 5973 1107 6012 :
1148 5955 1214 6016 In
1242 5958 1396 6016 verba
1421 5960 1655 6034 ejusdem
1682 5979 1701 6020 .'

404 6033 682 6116 l’ﬂaon.
726 6044 856 6108 Lll.

1819 4557 2085 4613 rationem
2117 4557 2409 4627 praemittat
2431 4555 2556 4610 talia
2586 4554 2901 4611 suadentem
2926 4569 2940 4606 :
2972 4550 3169 4617 Homo,
3199 4566 3298 4606 cur
3322 4557 3414 4604 tua

1819 4649 2003 4721 perdis
2032 4650 2314 4720 tempora?
2342 4648 2483 4705 Ecce
2509 4648 2728 4703 domina
2760 4663 2905 4703 mors
2929 4655 3020 4702 tua
3043 4645 3208 4708 venit,
3247 4642 3261 4682 ι
3299 4642 3415 4698 ani-

1821 4759 1965 4800 mam
1995 4752 2143 4800 tuam
2173 4743 2227 4799 in
2259 4743 2485 4799 nihilum
2533 4741 2784 4812 redigens
2807 4783 2823 4808 ,
2868 4756 3087 4797 carnem
3125 4748 3268 4794 tuam
3311 4751 3413 4806 pu-

1820 4836 2061 4901 tredine,
2093 4852 2214 4893 ossa
2239 4847 2329 4891 tua
2358 4841 2629 4891 vetustate
2649 4849 2994 4900 consumens,
3025 4840 3084 4888 ut
3112 4841 3164 4887 te
3184 4829 3274 4899 qui
3301 4843 3412 4883 non

1819 4928 1967 4986 fuisti
1993 4939 2281 4994 antequam
2307 4927 2625 4989 nascereris,
2659 4927 2820 4980 faciat
2843 4939 2950 4980 non
2982 4938 3100 4979 esse
3121 4929 3244 4992 post
3267 4936 3412 4976 mor-

1823 5021 1955 5070 tem.
1989 5013 2172 5070 Redde
2198 5027 2328 5084 ergo
2356 5013 2536 5070 debita
2565 5024 2693 5070 ante
2721 5025 2951 5072 mortem
2969 5055 2985 5082 ,
3016 5013 3308 5070 moriturus
3335 5011 3414 5067 ci-

1820 5115 1900 5171 to,
1929 5107 2044 5173 tibi,
2075 5107 2320 5162 natatibus
2350 5107 2455 5164 tuis
2482 5125 2495 5162 :
2527 5107 2595 5163 da
2620 5107 2822 5164 lusibus
2849 5106 3148 5172 infantiam,
3177 5105 3244 5161 da
3273 5103 3410 5160 deli-

1819 5199 1917 5256 ciis
1953 5199 2372 5257 adolescentiam
2394 5242 2410 5270 ,
2452 5201 2523 5258 da
2553 5201 2918 5274 voluptatibus
2941 5199 3311 5273 juventutem,
3342 5196 3410 5254 da
3451 5224 3454 5228 ί

1814 5393 2013 5475 Notum
2033 5399 2375 5475 autem_vobjs_
2401 5401 2560 5475 facio,
2592 5404 2798 5475 fratres,
2820 5408 2938 5475 etc.

1889 5467 2059 5544 °_Hoc
2082 5471 2281 5544 passim
2303 5467 2411 5528 SSI
2426 5467 2646 5544 Pa‘re's.
2664 5473 2796 5544 Vide
2809 5472 3284 5544 Ibeophylactum
3309 5471 3362 5544 in
3389 5469 3410 5526 ι

1812 5537 1880 5614 ad
1918 5537 2163 5614 Corinth.
2207 5559 2306 5609 xv,
2347 5544 2397 5608 1,
2433 5558 2554 5614 pag.
2585 5541 2680 5596 29f
2719 5552 2773 5599 et
2800 5542 2943 5597 292:
2975 5537 3137 5599 ’l'o'tus
3159 5542 3386 5598 Christia

1812 5609 2007 5665 nismus
2035 5612 2091 5665 in
2113 5609 2773 5670 resurrectionis'doamate
2801 5615 2931 5670 situs
2951 5624 3044 5669 est.

1889 5678 1909 5718 ί
1944 5680 2076 5737 Vide
2107 5692 2286 5738 notam
2312 5685 2335 5737 l
2371 5701 2533 5740 serm.
2562 5678 2683 5739 115.

1885 5759 1911 5798 8
1939 5749 2242 5828 E_xsatiata_s
2262 5754 2490 5811 dicimus
2512 5772 2620 5821 res,
2647 5757 2701 5812 in
2721 5757 2916 5828 quibus
2934 5757 3202 5814 desideria
3221 5763 3410 5814 nostra

1811 5820 2025 5895 abunde
2051 5825 2411 5895 complentur.

1884 5889 1912 5965 1}
1940 5891 2024 5965 ἐξ
2049 5889 2442 5952 ωδεξϐωδθηω
2469 5906 2526 5954 et
2555 5896 2760 5965 Vatic.;
2794 5899 2944 5965 editi,
2974 5899 3342 5957 imminentem.

1891 5961 1908 6004 ί
1941 5961 2042 6023 Hic
2068 5966 2245 6023 anima
2272 5968 2503 6027 sumitur
2527 5985 2628 6041 pro
2662 5961 2768 6027 vita
2796 5961 3087 6042 corporali.

2893 6060 2964 6129 17
