3930 6354
502 889 676 947 lectus
712 879 917 954 prmbet
940 868 1242 940 simplicem
1287 872 1527 920 sensum,
1558 846 1882 923 profundam
1923 840 2104 897 scien-

503 983 637 1040 tiam
663 939 900 1050 praestat,
941 939 1176 1022 lectione
1203 953 1392 1012 sedula
1414 951 1642 1004 iteratur
1662 941 1728 996 ad
1759 939 1849 993 illa
1870 947 1990 1004 quae
2011 947 2108 986 an-

1197 1048 1232 1050 "
1295 1047 1325 1050 “
1410 1043 1441 1050 ··
1483 1041 1514 1050 ἰ
1553 1039 1563 1050 ·
1659 1043 1671 1050 -
1721 1047 1736 1050 -
1784 1024 2103 1050 Δέλλιλιω..

504 1084 563 1133 te
586 1024 909 1146 peiiscrutati
941 1071 1147 1114 smnus.
1191 1047 1364 1104 Hodie
1392 1041 1523 1098 dicit
1551 1039 1744 1092 beatus
1772 1024 2067 1100 Apostolus
2091 1039 2104 1075 :

1195 1145 1201 1146 '
1421 1135 1432 1146 ‘
1500 1131 1565 1146 ’n
1640 1145 1647 1146 κ
1723 1123 1818 1146 —---\
1877 1117 2104 1146 [δηοηοηη

510 1117 694 1228 Nolite
745 1151 1065 1228 conﬁgurari
1115 1145 1234 1200 huic
1275 1135 1465 1195 sarculo
1496 1131 1673 1203 (Rom.
1723 1123 1845 1193 xu).
1876 1117 2112 1173 Putasne

507 1264 704 1320 beatus
744 1217 944 1307 Paulus
983 1238 1263 1314 apostolus
1309 1226 1538 1286 dicendo
1579 1222 1677 1287 sic,
1718 1217 2111 1273 elementorum

508 1299 704 1320 Uulqu
744 1299 768 1307 -
788 1299 940 1306 -v-——-
1020 1299 1036 1314 ι

508 1350 698 1424 ﬁguris
718 1360 787 1401 ne
805 1336 1208 1408 oonfiguremur
1235 1319 1500 1382 obsistat?
1529 1320 1668 1370 n'eve
1695 1310 1863 1366 simus
1895 1312 1954 1359 ut
1982 1299 2114 1355 Per-

1570 1409 1622 1424 υ·
1668 1422 1699 1424 η
1741 1402 1847 1424 ρ--ει-
1879 1397 2086 1424 “Jun-..

928 1397 1023 1504 qui
1044 1425 1289 1497 subjecta
1319 1431 1464 1475 nunc
1483 1409 1711 1484 pedibus
1738 1402 1851 1459 suis
1879 1397 2109 1468 sphazra,

1465 1503 1564 1560 Dei
1580 1501 1726 1556 vices
1745 1493 2110 1550 mentiuntur:

1714 1586 1846 1645 solis
1875 1579 2118 1638 resident

1793 1677 1948 1750 quasi
1972 1674 2119 1728 viros

510 1461 694 1508 sarum
721 1453 899 1510 reges,

513 1548 576 1596 ut
601 1536 786 1609 polum
815 1544 876 1585 se
894 1525 1108 1582 calcare
1128 1514 1441 1573 credantur,

513 1596 663 1689 nunc
707 1623 916 1680 radiato
943 1614 1122 1686 capite
1170 1622 1238 1663 ne
1266 1604 1376 1658 sint
1403 1596 1673 1656 homines,

516 1728 574 1782 in
603 1722 804 1792 ﬁgura;
836 1725 979 1768 nunc
999 1708 1026 1746 δ
1056 1698 1324 1774 impositis
1351 1693 1454 1750 sibi
1482 1687 1760 1748 cornibus,

517 1765 574 1782 ⁸⁸³
605 1765 771 1792 ⁵³υ“··“·
789 1765 804 1784 1
836 1765 942 1768 -τννη
959 1765 968 1766 ί
1135 1765 1149 1774 .

517 1836 578 1878 se
600 1829 719 1874 esse
738 1810 978 1871 doleant,
1006 1813 1030 1842 α
1053 1794 1434 1856 elfeininantur
1459 1786 1513 1840 in
1529 1783 1714 1837 lunam
1739 1793 1754 1829 :
1778 1786 1923 1829 nunc
1943 1765 2119 1822 varias

519 1855 578 1878 ου
600 1855 719 1874 qu
739 1855 978 1871 νυιν--ν,
1065 1855 1074 1856 ,

518 1910 668 1967 velut
693 1904 931 1961 siderum
960 1896 1182 1951 sumunt
1209 1885 1428 1943 formas,
1461 1885 1520 1932 ut
1542 1869 1780 1930 hominis
1803 1862 2036 1938 perdant
2057 1855 2119 1910 li-

1761 453 1821 511 S.
1861 446 2066 509 PETRI
2104 435 2546 502 CHRYSOLOGI

2125 565 2178 625 Α
2204 560 2290 615 uis
2316 552 2661 613 deformitate
2704 544 2968 618 proiecta,
2999 535 3028 578 τι
3057 536 3288 594 formam
3323 539 3548 588 vestram
3569 529 3620 586 in
3649 530 3732 588 fora

3653 421 3731 486 θη

2205 668 2350 710 mam
2377 647 2545 706 vestri
2573 641 2813 701 reducite
2840 633 3141 694 Salvatoris
3172 648 3187 685 :
3213 637 3274 685 ut
3300 626 3505 684 novitas
3528 641 3732 682 sensuum

2205 755 2508 802 vestrorum
2557 739 2610 794 in
2650 733 2843 790 vestris
2889 727 3098 785 actibus
3136 724 3421 785 elucescat,
3463 727 3515 776 et
3551 719 3733 775 etelestis

2205 842 2370 898 homo
2392 833 2597 894 molesti
2627 830 2812 886 habitu
2836 824 2947 894 jam
2976 819 3251 893 gradiatur
3271 817 3324 871 in
3362 821 3519 871 terra.
3548 810 3733 879 Qualiter

2208 943 2391 989 autem
2415 932 2708 998 componat
2727 921 2956 976 formam
2979 914 3102 971 novi
3123 909 3376 972 hominis,
3401 907 3507 976 jam
3525 911 3730 977 patescat

2211 1026 2363 1082 Sicut
2409 1025 2548 1079 enim
2569 1021 2624 1074 in
2663 1033 2766 1071 uno
2805 1026 3020 1084 corpore
3064 1006 3229 1063 multa
3258 1000 3483 1060 membra
3523 999 3732 1062 habenas,

2211 1119 2388 1176 omnia
2411 1124 2582 1169 autem
2619 1106 2853 1166 membra
2880 1120 2986 1159 non
3018 1098 3251 1156 eumdem
3275 1093 3462 1149 habent
3488 1100 3662 1154 actum;
3683 1091 3735 1144 sic

2211 1212 2361 1268 multi
2389 1224 2548 1263 unum
2596 1218 2782 1275 corpus
2824 1212 3001 1255 sumus
3032 1195 3089 1249 in
3144 1188 3372 1251 Christo,
3413 1184 3588 1257 singuli
3612 1193 3735 1238 autem

2213 1306 2345 1359 alter
2373 1300 2585 1356 alterius
2615 1295 2862 1351 membra.
2907 1285 3175 1343 Habentes
3197 1292 3369 1336 autem
3396 1276 3662 1332 donationes
3681 1289 3736 1329 te-

2215 1396 2441 1453 cnndum
2470 1393 2717 1466 gratiam,
2749 1400 2864 1459 qua:
2883 1382 3009 1437 data
3035 1387 3114 1434 est
3133 1374 3303 1439 nobis,
3326 1370 3616 1440 differentes.
3635 1365 3734 1435 Agit,

2215 1489 2328 1560 agit
2345 1495 2404 1543 ut
2437 1459 2651 1555 corpus,
2675 1478 2820 1550 quod
2855 1475 3091 1531 collocat
3117 1470 3171 1525 in
3201 1464 3408 1524 ωειςειί
3450 1469 3580 1525 actu,
3611 1459 3654 1514 in
3673 1473 3736 1512 su-

2217 1597 2388 1654 perna
2433 1579 2562 1643 vita,
2596 1577 2649 1631 in
2680 1572 2924 1629 moribus
2952 1561 3258 1624 sanctitatis
3285 1556 3623 1614 membrorum
3644 1565 3736 1606 con-

2217 1692 2381 1732 sensu
2409 1682 2464 1728 et
2489 1668 2835 1742 copulatione
2854 1661 3119 1719 consistat
3157 1672 3172 1710 :
3206 1667 3384 1723 neque
3409 1665 3502 1722 pes
3534 1644 3736 1703 oculimi-

2221 1767 2526 1827 nisterium,
2561 1774 2735 1830 neque
2765 1755 2955 1812 oculus
2993 1750 3145 1824 pedis
3172 1743 3411 1804 oliicium
3447 1752 3664 1812 perverso
3683 1743 3736 1789 tu-

2222 1875 2375 1916 more
2421 1826 2744 1916 confundat;
2786 1847 2884 1904 sed
2931 1853 2992 1901 ut
3028 1837 3334 1898 sanctitatis
3379 1833 3600 1890 membra
3628 1826 3737 1884 donis

518 1922 668 1967 velut
693 1922 931 1961 Stuel‘ulu
960 1922 1182 1951 δυιιιιιιιι
1209 1922 1281 1941 ιυι
1294 1922 1428 1943 Ius-ag
1463 1922 1520 1932 υ.-
1545 1922 1748 1930 ---πηήη
1765 1922 1774 1924 _
1807 1922 1823 1938 ι

516 2013 726 2072 guram,
757 2001 815 2049 et
835 1988 967 2045 nihil
995 1993 1243 2056 supernae
1263 1968 1526 2032 claritatis
1554 1961 1855 2033 acquirant.
1888 1951 1995 2010 Sed
2017 1951 2119 2004 ista

1313 2069 1327 2072 “
1516 2061 1529 2072 “
1612 2067 1623 2072 ‘
1737 2061 1750 2072 ι
1792 2047 2116 2072 κ--ξιι-ιΞΙη-ι-

2232 1961 2482 2012 contenta
2503 1950 2613 2005 sint
2633 1941 2926 2015 largitoris,
2950 1948 3008 1995 et
3021 1936 3245 1993 credant
3263 1944 3419 1987 suum
3437 1941 3548 1984 esse
3565 1922 3738 1979 membra

2232 2046 2405 2072 Μαι-ιιι.
2460 2041 2602 2072 num!
2635 2052 2800 2072 nnllm
2843 2032 3031 2072 ΐρρρνίι
3052 2027 3377 2072 πιρηιιπηῐη.
3408 2021 3528 2072 auia
3551 2013 3738 2072 minanti

516 2047 647 2151 licet
691 2047 761 2146 de
801 2082 983 2141 smculi
1008 2047 1250 2134 vanitate
1298 2061 1650 2124 descendant,
1702 2061 1758 2112 et
1786 2047 2121 2122 sapientibus

520 2196 634 2243 tam
662 2177 912 2250 fugienda
959 2173 1068 2228 sint
1105 2179 1268 2238 quam
1315 2154 1562 2220 ridenda,
1609 2158 1791 2205 tamen
1832 2139 2124 2213 Apostolus

519 2294 650 2336 cum
675 2229 808 2331 dicit
837 2287 852 2324 :
876 2265 1060 2322 Nolite
1079 2252 1398 2329 conﬁgurari
1421 2249 1538 2303 huic
1577 2240 1790 2305 swculo,
1834 2232 2014 2293 saeculi
2040 2229 2123 2285 vi-

525 2384 640 2430 tam
665 2364 908 2435 corrigit,
932 2356 1112 2427 arguit
1137 2324 1339 2414 mores,
1381 2342 1590 2414 iudicat
1618 2335 1941 2394 institutum,
1964 2324 2128 2381 casti-

524 2473 622 2534 gat
660 2417 1288 2519 volunutalesiluxuriam
1315 2435 1661 2497 condemnat,
1693 2434 1749 2484 et
1781 2432 1949 2479 totam
1978 2417 2129 2474 vani-

1712 2519 1752 2534 ...
1858 2523 1871 2534 ,
1946 2510 2094 2534 ,ημ-

527 2510 703 2612 :atum
723 2510 1059 2607 saecularium
1087 2547 1342 2611 pompam
1369 2525 1643 2602 propellit,
1676 2519 1898 2588 eil'ugat,
1939 2510 2128 2568 exclu-

527 2650 668 2705 dita
695 2641 967 2701 mentibus
1009 2606 1347 2690 Christianis.
1397 2621 1507 2678 Sed
1551 2619 1657 2674 hoc
1707 2612 1870 2669 modo
1899 2606 2130 2664 strictim

530 2741 841 2798 commonet
859 2728 1004 2802 quod
1027 2735 1110 2782 est
1138 2724 1193 2780 in
1214 2715 1481 2794 principio
1509 2710 1670 2781 hujus
1689 2703 1944 2778 Epistolas
1972 2699 2132 2754 latius

532 2836 841 2892 exsecutus,
873 2823 966 2879 ubi
1013 2817 1235 2888 figuram
1285 2808 1467 2868 saeculi
1502 2806 1557 2861 in
1594 2803 1740 2858 vitiis
1785 2798 1864 2853 sic
1892 2795 2086 2864 figurat
2115 2809 2130 2845 :

533 2923 779 2995 Repletos
817 2915 960 2974 omni
999 2885 1290 2983 iniquitate,
1322 2901 1545 2965 malitia,
1571 2893 1938 2969 fornicatione,
1963 2885 2136 2941 avari-

535 3016 631 3081 tia,
662 3010 916 3085 nequitia,
949 3005 1128 3078 plenos
1175 2996 1388 3060 invidia,
1421 2988 1734 3051 homicidiis,
1786 2980 2133 3043 contentione,

533 3105 678 3172 dolo,
710 3070 1058 3174 malignitate,
1081 3099 1458 3149 susurratores,
1477 3083 1813 3141 detractores,
1837 3073 1949 3128 Deo
1971 3070 2138 3126 adibi-

537 3201 632 3266 les,
650 3193 1068 3253 contumeliosos,
1100 3194 1316 3249 erectos,
1347 3176 1613 3251 superbos,
1639 3174 1931 3228 inventores
1965 3164 2137 3220 malo-

539 3287 676 3356 rum,
713 3284 1007 3363 parentibus
1031 3297 1135 3337 non
1165 3275 1478 3337 obedientes,
1509 3268 1835 3339 insipientes,
1867 3262 2139 3329 incompo-

540 3387 687 3450 sitos,
737 3383 850 3436 sine
882 3376 1176 3448 affectione,
1227 3370 1342 3424 sine
1381 3357 1758 3423 misericordia,
1791 3354 1875 3428 qui
1908 3368 2024 3406 cum
2049 3349 2138 3421 ju-

542 3479 740 3533 stitiam
780 3473 879 3527 Dei
907 3468 1282 3542 cognovissent,
1336 3475 1439 3514 non
1481 3453 1867 3510 intellexerunt,
1899 3445 2142 3518 quoniam

545 3573 630 3642 qui
657 3569 784 3622 talia
806 3536 988 3636 agunt,
1021 3559 1166 3632 digni
1194 3562 1316 3612 sunt
1361 3557 1527 3606 morte
1549 3563 1567 3600 :
1592 3561 1696 3599 non
1736 3539 1905 3596 solum
1946 3537 2033 3610 qui
2063 3536 2146 3606 fa-

545 3666 690 3719 ciunt
714 3659 829 3724 illa,
869 3654 961 3711 sed
994 3624 1442 3726 qui'consentiunt
1493 3633 1801 3712 facientibus
1835 3629 2031 3703 (Rom.
2062 3624 2142 3696 ι).

546 3755 788 3819 Fratres,
838 3721 1061 3803 audistis
1099 3741 1328 3798 formam
1357 3732 1561 3798 smculi,
1595 3726 1863 3786 didicistis
1887 3721 2145 3793 speciem,

548 3847 760 3904 vidistis
789 3843 1014 3924 figuram
1047 3856 1061 3892 :
1105 3836 1152 3892 si
1195 3843 1375 3888 tamen
1405 3827 1635 3883 formam
1683 3830 1740 3878 et
1782 3834 1890 3874 non
1921 3813 2152 3870 informe

549 3916 876 4002 monstrum,
906 3932 999 3988 ubi
1027 3925 1347 3987 confusione
1375 3919 1661 3978 criminum
1703 3920 1816 3968 tota
1855 3921 2037 3964 rerum
2067 3903 2150 3959 fa-

551 4037 664 4092 cies
685 4040 770 4089 est
807 4028 1006 4093 deleta,
1039 4024 1128 4080 ubi
1159 4025 1506 4094 peccatorum
1535 4007 1807 4069 connubio
1835 4013 1947 4059 tota
1970 3997 2155 4054 mundi

552 4126 724 4197 ﬁgura
753 4133 838 4181 est
857 4092 1140 4182 dissoluta,
1161 4092 1257 4170 ubi
1285 4109 1608 4168 delictorum
1627 4099 1831 4158 morbis
1847 4097 2022 4165 imago
2040 4092 2155 4163 ipsa

551 4221 733 4277 ablata
762 4224 846 4275 est
872 4210 1191 4277 conditoris,
1220 4206 1310 4264 ubi
1330 4205 1496 4262 homo
1523 4201 1578 4255 in
1610 4196 1756 4253 vitiis
1781 4201 1865 4250 est
1889 4187 2151 4260 sepultus,

555 4313 652 4369 ubi
677 4308 919 4381 corrupti
945 4302 1194 4377 corporis
1238 4304 1452 4356 scatent
1478 4292 1707 4356 scelera,
1738 4285 1830 4343 ubi
1859 4285 2024 4340 homo
2054 4280 2156 4334 ho-

555 4407 719 4465 minis
740 4412 824 4461 est
852 4401 1178 4476 sepulcrum,
1227 4393 1320 4451 ubi
1348 4393 1404 4448 in
1431 4387 1652 4446 homine
1689 4398 1799 4440 non
1839 4381 2007 4437 homo
2033 4391 2157 4433 cer-

559 4499 731 4566 nitur,
763 4495 860 4552 sed
899 4472 1151 4551 cadaver.
1179 4484 1473 4558 Apostolus
1500 4493 1632 4549 ergo
1669 4475 1797 4533 huic
1826 4472 2014 4529 formae
2059 4482 2162 4523 nos

561 4590 814 4667 prohibet
832 4601 955 4644 esse
975 4582 1302 4646 conformes,
1325 4585 1384 4634 et
1401 4570 1728 4644 configurari
1746 4583 1847 4624 nos
1866 4563 1994 4621 huic
2012 4566 2164 4617 vetat

562 4684 776 4756 figam;
806 4681 934 4737 huic
960 4672 1296 4734 similitudini
1323 4667 1633 4728 consimiles
1657 4679 1767 4720 non
1794 4675 1916 4716 esse
1936 4655 2163 4729 permit-

564 4780 648 4846 tit,
691 4749 787 4834 sed
817 4773 886 4830 ad
915 4772 1143 4828 formam
1183 4765 1280 4822 Dei
1309 4761 1588 4826 reformat,
1638 4756 1706 4812 ad
1751 4749 2158 4810 similitudinem

562 4878 787 4930 revocat
809 4865 1029 4930 Christi,
1060 4871 1118 4919 et
1144 4869 1314 4917 totam
1335 4855 1544 4912 reducit
1563 4851 1632 4907 ad
1662 4847 1947 4916 imaginem
1977 4839 2165 4898 condi-

565 4966 720 5033 toris,
749 4963 938 5019 dicens
968 4977 982 5012 :
1016 4956 1123 5014 Sed
1145 4951 1501 5027 reformamini
1529 4950 1586 5001 in
1615 4944 1842 4998 novitate
1861 4953 2042 4992 sensus
2082 4951 2166 4988 ve-

510 5104 516 5124 .-
565 5061 685 5118 stri.
710 5056 828 5113 lloc
854 5061 960 5119 est,
1002 5050 1122 5108 sitis
1160 5017 1259 5120 per
1285 5042 1560 5100 Christum
1605 5033 1856 5092 sensibus
1903 5017 2167 5088 innovaii,

565 5157 781 5227 abjecta
801 5150 984 5210 saaculi
1005 5145 1167 5217 hujus
1196 5141 1400 5211 ﬁgura;
1422 5144 1480 5194 et
1506 5142 1622 5191 tota
1642 5131 1957 5188 inveterata:
1982 5119 2172 5188 imagi-

641 5329 672 5358 ⁸
708 5317 924 5386 Integra
963 5323 1153 5386 prore
1192 5304 1533 5368 incorrupta,
1586 5306 1695 5346 non
1739 5285 1944 5341 violata
1995 5276 2170 5386 Isanie,

1237 5383 1245 5386 Α
1290 5374 1322 5386 --
1399 5381 1411 5386 -
1456 5369 1649 5386 μη.--
1681 5378 1693 5386 ,
1727 5371 1890 5386 mw,
1933 5367 1988 5386 Μ
2021 5365 2060 5386 ,ε
2085 5361 2170 5386 ,Ν

567 5405 711 5447 neve
731 5387 974 5446 confecta
1007 5390 1058 5435 ta

572 5535 628 5589 in
664 5525 915 5586 medullis
937 5525 1080 5580 subti

575 5587 847 5660 sostomus
870 5637 886 5662 ,
936 5593 1125 5652 homil.
1163 5587 1231 5642 15
1268 5589 1281 5641 i

576 5675 694 5745 ﬁeri
737 5680 902 5744 potest
947 5677 1002 5720 ut
1029 5683 1092 5720 ea
1133 5674 1250 5745 quq:

580 5723 1223 5830 fricationereparentur?
1251 5723 1414 5784 Mm.
1451 5723 1549 5777 Ms.

579 5833 746 5871 εοεαε.

639 5831 746 5870 sas.

602 5834 636 5890 Ρ
653 5887 680 5927 δ
710 5885 1065 5941 Successures
1079 5865 1502 5941 Alexandri,qui
1521 5879 1581 5920 se
1600 5861 1768 5916 filium
1784 5853 1934 5937 lovis
1958 5849 2122 5928 Amm:

584 5956 669 6017 nis
687 5927 1354 6012 meliuéiizfuiidﬁ‘elii-hum
1378 5927 1552 5994 fronte
1579 5938 1830 6017 prostant
1848 5927 1901 5980 in
1924 5927 2175 5977 nummis.

1634 5571 1854 5642 inquit:
1903 5560 2172 5643 Quomodo

1573 5703 1808 5780 Cmseu.,
1837 5713 1893 5765 in
1919 5703 2174 5762 medullas

660 5999 1189 6094 iiiiii'ri'éiﬁiiﬁiaﬁi
1203 5999 1291 6073 iPii
1309 5999 1727 6073 nummusfdnm
1750 5999 1940 6056 Persas
1965 6003 2181 6062 aggres-

1065 5351 1153 5444 be:
1192 5351 1649 5444 iitvdi-catrAuctor
1681 5378 1694 5413 :
1727 5371 1891 5440 grana
1916 5351 2062 5407 .salis
2085 5361 2174 5402 res

572 5428 711 5447 ιιυνυ
731 5428 974 5446 νυιιινιθνυ-
1009 5428 1150 5444 --πνν

571 5464 831 5531 integras,
853 5453 1117 5531 nonduin
1147 5449 1486 5511 incorruptus
1513 5430 1815 5531 sialinntusi
1842 5428 1978 5531 Iipsa
1999 5433 2174 5531 lgil'ana

1256 5525 1316 5531 “'
1393 5520 1493 5531 —---
1530 5527 1536 5531 -
1566 5518 1742 5531 nanti-.1
1767 5515 1832 5531 nn
2032 5525 2040 5531 ,
2063 5505 2174 5531 ιιιν-

1525 5491 1969 5576 ὐεδεθιιϐᾳηιξρ.
1999 5491 2176 5576 (Ἀπε-

1309 5635 1408 5713 iam
1430 5635 1692 5713 corrupta
1710 5635 1874 5704 'sunt,
1908 5635 2036 5713 salis
2061 5648 2178 5713 per-

1447 5865 1502 5920 ui
1521 5879 1581 5920 se
1600 5861 1768 5916 filium
1784 5853 1934 5910 lovis
1958 5849 2178 5920 Ammo—

2225 2046 2430 2110 omnia,
2459 2041 2603 2112 quod
2635 2052 2800 2095 unum
2843 2032 3032 2091 fecerit
3052 2027 3377 2089 membrum,
3408 2021 3528 2092 quia
3551 2013 3738 2073 minanti

2223 2139 2398 2198 nescit
2442 2134 2742 2191 membrum
2788 2142 2974 2192 unum,
3029 2121 3175 2194 quod
3205 2127 3381 2174 totum
3418 2116 3672 2170 honoratur
3703 2106 3736 2161 in

2226 2247 2443 2302 corpus.
2496 2227 2634 2283 Hinc
2676 2231 2761 2280 est
2806 2219 2955 2292 quod
3006 2213 3303 2287 Apostolus
3354 2218 3500 2266 actus
3537 2201 3736 2263 membris,

2228 2293 2471 2383 membra
2501 2321 2710 2378 actibus
2745 2318 2825 2373 sic
2868 2311 3110 2384 depingit
3148 2327 3161 2364 :
3196 2309 3318 2364 Sive
3350 2305 3435 2378 qui
3462 2301 3591 2356 docet
3610 2299 3653 2352 in
3679 2293 3740 2349 do-

2230 2423 2420 2484 ctrina,
2467 2417 2555 2490 qui
2601 2413 2910 2468 exhortatur
2946 2409 3003 2462 in
3042 2401 3425 2462 exhortatione,
3453 2395 3533 2468 qui
3557 2388 3739 2446 tribuitis

2229 2485 2582 2587 simplicitate,
2615 2509 2703 2580 qui
2731 2511 2922 2578 protest
2961 2502 3016 2555 in
3043 2492 3416 2557 sollicitudine,
3444 2487 3524 2561 qui
3547 2485 3740 2540 miseretur

2230 2612 2288 2665 in
2309 2606 2596 2662 hilaritate.
2629 2600 2871 2655 Charitas
2901 2596 3013 2651 sine
3053 2588 3417 2650 simulatione;
3457 2581 3648 2638 odientes
3667 2587 3739 2626 tmt-

2231 2701 2359 2764 lum,
2391 2696 2714 2751 adhwrentes
2753 2690 2907 2752 bono,
2937 2685 3156 2740 invicem
3200 2680 3399 2734 honore
3440 2669 3738 2746 premium,

2231 2762 2450 2848 invicem
2485 2785 2713 2858 benigni,
2738 2777 3086 2837 sollicitudine
3113 2790 3217 2829 non
3239 2769 3397 2844 pigri,
3427 2764 3586 2836 spiritu
3609 2762 3741 2831 {erm-

2237 2892 2330 2947 tes,
2358 2880 2582 2936 Domino
2602 2849 2808 2932 serviet:
2820 2882 2912 2936 tes,
2941 2885 3031 2940 spe
3055 2865 3366 2940 gaudentes,
3407 2859 3460 2914 in
3503 2849 3743 2909 tribulatione

2237 2977 2514 3049 patientes,
2548 2968 2774 3026 orationi
2802 2965 3077 3024 instantes,
3100 2955 3370 3012 memoriis
3383 2954 3742 3006 sanctorumcm

2237 3067 2590 3125 municantes,
2647 3055 3053 3129 hospitalitatem
3093 3055 3358 3106 sectantes
3406 3059 3424 3097 :
3467 3035 3688 3094 benedicite
3712 3036 3743 3079 ct

2239 3159 2400 3213 nolite
2421 3153 2762 3215 maledicere;
2785 3145 3012 3221 gaudere
3033 3159 3149 3198 cum
3192 3133 3539 3212 gaudentibus,
3561 3129 3658 3199 ﬂere
3669 3135 3744 3176 cum

2239 3249 2512 3322 ﬂentibus;
2541 3243 2866 3317 providentes
2893 3237 3049 3302 bona,
3074 3251 3178 3290 non
3196 3210 3373 3288 solum
3393 3239 3546 3283 coram
3561 3219 3659 3280 Deo,
3681 3210 3746 3268 sed

3504 3319 3512 3322 -
3731 3301 3746 3322 λ

2168 3364 2215 3426 C
2243 3347 2402 3402 etiam
2431 3357 2607 3397 coram
2656 3334 2968 3392 hominibus.
3008 3328 3190 3385 Nolite
3235 3341 3353 3380 esse
3392 3319 3614 3394 prudentes
3645 3301 3748 3376 aliud

3235 3420 3245 3426 .
3396 3416 3407 3426 .
3431 3415 3441 3426 .
3506 3420 3514 3426 .
3548 3424 3582 3426 ,_
3609 3403 3637 3426 ,ι
3673 3395 3747 3426 ιιιυηὶ

2244 3438 2599 3507 vosmetipsos,
2630 3431 2761 3487 nulli
2782 3427 2979 3484 malum
3017 3441 3111 3496 pro
3141 3420 3278 3477 malo
3313 3415 3583 3472 reddentes;
3607 3403 3641 3458 ti
3669 3395 3748 3470 ﬁeri

2246 3542 2433 3606 potest,
2465 3530 2602 3602 quod
2630 3544 2697 3582 ea:
2725 3525 2864 3580 vobis
2887 3532 2981 3583 est,
3009 3534 3125 3574 cum
3153 3513 3398 3570 omnibus
3427 3498 3661 3563 hominibus
3687 3507 3746 3560 Ρα·

3407 3605 3415 3606 κ
3641 3589 3652 3606 .
3676 3584 3746 3606 λ-..

2248 3584 2383 3606 r---—
2419 3584 2433 3598 ι
2477 3584 2490 3602 .

2248 3645 2356 3682 cem
2387 3624 2667 3685 habentes;
2697 3635 2801 3674 non
2831 3614 3151 3672 vindicantes
3199 3605 3542 3673 vosmetipsos,
3584 3589 3652 3647 sed
3671 3584 3747 3638 άαῑι

2248 3721 2417 3774 locum
2445 3718 2559 3770 irae.
2606 3712 2668 3769 Si
2697 3709 2938 3766 esurierit
2983 3703 3224 3759 inimicus
3254 3709 3395 3759 tuus,
3427 3691 3528 3748 ciba
3559 3684 3688 3740 illum;
3717 3673 3746 3727 εί

2248 3814 2375 3875 sitit,
2405 3820 2580 3883 potum
2601 3807 2668 3860 da
2692 3805 2804 3866 illi;
2828 3800 2935 3856 noli
2957 3797 3089 3853 vinci
3107 3812 3139 3848 a
3165 3791 3333 3856 malo,
3357 3785 3444 3842 sed
3464 3783 3584 3838 vince
3603 3776 3643 3828 in
3663 3770 3746 3822 θοπο

2252 3867 2467 3960 malum.
2499 3898 2778 3970 Superius,
2822 3892 3035 3952 fratres,
3080 3882 3377 3958 Apostolus
3404 3867 3747 3950 patefecilmem'

2251 3998 2348 4053 bra
2371 3995 2644 4056 vitiorum,
2665 3985 2924 4045 revelavit
2945 3980 3107 4038 modo
3131 3976 3284 4032 nobis
3304 3968 3537 4028 membra
3556 3960 3746 4046 virtutlml;

2255 4100 2315 4147 ut
2342 4089 2560 4146 caeleste
2587 4098 2784 4154 corpus
2814 4076 2977 4133 tantis
3017 4069 3306 4128 solidatum
3361 4053 3608 4118 membris.
3637 4036 3750 4100 aeriis

2256 4141 2818 4240 talihvusvroboralum,
2851 4168 3024 4243 possit
3051 4163 3209 4220 facile
3232 4156 3419 4215 mundi
3446 4141 3749 4243 δευητοειετς

2259 4291 2410 4341 nare,
2451 4270 2654 4329 diaboli
2700 4278 2958 4338 superare
2997 4256 3300 4316 conﬂictus.
3333 4249 3402 4305 Et
3446 4247 3512 4301 ita
3545 4227 3751 4293 viventum

2260 4365 2553 4440 Apostolus
2575 4326 2783 4425 docuit;
2809 4371 2918 4413 non
2945 4347 3245 4426 prosternit
3272 4339 3521 4400 mundum
3538 4332 3558 4387 ἲ
3576 4339 3657 4383 non
3673 4326 3752 4389 ΡΝ·

2264 4463 2390 4519 terit
2417 4457 2671 4517 carnem?
2699 4468 2807 4509 non
2834 4419 3111 4507 diabolum
3138 4439 3339 4496 vincit?
3376 4448 3481 4491 non
3498 4419 3754 4519 ειηυξῑιιῐιξι·

2263 4509 2780 4626 εθιίεἳῂπίξιῖιηεὶοι·
2808 4551 2893 4600 est
2930 4537 3114 4598 coelo?
3141 4534 3308 4590 Plane
3331 4524 3499 4595 maior
3530 4511 3657 4626 οσδῗς

2264 4601 2399 4626 ον--ν
2419 4601 2432 4609 -
2469 4601 2575 4607 -----
2606 4601 2736 4617 νηοί

2264 4651 2460 4708 coelum
2491 4662 2600 4701 non
2629 4648 2880 4697 movetur
2904 4641 3117 4708 sponte,
3151 4643 3262 4684 non
3290 4623 3555 4679 voluntate
3570 4603 3668 4676 agit.
3687 4601 3755 4708 ηοξ

2189 4754 2240 4816 Ῑ)
2259 4741 2465 4814 judicio
2495 4737 2621 4793 facit
2659 4687 2974 4803 quidquam,
3015 4723 3109 4781 sed
3156 4718 3274 4776 sola
3325 4706 3619 4772 necessitate
3651 4687 3755 4816 se”:

3311 4809 3323 4816 .
3434 4805 3446 4816 .
3516 4791 3755 4816 unum”,

2269 4784 2463 4814 ἰιυιυιν
2495 4784 2621 4793 _____
2663 4784 2784 4803 Ἰν--Ῠ
2798 4784 2821 4800 Ἰ
2839 4784 2846 4785 7
2962 4784 2972 4791 ’

2269 4850 2504 4906 semper,
2528 4831 2654 4902 quia
2679 4823 3066 4893 semeljussum
3082 4821 3165 4872 est
3185 4809 3410 4869 servire;
3433 4784 3757 4906 impollutam:

3201 4902 3230 4906 “”
3424 4891 3439 4906 ¹
3504 4897 3598 4906 λ---ι
3626 4886 3701 4906 πλη

2273 4869 2473 4906 θῠιιινῡι
2489 4873 2504 4895 ς
2528 4869 2654 4902 [luna
2681 4869 3065 4893 ,ιν-..νιδ---.ηη
3090 4869 3107 4872 _
3122 4869 3135 4870 γ
3734 4869 3740 4870 7

2273 4946 2383 4986 non
2413 4927 2633 4986 viribus,
2677 4935 2782 4973 non
2812 4916 2997 4968 labore
3023 4902 3261 4962 custodit
3293 4915 3306 4951 :
3335 4891 3474 4950 unde
3496 4897 3598 4942 cum
3626 4886 3701 4974 Illi"
3716 4869 3758 4919 5“

2273 4963 2383 4986 μυ..
2497 4963 2633 4986 ωηο,
2677 4963 2782 4973 ...,.-
2814 4963 2892 4968 ,η
2912 4963 2950 4966 τί

2272 5018 2567 5079 obnoxium
2589 5023 2781 5084 paenae,
2801 5005 2880 5060 sic
2895 5012 3071 5056 tamen
3091 5011 3190 5051 nec
3208 4985 3453 5048 consistit
3470 4977 3530 5035 ad
3548 4963 3757 5084 ι)ηωῖ

2273 5113 2343 5168 At
2384 5111 2548 5166 homo
2581 5061 2652 5160 cx
2679 5110 2896 5156 terrena
2934 5091 3141 5147 vilitate
3185 5088 3483 5142 concretus,
3521 5069 3626 5125 dum
3650 5061 3758 5111 ιεπθ·

2274 5325 2331 5398 et
2373 5343 2425 5396 in
2456 5335 2662 5408 postica
2711 5325 2864 5408 parte
2895 5325 3074 5408 iuriam

2814 5399 2866 5452 in
2898 5394 2982 5450 his
3027 5385 3353 5459 regionibnS,
3391 5386 3496 5430 ῑυιιι
3533 5385 3742 5438 ω³⁵¹⁵¹ἔ³¹¹¹ῗ

2428 5481 2444 5486 _
2532 5479 2543 5486 .
2591 5477 2600 5486 .
2711 5473 2723 5486 .
2785 5470 2795 5486 ι
2940 5463 3187 5486 _,.|:...:......
3223 5452 3508 5486 nnlnholnr-
3539 5435 3742 5486 Suarum"

2278 5427 2399 5486 pag.
2437 5426 2560 5464 0‘0.
2613 5426 2760 5458 hUllil
2816 5426 2866 5452 III
2898 5426 2982 5450 una
3029 5426 3353 5459 ινδιυι-...ι-ω,
3393 5426 3476 5430 --η
3666 5426 3674 5433 1
3737 5426 3762 5464 ‘5

2278 5495 2389 5541 tum
2423 5477 2680 5536 feminino
2711 5469 2896 5527 habitu
2917 5452 3508 5541 religioseucolehatur.

2278 5508 2389 5541 tum
2424 5508 2680 5536 ICIIIIIIIIIU
2712 5508 2896 5527 "au-su
2941 5508 3184 5530 ...πο-ν--
3231 5508 3248 5510 _

2277 5558 2346 5613 dc
2392 5547 2668 5608 Caracalla
2695 5563 2706 5597 :
2740 5541 2867 5597 Cum
2911 5539 3090 5613 iterum
3120 5529 3282 5613 vellet

2279 5587 3188 5701 fin-2"."iiiié'itieiiiinisaeuae,
3229 5608 3378 5668 atque
3405 5587 3514 5644 inde

2481 5687 2654 5766 gratia
2681 5687 2916 5766 venisset.

2356 5734 3025 5824 :‘liili’e-ri'weiiim‘ﬁgura,
3046 5819 3057 5824 _
3082 5759 3204 5816 qua:
3254 5745 3342 5824 est
3387 5734 3550 5824 lggait

2285 5801 2758 5913 appa'rei‘i‘s'polius
2784 5801 2954 5913 (μίέῖἰῖ
2974 5801 3248 5882 ἐξιὶείεηες
3295 5817 3354 5866 et
3393 5801 3540 5859 Fam

2286 5895 2623 5972 constantior
2648 5911 2704 5958 et
2739 5895 2981 5956 solidior.
