3878 6368
1585 379 1817 438 SERMO
1844 380 2033 438 CXXI.

3345 393 3454 454 5.50

164 520 282 568 ω
322 501 508 561 labem
537 501 722 567 vincit,
762 500 890 557 dum
917 501 1192 573 sanguinis
1235 499 1484 558 stimulos
1528 497 1746 570 frangit,
1776 502 1826 562 Α
1853 504 2058 572 plenus,
2100 501 2189 574 qui
2215 500 2428 575 jacebat
2453 503 2526 560 ad
2539 505 2760 578 januam
2785 504 2931 580 ejus,
2975 507 3187 581 cupiens
3224 511 3456 569 saturari

164 599 280 659 dun
301 596 487 655 carnis
529 594 792 653 exuberat
827 595 1132 668 passiones,
1165 593 1496 652 transcendit
1525 594 1745 660 emittm,

163 697 403 770 adipsam
423 692 638 750 deitatis
652 691 1096 766 pervolatsedem
1118 710 1132 746 :
1151 700 1207 748 et
1217 691 1296 748 sic
1317 687 1376 746 fit
1397 689 1574 762 major
1585 688 1746 757 cmlo,

164 787 354 849 meritis
389 785 797 859 supergreditur
835 785 1078 856 angelos,
1126 800 1234 840 non
1283 793 1494 839 natura.
1547 780 1752 838 Probat

163 882 562 955 bocapostolus
592 880 807 947 Paulus,
849 881 944 951 qui
987 879 1114 935 dum
1155 879 1286 934 satis
1322 887 1520 934 terram
1559 877 1745 940 vincit,

163 991 212 1039 et
235 979 450 1035 intravit
498 977 715 1040 cmlunt,
763 983 820 1031 et
869 973 1116 1029 transivit
1160 972 1344 1038 alium,
1388 980 1444 1027 et
1473 985 1642 1040 usque
1679 968 1750 1024 ad

163 1076 364 1134 tertium
385 1073 589 1130 meruit
615 1069 921 1144 pervenire.
951 1067 1017 1124 Et
1040 1067 1203 1138 juste,
1239 1082 1360 1121 nam
1391 1067 1596 1137 primus
1623 1079 1751 1120 con-

163 1169 406 1230 scendere
443 1167 610 1223 debet
646 1165 846 1231 caelos;
875 1165 968 1235 qui
996 1163 1076 1218 sic
1105 1171 1162 1218 et
1205 1160 1374 1216 verbo
1414 1168 1470 1214 et
1496 1157 1747 1230 exemplo

1853 593 1922 650 de
1939 597 2106 664 micis,
2137 613 2254 672 qua
2280 598 2537 656 cadebant
2578 600 2642 655 de
2666 618 2846 657 mensa
2887 602 3080 672 dicitis,
3123 613 3175 659 et
3195 621 3345 662 nemo
3371 605 3458 664 illi

1854 688 2017 746 dabat
2039 707 2060 748 :
2081 691 2175 748 sed
2193 702 2247 748 et
2273 709 2426 749 canes
2447 695 2716 749 veniebant
2753 706 2805 751 et
2831 696 3096 769 lingebant
3113 698 3292 754 ulcera
3317 700 3454 774 ejus.
3472 677 3479 694 ’

1852 784 2078 841 Factum
2097 796 2176 842 est
2214 797 2387 842 autem
2414 798 2471 842 ιιι
2491 798 2779 844 moreretur
2807 807 3025 863 pauper,
3069 803 3122 846 et
3159 803 3456 866 portaretur
3536 847 3559 868 Δ

1854 878 1918 934 ab
1963 883 2162 953 angelis
2206 881 2264 936 in
2291 883 2464 937 sinum
2507 883 2751 938 Abrahae.
2803 882 2958 939 Dives
2995 896 3166 941 autem
3220 898 3457 944 mortuus
3535 887 3549 924 ί

1853 986 2001 1031 estet
2028 978 2256 1049 sepultus
2285 979 2340 1032 in
2370 979 2598 1050 inferno.
2649 977 2751 1046 En,
2802 977 3014 1046 fratres,
3063 995 3225 1050 quam
3271 998 3456 1039 rerum

1853 1071 2198 1128 lamentanda
2230 1074 2459 1129 mutatio
2486 1092 2499 1128 :
2532 1090 2826 1145 pauperem
2847 1084 3067 1146 portant
3090 1077 3288 1147 angeli,
3318 1078 3456 1134 divi-

1854 1171 1963 1218 tem
2012 1165 2240 1235 deglutit
2288 1165 2548 1222 infernus.
2589 1166 2698 1234 En,
2742 1166 2973 1236 fratres,
3017 1185 3165 1226 mors
3202 1171 3457 1243 pauperis

1852 1267 2023 1314 totam
2061 1259 2226 1314 vitam
2255 1260 2435 1315 divitis
2463 1261 2620 1329 vicit,
2651 1269 2708 1316 et
2735 1261 2900 1317 elatio
2939 1262 3054 1317 sola
3086 1264 3339 1334 pauperis
3366 1272 3454 1320 to-
3486 1257 3498 1320 ,θ

1852 1358 1963 1405 tam
1991 1350 2171 1407 divitis
2201 1369 2454 1424 pompam
2481 1354 2812 1411 transcendit
2831 1363 2887 1411 et
2913 1356 3356 1426 gloriam.Quare
3375 1337 3488 1426 sic

1850 1448 2126 1518 sepultura
2149 1448 2348 1518 decipit
2368 1450 2592 1504 oculos?
2613 1465 2783 1520 quare
2804 1450 2885 1506 sic
2913 1452 3289 1522 exsequiarum
3305 1413 3500 1526 pomJ

161 1264 393 1322 homines
447 1269 737 1334 penetrare
783 1259 968 1315 docuit
1013 1257 1201 1314 caelos.
1247 1253 1381 1318 Erit,
1425 1253 1529 1309 erit
1574 1252 1750 1322 major

160 1357 301 1421 celo,
329 1355 423 1426 qui
478 1354 676 1409 vixerit
713 1353 855 1409 sicut
895 1351 1081 1408 docuit
1134 1349 1364 1415 Paulus;
1407 1349 1512 1404 erit
1547 1347 1748 1403 clarior

159 1450 278 1517 sole,
300 1447 392 1520 qui
420 1447 507 1504 sic
545 1447 804 1502 virtutum
853 1444 1020 1500 radiis
1051 1451 1166 1500 toto
1211 1441 1344 1497 orbe
1385 1440 1654 1512 splendet,
1685 1445 1748 1493 ut

158 1543 332 1602 uisceri
359 1557 422 1598 se
453 1540 602 1597 nulla
631 1541 885 1595 vitiorum
915 1546 1076 1593 nocte
1117 1535 1412 1608 permittat.
1446 1531 1588 1597 Erit,
1640 1531 1746 1587 erit

158 1641 246 1698 iste
263 1635 495 1693 lucidior
521 1635 668 1699 luna,
710 1632 804 1704 qui
845 1631 1098 1688 tenebras
1137 1631 1234 1684 has
1277 1643 1384 1683 non
1416 1632 1638 1682 tenuato
1662 1624 1744 1678 lu-

158 1733 283 1788 mine
301 1736 594 1801 temperat,
633 1725 729 1783 sed
753 1735 920 1781 totam
948 1723 1132 1781 saeculi
1158 1730 1372 1779 noctem
1393 1720 1554 1792 pleno
1581 1717 1745 1774 meri-

157 1835 314 1883 torum
365 1823 585 1893 fulgore
627 1819 896 1891 depellit:
927 1833 1030 1874 nec
1069 1818 1210 1873 sicut
1255 1815 1382 1870 luna
1426 1811 1743 1882 quotidiana

1848 1557 1919 1613 pa
1949 1542 2239 1598 mentitur?
2260 1542 2318 1597 ιιι
2343 1541 2369 1581 δ
2394 1543 2712 1614 obsequium
2742 1544 2923 1600 divitis
2950 1544 3146 1614 migrat
3173 1546 3260 1602 hic
3282 1556 3306 1584 ε
3338 1553 3456 1602 tota

1849 1635 2062 1699 civitas,
2095 1651 2217 1692 cum
2245 1636 2403 1693 funus
2425 1636 2675 1703 effertur;
2707 1653 2915 1710 pauper
2941 1638 3089 1694 vadit
3117 1638 3284 1707 solus,
3315 1656 3454 1712 pau-

1847 1743 2036 1800 perem
2083 1729 2312 1786 duorum
2347 1737 2532 1801 portat
2558 1731 2835 1786 miseratio
2873 1728 2900 1769 δ
2930 1731 3254 1800 bajulorum,
3291 1741 3316 1770 ο
3352 1747 3460 1790 nec

1847 1831 2086 1892 quatuor
2104 1831 2164 1879 ut
2190 1832 2427 1889 mortuo,
2445 1823 2542 1879 sed
2563 1823 2672 1881 duo
2697 1825 2798 1880 sub
2819 1840 2928 1879 uno
2949 1832 3124 1887 vecte,
3150 1824 3306 1894 quasi
3329 1840 3457 1896 pro-

156 1919 271 1977 locis
292 1916 624 1974 detrimenta
653 1912 948 1986 praesentit,
995 1909 1093 1968 sed
1136 1908 1250 1980 iugi
1291 1905 1556 1963 Γδειοτιιω
1599 1905 1738 1959 Ῐίιηια
1770 1908 1820 1970 Β
1840 1913 2083 1984 jiciendo
2111 1915 2267 1971 oneri
2305 1916 2599 1987 portitores
2639 1915 2958 1972 addicuntur
2981 1917 3153 1972 inviti.
3186 1915 3380 1973 Merito
3402 1919 3456 1974 ei

156 2012 275 2089 pede
294 2013 347 2067 in
385 2009 617 2082 superni
657 2007 874 2063 luminis
900 2004 1149 2062 claritate
1193 2002 1464 2074 persistit;
1497 2014 1598 2057 nec
1638 1999 1741 2055 iste

156 2110 274 2168 sicut
299 2105 387 2163 illa
410 2112 698 2162 menstruo
727 2100 1086 2173 interpolator
1113 2099 1365 2164 obscuro,
1391 2095 1487 2153 sed
1511 2096 1564 2151 in
1586 2094 1745 2152 clari-

157 2211 251 2260 tate
287 2201 380 2258 Dei
409 2199 676 2258 continua
699 2195 1060 2270 permanebit.
1109 2192 1176 2247 Et
1203 2194 1251 2249 si
1278 2205 1472 2262 magna
1512 2198 1596 2245 est
1625 2189 1740 2252 illa,

157 2295 280 2368 quod
323 2295 542 2365 mitigat
572 2301 810 2356 noctem,
847 2298 1052 2360 quanto
1080 2289 1170 2345 hic
1199 2287 1391 2357 major,
1434 2283 1588 2355 cujus
1629 2285 1744 2342 vita

156 2389 323 2460 recipit
361 2387 440 2444 nil
471 2387 543 2444 de
572 2387 770 2443 nocte?
793 2385 869 2440 De
904 2383 1077 2439 stellis
1097 2391 1276 2444 taceo,
1307 2379 1434 2450 quia
1461 2388 1597 2449 quot
1624 2393 1741 2434 ca:-

156 2483 248 2539 lum
271 2482 467 2547 stellis,
514 2489 596 2536 tot
622 2479 795 2536 sancti
822 2477 1113 2533 virtutibus
1153 2474 1489 2539 elucescunt,
1525 2471 1745 2528 dicente

156 2576 360 2633 Domino
389 2594 404 2629 :
450 2573 558 2630 Vos
592 2573 716 2628 estis
745 2572 837 2626 luat
873 2570 1074 2632 mundi,
1104 2569 1266 2624 lucete
1295 2568 1430 2622 sicut
1459 2565 1742 2621 luminaria

155 2672 199 2726 in
223 2669 408 2724 mundo
432 2666 652 2740 (Matth.
675 2664 752 2736 v).
785 2663 865 2719 Ad
893 2678 1183 2728 summum,
1207 2660 1426 2723 cmlum,
1454 2659 1557 2722 sol,
1591 2659 1739 2723 luna,

154 2763 301 2819 stella:
329 2761 477 2834 (Deo
505 2759 743 2830 dicente)
769 2756 1078 2813 transibunt
1112 2754 1329 2823 (Matth.
1351 2752 1523 2826 xxiv),
1562 2750 1743 2820 justus

154 2866 308 2912 autem
347 2855 415 2910 in
455 2854 704 2911 claritate
743 2852 840 2909 Dei
865 2852 1123 2909 continua
1153 2849 1512 2921 permanebit.
1543 2846 1738 2912 Velim,

154 2948 340 3010 fratres,
381 2947 452 3003 de
479 2946 694 3017 singulo
739 2944 986 3017 Apostoli
1023 2944 1192 3000 verbo
1224 2942 1466 3012 singulas
1493 2940 1742 3012 proferre

153 3041 434 3106 dictiones;
458 3039 555 3095 sed
583 3039 708 3110 quia
729 3048 785 3094 et
813 3039 1152 3107 frequentata
1169 3037 1330 3092 lectio
1353 3034 1623 3091 fastidium
1648 3047 1744 3103 ge-

155 3145 288 3190 nerat
307 3133 588 3199 audienti,
613 3141 670 3190 et
688 3149 788 3188 nos
807 3132 1010 3188 diutius
1027 3149 1134 3188 non
1151 3147 1438 3203 possumus
1465 3140 1490 3167 ⁸
1508 3142 1743 3198 evange-

156 3225 266 3282 licas
291 3235 481 3282 tacere
507 3227 754 3292 virtutes,
771 3234 982 3295 gratum
1004 3226 1075 3281 sit
1101 3225 1350 3281 cbaritati
1373 3233 1564 3280 vestra:
1595 3222 1743 3294 quod

1846 2024 1978 2064 mox
2005 2010 2251 2079 angelica
2279 2009 2478 2076 oliicia,
2509 2010 2707 2066 merito
2734 2010 2916 2066 divina
2945 2011 3274 2083 deputantur
3293 2011 3454 2068 obse-

1847 2103 1996 2175 quia,
2021 2103 2109 2160 cui
2137 2111 2248 2159 tam
2270 2103 2562 2160 crudeliter
2589 2111 2781 2173 negata
2809 2112 2935 2161 sunt
2959 2105 3073 2176 ipsa
3101 2105 3453 2162 humanitatis

1846 2205 2113 2253 extrema.
2141 2195 2322 2252 Funus
2350 2197 2530 2252 divitis
2559 2195 2829 2253 antecedit
2869 2197 3108 2267 lugubris
3144 2199 3300 2254 turba
3332 2214 3452 2255 ser-

1845 2305 2068 2355 vorum;
2095 2288 2352 2345 feretrum
2389 2289 2641 2360 pauperis
2676 2289 2935 2360 praecedit
2973 2291 3285 2360 angelorum
3308 2292 3456 2364 psal-

1845 2381 2073 2438 lentium
2105 2382 2412 2438 multitudo.
2441 2381 2500 2438 In
2541 2397 2852 2438 marmoreo
2894 2383 3100 2439 tumulo
3127 2391 3184 2439 et
3216 2382 3236 2423 ί
3261 2392 3454 2440 curata

1845 2487 2000 2536 veste
2023 2477 2172 2548 jacet
2224 2477 2406 2534 divitis
2446 2493 2645 2550 corpus
2685 2477 2982 2543 inclusum;
3033 2480 3284 2550 pauperis
3322 2493 3456 2536 caro

1849 2582 1878 2622 ε
1900 2573 2133 2628 naturali
2179 2572 2411 2641 quiescit
2454 2573 2506 2627 in
2554 2572 2711 2637 limo,
2753 2581 2809 2628 et
2837 2574 3102 2628 materiali
3135 2574 3240 2628 situ
3267 2571 3296 2610 ιι
3325 2587 3454 2627 ver-

1847 2666 2016 2720 mium
2050 2681 2264 2721 morsus
2294 2665 2484 2730 nescit,
2516 2666 2777 2736 praevenit
2801 2665 3113 2735 putredines
3144 2674 3199 2719 et
3227 2662 3450 2720 fetores.

1847 2755 1956 2814 Sed
1981 2758 2336 2828 requiramus,
2368 2755 2582 2824 fratres,
2615 2773 2735 2828 qua:
2760 2756 2940 2812 divitis
2969 2757 3145 2833 culpa,
3170 2755 3315 2825 quod
3343 2754 3454 2812 cri-

1848 2867 2008 2917 men,
2031 2851 2176 2922 quod
2215 2851 2393 2906 scelus
2422 2866 2544 2906 eum
2579 2850 2860 2921 suppliciis
2896 2851 3102 2905 addixit
3140 2849 3365 2916 inferni,
3395 2857 3454 2904 et

1848 2954 1976 3001 ante
1999 2945 2262 3015 judicium
2291 2945 2657 3000 damnationis
2685 2943 2820 3013 ejus,
2862 2943 2876 2982 ί
2913 2943 3148 3014 elogium
3181 2952 3263 2998 tot
3289 2958 3456 2999 saecu-

1848 3037 1916 3095 lis
1940 3037 2084 3106 fecit,
2124 3039 2242 3110 ipso
2276 3037 2461 3108 judice
2488 3037 2779 3101 referente,
2811 3039 3058 3104 cantari,
3100 3038 3313 3093 dicente
3342 3035 3454 3093 Do-

1849 3132 1999 3188 mino
2033 3150 2046 3186 :
2081 3130 2256 3186 Homo
2277 3131 2488 3205 quidam
2507 3141 2621 3187 erat
2642 3132 2802 3198 dives,
2825 3143 2875 3187 et
2894 3131 3205 3186 induebatur
3225 3148 3454 3204 purpura

1851 3235 1902 3280 et
1923 3224 2096 3296 bysso,
2121 3234 2170 3279 et
2198 3225 2508 3296 epulabatur
2535 3226 2766 3297 quotidie
2791 3224 3082 3298 splendide.
3107 3222 3180 3277 Et
3205 3233 3317 3278 erat
3338 3225 3459 3297 qui-

155 3318 1420 3390 compendiososermoneprmsentemclausimus
1435 3317 1744 3373 lectionem.
1775 3308 1822 3370 C
1856 3317 1980 3372 dam
1997 3317 2261 3372 mendicus
2283 3318 2491 3372 nomine
2517 3315 2771 3383 Lazarus,
2801 3319 2886 3391 qui
2911 3316 3122 3389 jacebat
3147 3315 3218 3370 ad
3234 3316 3458 3388 januam

156 3408 276 3468 Deus
294 3421 484 3468 autem
507 3419 712 3478 noster,
743 3421 800 3468 et
822 3427 943 3483 quae
963 3412 1216 3476 diximus,
1236 3421 1292 3466 et
1317 3427 1435 3482 quin
1461 3413 1744 3480 tacuimus,

161 3505 260 3577 ipse
280 3507 486 3562 sanctis
512 3507 706 3563 vestris
749 3506 997 3562 sensibus
1026 3506 1301 3562 insinuare
1327 3505 1596 3576 dignetur.

720 3596 955 3653 SERMO
989 3595 1178 3654 CXXI.

633 3689 715 3744 De
740 3691 895 3746 divite
930 3700 981 3745 et
1022 3688 1248 3745 Lazaro.

213 3781 469 3850 Audistis,
499 3783 717 3848 fratres,
743 3783 906 3840 hodie
933 3792 989 3840 et
1013 3785 1345 3855 paupertatis
1368 3782 1549 3850 flnem,
1573 3793 1628 3843 et
1655 3785 1743 3842 di-

151 3874 388 3930 vitiarum
417 3876 594 3946 qualis
614 3876 684 3930 sit
711 3876 889 3934 exitus
922 3877 1274 3945 cognovistis,
1314 3877 1529 3934 dicente
1559 3878 1743 3935 Domi-

154 3981 252 4023 no:
275 3965 451 4024 Homo
490 3968 702 4041 quidam
729 3979 842 4024 erat
874 3969 1046 4034 dives,
1078 3978 1128 4023 et
1168 3969 1479 4024 induebatur
1506 3988 1740 4043 purpura

154 4068 196 4113 et
218 4059 384 4131 bysso,
407 4069 462 4114 et
495 4060 723 4131 quotidie
761 4060 1072 4132 epulabatur
1097 4061 1367 4132 splendide
1415 4060 1566 4134 (Luc.
1600 4064 1734 4134 va).

1859 3411 2052 3478 divitis,
2077 3421 2124 3466 et
2146 3411 2384 3483 cupiebat
2415 3413 2646 3467 saturari
2674 3412 2738 3466 de
2765 3413 2914 3466 micis
2932 3453 2947 3478 ,
2974 3427 3090 3484 qua:
3117 3410 3367 3466 cadebant
3393 3409 3460 3466 de

1854 3521 2040 3560 mensa
2069 3504 2260 3561 divitis.
2294 3503 2564 3576 Numquid
2591 3520 2690 3577 per
2717 3520 2776 3561 se
2806 3512 3013 3560 tantum
3043 3503 3241 3560 divitiae
3275 3504 3461 3560 crimi-

1854 3613 2006 3654 nosa:
2027 3599 2190 3653 sunt?
2221 3606 2314 3652 aut
2338 3598 2468 3653 sola:
2493 3606 2550 3653 et
2577 3614 2675 3669 per
2705 3614 2764 3654 se
2795 3613 2960 3669 penes
2988 3597 3160 3654 Deum
3196 3596 3463 3654 damnan-

1853 3691 1940 3747 da:
1967 3700 2094 3746 sunt
2120 3692 2340 3747 vestes?
2366 3700 2421 3746 et
2443 3700 2652 3747 tantum
2675 3708 2775 3764 per
2798 3708 2858 3747 se
2883 3692 3169 3763 puniendae
3190 3701 3317 3750 sunt
3335 3707 3464 3766 epu-

1855 3782 1941 3850 lm,
1973 3793 2034 3838 ut
2062 3799 2169 3838 non
2199 3783 2377 3839 solum
2399 3792 2624 3840 careant
2652 3785 2874 3856 prmmio
2902 3785 3192 3853 bonorum,
3214 3786 3308 3841 sed
3339 3801 3462 3841 om-

1848 3877 2001 3933 nium
2042 3877 2308 3933 malorum
2350 3875 2524 3932 ferant
2550 3885 2606 3932 et
2648 3876 3007 3932 mereantur]
3056 3877 3318 3933 exitium?
3356 3876 3464 3932 Aut

1845 3970 1922 4027 ita
1954 3986 2051 4042 per
2077 3985 2137 4026 se
2167 3970 2396 4042 probata
2426 3978 2529 4038 est,
2562 3979 2617 4026 et
2646 3970 2982 4027 sanctificata
3006 3970 3346 4034 mendicitas,
3373 3969 3463 4023 ul-

1841 4081 1970 4120 cera
2007 4072 2115 4119 tam
2161 4073 2412 4130 sacrata,
2446 4073 2508 4119 ut
2552 4064 2869 4132 angelorum
2918 4061 3169 4117 manibus
3223 4060 3458 4115 Abrahte

155 4147 215 4206 Et
247 4162 358 4207 erat
384 4152 598 4225 quidam
626 4153 894 4209 mendicus
940 4155 1151 4210 nomine
1197 4151 1450 4222 Lazarus,
1480 4155 1736 4214 ulceribus
1839 4158 2018 4215 sancti
2065 4157 2346 4228 rapiantur
2391 4156 2461 4212 ad
2489 4155 2789 4226 gremium?
2818 4153 2888 4210 Et
2934 4154 3172 4223 mirum,
3217 4151 3415 4208 fratres
3439 4192 3458 4218 ,

215 4308 238 4348 ⁸
265 4308 460 4366 Sermo
488 4309 730 4382 episcopi
755 4309 1083 4380 quandoque
1111 4307 1528 4380 Evangeliorum
1551 4310 1745 4368 lectio-

153 4381 671 4526 ffll’m‘ifnggr‘és
711 4452 954 4526 obsequia
981 4452 1269 4526 exsequias
1293 4451 1548 4526 funebres
1593 4462 1741 4510 sunt.

151 4519 390 4582 Nicolaus
415 4523 520 4578 PP.
553 4524 575 4579 ι
604 4525 658 4578 in
705 4519 952 4594 respons.
988 4523 1056 4578 ad
1085 4519 1331 4594 consulta
1364 4525 1742 4594 Bulgarorum,

153 4596 280 4666 apud
309 4596 388 4652 Du
417 4595 680 4666 Cangium
710 4596 762 4651 in
798 4593 995 4666 Gloss._
1011 4603 1142 4649 tom.
1177 4593 1240 4649 Ill
1275 4612 1326 4665 p.
1354 4595 1441 4660 32,
1474 4598 1560 4650 ubi
1605 4598 1749 4653 hunc

153 4611 180 4648 ε
216 4611 280 4650 un
309 4611 388 4652 uu
417 4611 680 4666 Langtum
710 4613 762 4651 Ill
799 4611 976 4652 lleSS.
1011 4611 1142 4649 tom.
1177 4611 1240 4649 ιιι
1275 4612 1326 4665 p.
1354 4611 1441 4660 az,
1474 4611 1560 4650 um
1605 4611 1747 4653 nunc

153 4611 457 4739 Cbrysologi
487 4668 666 4722 locum
699 4668 879 4739 laudat
903 4686 916 4720 :
942 4664 1067 4721 Non
1093 4677 1170 4720 est
1189 4667 1342 4722 solito
1358 4684 1472 4721 cum
1491 4667 1747 4739 obsequiis

155 4738 371 4812 πιανέ-αα
399 4739 640 4812 sepulcra
670 4738 935 4812 ferendus.

218 4818 239 4846 ε
271 4808 466 4880 Tangit
493 4808 735 4880 veterum
765 4824 973 4865 morem
995 4849 1011 4874 ,
1051 4808 1204 4880 apud
1232 4824 1371 4879 quos
1416 4818 1746 4866 usuvenerat

155 4887 208 4932 ut
231 4894 346 4935 cum
379 4879 542 4935 funus
568 4879 873 4944 efferretur,
905 4879 1214 4950 propinqui,
1247 4882 1404 4937 amici
1430 4923 1445 4945 ,
1477 4898 1598 4938 cum
1629 4898 1746 4937 ser-

155 4951 247 5014 vis,
269 4962 393 5017 elc.,
427 4952 650 5007 honoris
676 4967 836 5008 eausa
866 4952 1025 5006 autei-
1043 4961 1155 5006 ent.
1184 4951 1316 5006 Vide
1345 4952 1656 5017 Hierouytu.
1678 4951 1744 5006 ad

156 5017 386 5091 Paulam.
416 5021 485 5078 de
515 5024 664 5078 obitu
697 5022 954 5086 Blesillae;
995 5021 1291 5091 Sulpicium
1324 5023 1414 5077 lib.
1449 5039 1487 5078 ιι

157 5089 208 5145 S.
228 5092 490 5165 Martini;
522 5093 882 5165 Hegesippum
925 5093 1018 5147 lib.
1050 5089 1230 5164 vesp.
1256 5093 1310 5146 ἢ.

217 5160 578 5250 iBajuliLbic
606 5160 858 5250 videntur
891 5180 1012 5250 esse
1038 5160 1356 5250 νικροὶρόϐρι,
1389 5163 1749 5250 batinis,“ce-

154 5235 408 5305 spillones.
439 5236 518 5308 ita
549 5237 689 5308 apud
729 5237 1084 5306 Augustinum
1122 5235 1366 5308 in'epist.
1403 5236 1487 5301 l9,
1517 5238 1584 5290 ad
1622 5236 1750 5292 Hie-

158 5321 353 5380 ronym.
391 5327 406 5362 :
434 5305 560 5363 Non
583 5305 681 5362 erit
710 5305 834 5380 pius
856 5307 1123 5373 deductor,
1153 5324 1214 5362 ac
1244 5305 1346 5362 'ba‘
1383 5309 1461 5362 lus
1491 5309 1743 5378 corporis.

158 5374 217 5432 Hi
241 5395 282 5432 .c
300 5380 444 5432 anud
472 5379 840 5432 Marcellinum
877 5381 968 5432 lib.
1007 5397 1095 5432 xw
1127 5393 1251 5432 patr.
1278 5325 1400 5432 54":
1439 5378 1743 5432 Baiulorum

157 5374 217 5432 lli
241 5374 282 5434 ,ὲ
300 5380 444 5451 apud
472 5374 854 5452 M_areelli'num
877 5381 968 5434 lib.
1007 5397 1095 5435 xlv
1127 5393 1251 5452 pag.
1278 5374 1345 5434 57
1386 5397 1418 5452 :7
1439 5374 1749 5452 Bajulorunt

157 5450 450 5524 pracentor.
498 5450 725 5524 Tibicen
765 5451 986 5515 scilicet,
1019 5453 1110 5521 qui
1132 5450 1529 5524 vespillonibus
1559 5451 1750 5524 princi-

159 5522 337 5589 nebat;
369 5523 456 5578 vel
480 5522 618 5576 alius
639 5523 867 5592 quisque
887 5565 902 5588 ,
937 5524 1029 5593 qui
1071 5540 1167 5579 cos
1195 5522 1261 5578 ad
1293 5540 1430 5594 opus
1451 5523 1744 5590 excitabat,

160 5605 260 5660 non
295 5609 451 5650 secus
478 5609 544 5650 ac
562 5594 816 5649 celeustaa
856 5595 1106 5660 remiges.
1145 5595 1353 5650 Laudat
1389 5596 1534 5650 hunc
1569 5595 1748 5650 locum

160 5659 236 5716 Du
258 5661 488 5735 Cangius
517 5665 570 5718 in
601 5664 780 5721 Gloss.
827 5672 957 5719 tom.
986 5659 1013 5718 l
1037 5679 1158 5734 pag.
1192 5664 1314 5718 482.

228 5743 250 5772 ο
277 5734 659 5807 Deligebantur
687 5736 754 5790 ad
784 5735 1142 5791 ministerium
1184 5734 1387 5807 luneris
1430 5736 1749 5791 cuccullato-

158 5819 238 5876 res
261 5821 323 5862 ex
343 5806 531 5864 ultima
553 5808 816 5863 servitute
843 5807 1112 5869 homines,
1144 5806 1238 5876 qui
1261 5819 1487 5876 numero
1515 5816 1753 5876 quatuor

162 5873 400 5937 humeros
445 5879 699 5936 cadaveri
738 5877 1138 5950 supponebant.
1164 5873 1468 5934 Martialis.
1521 5873 1616 5932 lib.
1659 5891 1754 5933 vm

168 5957 280 6017 pag.
307 5950 373 6003 'M
404 5970 419 6005 :

1569 5039 1602 5078 e
1623 5023 1746 5078 Vita

2071 4310 2311 4370 Quattuor
2335 4311 2553 4371 inscripti
2580 4309 2837 4370 portabant
2859 4307 2958 4358 vile
2981 4306 3208 4370 cadaver,

2133 4373 2323 4436 Accipit
2347 4373 2518 4423 infelix
2538 4371 2698 4434 qualia
2723 4371 2857 4422 mille
2881 4384 3049 4434 rogus.

1852 4523 1989 4580 Vide
2021 4523 2366 4593 Pignorium,
2399 4522 2468 4580 de
2500 4521 2702 4579 Servis.

1932 4594 1951 4634 ί
1985 4595 2166 4660 Alias,
2199 4606 2406 4649 aurata.

1927 4677 1954 4715 ις
1986 4667 2082 4722 Ms.
2115 4667 2348 4730 (besem,
2382 4667 2644 4722 materiali
2666 4667 2789 4721 limo
2831 4677 2880 4720 et
2906 4667 3140 4722 naturali
3161 4669 3286 4722 situ.
3488 4728 3492 4730 ,

1925 4736 1955 4776 ιι
1982 4739 2136 4806 Quod
2166 4739 2456 4808 provenire
2495 4746 2747 4807 poterat,
2778 4739 2860 4793 vel
2883 4755 2950 4793 ex
2981 4753 3172 4808 magna
3215 4739 3462 4795 siccitate

1854 4811 2100 4882 corporis
2129 4810 2297 4882 ipsius
2324 4809 2587 4882 mendici,
2603 4810 2685 4864 vel
2707 4825 2774 4864 ex
2804 4819 2994 4864 natura
3019 4809 3223 4865 telluris
3243 4809 3464 4882 sabulo-

1856 4881 1961 4946 ssc,
1983 4882 2139 4936 nimis
2167 4881 2361 4946 aridtc;
2394 4881 2478 4935 vel
2501 4881 2623 4948 quia
2651 4889 2710 4935 ut
2737 4896 2867 4935 caro
2896 4888 3208 4951 putrescere
3246 4881 3458 4951 incipit,

1855 4969 1983 5007 mox
2014 4961 2156 5007 terra
2197 4954 2310 5022 ipsa
2341 4951 2683 5022 putredinem
2725 4951 3000 5016 corrodit,
3044 4952 3210 5024 immo
3237 4955 3462 5024 propria

1856 5027 2055 5079 virtute
2084 5023 2424 5094 putredinem
2449 5024 2729 5094 praevenit,
2754 5032 3047 5094 etivermes
3069 5038 3135 5094 ex
3168 5023 3280 5093 ipsa
3312 5025 3462 5092 gigni

1897 5092 2131 5159 rohibet,
2156 5095 2300 5163 quod
2326 5092 2504 5150 veritis
2534 5095 2762 5148 videtur.
2788 5093 2948 5148 MITA.
2976 5121 3046 5132 -—-
3074 5092 3308 5148 Plurima
3333 5104 3462 5151 sunt

1897 5112 2131 5159 l‘OlllDel,
2156 5112 2300 5163 quoa
2326 5112 2504 5150 verius
2534 5112 2762 5148 videtur.
2788 5112 2948 5148 mm.
2976 5121 3046 5132 -—
3074 5112 3308 5148 rturtma
3333 5112 3462 5151 sunt

1858 5112 2142 5223 beatorum
2166 5167 2404 5221 virorum
2435 5181 2663 5236 corpora
2705 5180 2856 5234 quae,
2901 5164 3012 5219 Deo
3040 5175 3346 5229 annuente,
3372 5166 3462 5220 in-

1857 5246 2114 5363 gorrupta
2136 5245 2262 5293 uost
2288 5238 2494 5293 obitum
2515 5247 2819 5292 servantur.
2834 5236 2951 5292 lluc
2968 5236 3200 5292 fortasse
3220 5239 3465 5308 respexit

1908 5319 2064 5363 uctor

1908 5319 2064 5366 UCIOI’

1938 5383 1953 5418 ι
1991 5379 2238 5450 Elogium
2270 5381 2490 5452 proprie
2518 5389 2600 5435 est
2644 5379 2826 5452 brevis
2866 5379 3107 5452 criminis
3153 5381 3472 5449 annotatio,

1857 5467 1951 5508 seu
1983 5453 2188 5518 titulus,
2214 5451 2283 5507 uti
2299 5451 2495 5510 dicitur
2518 5453 2570 5506 in
2601 5452 2694 5505 lib.
2721 5469 2774 5507 ιιι
2790 5451 2857 5504 D.
2878 5451 3062 5507 Stellio
3078 5451 3436 5520 natus;etleg
3455 5491 3470 5507 .

1858 5524 2041 5578 ultima
2086 5523 2222 5579 Cod.
2271 5523 2538 5580 Theodos.
2605 5523 2672 5578 de
2719 5523 3090 5579 Naviculariis.
3142 5522 3467 5579 Ammianus

1855 5594 2302 5668 Marcellitt.,_l_ib.
2333 5613 2420 5652 xxv
2453 5615 2466 5650 :
2497 5595 2690 5668 Multos
2711 5594 2803 5650 sub
2843 5611 2948 5668 uno
2991 5595 3156 5668 elogio
3184 5595 3344 5668 jussit
3375 5611 3466 5649 oc-

1856 5668 1980 5722 cidi.
2006 5667 2160 5740 _Zeno
2192 5666 2416 5734 Veron.,
2453 5668 2520 5723 de
2548 5667 2804 5740 Martyrio
2845 5665 2964 5721 lsai.
2992 5664 3198 5740 propth
3235 5685 3248 5719 :
3281 5664 3461 5740 Isaias

1856 5755 1970 5811 cum
1992 5737 2254 5811 Clm'stum
2281 5741 2609 5810 praedicaret,
2641 5737 2718 5794 cel
2742 5742 2932 5811 futura:
2965 5739 3318 5795 damnationis
3347 5740 3461 5794 elo-

1857 5810 2007 5883 gium
2027 5807 2317 5883 Israelitico
2333 5812 2532 5883 populo
2554 5807 2851 5875 nuntiaret,
2876 5818 2982 5868 etc.

1935 5877 1950 5929 i
1980 5879 2153 5945 Alias,
2171 5877 2449 5950 judicium.
