3878 6368
180 307 274 364 535

1591 306 1823 364 SERMO
1860 307 2072 366 CXXII.

3356 311 3464 366 554

181 433 266 486 bus
287 427 352 484 de
375 439 564 506 mensa
602 424 755 481 micis
786 424 975 495 pascit,
1008 431 1063 478 et
1101 421 1338 479 Lazarus
1365 437 1588 497 pauper,
1636 423 1845 506 quiaA
1867 439 1986 483 esse
2027 427 2224 489 nescis,
2255 440 2418 497 quem
2457 427 2511 482 in
2559 424 2766 480 Lazaro
2795 431 3006 495 patrem
3053 422 3131 480 sic
3169 421 3414 492 sprevisti
3447 441 3461 478 :

179 521 305 577 aliud
335 534 441 574 non
480 503 751 580 habebat,
783 516 945 572 etiam
974 516 1040 572 de
1079 514 1334 572 carnibus
1373 517 1485 572 suis
1532 516 1758 573 canibus

179 615 428 670 humanus
457 610 682 668 exstitit.
710 608 873 664 Miser
901 609 1070 672 dives,
1095 608 1140 664 si
1163 623 1360 680 panem
1391 625 1496 665 non
1531 609 1752 677 dedisti,

176 720 324 778 quare
357 704 443 760 vel
469 718 630 760 canes
671 702 890 770 abigere
919 702 1173 758 noluisti?
1214 699 1324 758 Sed
1349 711 1374 739 λ
1415 703 1662 760 mitiores
1697 711 1757 759 te

174 812 316 856 canes
344 796 442 862 tui,
474 796 639 850 immo
681 803 738 852 tu
764 795 958 850 saevior
984 795 1207 851 canibus
1235 796 1342 850 tuis
1376 814 1387 828 σ
1435 811 1558 850 nam
1583 803 1636 852 te
1663 811 1758 852 sae-

174 895 333 950 viente
355 891 430 946 illi
453 898 702 962 parcunt,
720 890 811 960 qui
833 905 940 946 non
963 889 1030 945 ad
1054 905 1292 945 morsum
1312 890 1520 956 dentes,
1539 890 1632 946 sed
1649 891 1753 946 lin-

171 1002 285 1059 guas
301 984 366 1040 ad
387 983 708 1054 obsequium
725 983 804 1038 sic
824 981 1146 1054 producunt,
1173 991 1234 1038 ut
1264 982 1318 1037 in
1335 982 1556 1038 modum
1589 997 1754 1053 spon-

171 1081 256 1150 gizc
271 1094 370 1133 non
383 1085 583 1134 vexent
595 1077 840 1143 vulnera,
854 1075 947 1132 sed
959 1076 1446 1147 detergant.Dives,
1462 1076 1516 1132 in
1530 1075 1754 1132 canibus

170 1174 261 1228 tuis
291 1170 486 1225 famem
503 1170 678 1242 pietas
697 1170 825 1225 vicit
854 1187 868 1223 :
901 1170 954 1224 in
977 1177 1030 1225 te
1053 1170 1309 1242 pietatem
1348 1171 1604 1226 saturitas
1644 1185 1752 1226 non

173 1266 329 1323 evicit.
363 1263 500 1319 Nam
529 1263 675 1334 quod
695 1278 859 1322 canes
888 1263 992 1320 hoc
1020 1263 1200 1320 studio
1223 1263 1248 1302 ιι
1271 1263 1447 1320 facere
1471 1271 1748 1330 curarunt,

169 1373 280 1414 usus
300 1357 431 1427 ipse,
451 1355 546 1426 qui
575 1371 791 1428 semper
811 1364 893 1412 est
909 1355 961 1410 in
984 1355 1178 1419 oculis,
1195 1355 1409 1425 probat.
1441 1355 1576 1410 Nam
1591 1371 1752 1412 canes

168 1447 427 1505 lambendo
457 1463 676 1518 semper
703 1456 893 1504 curant
917 1448 1140 1502 vulnera
1174 1464 1271 1504 sua
1314 1465 1326 1503 :
1362 1464 1525 1505 canes
1562 1457 1753 1506 curant

165 1555 431 1614 pauperem
471 1541 788 1610 magisterio
827 1551 1053 1607 naturzc,
1087 1549 1141 1597 et
1162 1542 1328 1598 homo
1353 1543 1624 1598 hominem
1655 1560 1752 1600 ne-

165 1633 311 1703 gligit,
341 1632 456 1703 ipsa
479 1633 720 1704 graviter
746 1639 1034 1688 accusante
1063 1641 1277 1688 natura.
1300 1633 1499 1690 Verum
1530 1644 1632 1704 est,
1659 1652 1752 1693 ve-

165 1742 264 1780 rum
283 1733 378 1788 est,
403 1726 553 1795 quod
583 1725 734 1782 dives
755 1741 857 1783 nec
883 1725 1048 1782 micas
1070 1725 1198 1782 dare
1226 1736 1423 1799 potest,
1452 1729 1580 1784 dum
1608 1745 1750 1786 sem-

1860 519 2024 575 modo
2051 519 2148 576 tibi
2167 519 2347 592 justus
2367 522 2626 588 occurrit,
2655 521 2746 591 qui
2778 528 2928 587 tunc,
2953 530 3015 580 ut
3042 522 3140 579 tibi
3168 521 3288 594 pius
3298 533 3462 592 esset,

1859 611 1951 667 diu
1992 611 2252 669 Lazarum
2295 629 2486 684 passus
2533 622 2618 669 est
2655 615 2908 672 cruciari.
2958 613 3147 672 Infelix
3192 631 3356 686 quem
3383 619 3465 676 sic

1857 703 1974 774 ipsa
2009 705 2027 742 τ
2059 704 2211 774 origo
2240 706 2436 774 arguit,
2467 721 2629 777 quem
2662 707 2742 764 sic
2777 707 2894 778 ipse
2921 707 3056 764 lucis
3084 717 3276 764 auctor
3299 718 3325 758 ε
3363 710 3467 766 ad-
3499 763 3502 767 ,

1859 795 2028 865 dicit;
2067 796 2258 854 infelix
2285 799 2372 854 cui
2402 799 2457 854 in
2493 798 2699 867 judicio
2727 815 2827 871 pro
2869 799 3240 870 magnitudine
3282 801 3467 857 crimi-

1857 888 1960 955 nis,
1993 905 2102 944 non
2131 889 2380 946 misereri
2407 891 2640 959 genitor,
2674 908 2782 946 non
2833 900 2989 963 pater
3016 893 3318 961 ignoscere,
3353 908 3466 947 non

1857 981 2072 1040 affectio
2099 983 2278 1054 potuit
2307 983 2615 1040 subvenire.
2649 983 2786 1052 Quid
2816 985 3015 1042 clamas
3041 985 3238 1048 adhuc,
3270 984 3467 1040 dives?

1856 1075 2046 1132 Adhuc
2072 1076 2241 1143 dives,
2275 1076 2369 1131 sed
2397 1077 2644 1142 crimine,
2681 1093 2787 1132 non
2817 1092 2982 1132 censu
3007 1093 3024 1142 ;
3067 1092 3177 1132 non
3207 1077 3462 1134 substan-

1855 1170 1950 1236 tia,
1981 1169 2077 1224 sed
2109 1178 2285 1225 reatu.
2327 1168 2467 1236 Quid
2496 1170 2738 1225 clamas?
2765 1169 2893 1240 quid
2923 1169 3206 1240 postulas?
3233 1168 3350 1226 Hoc
3377 1170 3462 1224 lo-

1853 1280 1921 1320 co
1963 1262 2073 1332 jam
2100 1279 2207 1318 non
2233 1263 2441 1332 geritur
2467 1263 2782 1334 postulatio,
2815 1261 2910 1318 sed
2938 1263 3330 1330 controversia,
3361 1262 3458 1318 ubi

1855 1371 1886 1410 e
1913 1355 2128 1410 diverso
2157 1355 2409 1411 consistit
2430 1355 2547 1425 ipse
2575 1356 2668 1424 qui
2695 1369 2886 1426 passus
2898 1362 2980 1409 est
3013 1372 3026 1408 :
3059 1353 3152 1409 sed
3181 1354 3456 1423 agentium

1851 1449 2100 1506 diversus
2127 1457 2212 1507 est
2241 1450 2392 1506 locus
2425 1468 2438 1504 :
2471 1450 2559 1507 hic
2587 1451 2698 1520 agit
2725 1450 2792 1504 de
2821 1449 3090 1520 proximo,
3123 1450 3211 1504 ille
3239 1449 3308 1504 de
3337 1450 3458 1506 lon-

1853 1557 1920 1612 ge
1944 1561 1959 1610 ;
1989 1543 2077 1599 hic
2099 1543 2170 1599 de
2194 1544 2313 1600 sinu
2346 1545 2602 1614 suggerit,
2639 1543 2837 1599 clamat
2859 1543 2949 1598 ille
2977 1543 3045 1598 de
3070 1550 3310 1610 tartaro;
3359 1555 3456 1599 ex-

1851 1647 1973 1693 orat
2001 1638 2092 1693 ille
2133 1638 2202 1695 de
2236 1639 2444 1708 requie,
2478 1639 2725 1708 queritur
2751 1639 2839 1692 hic
2867 1637 2934 1692 de
2961 1651 3143 1707 poena.
3191 1635 3296 1692 Sed
3325 1636 3456 1706 quid

1852 1730 1983 1786 dicit
2007 1731 2157 1788 dives
2192 1751 2204 1786 :
2247 1731 2411 1787 Pater
2439 1730 2721 1798 Abraham,
2761 1732 3005 1786 miserere
3039 1732 3162 1786 mei.
3194 1729 3342 1786 Bene
3367 1729 3455 1785 di-

164 1834 244 1890 per
260 1833 449 1876 avarus
474 1825 618 1888 eget.
639 1817 975 1874 Differendus
991 1827 1071 1874 est
1092 1834 1290 1882 sermo,
1313 1818 1522 1886 fratres,
1540 1823 1664 1892 quia
1691 1829 1742 1878 et

1850 1842 2023 1894 ceres,
2055 1827 2102 1882 si
2130 1826 2366 1882 Lazarus
2400 1827 2453 1880 in
2477 1827 2597 1880 sinu
2620 1826 2862 1882 residens
2892 1826 3064 1896 ipsum
3094 1831 3284 1896 pectus
3303 1823 3452 1894 judi—

163 1908 346 1965 dicendi
389 1921 411 1949 ε
457 1918 674 1981 tempus
711 1910 1109 1982 absumpsimus
1139 1951 1154 1977 ,
1204 1920 1260 1967 et
1301 1912 1552 1968 lectionis
1592 1914 1739 1978 loca,

162 2019 260 2076 qua:
294 2005 448 2060 nobis
496 2007 778 2062 tractanda
819 2013 948 2062 sunt
994 2007 1260 2074 maxime,
1322 2007 1739 2076 subsequuntur.

676 2095 702 2135 ά
744 2097 976 2153 SERMO
1013 2098 1218 2155 CXXII.

777 2190 857 2248 De
897 2193 1110 2248 eisdem.

220 2281 478 2350 Deberet,
513 2283 708 2341 fratres
731 2327 746 2353 ,
795 2301 974 2342 sermo
1017 2296 1203 2343 noster
1229 2288 1391 2344 hodie
1430 2288 1604 2343 sancti
1632 2286 1742 2342 An-

161 2373 295 2442 dreae,
326 2374 379 2430 in
409 2383 679 2445 quantum
707 2375 935 2444 suﬁicit,
959 2377 1162 2436 referre
1194 2379 1418 2434 virtutes
1443 2398 1455 2433 ε
1487 2379 1584 2435 sed
1611 2379 1740 2449 quia

161 2467 216 2524 de
231 2467 384 2523 divite
414 2468 515 2524 illo
533 2481 588 2524 et
615 2468 844 2536 Lazaro,
880 2471 1193 2541 evangelico
1215 2487 1470 2544 paupere,
1489 2471 1632 2542 quod
1653 2488 1742 2527 su-

159 2569 312 2634 perest
339 2577 441 2618 nos
466 2562 701 2620 diximus
725 2564 1032 2620 reddituros
1055 2607 1072 2632 ,
1096 2563 1230 2620 etB.
1260 2564 1488 2622 Andreae
1513 2573 1739 2636 aposto-

159 2651 276 2707 latus
289 2662 341 2709 et
372 2655 626 2729 martyrii
655 2657 738 2712 sui
767 2658 1122 2727 praerogativa
1151 2655 1380 2722 sufficit,
1422 2664 1477 2712 et
1503 2657 1742 2714 abundat

163 2743 218 2797 ad
240 2743 485 2815 gloriam,
510 2748 556 2803 si
586 2749 786 2820 placet,
820 2765 918 2804 nos
939 2765 1059 2819 qua:
1085 2749 1432 2822 promisimus
1454 2791 1470 2816 ,
1499 2765 1618 2820 qua:
1645 2750 1741 2806 de-

160 2838 320 2895 bemus
341 2881 355 2905 ,
411 2841 536 2912 ipso
573 2842 803 2899 Domino
832 2843 1126 2909 reddente,
1159 2845 1450 2902 solvamus.
1493 2845 1740 2902 Scientes

162 2948 362 3004 namque
390 2935 544 3004 quod
573 2947 628 2991 et
665 2937 866 2993 dicenti
906 2945 963 2994 et
991 2938 1232 2994 audienti
1259 2955 1472 3011 semper
1517 2948 1740 3009 generet

161 3026 390 3083 lassitudo
415 3027 716 3097 fastidium,
736 3031 1014 3102 superiore
1039 3039 1272 3089 tractatu
1293 3035 1582 3090 maximam
1614 3051 1739 3106 par-

161 3128 249 3175 tem
273 3121 568 3192 propositae
587 3121 892 3180 distulimus
919 3123 1198 3191 lectionis,
1232 3134 1291 3180 ut
1319 3127 1582 3197 reparatis
1620 3129 1738 3183 ani-

1851 1920 1930 1974 cis
1957 1934 2065 1974 non
2097 1927 2348 1984 teneret;
2394 1918 2536 1973 bene
2568 1919 2797 1984 diceres,
2829 1917 2874 1972 si
2914 1916 3148 1972 Lazarus
3163 1914 3454 1986 justissimi

1849 2010 2145 2079 cognitoris
2184 2018 2298 2066 tota
2328 2025 2435 2066 non
2476 2009 2782 2080 possideret
2825 2024 3040 2064 arcana.
3073 2007 3254 2063 Gratis
3291 2014 3451 2077 rogat

1842 2104 2101 2175 judicem,
2145 2117 2309 2172 quem
2355 2102 2434 2158 sic
2477 2102 2739 2158 innocens
2773 2102 3054 2158 confessor
3091 2109 3341 2167 accusat;
3391 2108 3449 2155 et

1845 2197 2044 2254 frustra
2072 2195 2172 2251 sibi
2201 2194 2374 2252 credit
2395 2195 2634 2265 judicem
2676 2210 2836 2265 posse
2882 2193 3190 2258 subvenire,
3230 2191 3448 2260 quando

1845 2304 1944 2345 ore
1958 2287 2156 2358 iudicis
2170 2286 2616 2357 pronuntiatipse
2643 2293 2789 2340 tanta
2813 2285 2905 2354 qui
2932 2284 3172 2355 pertulit.
3199 2281 3449 2336 Miserere

1846 2382 1965 2446 "rei,
1997 2389 2047 2434 et
2074 2381 2218 2434 mitte
2247 2377 2528 2434 Lazarum.
2555 2377 2744 2433 Adhuc
2769 2385 2828 2433 tu
2857 2378 2909 2432 in
2933 2377 3194 2432 Lazarum
3224 2374 3301 2430 sic
3325 2389 3449 2429 cru-

1845 2475 2025 2531 delis?
2067 2471 2331 2527 Lazarum
2376 2472 2538 2527 mitte.
2571 2470 2738 2539 Quo?
2784 2470 2865 2526 Ad
2895 2468 3162 2524 infernum
3205 2466 3274 2522 de
3319 2480 3446 2535 gre-

1845 2569 1975 2632 mio,
2008 2566 2076 2622 de
2117 2565 2257 2621 solio
2302 2563 2517 2620 sublimi
2546 2563 2615 2618 ad
2648 2561 3122 2634 profundissimum
3160 2558 3343 2624 chaos,
3377 2556 3449 2612 ad

1847 2666 2243 2715 tormentorum
2287 2655 2577 2711 stridorem
2623 2655 2694 2710 de
2731 2663 2918 2709 sancta
2952 2652 3154 2722 quiete,
3196 2649 3264 2704 de
3294 2655 3448 2704 tanto

1844 2754 2057 2808 silentio
2083 2754 2385 2806 beatorum.
2416 2745 2488 2801 Et
2516 2749 2661 2803 mitte
2681 2745 2960 2800 Lazarum.
2986 2742 3057 2822 Ut
3079 2741 3257 2808 video,
3298 2739 3450 2811 quod

1842 2848 1952 2916 agit
1975 2845 2143 2908 dives,
2173 2859 2280 2898 non
2308 2849 2394 2899 est
2421 2842 2618 2898 novelli
2641 2841 2862 2905 doloris,
2894 2837 2990 2894 sed
3010 2836 3195 2893 livoris
3217 2834 3443 2904 antiqui,

1843 2950 1897 2996 et
1923 2940 2064 2996 coelo
2103 2939 2277 3008 magis
2323 2936 2630 2993 incenditur
2661 2950 2823 3005 quam
2851 2934 3122 3002 gehenna.
3154 2928 3251 2986 Est
3283 2941 3448 2998 grave

1841 3034 1947 3089 illis
1986 3032 2206 3097 malum,
2238 3038 2322 3086 est
2352 3029 2457 3084 illis
2487 3027 2792 3084 incendium
2831 3043 2940 3082 non
2984 3021 3264 3080 terendum
3307 3034 3446 3090 quos

1841 3126 2130 3196 aliquando
2159 3125 2399 3180 habuere
2425 3122 2760 3192 contemptui
2790 3121 2973 3176 videre
3011 3119 3214 3175 felices.
3247 3116 3442 3171 Adhuc

160 3226 341 3268 tuorum
376 3213 589 3269 viribus
633 3215 882 3271 salutaris
907 3216 1058 3272 verbi
1085 3217 1364 3285 sequentia
1396 3226 1513 3274 toto
1554 3218 1739 3288 vigore
1767 3228 1812 3292 ο
1843 3219 2064 3274 divitem
2106 3217 2312 3272 malitia
2345 3233 2454 3272 non
2483 3215 2707 3279 deserit,
2739 3228 2902 3283 quem
2927 3211 3040 3281 jam
3066 3210 3308 3282 possidet
3335 3221 3446 3278 pa}-

159 3313 204 3359 et
231 3315 250 3342 ·
281 3305 466 3361 debito
513 3321 832 3380 caperemus
871 3309 1076 3364 auditu.
1120 3308 1252 3365 Post
1296 3311 1387 3365 illa
1431 3311 1576 3366 enim
1616 3326 1736 3381 quas

159 3396 379 3463 diximus,
405 3398 528 3456 haec
555 3409 875 3470 sequuntur.
899 3401 969 3456 Et
996 3403 1202 3458 elevans
1244 3403 1420 3458 oculos
1460 3421 1574 3458 cum
1601 3413 1736 3459 esse!

162 3491 208 3542 in
241 3493 519 3560 tenuantis,
541 3492 806 3548 Abraham
846 3495 974 3550 vidit
1007 3511 1040 3549 a
1079 3495 1260 3568 longe,
1303 3504 1356 3551 et
1390 3494 1651 3551 Lazarum
1677 3498 1733 3552 in

159 3583 255 3636 sinu
300 3585 432 3657 ejus.
484 3583 557 3640 Et
596 3587 801 3642 elevans
845 3588 1020 3644 oculos
1061 3604 1180 3644 suos
1229 3587 1385 3660 (Luc.
1421 3589 1565 3662 xvi).
1599 3589 1734 3646 Sero

159 3673 284 3730 dives
308 3692 526 3733 sursum
574 3678 718 3734 levat
755 3680 944 3736 oculos
990 3696 1136 3747 suos,
1182 3697 1320 3752 quos
1367 3698 1583 3753 semper
1634 3684 1732 3739 dc-

160 3771 326 3839 pressit
373 3771 430 3826 in
481 3779 702 3828 terram.
749 3773 939 3842 Dives,
982 3790 1120 3845 quos
1168 3776 1356 3831 oculos
1402 3777 1578 3844 levas,
1632 3777 1734 3848 ipsi

160 3872 264 3919 sunt
316 3874 664 3922 accusatores
705 3869 810 3936 tui;
860 3883 999 3938 quos
1039 3870 1227 3926 oculos
1256 3871 1436 3936 levas,
1492 3872 1594 3942 ipsi
1625 3889 1734 3928 non

160 3954 350 4027 placant
371 3955 634 4027 judicem,
665 3960 762 4016 sed
789 3959 1161 4030 inﬂammant;
1193 3979 1303 4018 non
1332 3972 1613 4035 reportant
1635 3979 1732 4021 ve-

159 4051 300 4118 niam,
334 4050 432 4106 scd
472 4061 721 4121 reatum;
762 4062 818 4109 et
862 4055 1084 4124 exigunt
1109 4069 1392 4127 pinnarum
1438 4058 1732 4125 cumulum,

162 4158 250 4196 non
278 4143 541 4200 solamen.
576 4143 694 4214 Quo
721 4146 910 4202 oculos
946 4146 1131 4203 levas?
1151 4148 1280 4218 quid
1307 4148 1508 4208 clamas
1535 4149 1731 4215 adhuc,

163 4235 340 4291 dives?
383 4251 495 4307 quo
523 4238 766 4308 respicis,
796 4237 991 4295 dives?
1030 4239 1108 4295 lbi
1150 4248 1238 4296 est
1265 4239 1518 4309 Lazarus,
1552 4243 1624 4298 ibi
1653 4252 1737 4300 est

161 4325 429 4398 impietatis
457 4336 564 4384 tua:
611 4329 876 4400 proditor,
906 4332 1062 4388 testis
1090 4333 1352 4402 criminis,
1401 4335 1737 4394 credulitatis

160 4427 392 4476 assertor.
421 4418 490 4475 Et
508 4421 768 4490 clamavit,
795 4423 986 4493 inquit,
1011 4423 1172 4480 Pater
1184 4425 1470 4494 Abraham,
1492 4429 1736 4484 miserere

161 4513 260 4566 mei.
291 4511 449 4569 Modo
470 4515 751 4584 cognoscis
779 4524 1008 4586 patrem,
1041 4525 1094 4572 et
1121 4518 1283 4574 modo
1311 4519 1408 4574 tibi
1437 4529 1647 4592 patrem
1675 4540 1734 4580 se

1842 3311 2048 3381 na,.qui
2073 3325 2181 3365 non
2215 3324 2276 3365 se
2300 3309 2367 3363 ad
2399 3307 2661 3363 Lazarum
2693 3306 2816 3362 duci
2845 3305 3103 3376 postulat,
3143 3303 3237 3360 sed
3266 3301 3335 3358 ad
3383 3315 3445 3356 se

1841 3403 2101 3459 Lazarum
2123 3401 2238 3456 vult
2259 3400 2470 3456 deduci.
2493 3398 2574 3454 Ad
2594 3400 2866 3454 cruciatus
2894 3397 2973 3452 tui
2994 3403 3242 3462 stratum,
3265 3394 3438 3457 dives,

1839 3498 1958 3568 pius
1987 3495 2254 3550 Abraham
2282 3493 2546 3549 Lazarum
2575 3493 2790 3548 mittere
2819 3508 2926 3546 non
2955 3497 3158 3562 potest,
3189 3503 3352 3559 quem
3378 3495 3441 3544 tu

1842 3588 1908 3643 ad
1936 3603 2178 3642 mensam
2205 3595 2351 3640 tuam
2380 3601 2487 3639 non
2517 3599 2576 3639 es
2597 3583 2844 3653 dignatus
2869 3582 3172 3637 admittere.
3197 3578 3316 3635 Jam
3342 3593 3444 3636 vo-

1840 3681 1924 3736 bis
1955 3695 2119 3736 vcrsze
2149 3686 2276 3734 sunt
2303 3679 2449 3733 vices
2483 3696 2495 3730 :
2533 3677 2684 3732 vides
2705 3675 2822 3745 ejus
2852 3676 3098 3745 gloriam,
3130 3673 3283 3744 cujus
3311 3688 3440 3743 sup-

1838 3775 2056 3846 plicium
2084 3774 2162 3828 sic
2192 3772 2472 3844 sprevisti;
2500 3769 2644 3826 videt
2672 3771 2762 3826 ille
2791 3771 3061 3825 cruciatus
3091 3775 3232 3833 tuos,
3264 3767 3358 3837 qui
3388 3777 3443 3824 to

1838 3877 1966 3923 tunc
1993 3873 2082 3921 tua
2127 3865 2428 3920 mirabatur
2451 3864 2506 3918 in
2534 3863 2726 3932 gloria.
2756 3861 2864 3918 Sed
2892 3861 3185 3925 videamus,
3223 3857 3438 3921 fratres,

1837 3978 2006 4032 quare
2029 3961 2130 4016 sibi
2152 3960 2291 4014 mitti
2309 3958 2574 4014 Lazarum
2595 3957 2672 4013 sic
2697 3956 2963 4026 deplorat.
2983 3953 3040 4009 If
3045 3956 3134 4008 ille
3154 3952 3437 4014 Lazarum.

1836 4067 1893 4111 ut
1919 4057 2142 4127 intingat
2167 4063 2453 4108 extremum
2483 4052 2634 4125 digiti
2665 4053 2745 4106 sui
2779 4052 2834 4104 in
2875 4067 3040 4122 aqua,
3083 4058 3132 4102 et
3165 4048 3442 4119 refrigeret

1841 4149 2076 4220 linguam
2116 4159 2303 4200 meam.
2351 4143 2532 4210 Erras,
2577 4141 2746 4208 dives,
2791 4141 2906 4195 haec
2933 4137 3144 4194 ﬂamma
3176 4152 3284 4192 non
3324 4143 3439 4189 tam

1840 4242 2036 4309 lingua:
2076 4254 2236 4308 quam
2275 4237 2471 4292 mentis
2499 4244 2602 4299 est,
2637 4251 2744 4291 non
2772 4240 2884 4288 tam
2915 4233 3106 4301 linguae
3134 4245 3295 4300 quam
3316 4245 3441 4286 cor-

1842 4334 1925 4390 dis
1953 4340 2037 4387 est
2061 4350 2076 4398 ;
2106 4339 2162 4387 et
2197 4331 2372 4384 adhuc
2399 4330 2502 4385 iste
2531 4327 2873 4384 conscientia:
2919 4325 3068 4382 calor
3095 4333 3197 4389 est,
3230 4339 3338 4379 non
3369 4321 3438 4376 il-

1835 4426 1928 4481 lud
1959 4433 2262 4480 extremum
2290 4421 2417 4491 quid
2443 4429 2493 4476 te
2518 4427 2701 4476 manet
2721 4427 2776 4475 et
2798 4423 3078 4489 exspectat
3104 4415 3435 4472 incendium.

1838 4522 1972 4577 Nam
1994 4519 2040 4574 si
2068 4525 2123 4572 te
2141 4516 2252 4587 jam
2281 4515 2563 4571 novissimi
2581 4512 2603 4552 ιι
2629 4513 2815 4586 judicii
2845 4521 2990 4570 totus
3019 4511 3156 4581 ignis
3186 4509 3435 4574 ambiret,

221 4657 241 4726 ξ
265 4646 390 4726 lpsze
418 4651 624 4726 bellum
651 4648 883 4726 quadam
914 4652 967 4706 in
1007 4651 1270 4726 Lazarum
1294 4657 1496 4726 pietate
1529 4660 1740 4716 moveri
1767 4664 1818 4726 1)
1918 4671 1942 4699 ο
1971 4659 2214 4716 Latinius
2242 4657 2372 4725 legit
2393 4657 2591 4713 devoto.

162 4716 481 4778 videbantur.
508 4721 576 4776 Αι
596 4716 925 4790 Augustinus
938 4738 1101 4779 serm.
1125 4725 1190 4780 78
1214 4716 1416 4784 recent.
1441 4728 1569 4784 edit.
1595 4743 1741 4787 com-

161 4799 302 4857 parat
335 4793 627 4849 maledicos
654 4793 875 4848 canibus
914 4794 1274 4852 lambentibus
1306 4799 1486 4854 ulcera
1523 4800 1732 4857 Lazari.

164 4927 182 4935 -
222 4857 411 4935 b‘Editi
440 4879 564 4920 cum
592 4862 742 4929 Mita,
769 4866 932 4935 fecere
958 4877 1249 4924 curantem.
1284 4868 1474 4926 Melius
1493 4886 1594 4927 nos
1614 4879 1734 4929 cum'

727 4903 742 4929 ,
769 4885 932 4929 [acere
958 4885 1249 4924 cumarum.
1284 4885 1474 4926 melius
1493 4886 1594 4927 nos
1614 4888 1738 4929 cum

161 4927 374 4988 Latinio.

225 5003 548 5078 °_Habend:e
575 5005 859 5078 concionis
881 5013 1091 5078 tempus
1126 5009 1254 5063 olim
1275 5009 1552 5067 definitum
1574 5012 1739 5071 fuisse

165 5088 223 5147 ex
249 5071 492 5132 Patribus
518 5077 792 5146 probatur.
822 5071 1057 5134 Consule
1077 5077 1360 5147 Origencm
1377 5083 1564 5138 homil.
1591 5084 1654 5137 21
1684 5087 1739 5141 in

164 5141 400 5224 Numen;
431 5141 1016 5224 Augustinumjiomil.
1061 5141 1262 5224 23_lib.
1294 5154 1582 5224 quinquag.
1630 5155 1740 5212 Ho-

165 5216 266 5270 mil.
298 5227 345 5272 et
373 5216 540 5299 scrin.
569 5217 766 5299 aeide
791 5218 978 5299 Temp.
982 5237 1016 5299 ἑ
1047 5230 1101 5276 et
1132 5216 1743 5295 Chrysblogum'rursus

166 5299 387 5344 sermon.
419 5289 551 5354 “2;
583 5296 639 5344 et
669 5288 742 5343 ibi
770 5288 952 5346 notam
979 5291 1032 5345 2.

229 5357 254 5394 δ
283 5358 354 5415 Ex
382 5361 488 5416 hoc
507 5358 826 5430 Chrysologi
854 5377 1123 5426 sermone,
1154 5363 1233 5420 uti
1261 5380 1330 5419 ex
1358 5365 1476 5422 aliis
1514 5368 1742 5425 aliorum

169 5425 368 5503 Patrum
394 5425 1044 5503 ,_velutii'Cihrysostomi,
1087 5425 1140 5489 in
1187 5444 1328 5491 orat.
1378 5436 1443 5492 Ill
1485 5440 1743 5496 adversus

167 5496 710 5581 ξιιιιξδοεςᾼιιειιειίιιρ,
727 5496 1106 5581 in__Pr_':e_fation.
1135 5507 1202 5562 ad
1223 5510 1452 5577 exposit.
1488 5509 1742 5581 Epistolac

171 5565 224 5644 Β.
255 5565 468 5644 Joannis
486 5565 519 5640 ς’
531 5565 818 5629 Gaudentii
845 5575 1138 5634 Brixiensis
1161 5619 1174 5640 .
1226 5565 1355 5644 eté.,
1381 5565 1744 5638 eruit'Fcrra;

169 5641 276 5696 rius
289 5644 359 5721 de
380 5642 760 5721 Coneionibus,
783 5646 874 5721 lib_.
901 5663 958 5721 ιιι
984 5663 1103 5721 cap.
1129 5648 1189 5702 ll
1215 5641 1351 5721 pag.
1375 5653 1494 5718 565,
1523 5655 1744 5710 concio-

140 5727 148 5786 ;
171 5714 322 5768 nandi
347 5715 788 5790 consuetudinem
811 5714 1106 5790 obtinuisse
1129 5714 1271 5790 apud
1292 5714 1510 5779 veteres
1531 5723 1739 5790 Patres,

175 5794 498 5865 ιιιηιιιιιιιιιιιι
536 5786 727 5843 diebus
753 5787 1058 5865 dominicis,
1086 5786 1182 5848 sed
1215 5799 1271 5848 et
1313 5794 1368 5848 in
1397 5795 1516 5850 aliis
1545 5786 1740 5865 Festis,

176 5862 237 5908 ac
263 5856 540 5914 Martvrum
567 5859 884 5930 praesertim.

1921 4731 1939 4770 ί
1986 4733 2097 4787 Hoc
2123 4739 2206 4785 est
2243 4720 2358 4798 inae
2400 4729 2698 4791 Abraham,
2725 4742 2756 4781 a
2799 4739 2909 4796 quo
2943 4731 3001 4780 tu
3043 4723 3308 4792 originem
3334 4720 3438 4776 du-

1846 4805 1987 4860 xisse
2010 4803 2161 4867 dicis,
2190 4801 2315 4854 dum
2343 4799 2556 4855 Patrem
2586 4813 2768 4853 vocas.

1919 4885 1942 4922 ε
1984 4863 2272 4936 Addiccre,
2297 4873 2519 4926 verbum
2539 4869 2794 4939 judiciale
2812 4908 2828 4934 ,
2854 4866 3067 4938 quando
3094 4880 3182 4921 res
3199 4863 3324 4939 plus
3351 4863 3437 4917 of-

1846 4945 2041 5002 ferenti
2069 4935 2354 4998 addicitur.
2399 4942 2494 4998 Hic
2523 4935 2704 4997 autem
2725 4955 2826 5012 pro
2856 4935 3136 5005 damnare,
3173 4935 3433 5001 devovere,

1848 5027 1952 5125 cui;
1987 5087 2188 5142 Passim
2212 5085 2352 5156 apud
2377 5093 2586 5140 veteres
2612 5084 2799 5156 Patres
2811 5081 3030 5156 _men’tio
3057 5077 3310 5156 occurrit.
3330 5075 3439 5156 lli-

1846 5161 2011 5216 larius
2039 5161 2091 5213 in
2121 5149 2309 5226 psalm.
2336 5173 2495 5211 cxvm
2526 5172 2670 5210 num.
2696 5155 2760 5208 2:
2787 5153 3002 5226 Auram
3025 5168 3089 5226 ex.
3109 5151 3248 5226 omni
3271 5149 3435 5202 otiosa

1847 5231 1997 5287 verba
2019 5221 2271 5283 rationem
2305 5228 2463 5282 simus
2510 5226 2833 5298 ρι-ιιωῑὶιιινί,Δ
2856 5221 3207 5298 diemjudicii
3249 5235 3438 5298 conca-

1848 5303 2149 5374 piscemus,‘
2175 5302 2230 5374 in
2271 5315 2368 5370 quo
2403 5289 2778 5374 nobisestjfle
2816 5295 2952 5374 ignis
2992 5289 3287 5374 indefessa:
3315 5289 3438 5374 sub-5

1848 5359 2046 5444 eundus
2063 5373 2092 5444 ?i
2115 5359 2402 5438 Origenes,
2436 5369 2620 5444 homil.
2655 5370 2688 5422 5
2723 5369 2774 5421 in
2797 5359 2989 5438 psalm.
3014 5359 3435 5444 Exxvlzﬂm‘nes

1849 5460 1945 5498 nos
1968 5442 2038 5496 ad
2055 5431 2400 5513 illumignem
2433 5443 2602 5495 venire
2633 5431 2836 5513 necesse
2871 5445 2967 5513 est.
3007 5433 3299 5513 Gregorius
3326 5431 3434 5513 Ha-

1851 5515 2135 5568 zianzenus
2174 5505 2272 5566 sub
2305 5512 2513 5566 initium
2545 5517 2685 5565 orat.
2728 5509 2824 5562 261
2863 5525 2876 5560 :
2922 5505 3068 5579 Ignis
3103 5505 3194 5559 ille
3232 5505 3435 5579 postre-

1848 5601 1981 5652 mus,
2012 5602 2110 5653 quo
2153 5587 2332 5638 nostra
2372 5584 2589 5638 crimina
2621 5572 2972 5653 emendentur
3012 5584 3102 5631 aut
3141 5572 3438 5653 purgabunf-

1852 5648 1978 5710 tur.’
2012 5648 2145 5710 Vide
2187 5654 2515 5718 Caesarium,
2579 5654 2631 5707 in
2680 5648 2909 5723 append.
2960 5648 3156 5723 se_r_m.;
3208 5648 3432 5723 August.

1850 5742 2012 5782 serm.
2047 5725 2113 5778 15
2141 5742 2287 5780 num.
2318 5725 2378 5788 Δις
2421 5714 2780 5790 Ambrosium,
2813 5737 2976 5778 serm.
3002 5721 3240 5773 201mm.
3271 5717 3324 5790 A_.~
3365 5714 3436 5769 At

1850 5798 1904 5867 in
1953 5797 2127 5852 allatis
2169 5797 2340 5860 locis,
2370 5787 2573 5850 Patres
2617 5811 2716 5867 pro
2761 5787 2880 5866 igne
2912 5793 3098 5865 judicii
3135 5787 3436 5861 piaculum

1851 5866 2092 5924 ﬂammas
2124 5868 2449 5924 intellexisse
2490 5866 2814 5922 conveniunt
2843 5871 3050 5921 tantum
3084 5877 3190 5920 non
3219 5867 3430 5918 omnes.
