3878 6368
447 288 561 350 385

1706 284 1767 342 S.
1809 278 2017 338 PETRI
2055 276 2489 334 CIIRYSOLOGI

448 412 507 462 et
552 403 696 463 illius
726 407 1025 480 desperatis
1050 402 1414 462 damnationis
1439 398 1711 458 sententia
1742 396 1858 468 jam
1889 402 2045 452 tene-
2069 398 2124 459 Α
2149 390 2410 447 Lazarum
2439 400 2498 446 ut
2527 393 2752 467 intingat
2777 403 3060 451 extremum
3099 395 3255 470 digiti
3286 397 3343 452 in
3371 412 3520 473 aqua,
3545 405 3598 459 et
3616 418 3710 465 non

449 505 565 561 ret,
623 515 917 571 numquam
969 499 1180 555 levares
1231 496 1436 563 oculos,
1488 507 1780 565 numquam
1830 497 2044 562 patrem

449 589 707 662 colloqui,
741 607 1031 662 numquam
1077 605 1177 663 pro
1214 597 1270 645 te
1314 603 1529 658 rogare,
1589 600 1879 657 numquam
1906 599 2046 656 prte-

449 699 692 740 sumeres
738 683 1064 740 intervenire
1107 699 1208 754 pro
1247 681 1522 738 fratribus.
1561 679 1723 736 Certe
1768 678 1814 734 si
1844 685 1896 734 te
1930 676 2045 748 jam

449 777 692 848 possidet
711 784 857 832 totus
872 777 1010 846 ignis
1026 775 1239 841 inferni,
1258 775 1303 831 si
1317 784 1370 831 te
1385 775 1644 844 gehennae
1666 771 1879 828 ﬂamma
1891 786 2045 828 com-

449 869 696 940 plecitur,
725 886 894 940 quare
918 871 1085 926 solius
1107 870 1300 940 linguae
1323 869 1541 924 testibus
1563 864 1838 922 desideras
1857 865 2048 920 subve-

425 965 438 1032 ξ
453 959 594 1014 niri?
622 959 734 1015 Nisi
761 961 888 1030 quia
918 976 1042 1017 eum
1070 969 1262 1032 pectus
1290 968 1439 1014 tuum
1470 957 1690 1014 anhelat
1720 955 1934 1011 ﬂamma
1963 955 2047 1011 sui

451 1051 694 1107 criminis
715 1061 770 1108 et
791 1059 992 1119 reatus,
1018 1053 1189 1122 magis
1215 1052 1394 1121 lingua
1420 1051 1614 1115 uritur,
1633 1049 1804 1113 ardet,
1820 1046 2042 1114 aestuat,

453 1157 574 1213 qua:
603 1144 879 1199 insultavit
906 1146 1148 1216 pauperi,
1177 1159 1298 1214 quae
1343 1142 1768 1198 misericordiam
1809 1140 2046 1210 denega-

452 1234 532 1289 vit
565 1253 577 1288 :
613 1235 726 1292 haec
756 1235 1010 1306 praecedit
1038 1235 1106 1290 ad
1143 1235 1424 1305 judicium,
1458 1234 1572 1289 haec
1601 1240 1762 1288 antea
1802 1231 2050 1300 degustat

453 1334 511 1382 et
536 1327 740 1396 patitur
763 1327 1053 1393 cruciatus,
1079 1327 1194 1382 ham
1215 1326 1283 1381 de
1314 1334 1428 1381 toto
1465 1339 1695 1394 corpore
1721 1323 1889 1394 prima
1920 1337 2047 1378 sen-

453 1419 520 1473 tit
559 1418 828 1481 ardorem,
861 1433 980 1488 qua:
1013 1433 1136 1474 cum
1176 1417 1348 1489 prima
1387 1417 1474 1472 hic
1513 1415 1693 1471 varios
1735 1414 2049 1469 deliciarum

454 1509 623 1575 cibos,
647 1518 703 1565 et
727 1510 949 1565 odorata
993 1510 1304 1579 degustaret
1331 1509 1543 1580 pocula,
1576 1507 1835 1562 mandare
1872 1506 2048 1578 pieta-

432 1605 566 1658 tem
596 1603 784 1666 noluit,
823 1603 936 1658 lieri
963 1603 1387 1658 misericordiam
1417 1618 1524 1657 non
1553 1601 1826 1672 pnecepit,
1871 1599 1966 1656 sed
1993 1606 2051 1654 et

453 1698 570 1768 ipsa
601 1713 723 1752 cum
771 1697 861 1750 alii
903 1695 1162 1760 facerent,
1204 1695 1519 1764 derogabat.
1550 1694 1670 1765 Ipse
1713 1701 1797 1749 est
1842 1693 1934 1762 qui
1965 1693 2048 1746 in-

2146 484 2354 541 deferat
2398 486 2638 554 aquam?
2676 499 2808 556 ergo
2857 485 3011 557 juxta
3053 496 3136 543 est
3183 502 3328 559 aqua
3362 507 3376 543 :
3425 499 3481 546 et
3517 493 3560 548 si
3578 493 3710 564 juxta

2147 586 2250 645 est,
2280 593 2451 648 quare
2477 578 2545 634 de
2565 578 2816 650 proximo
2858 593 2967 634 non
3007 579 3216 635 sumis?
3244 582 3450 651 quare?
3475 585 3587 656 quia
3612 589 3709 647 vin-

2147 679 2249 728 ctae
2273 679 2400 726 sunt
2426 688 2615 728 manus
2644 681 2749 727 tute
2776 673 2991 738 merito,
3017 672 3189 737 dives,
3216 673 3344 744 quia
3375 675 3556 732 solutis
3582 679 3709 738 debi-

2147 768 2301 824 litate
2322 765 2512 822 Lazari
2542 767 2789 823 manibus
2814 767 3103 824 subvenire
3142 769 3538 839 contempsisti.
3572 771 3710 832 Debet

2147 862 2332 927 homo,
2358 861 2520 917 debet
2544 861 2806 917 debilibus
2833 877 2930 916 sua
2953 862 3195 917 membra
3225 863 3418 934 partiri
3438 882 3450 916 :
3474 880 3584 934 qua:
3609 884 3709 926 cum

2147 954 2251 1012 Job
2280 970 2386 1010 non
2415 955 2588 1022 daret,
2612 956 2706 1012 sed
2736 956 3006 1019 redderet,
3040 957 3120 1012 sic
3140 957 3392 1012 dicebat:
3418 956 3522 1030 Ego
3538 961 3710 1031 {uiocu-

2148 1051 2229 1108 lus
2251 1068 2533 1114 caecorum.
2566 1068 2655 1124 pes
2688 1061 2858 1106 autem
2899 1051 3239 1116 claudorum;
3289 1069 3382 1124 ego
3433 1069 3566 1107 eram
3595 1067 3710 1125 pater

2149 1147 2494 1203 invalidorum
2526 1145 2679 1219 (Job.
2715 1162 2862 1211 xxxx,
2882 1146 3039 1218 juxta
3062 1143 3273 1216 LXX).
3327 1143 3530 1213 Homo,
3559 1147 3599 1201 si
3627 1165 3711 1206 non

2147 1241 2317 1297 habes
2343 1257 2646 1305 nummum,
2680 1239 2746 1294 da
2777 1239 3004 1311 pauperi
3045 1253 3302 1304 manum,
3334 1239 3458 1308 quia
3487 1239 3711 1309 majorem

2149 1335 2574 1391 misericordiam
2601 1333 2746 1398 facit,
2776 1333 2868 1403 qui
2897 1332 2962 1387 ad
2991 1348 3237 1388 mensam
3261 1347 3416 1387 suam
3439 1348 3589 1388 manu
3606 1351 3713 1406 pau-

2149 1441 2334 1498 perem
2363 1426 2593 1482 debilem
2623 1426 2790 1482 ducit.
2831 1424 3012 1495 Ipsum
3039 1440 3098 1480 se
3121 1424 3354 1496 pauperi
3382 1423 3542 1488 dedit,
3563 1429 3640 1496 qui
3666 1444 3712 1485 se

2151 1518 2355 1590 aptavit
2370 1517 2422 1572 in
2439 1517 2755 1586 obsequium
2777 1516 3048 1587 pauperis,
3071 1514 3286 1586 'aptavit
3308 1515 3360 1569 in
3381 1517 3614 1586 pauperis
3630 1533 3713 1573 ser-

2150 1612 2394 1667 vitutem.
2417 1611 2637 1677 Iterum,
2665 1609 2875 1674 fratres,
2894 1611 3175 1681 praesentis
3203 1610 3356 1665 verbi
3376 1609 3712 1681 plenitudinem

2152 1702 2490 1770 differamus,
2543 1712 2602 1758 ut
2628 1703 2785 1759 tertia
2815 1702 3090 1758 auditione
3113 1718 3280 1773 quam
3324 1703 3629 1758 sententiam
3661 1707 3712 1762 ab

454 1789 720 1846 duebatur
747 1806 982 1862 purpura
1009 1799 1062 1846 et
1092 1792 1272 1863 bysso.
1306 1789 1444 1858 Quid
1461 1797 1564 1854 est,
1597 1790 1746 1844 dives
1769 1789 1792 1843 ?
1820 1788 1888 1843 ab
1916 1794 2050 1842 testu
2083 1793 2130 1855 Β
2155 1793 2424 1850 Abraham
2447 1794 2760 1850 beatissimo
2788 1794 3072 1866 pertulerit
3099 1794 3252 1850 dives
3282 1793 3661 1865 proloquamur.

453 1883 646 1955 byssus
663 1900 769 1939 non
785 1881 1063 1938 defendit?
1084 1900 1319 1954 purpura
1344 1899 1449 1938 non
1466 1883 1670 1938 resistit
1686 1881 1931 1938 inferno?
1948 1881 2054 1937 Re-

452 1984 771 2031 manserunt
799 1975 934 2043 ista;
967 1975 1325 2031 deseruerunt
1345 1975 1466 2040 ista,
1499 1984 1554 2030 et
1580 1975 1692 2045 ipse
1715 1991 1855 2030 nunc
1885 1975 2057 2028 nudus

453 2069 638 2133 sudas,
654 2078 872 2133 :estuas,
891 2070 982 2138 qui
998 2069 1286 2138 aliquando
1317 2067 1611 2123 insultabas
1632 2067 1852 2121 aestibus
1875 2076 1900 2103 ιι
1923 2066 2056 2120 arti-

453 2158 642 2216 ﬁciosa
673 2161 916 2216 nuditate
943 2161 1188 2216 vestitus.
1214 2159 1282 2214 Et
1302 2161 1446 2214 mitte
1473 2158 1733 2213 Lazarum
1759 2169 1817 2212 ut
1835 2159 2060 2230 intingat

456 2261 737 2306 extremum
793 2252 940 2324 digiti
981 2254 1060 2306 sui
1105 2254 1162 2306 in
1207 2270 1363 2326 aqua,
1419 2262 1468 2306 et
1513 2253 1781 2324 refrigeret
1828 2252 2058 2324 linguam

453 2359 642 2398 meam.
675 2344 812 2411 Quid
835 2351 918 2400 est
943 2345 1128 2400 dives?
1149 2345 1240 2400 ubi
1261 2352 1388 2400 sunt
1409 2353 1676 2399 torrentes
1711 2344 2059 2399 torcularium

455 2439 716 2492 tuorum?
748 2439 836 2493 ubi
858 2447 984 2493 sunt
1009 2439 1204 2494 horrea
1227 2439 1294 2494 ad
1322 2439 1516 2494 famem
1547 2439 1798 2510 pauperis
1820 2454 1929 2494 non
1958 2438 2060 2492 mi-

455 2547 560 2587 nus
579 2532 963 2602 cupiditatibus
991 2533 1212 2587 dilatata
1235 2548 1396 2603 quam
1427 2532 1642 2603 copiis?
1670 2533 1759 2587 ubi
1783 2541 1908 2587 sunt
1937 2533 2059 2587 vina

457 2623 526 2678 ad
557 2624 793 2694 inopiam
843 2625 1098 2696 pauperis
1137 2623 1164 2662 1³
1193 2625 1590 2680 annositatibus
1617 2631 1673 2680 et
1705 2628 1817 2695 ipsa
1851 2631 2060 2694 tempo-

457 2730 577 2770 rum
606 2716 878 2772 oblivione
917 2717 1176 2772 servata?
1225 2717 1313 2773 ubi
1341 2726 1467 2772 sunt
1508 2715 1818 2782 ell‘usiones,
1853 2717 2056 2788 lapsus,

459 2806 680 2862 (lumina
730 2819 752 2848 ο
802 2808 1226 2864 ministeriorum
1280 2810 1534 2864 tuorum?
1579 2808 1684 2864 Ista
1735 2809 1914 2864 omnia
1962 2809 2059 2863 tibi

460 2904 693 2970 periere,
726 2916 836 2954 non
865 2901 1095 2967 crimini,
1123 2901 1215 2970 qui
1251 2901 1369 2956 sitis
1396 2901 1624 2956 extremi
1647 2900 1797 2970 digiti
1831 2907 2056 2969 guttam,

460 3008 624 3063 quam
653 2993 699 3048 si
731 2994 815 3049 vel
838 2995 1009 3049 solam
1037 2994 1278 3049 dedisses
1306 2993 1548 3064 pauperi,
1583 3010 1691 3048 non
1722 2993 1918 3048 sitires.
1953 2992 2059 3045 Im-

460 3087 868 3144 misericordem
899 3095 952 3144 te
973 3095 1142 3157 gutta,
1174 3097 1230 3144 et
1255 3088 1394 3143 mica
1425 3087 1656 3143 reddidit
1685 3086 2056 3147 inhumanam,

2697 1884 2928 1942 SERMO
2965 1883 3196 1940 CXXIII.

2785 1977 2866 2034 De
2901 1978 3111 2034 eisdem.

2231 2070 2580 2126 Inverecundi
2608 2070 2869 2126 debitoris
2898 2079 3008 2135 est,
3041 2077 3134 2126 aut
3166 2068 3389 2126 differre
3418 2071 3624 2136 credita,
3643 2079 3714 2129 aut

2159 2163 2424 2235 promissa
2447 2161 2744 2232 denegare;
2768 2162 3002 2230 honesti,
3034 2163 3152 2218 sine
3187 2177 3340 2218 mora
3379 2172 3432 2218 et
3453 2178 3568 2218 mox
3593 2173 3710 2218 utra-

2160 2272 2264 2326 que
2285 2256 2618 2326 persolvere.
2658 2253 3014 2312 Promisimus
3036 2265 3097 2312 ut
3124 2272 3291 2312 omne
3319 2256 3462 2327 quod
3499 2266 3646 2312 restat
3663 2259 3713 2314 de

2161 2351 2255 2404 illo
2283 2349 2448 2404 divite
2475 2348 2843 2414 redderemus,
2875 2350 2967 2419 qui
2997 2365 3118 2406 cum
3150 2350 3206 2405 in
3236 2348 3494 2405 Lazarum
3515 2350 3641 2406 visus
3663 2351 3713 2407 sit

2162 2444 2413 2508 immitis,
2445 2443 2498 2498 in
2529 2457 2588 2499 se
2611 2441 2782 2512 magis
2810 2457 2983 2497 saevus
3011 2444 3220 2498 exstitit
3248 2451 3303 2498 et
3333 2443 3569 2498 crudelis.
3605 2441 3714 2499 Hac-

2161 2543 2318 2590 tenus
2346 2534 2473 2604 quid
2509 2534 2660 2589 dives
2689 2532 2756 2588 ad
2797 2534 3067 2589 Abraham
3096 2536 3314 2590 locutus
3343 2534 3515 2597 fuerit,
3543 2543 3591 2589 et
3614 2550 3713 2590 san-

2163 2635 2281 2682 ctus
2311 2627 2639 2696 evangelista
2663 2669 2678 2693 ,
2725 2637 2780 2682 et
2817 2637 3004 2683 noster
3039 2644 3241 2693 semio,
3289 2629 3343 2684 in
3378 2636 3615 2698 quantum
3638 2644 3714 2699 po-

2164 2720 2296 2784 tuit,
2329 2718 2641 2774 declaravit.
2697 2719 2908 2775 Dictum
2939 2728 3052 2775 est:
3099 2721 3169 2775 Et
3197 2722 3404 2776 elevans
3441 2722 3598 2776 oculos
3621 2737 3712 2776 suos

2163 2828 2277 2866 cum
2306 2819 2437 2866 esset
2464 2811 2520 2864 in
2545 2813 2831 2878 tumentis,
2865 2811 2990 2866 uidit
3010 2810 3277 2867 Abraham
3312 2813 3538 2885 alonge,
3571 2823 3612 2866 et
3631 2813 3714 2866 cla-

2162 2921 2314 2958 mans
2345 2902 2521 2957 dixit:
2561 2902 2726 2958 Pater
2753 2904 3037 2968 Abraham,
3079 2906 3329 2960 miserere
3358 2907 3455 2960 mei
3477 2947 3490 2971 ,
3528 2915 3572 2959 et
3603 2905 3715 2958 mitte

2164 2996 2456 3060 Lazarum,
2501 3007 2556 3050 ut
2597 2999 2823 3070 intingat
2855 3007 3140 3053 extremum
3165 2999 3319 3072 digiti
3336 2993 3420 3054 sui
3447 3001 3497 3053 in
3525 3014 3655 3071 aqua,
3677 3006 3714 3051 et

2164 3090 2434 3162 refrigeret
2454 3089 2684 3161 linguam
2713 3107 2880 3144 meam
2899 3133 2912 3156 ,
2944 3091 3066 3163 quia
3099 3092 3307 3146 crucior
3327 3093 3381 3145 in
3403 3090 3494 3144 hac
3523 3090 3710 3160 ﬂamma.

457 3180 738 3250 inquibus
765 3187 912 3237 totus
951 3182 1204 3253 pauperis
1252 3189 1308 3235 et
1337 3181 1511 3236 victus
1548 3180 1796 3236 consistit
1832 3187 1887 3234 et
1925 3179 2051 3231 vita.
2086 3180 2132 3243 C
2163 3180 2255 3236 Cui
2283 3197 2420 3235 nunc
2449 3181 2715 3252 respondit
2753 3182 3049 3248 Abraham,
3094 3180 3237 3248 Fili,
3275 3182 3502 3253 recepisti
3539 3180 3649 3235 bona
3671 3182 3712 3233 in

461 3272 632 3330 Velim
661 3275 819 3340 scire,
852 3275 1024 3340 dives,
1075 3277 1122 3330 si
1151 3276 1237 3331 vel
1276 3275 1376 3346 ipsi
1422 3276 1516 3330 tibi
1559 3276 1613 3330 in
1643 3290 1805 3345 paena
1849 3275 2056 3344 positus

461 3366 713 3435 ignoscis,
746 3368 872 3438 quia
893 3367 960 3422 ad
990 3368 1104 3423 hmc
1130 3367 1270 3422 mala
1301 3383 1408 3422 non
1436 3367 1696 3430 venisses,
1719 3366 1765 3420 si
1793 3365 1860 3420 de
1897 3365 2057 3420 tantis

462 3455 672 3514 horreis
717 3459 933 3524 micam,
965 3467 1170 3529 guttam
1211 3459 1280 3514 de
1317 3458 1480 3512 tantis
1523 3457 1882 3514 torcularibus
1927 3463 2057 3512 tunc

463 3551 724 3606 dedisses.
776 3549 971 3606 Parum
1023 3559 1106 3608 est
1146 3552 1290 3622 quod
1331 3568 1457 3606 caro
1502 3559 1642 3620 eget,
1674 3551 1820 3620 quod
1865 3558 2058 3606 natura

465 3642 650 3712 exigit,
697 3643 840 3713 quod
880 3643 1078 3698 sufficit
1105 3645 1264 3709 vitm;
1315 3644 1537 3698 avaritia
1584 3658 1750 3699 causa
1790 3651 1874 3698 est
1915 3642 2061 3712 quod

464 3733 630 3789 homo
659 3749 854 3803 magna
883 3743 939 3789 et
967 3735 1132 3790 multa
1163 3736 1410 3791 recondit
1438 3751 1545 3790 non
1575 3735 1697 3801 sibi,
1730 3734 1825 3790 sed
1848 3735 1967 3789 aliis
1993 3735 2062 3789 ad

465 3842 622 3880 suum
653 3826 812 3897 plane
841 3836 1162 3898 praesentem
1191 3828 1277 3883 vel
1308 3836 1582 3898 posterum
1604 3827 1922 3882 cruciatum.
1954 3824 2062 3882 Sed

465 3919 620 3982 dicis,
653 3919 803 3975 dives
835 3945 848 3973 :
882 3915 995 3990 Ego
1028 3929 1084 3976 et
1123 3923 1170 3975 si
1199 3922 1383 3976 vinum
1413 3921 1622 3990 negavi,
1668 3936 1865 3990 aquam
1911 3928 2060 3990 peto,

464 4024 628 4078 quam
667 4026 1009 4068 communem
1052 4016 1259 4068 cunctis
1305 4013 1666 4068 animantibus
1713 4021 1904 4068 auctor
1949 4013 2066 4084 ipse

465 4103 705 4157 omnium
748 4105 999 4174 praestitit
1037 4113 1092 4160 et
1141 4113 1354 4159 natura.
1399 4103 1556 4171 Puto,
1606 4105 1776 4172 dives,
1820 4105 1966 4174 quod
2011 4113 2068 4161 et

465 4208 660 4263 aquam
682 4196 906 4266 pauperi
929 4206 984 4251 tu
1004 4197 1228 4266 negasti,
1260 4197 1346 4253 cui
1370 4212 1436 4252 ne
1457 4197 1827 4265 ingrederetur
1841 4197 2063 4267 januam

469 4294 635 4350 tuam,
663 4303 729 4342 ne
757 4289 825 4343 ad
869 4299 1018 4344 tuum
1048 4299 1270 4361 puteum
1300 4290 1628 4360 perveniret,
1660 4287 1686 4327 ά
1718 4305 1882 4345 canes
1901 4305 2063 4357 quam

466 4376 730 4447 plurimos
758 4380 1022 4449 objecisti.
1059 4380 1196 4448 Quid
1227 4389 1310 4436 est
1338 4391 1518 4436 autem
1539 4381 1684 4452 quod
1711 4382 1883 4438 dicis?
1911 4381 2062 4436 Mitte

2163 3276 2268 3329 vita
2309 3283 2396 3328 tua
2441 3273 2609 3347 (Luc.
2645 3291 2734 3329 xv:
2755 3273 2795 3343 ).
2838 3272 2882 3328 0
2905 3275 3038 3329 mira
3069 3275 3281 3346 pietas!
3314 3275 3483 3330 adhuc
3509 3281 3642 3329 vocat
3665 3268 3712 3322 li.

2170 3365 2300 3421 lium
2320 3409 2334 3433 ,
2366 3381 2525 3436 quem
2555 3365 2911 3435 degenerasse
2947 3367 3166 3440 propria
3207 3366 3522 3424 crudelitate
3553 3365 3619 3420 sic
3648 3379 3711 3417 re-

2175 3457 2352 3528 spicit.
2411 3455 2456 3511 Ο
2507 3457 2788 3526 singularis
2844 3458 3090 3514 bonitas!
3143 3459 3322 3515 adhuc
3372 3465 3523 3514 vocat
3561 3454 3708 3516 ﬁlium,

2169 3565 2331 3620 quem
2359 3550 2493 3606 vidit
2513 3548 2703 3605 inferni
2734 3552 3032 3618 vernulam,
3062 3568 3344 3623 prunarum
3371 3551 3613 3610 sobolem,
3638 3562 3709 3602 ex-

2167 3650 2400 3698 tremum
2427 3643 2753 3713 mancipium
2778 3642 2890 3714 jam
2921 3645 3197 3714 gehennae.
3243 3644 3350 3700 Sed
3377 3652 3528 3699 vocat
3561 3638 3708 3704 filium,

2167 3741 2228 3788 ut
2256 3733 2426 3802 magis
2459 3733 2734 3803 magisque
2777 3732 2868 3788 lilii
2907 3734 3168 3804 prodatur
3215 3735 3490 3806 impietas,
3536 3729 3709 3802 quando

2173 3836 2197 3865 ο
2220 3842 2341 3882 cum
2364 3825 2455 3880 tali
2475 3826 2637 3880 etiam
2659 3830 2870 3897 paterni
2907 3828 3174 3883 sermonis
3209 3829 3388 3899 pietas
3428 3831 3708 3898 perseverat.

2169 3917 2251 3973 Tu
2282 3932 2441 3973 vocas
2467 3925 2709 3988 patrem,
2759 3917 2903 3989 rego
2950 3935 3087 3976 voco
3137 3918 3306 3975 lilium
3349 3928 3407 3974 ut
3446 3927 3495 3974 te
3520 3914 3709 3987 graviter

2170 4009 2356 4066 doleas
2384 4008 2681 4079 perdidisse
2703 4009 2850 4079 quod
2879 4019 3038 4066 natus
3067 4026 3146 4066 es.
3189 4009 3380 4066 Adhuc
3407 4025 3532 4064 voco
3559 4005 3706 4065 filium.

2171 4111 2234 4158 ut
2261 4102 2497 4156 amarius
2525 4100 2708 4156 doleas
2750 4102 3045 4172 perdidisse
3083 4112 3136 4158 te
3164 4103 3311 4172 quod
3348 4102 3442 4157 tibi
3468 4099 3619 4171 gratia
3637 4095 3707 4149 de-

2170 4198 2324 4253 derat
2363 4203 2418 4250 et
2457 4200 2678 4261 natura;
2709 4196 2834 4264 quia
2876 4212 2982 4252 non
3024 4196 3279 4252 habuisse
3313 4195 3507 4252 doloris
3533 4208 3623 4247 non
3648 4194 3708 4242 est

2170 4289 2342 4354 tanti,
2392 4287 2579 4355 quanti
2622 4285 2805 4342 habita
2844 4289 3094 4344 maeroris
3134 4296 3217 4343 est
3255 4287 3557 4358 perdidisse.
3591 4279 3708 4335 Vaco

2171 4381 2338 4436 tilium
2361 4421 2377 4447 ,
2408 4384 2470 4432 ut
2497 4377 2766 4448 intelligas
2801 4379 2989 4449 judicii
3017 4394 3135 4434 esse
3163 4380 3310 4450 quod
3346 4377 3553 4450 pateris,
3580 4384 3602 4421 κ
3625 4385 3706 4426 non

467 4535 836 4610 Qhrysologus
861 4554 992 4594 vero
1013 4538 1228 4593 videtur
1256 4537 1804 4610 infernuminnuisse.
1850 4536 2069 4610 Tertul-
2101 4539 2150 4599 D
2247 4537 2466 4610 {Servi
2496 4539 2702 4610 ostiarii
2725 4550 2910 4595 comes
2932 4535 3260 4604 quandoque
3291 4534 3392 4610 fuit
3415 4524 3706 4610 c:_1_nis._Plau-

469 4608 647 4680 lianus
666 4610 848 4673 etiam,
883 4610 1110 4679 Apolog.
1145 4626 1293 4664 num.
1327 4609 1414 4674 48,
1439 4610 1508 4664 de
1523 4608 1730 4677 judicio
1757 4622 1941 4677 agens,
1978 4609 2069 4680 ju-

505 4679 550 4732 is
571 4680 902 4752 ignisgignis
927 4681 1114 4752 judicii
1141 4680 1422 4746 meminit;
1454 4686 1510 4734 at
1532 4689 1712 4734 tamen
1739 4679 1937 4734 ibidem
1979 4679 2069 4734 So-

491 4765 552 4804 os
579 4751 841 4821 reprobus
869 4751 1104 4821 respicit.

545 4830 570 4856 ⁸
607 4820 824 4894 Auctor,
854 4820 1048 4894 hic’de
1093 4821 1237 4894 bysst
1273 4821 1586 4894 indumentp
1615 4820 1889 4890 loquitur:
1921 4821 2067 4894 quod

471 4891 771 4962 tenuissimi
813 4893 908 4946 lini
953 4890 1250 4962 genus'est,
1297 4907 1362 4947 ex
1384 4908 1493 4962 quo
1534 4890 1666 4946 ﬁunt
1695 4901 1872 4962 vestes
1893 4892 2065 4946 subti-

473 4960 707 5026 lissimie,
733 4978 852 5032 quae
877 4960 980 5018 non
1013 4963 1176 5018 modo
1195 4971 1383 5017 :Bstum
1407 4960 1620 5033 Corpori
1644 4960 1934 5017 deferentis
1956 4977 2065 5017 non

472 5042 716 5104 causam,
744 5035 837 5089 sed
861 5034 1038 5104 potius
1065 5045 1252 5104 aestum
1284 5033 1698 5104 remittunt._Ex
1729 5033 1875 5086 Mita.

546 5103 570 5141 δ
612 5103 740 5174 Leg.
773 5102 874 5158 115
900 5102 1033 5160 Cod.
1068 5103 1290 5174 Theod.
1313 5105 1380 5160 de
1424 5102 1734 5174 Decumum,
1767 5104 2062 5158 annositate

477 5191 535 5228 se
556 5173 708 5229 tueri.
746 5175 802 5228 In
834 5176 868 5229 Ι.
902 5176 999 5229 ult.
1033 5177 1223 5230 eodem
1265 5173 1400 5230 Cod.
1433 5175 1500 5230 de
1536 5173 1755 5229 Praediis
1803 5174 2059 5236 navicu|.,

473 5247 786 5315 annositatis
817 5263 1015 5301 cursus.
1059 5245 1251 5302 Petrus
1283 5244 1577 5312 Cellensis,
1610 5247 1701 5300 lib.
1728 5261 1783 5299 ix
1805 5245 1960 5315 epist.
1991 5245 2058 5298 5:

474 5313 716 5389 Calamus
739 5327 912 5372 noster
939 5319 1232 5389 annositate
1251 5325 1312 5389 et
1336 5317 1669 5389 desuetudine
1699 5313 1989 5389 quassatus.

549 5396 574 5426 ο
613 5385 812 5442 Servos
830 5387 1153 5457 quandoque
1187 5388 1477 5442 ministeria
1510 5387 1652 5441 dicta
1683 5385 1835 5441 notat
1865 5385 2065 5457 Pigno-

467 5455 608 5542 Eius,
640 5472 764 5542 pag.
949 5455 1154 5542 seneca
1174 5501 1188 5525 ,
1219 5459 1287 5512 de
1317 5457 1548 5542 Benene.
1584 5458 1673 5540 lib.
1699 5474 1772 5542 .tu
1973 5456 2058 5523 IS,

473 5527 530 5581 et
553 5527 693 5598 apud
727 5527 948 5584 Latinos
975 5527 1210 5584 Gallicos
1239 5529 1550 5597 scriptores,
1583 5527 1938 5582 ministerialis
1959 5543 2068 5582 ser-

472 5611 573 5669 vus
602 5609 702 5654 est.
744 5598 1081 5669 Quandoque
1101 5600 1264 5654 etiam
1291 5601 1565 5654 ministerii
1594 5600 1748 5669 appel
1773 5600 1954 5654 atione
1983 5600 2066 5652 in-

473 5668 788 5738 telliguntur
827 5668 1008 5724 omnia
1050 5686 1176 5724 vasa
1219 5680 1471 5739 argentea
1502 5668 1792 5725 sternendo
1835 5669 2065 5724 triclinio

475 5741 798 5811 necessaria.
842 5740 997 5795 Sacri
1019 5757 1264 5811 pompam
1311 5742 1590 5797 ministerii
1626 5749 1786 5796 vocat
1822 5755 1950 5796 vasa
1979 5756 2065 5795 sa—

475 5823 571 5865 cra
592 5807 845 5865 Paulinus
874 5807 1128 5865 Nolanus.

2175 4617 2261 4664 tus
2287 4609 2516 4680 Mistellz
2544 4609 2738 4664 Tranio
2769 4625 2863 4680 age
2883 4601 3081 4670 canem,
3099 4601 3292 4680 astam
3314 4623 3346 4659 ιι
3367 4601 3550 4676 [oribus
3577 4601 3707 4680 {attat

2171 4680 2419 4735 abducas.
2462 4679 2648 4738 Erant.
2682 4689 2737 4734 et
2768 4674 2858 4748 qui
2891 4691 3057 4746 prope
3091 4675 3311 4748 japuam
3342 4674 3704 4748 c'anetnApictum

2171 4751 2466 4812 haberent,
2509 4759 2570 4806 ut
2617 4739 2904 4804 Trimalcio
2953 4739 3109 4816 apud
3143 4745 3469 4800 Petronium.
3501 4739 3700 4816 _Seneca.

2169 4821 2260 4876 lib.
2296 4838 2366 4876 IV.
2391 4811 2461 4876 de
2485 4821 2567 4875 Ira
2598 4821 2815 4876 vocavit
2847 4819 2944 4872 hos
2971 4811 3263 4871 catenarius
3293 4829 3459 4870 canes.
3501 4811 3706 4884 Irascitur

2163 4890 2286 4962 jure
2315 4890 2598 4962 Pignorius
2621 4890 2674 4944 in
2700 4899 3005 4962 nostrorum
3046 4887 3312 4962 pictorum
3352 4883 3703 4962 inscitiatn,_qut

2169 4951 2223 5016 in
2277 4951 2408 5032 ipso"
2454 4961 2634 5016 divitis
2682 4959 2913 5032 triclinio
2972 4951 3234 5032 Lazarum
3283 4955 3425 5032 humi
3465 4951 3704 5032 cubital-CIII

2169 5024 2426 5103 pingunt:
2450 5032 2656 5087 scilicet
2681 5030 2946 5103 janitores
2978 5029 3316 5103 admisissent
3343 5024 3591 5103 hominem
3610 5029 3703 5103 sci}-

2169 5089 2370 5159 ieitfem
2399 5089 2700 5172 ulceribus;
2731 5101 2829 5172 ipsi
2859 5100 3020 5154 dorso
3060 5099 3263 5170 luituri‘
3280 5094 3521 5168 quidquid
3560 5089 3701 5145 domi-

2170 5190 2362 5246 norum
2391 5174 2580 5246 oculos
2607 5171 2934 5246 offendisset.
3080 5239 3100 5246 _
3367 5237 3396 5246 η
3495 5233 3520 5246 Α.

2246 5255 2269 5280 ε·
2313 5244 2410 5298 Ms.
2445 5243 2655 5299 Ctesen.
2706 5253 2761 5297 et
2799 5241 2971 5296 Vatic.
3003 5259 3016 5293 :
3070 5239 3137 5294 In
3166 5257 3279 5294 eum
3307 5237 3421 5293 talis
3457 5237 3594 5288 etiam
3623 5242 3700 5298 ρα-

2175 5316 2305 5369 terni
2325 5316 2596 5373 sermonis,
2623 5323 2730 5368 etc.

2252 5384 2271 5423 ί
2311 5385 2368 5440 In
2395 5385 2665 5440 nonnullis
2693 5383 2871 5448 editis,
2897 5383 3066 5436 adhuc
3085 5399 3200 5454 ego.

2246 5465 2272 5503 ε
2311 5431 2871 5528 My'gaaiafga'saa‘
2898 5431 3069 5528 aut;
3087 5431 3216 5528 iiiis
3234 5493 3250 5518 ,
3299 5451 3470 5528 aitque
3501 5442 3567 5528 te
3586 5431 3698 5528 «1999

2173 5543 2318 5583 nunc
2346 5518 2550 5600 patitur
2579 5525 2836 5600 Heiu-alus
2853 5563 2867 5586 ,
2900 5540 3000 5595 per
3021 5523 3240 5578 divitem
3268 5518 3698 5600 signiﬁt-aluslﬂn

2172 5581 2580 5654 essedu'ltiOnerm
2612 5612 2640 5651 a
2665 5581 2883 5650 Christo
2902 5581 3199 5664 sumptam,
3233 5581 3343 5664 sed
3351 5590 3535 5664 justum
3559 5581 3696 5664 deite-

2172 5670 2244 5725 tis
2259 5668 2538 5736 judicium;
2571 5676 2629 5722 ut
2651 5657 3194 5736 quigentilem'viam
3223 5657 3404 5736 salutis
3433 5657 3695 5736 doceret}-

2171 5717 3290 5810 ειῑέάῑξέῑέεηῖέιῑδιείιῑηῇξξπη-έειιιιίερ
3317 5731 3521 5790 ediscat.
3538 5728 3588 5779 et
3602 5717 3695 5774 lau-

2173 5810 2266 5865 dat
2293 5805 2460 5864 sermI
2485 5809 2585 5863 102
2607 5818 2662 5865 et
2683 5822 2848 5862 serm.
2881 5807 3002 5874 1⁸71,
3035 5807 3170 5861 satis
3197 5821 3229 5860 a
3257 5805 3426 5872 longe.
