3878 6368
121 387 211 451 ΞΜ
1519 369 1648 431 SER

1851 366 2021 426 [XII].
2562 402 2567 406 ι
3265 361 3382 432 858

123 499 328 562 furoris:
363 507 496 551 voco
524 491 711 557 filium,
738 500 797 548 ut
819 490 874 548 in
904 505 990 547 me
1014 505 1135 546 mea
1161 490 1442 562 patientia,
1473 497 1528 546 et
1548 491 1602 545 in
1630 496 1687 546 te
1709 490 1763 552 Α
1789 487 1938 545 mino
1962 489 2042 546 sic
2058 487 2325 546 docente:
2356 487 2563 546 Dicite:
2589 485 2807 547 Dimitte
2832 486 2982 547 nobis
3009 487 3184 546 debita
3205 495 3391 548 nostra

124 611 198 655 tua
233 603 256 631 ι
282 597 500 648 maneat
525 603 707 662 poena.
745 587 854 644 Sed
899 587 1033 654 iste,
1063 585 1258 642 fratres
1279 628 1296 655 ,
1346 583 1594 655 intelligit
1631 598 1692 641 se
1795 577 2011 655 (Matth.
2042 581 2140 655 vi).
2183 581 2383 639 Beatus
2408 582 2502 654 qui
2545 581 2660 639 Deo
2683 579 2886 650 debita,
2914 589 2972 638 et
2999 597 3121 639 cum
3153 597 3265 640 non
3301 581 3392 640 iu-

125 706 215 748 non
233 701 347 744 esse
376 683 542 740 filium
559 725 577 750 ,
617 683 711 754 qui
736 681 936 739 fatetur
961 691 1016 738 et
1043 689 1240 754 pensat
1265 681 1334 738 de
1362 697 1462 738 suo
1494 681 1692 737 merito
1793 675 1983 746 telligit
2008 690 2070 732 se
2097 677 2433 733 contraxisse
2457 675 2740 748 persolvit,
2772 676 2932 734 altius
2957 675 3222 749 propheta
3245 675 3393 735 ὶιιειὶς

125 796 224 840 esse
263 776 405 849 quod
443 784 554 832 tam
589 776 662 848 pii
704 774 874 848 patris
925 774 1159 846 perdidit
1197 773 1266 830 de
1313 782 1529 830 natura.
1587 771 1692 841 Qui
1791 777 1978 826 tuente
2017 785 2141 825 cum
2169 768 2344 824 dicit:
2401 766 2530 835 Quae
2569 785 2674 824 non
2713 771 2864 843 rapui
2907 778 3026 824 tunc
3066 769 3392 827 exsolvebam

125 885 234 932 tunc
254 871 436 942 utique
461 868 835 942 respondisset
856 869 1071 939 generi,
1115 868 1160 924 si
1184 869 1337 940 pius,
1377 869 1424 924 si
1454 868 1694 939 hospita-
1795 863 1966 937 (Psal.
1998 863 2206 933 valu).
2248 863 2449 921 Beatus
2488 865 2580 936 qui
2621 881 2680 921 se
2715 865 2860 936 apud
2895 864 3064 922 Deum
3093 881 3308 938 semper
3328 872 3393 924 ut

127 969 198 1030 lis,
221 966 263 1022 si
304 963 651 1030 misericors,
692 963 746 1018 in
777 977 1070 1034 pauperem
1110 961 1156 1018 si
1191 961 1379 1018 fuisset
1405 961 1689 1018 humanus.
1793 967 2048 1025 excuset,
2081 967 2334 1024 accusat,
2364 957 2642 1030 Scriptura
2677 959 2854 1016 taliter
2894 959 3260 1016 admonente:
3288 957 3394 1017 Ju-

129 1058 210 1128 Qui
235 1055 488 1126 genitoris
526 1071 690 1126 opera
720 1070 830 1111 non
865 1053 1026 1119 facit,
1062 1063 1222 1124 negat
1248 1069 1438 1124 genus,
1463 1053 1694 1110 Domino
1791 1060 1902 1107 stus
1922 1052 1976 1107 in
1997 1051 2281 1124 primordio
2301 1052 2554 1108 sermonis
2585 1052 2667 1106 sui
2700 1060 2972 1108 accusator
2999 1052 3176 1107 existit
3205 1049 3390 1124 (Prov.

125 1153 188 1210 sic
211 1151 470 1206 docente:
506 1147 568 1204 Si
589 1149 689 1221 ﬁlii
709 1147 935 1204 Mra/ia:
953 1149 1150 1214 essetis,
1175 1165 1332 1220 opera
1361 1145 1584 1202 Abralue
1611 1148 1696 1219 {a-
1795 1161 1940 1212 xvm,
1962 1146 2121 1219 juxta
2150 1144 2347 1218 LXX).
2389 1143 2459 1201 Et
2481 1145 2526 1200 si
2542 1144 2752 1215 justus,
2784 1159 2953 1216 quare
2989 1159 3050 1202 se
3085 1143 3264 1215 justus
3302 1159 3397 1202 ao-

127 1243 279 1302 ceretis
305 1239 488 1312 (Ioan.
516 1241 648 1312 vui).
709 1240 802 1296 llle
845 1240 1003 1296 fidem
1032 1240 1247 1310 generis
1289 1238 1514 1310 probat,
1546 1237 1574 1277 δ
1601 1238 1695 1308 qui
1795 1241 1981 1297 cusat?
2037 1239 2163 1312 quia
2221 1257 2328 1296 non
2384 1239 2771 1311 justificabitur
2828 1239 2884 1294 in
2946 1247 3239 1310 conspectu
3297 1246 3396 1297 tuo

133 1333 312 1408 paterni
341 1334 528 1404 operis
556 1341 796 1389 assertor
823 1332 1045 1388 assistit.
1085 1331 1192 1387 Sed
1219 1331 1347 1402 quid
1376 1331 1507 1386 dicit
1532 1328 1699 1386 Abra-
1795 1334 1972 1390 omnis
1997 1335 2187 1390 vivens
2225 1332 2398 1405 (Psal.
2428 1332 2583 1403 xm).
2645 1331 2820 1388 Homo
2851 1346 3034 1388 coram
3074 1330 3297 1388 homine
3323 1329 3394 1389 de

126 1427 264 1485 ham?
290 1424 421 1490 Fili,
455 1427 692 1498 recepisti
713 1425 847 1482 bona
874 1427 930 1480 in
961 1425 1065 1480 vita
1088 1433 1194 1480 tua.
1235 1422 1293 1480 Si
1315 1431 1522 1479 tantum
1555 1422 1694 1478 divi-
1790 1425 1997 1498 justitia
2016 1467 2031 1494 ,
2071 1426 2140 1483 de
2165 1426 2491 1491 innocentia,
2522 1425 2590 1482 de
2619 1425 2812 1480 merito
2836 1422 3062 1481 forsitan
3089 1423 3391 1495 glorietur;

124 1521 180 1577 tis
213 1518 361 1589 hujus
410 1519 557 1575 istud
602 1527 688 1576 est
731 1520 934 1576 crimen
959 1561 974 1586 ,
1024 1519 1152 1589 quia
1202 1531 1224 1558 ο
1275 1519 1482 1590 recepit
1518 1519 1693 1586 bona;
1797 1535 1982 1576 coram
2013 1519 2127 1576 Deo
2155 1519 2249 1589 qui
2275 1534 2336 1575 se
2367 1519 2435 1575 de
2464 1518 2774 1574 innocentia
2796 1515 2998 1587 jactat,
3029 1516 3096 1572 de
3117 1531 3213 1572 sua
3231 1515 3394 1587 justi~

127 1619 354 1682 quantum
389 1625 516 1666 reus
539 1652 556 1677 ,
597 1611 688 1681 qui
719 1611 924 1666 invadit
951 1609 1226 1666 indebita?
1272 1609 1330 1666 Si
1360 1618 1569 1666 tantum
1591 1609 1697 1666 cri-
1799 1611 1871 1667 tia
1901 1612 2168 1682 gloriatur
2197 1612 2362 1668 homo
2392 1627 2498 1668 non
2521 1619 2624 1667 εει.
2658 1608 2796 1666 Hinc
2824 1616 2929 1675 est,
2959 1607 3106 1680 quod
3135 1609 3225 1666 ille
3257 1607 3396 1666 Pha-

125 1708 333 1762 minosus
359 1705 457 1775 qui
487 1721 585 1760 sua
629 1705 864 1770 claudit,
914 1705 1008 1775 qui
1038 1720 1147 1760 non
1189 1704 1415 1774 largitur
1454 1713 1693 1775 accepta,
1797 1703 1987 1758 risreus
2015 1719 2137 1759 cum
2177 1719 2286 1759 non
2313 1711 2434 1759 orat
2456 1745 2471 1768 ,
2517 1701 2612 1758 sed
2651 1701 2890 1772 justitias
2925 1715 3051 1757 suas
3089 1707 3389 1772 computat,

133 1815 263 1872 quam
290 1799 525 1872 pcenalis
553 1807 656 1863 est,
688 1799 780 1869 qui
809 1805 866 1854 et
892 1799 1005 1854 suis
1032 1797 1272 1864 incubat,
1301 1805 1355 1852 et
1376 1797 1551 1854 aliena
1576 1813 1698 1868 per-
1799 1797 2057 1868 imputat,
2089 1806 2298 1865 ructat,
2330 1795 2561 1866 injustas
2597 1803 2653 1851 et
2679 1794 2970 1867 publicano
3001 1793 3240 1850 deterior
3267 1793 3396 1849 abs-

125 1895 272 1950 ιιιίὶιῖ
294 1892 534 1961 Fratres,
560 1893 750 1950 demus
777 1901 982 1957 nostra,
1006 1893 1050 1948 si
1074 1901 1253 1948 tamen
1271 1891 1686 1960 nostra;demus
1716 1887 1764 1950 B
1789 1891 1931 1948 cedit
1979 1891 2128 1964 (Luc.
2163 1891 2332 1964 xvm).
2384 1890 2489 1948 Sed
2519 1889 2838 1948 accedamus
2880 1887 2948 1944 ad
2977 1889 3206 1959 reliqua.
3240 1885 3398 1944 Nunc

126 1997 272 2042 tamen
316 2001 445 2058 qua:
484 1995 736 2058 putamus
764 1996 978 2054 nostra;
1019 1986 1253 2042 vitemus
1280 1985 1455 2041 aliena
1479 2027 1496 2052 ,
1524 1984 1695 2041 decli-
1798 1995 1969 2040 autem
1995 1984 2078 2039 hic
2107 1984 2420 2051 consolatur,
2461 1984 2576 2050 ait,
2627 1994 2680 2038 tu
2715 1999 2832 2038 vero
2873 1981 3142 2037 cruciaris.
3184 1979 3396 2047 Videte,

125 2094 282 2136 nemus
318 2088 616 2146 extranea;
647 2085 795 2136 certe
834 2079 880 2136 si
921 2079 1008 2136 cui
1038 2077 1240 2149 aliquid
1283 2078 1534 2142 tulimus,
1584 2086 1698 2134 tota
1797 2076 2010 2145 fratres,
2067 2077 2366 2146 intelligite,
2399 2075 2611 2142 fratres,
2653 2090 2722 2131 ex
2766 2075 2852 2130 his
2895 2087 3018 2145 quae
3053 2072 3198 2130 dicta
3245 2079 3394 2140 sunt,

126 2173 372 2230 celeritate
391 2174 712 2230 reddamus:
745 2189 816 2230 ne
836 2174 926 2230 hic
947 2173 1318 2244 relinquentes
1340 2171 1542 2237 omnia,
1571 2171 1698 2228 illuc
1797 2171 1924 2241 quia
1958 2168 2134 2239 justos
2167 2177 2222 2224 et
2268 2167 2496 2238 iniustos
2520 2167 2622 2224 etsi
2658 2165 2677 2206 τ
2707 2165 2964 2223 discretio
2985 2164 3257 2228 locorum,
3289 2177 3398 2218 una

130 2281 264 2322 censu
299 2281 594 2338 pauperes,
624 2267 852 2322 crimine
897 2265 1112 2332 divites,
1157 2265 1227 2320 ad
1275 2265 1434 2320 istum
1461 2263 1700 2320 divitem
1801 2272 1983 2319 tamen
2015 2261 2207 2319 inferni
2237 2261 2413 2318 adhuc
2429 2261 2582 2331 regio
2610 2258 2954 2325 continebat;
2985 2265 3149 2328 atque
3175 2270 3271 2312 eos
3297 2255 3400 2312 etsi

127 2358 472 2430 perducamur.
498 2359 678 2416 Discat
701 2368 882 2415 tamen
911 2357 1064 2415 dives
1083 2358 1211 2429 quia
1240 2353 1268 2395 ιι
1290 2357 1500 2427 recepit
1529 2355 1693 2423 bona,
1801 2357 1968 2414 chaos
2010 2354 2120 2425 jam
2164 2367 2439 2424 magnum,
2491 2352 2727 2408 nondum
2756 2359 2939 2407 tamen
2968 2348 3208 2407 caelestis
3245 2347 3402 2404 habi-

127 2466 211 2506 non
248 2452 481 2524 accepit.
542 2451 785 2519 Videtis,
816 2450 1048 2516 fratres,
1079 2451 1205 2522 quia
1252 2450 1481 2506 Abrahae
1527 2452 1700 2508 sancti
1802 2452 1938 2507 tatio
1976 2449 2294 2522 separabat;
2338 2456 2394 2505 et
2433 2448 2482 2504 si
2524 2446 2798 2503 dividebat
2842 2445 2964 2502 illos
3005 2444 3185 2500 hiatus
3209 2442 3399 2511 tristis,

125 2543 261 2600 verbo
285 2544 444 2600 istius
471 2543 653 2600 divitis
674 2544 885 2599 animus
905 2542 1177 2613 proditur,
1208 2556 1401 2598 sensus
1429 2541 1696 2611 arguitur,
1804 2544 2041 2600 nondum
2075 2552 2256 2598 tamen
2297 2541 2555 2612 deputata
2600 2539 2852 2610 superius
2896 2536 3104 2607 angelis
3149 2533 3400 2590 altitudo.

128 2637 402 2694 intellectus
431 2637 673 2708 punitur,
717 2635 809 2706 qui
856 2651 967 2692 nou
1009 2635 1113 2692 sibi
1141 2633 1302 2700 data,
1349 2633 1444 2689 sed
1484 2631 1699 2688 reddita
1806 2646 1832 2686 ι
1861 2635 2134 2691 Flammea
2163 2634 2439 2704 romphaea
2473 2632 2635 2704 (sicut
2655 2629 2937 2700 legislator
2956 2625 3143 2701 refert)
3164 2624 3402 2698 paradisi

129 2729 320 2786 credidit
347 2744 704 2800 quaecumque
747 2728 977 2785 Domino
1013 2728 1277 2798 largiente
1305 2726 1567 2798 possedit.
1611 2725 1700 2781 ln-
1800 2730 2121 2786 volvebatur
2149 2729 2202 2784 in
2227 2727 2413 2798 janua,
2447 2741 2515 2781 ne
2544 2725 2671 2780 illuc
2690 2722 2898 2779 homini
2926 2718 2955 2759 ιι
2975 2728 3188 2792 pateret
3217 2733 3402 2776 acces-

129 2823 318 2893 telligite
339 2839 451 2894 quo
475 2840 638 2880 sensu
667 2823 969 2892 incesserit,
995 2837 1106 2894 quo
1129 2822 1294 2880 corde
1319 2822 1697 2890 ambulaverit,
1802 2839 1895 2879 sus
1925 2821 2078 2896 (Cen.
2106 2819 2184 2893 ιιι)
2208 2839 2220 2874 :
2243 2820 2402 2876 aereis
2423 2807 2622 2889 januis‘
2635 2825 2693 2872 et
2727 2814 2918 2872 ferreis
2964 2813 3204 2870 vectibus
3229 2818 3402 2884 portae

129 2916 201 2984 qui
219 2915 382 2971 Deum
409 2916 514 2972 sibi
549 2916 780 2972 credidit
806 2915 1130 2980 debitorem,
1163 2923 1219 2970 et
1245 2914 1522 2970 dominum
1543 2929 1700 2970 suum
1802 2914 1961 2972 inferi
1986 2915 2251 2971 obserata:
2276 2910 2684 2975 claudebantur,
2718 2923 2788 2964 ne
2810 2906 3110 2972 animabus,
3135 2919 3256 2975 quae
3276 2903 3402 2960 illuc

129 3006 241 3062 male
273 3007 426 3064 dives
454 3009 633 3064 usuris
669 3009 781 3064 suis
811 3007 1018 3064 addixit
1060 3007 1354 3064 obnoxium
1386 3025 1400 3061 :
1445 3007 1702 3078 ignorans
1797 3007 2016 3078 iactatae
2055 3006 2269 3062 fuerant
2305 3003 2373 3059 de
2399 3002 2677 3073 supernis,
2711 3001 2852 3056 ullus
2890 3007 3106 3071 pateret
3131 3011 3400 3067 egressus.

130 3103 230 3172 quia
274 3103 554 3169 Dominus,
602 3105 706 3161 etsi
767 3120 977 3177 pauper
1016 3104 1237 3162 incessit
1283 3106 1336 3161 in
1393 3114 1537 3160 terra
1561 3144 1577 3173 ,
1615 3104 1699 3159 di-
1802 3098 1935 3154 Nam
1975 3105 2032 3154 et
2073 3095 2494 3168 chirographum
2543 3092 2754 3164 paterni
2800 3089 3004 3156 debiti,
3055 3088 3201 3160 quod
3239 3085 3404 3143 morti

129 3209 203 3250 res
233 3203 412 3253 tamen
453 3196 701 3252 ascendit
749 3197 805 3252 in
843 3198 1060 3254 coelum.
1130 3196 1199 3252 Et
1233 3196 1382 3253 dedit
1419 3197 1508 3251 ille
1531 3238 1545 3263 ,
1588 3211 1698 3252 non
1802 3191 2043 3261 singulos
2072 3189 2380 3259 adjiciebat,
2412 3186 2552 3259 stylo
2578 3184 2750 3256 culpae
2789 3191 2844 3239 et
2864 3189 3048 3237 reatus
3075 3180 3242 3252 ipsius
3265 3186 3404 3232 atra-

129 3290 313 3359 aacepit
359 3289 411 3344 in
460 3288 679 3356 fenore,
725 3289 818 3360 qui
864 3289 1013 3346 dedit
1057 3290 1153 3345 uni
1195 3291 1436 3360 quinque
1475 3289 1698 3354 talenta,
1729 3286 1777 3352 C
1806 3294 1990 3342 mento
2034 3282 2322 3338 tenebatur
2367 3279 2693 3350 ascriptum,
2735 3283 2791 3332 et
2836 3274 2902 3330 ad
2949 3272 3154 3330 sobolis
3202 3286 3402 3326 noxam

131 3380 203 3435 alii
233 3381 368 3447 duo,
410 3382 502 3437 alii
540 3399 748 3449 unum;
801 3382 946 3438 unde
984 3389 1040 3438 et
1077 3382 1348 3454 promittit
1381 3397 1441 3438 se
1479 3389 1703 3438 exactu-
1807 3379 1976 3436 multa
2005 3385 2310 3446 temporum
2359 3371 2613 3428 currebat
2651 3384 2832 3425 usura.
2874 3366 2985 3422 Nec
3021 3372 3138 3420 erat
3176 3363 3402 3454 idoneus

131 3486 247 3536 rum,
283 3489 381 3528 non
404 3473 738 3530 redditurum
760 3491 1003 3540 usuram,
1035 3453 1157 3531 cum
1186 3474 1318 3530 dicit
1349 3473 1416 3529 ad
1442 3490 1657 3530 servum
1687 3491 1700 3526 :
1804 3472 1898 3544 qui
1928 3469 2237 3542 paradisum
2259 3465 2534 3528 introiret,
2571 3461 2841 3517 flammam
2871 3457 3239 3525 exstingueret
3265 3453 3403 3509 divi-

132 3564 270 3620 εει-ιε
295 3583 511 3634 nequam
537 3577 589 3624 et
608 3570 771 3641 piger,
805 3569 1033 3624 dedisses
1053 3569 1327 3641 pecuniam
1348 3585 1515 3624 meam
1545 3586 1701 3625 num-
1805 3565 1954 3622 nitus
1993 3562 2292 3618 institutam
2316 3599 2332 3625 ,
2363 3565 2459 3612 aut
2487 3553 2724 3626 aperiret
2745 3551 2940 3622 januas
2972 3545 3164 3641 inferni
3185 3545 3403 3641 coalitus

131 3657 374 3721 alariis,
417 3669 470 3714 et
509 3637 619 3732 ego-
643 3637 929 3728 venissem,
971 3670 1022 3716 et
1054 3637 1346 3733 exegissem
1379 3677 1495 3715 eam
1531 3662 1706 3734 utique
1805 3657 2106 3722 obseratas,
2138 3660 2232 3710 aut
2253 3651 2488 3708 solveret
2527 3643 2962 3716 chirographum,
2994 3637 3236 3734 quodﬂin
3274 3653 3400 3693 arca

133 3765 227 3804 cum
252 3751 420 3806 usuris
450 3729 668 3823 (Matth.
703 3753 856 3818 xxv).
890 3750 1027 3808 Hinc
1046 3729 1224 3808 autem
1248 3753 1370 3824 plus
1397 3753 1595 3824 impius
1616 3729 1701 3809 di-
1805 3749 1966 3822 legali
2011 3748 2108 3803 Dei
2151 3752 2422 3818 przecepto
2465 3740 2748 3797 tenebatur
2797 3735 3083 3792 inclusum.
3141 3729 3280 3789 Hinc
3317 3737 3402 3786 est

132 3855 208 3896 ves
241 3841 354 3908 iste,
398 3841 526 3912 quia
571 3857 680 3897 non
721 3842 774 3897 in
804 3842 968 3898 alium
1008 3844 1129 3915 pius
1175 3843 1385 3898 exstitit
1421 3862 1434 3898 :
1465 3845 1561 3915 qui
1600 3845 1703 3900 etsi
1803 3844 1950 3916 quod
1979 3844 2093 3915 ipsc
2119 3841 2400 3904 Dominus,
2431 3835 2592 3909 primi
2620 3830 2876 3894 hominis,
2903 3829 2959 3885 id
2986 3835 3088 3894 est,
3120 3834 3404 3883 contuma-

133 3933 310 4004 recepit
355 3933 499 3989 bona
523 3975 539 4002 ,
585 3949 695 3990 non
725 3949 826 4006 pro
863 3934 1022 3990 bonis
1060 3935 1237 4000 bona,
1286 3936 1380 3992 scd
1409 3953 1508 4008 pro
1547 3938 1704 3993 malis
1801 3938 1883 3994 cis
1911 3935 2075 4002 servi,
2109 3931 2388 3990 cxsulator
2417 3927 2666 3993 advenit;
2707 3925 2822 3996 ipse
2845 3921 3102 3977 Dominus
3122 3920 3214 3990 qui
3245 3919 3405 3974 obse-

134 4025 251 4082 boua
271 4028 474 4099 recepit
507 4027 778 4096 indignus.
823 4027 933 4084 Sed
965 4037 1301 4084 transeamus
1321 4029 1386 4084 ad
1417 4027 1698 4097 Lazarum,
1801 4029 1944 4087 ravit
1981 4027 2320 4101 paradisum,
2351 4021 2446 4094 qui
2481 4019 2677 4076 clausit
2720 4015 2985 4071 infernum
3005 4053 3020 4078 ,
3053 4011 3120 4068 ad
3151 4019 3322 4066 terras
3349 4020 3403 4065 et

134 4129 178 4172 et
193 4133 484 4189 quzeramus
511 4121 640 4191 quid
669 4129 753 4178 est
779 4121 926 4192 quod
953 4122 1084 4178 dicit
1121 4140 1134 4176 :
1187 4121 1256 4177 Et
1294 4122 1527 4178 Lazarus
1556 4125 1702 4179 simi—
1804 4125 1871 4180 ad
1901 4122 2104 4180 inferos
2133 4129 2247 4176 tota
2291 4122 2562 4189 potestate
2590 4109 2908 4172 descendit,
2945 4113 3001 4160 ut
3043 4118 3269 4160 accensa
3301 4117 3400 4158 ex-

133 4213 228 4267 liter
250 4216 435 4286 recepit
462 4213 623 4269 mala.
665 4213 734 4269 Et
766 4214 819 4270 id
859 4213 1093 4270 sufficiat
1120 4215 1190 4271 ad
1221 4215 1500 4280 meritum,
1527 4217 1700 4271 abnn-
1801 4220 2132 4288 stingueret,
2164 4213 2346 4270 clausa
2375 4207 2621 4279 protinus
2665 4202 2932 4274 aperiret,
2969 4194 3292 4268 protoplasti
3320 4192 3400 4248 fa-

134 4305 210 4361 dct
234 4307 292 4361 ad
321 4309 570 4377 gloriam,
594 4309 642 4364 si
673 4324 780 4364 non
813 4308 938 4365 fecit
983 4309 1159 4372 bona,
1185 4310 1280 4365 sed
1310 4309 1516 4380 recepit
1537 4310 1697 4365 mala.
1801 4312 1958 4368 ciuus
2001 4307 2263 4363 aboleret.
2324 4301 2461 4356 Hinc
2502 4305 2584 4354 est
2625 4293 2772 4365 quod
2814 4291 3037 4346 arietem
3075 4303 3186 4344 suae
3227 4289 3402 4380 crucis

136 4392 273 4454 Plane
297 4400 489 4456 beatus
509 4409 624 4465 est,
657 4401 852 4456 fratres
870 4443 884 4464 ,
918 4400 1012 4471 qui
1039 4417 1100 4457 se
1127 4417 1158 4456 a
1181 4401 1292 4457 Deo
1325 4379 1574 4473 accipere
1602 4403 1701 4458 bo-
1801 4409 1987 4475 portat
2015 4411 2363 4468 aggressurus
2393 4390 2695 4452 infernum,
2719 4393 2779 4440 ιιι
2799 4390 3048 4440 conterat
3077 4389 3141 4475 et
3161 4379 3401 4475 confrin-

133 4504 208 4558 na,
236 4501 256 4530 ο
283 4493 422 4549 mala
458 4494 703 4565 recipere.
731 4492 959 4550 fideliter
996 4493 1184 4551 credit.
1238 4472 1559 4567 Beatusiqui
1587 4496 1700 4553 Deo
1802 4472 1894 4565 gat
1934 4493 2080 4564 ipsas
2124 4487 2310 4544 tartari
2345 4487 2542 4556 januas
2585 4495 2693 4535 tere
2733 4475 2998 4540 munitas,
3033 4481 3089 4531 et
3117 4472 3280 4529 ferro.
3325 4472 3400 4529 De

134 4599 318 4658 semper
355 4588 538 4644 reddit
582 4587 801 4645 debita:
841 4597 990 4646 certe
1018 4591 1203 4645 sinon
1234 4599 1434 4661 potest,
1485 4591 1567 4646 vel
1617 4590 1700 4646 di-
1803 4588 1973 4644 latere
2021 4581 2195 4639 fundit
2233 4593 2427 4649 aquam
2454 4617 2470 4642 ,
2519 4580 2579 4628 ut
2627 4568 2866 4643 paradisi
2911 4568 3057 4661 viam
3097 4575 3401 4661 temperet;

133 4657 248 4734 mitti
284 4680 385 4736 sibi
414 4681 596 4736 debita
636 4689 750 4736 tota
779 4680 1084 4737 humilitate
1116 4657 1376 4752 deposcat
1399 4722 1414 4746 ,
1449 4682 1564 4752 ipso
1593 4682 1701 4738 Do-
1728 4675 1782 4736 D
1807 4681 1986 4748 ignem
2015 4693 2083 4732 ex
2111 4681 2264 4747 parte
2299 4676 2611 4726 sanctorum
2640 4663 2947 4732 exstinguat
2975 4657 3197 4724 inferni,
3229 4665 3404 4714 totum

195 4866 216 4932 .'
247 4860 409 4932 ᾼιίῖιδν
444 4869 764 4932 ρενηιαηεαιο
991 4927 1019 4932 _
1804 4865 1989 4932 autem
2042 4859 2127 4911 est
2182 4845 2622 4932 gratis-aliquid.
2642 4931 2647 4932 γ
2667 4843 2747 4932 ab
2782 4841 2993 4932 aliqua-
3017 4833 3404 4932 habet-fagi

196 4928 217 4966 ¹³
444 4907 824 5001 ῗεεῖἶιῖιῖιεέχ
846 4945 947 4984 ms.
981 4927 1187 4986 Censen.
1292 4999 1300 5001 _
1383 4997 1426 5001 Α
1529 5000 1534 5001 ί
1803 4907 2159 5001 ἧῖιὸξ-ίειῖὐιιι
2183 4907 2277 5001 est
2328 4919 2431 5001 sibi
2478 4907 2775 5001 vindicare.
2834 4907 3225 5001 Diveshalttgunt
3261 4907 3403 5001 Ἥξει

199 5009 226 5073 ε.
247 4976 417 5056 ῑιῖἐῐᾶ
436 4976 1233 5072 ἑὲὲὶεὶζίἷυῖιῖζιῖὲιῖιὶιῙρὲἷῷὲὶε
1259 4997 1698 5073 significationes,
1804 4976 2435 5073 ὖῦξᾶάεῇἆίίροιῐιὶιιο
2487 4987 2751 5058 largiente
2771 5024 2784 5049 ,
2838 4999 2944 5039 non
3001 4979 3230 5035 Domino
3277 4976 3404 5031 red-

139 5071 257 5144 varia
275 5074 616 5144 esplicantur
635 5063 960 5144 ab'Auctorc
975 5063 1139 5144 animi
1156 5063 1334 5126 sensa.
1362 5071 1459 5144 llic
1480 5063 1704 5144 recipere
1806 5063 1990 5144 dente:
2030 5066 2111 5121 Ex
2145 5063 2290 5144 Mita.
2505 5129 2540 5144 μ
2601 5127 2614 5140 ο
2686 5135 2701 5144 Δ
2810 5121 3125 5144 “HLA”
3176 5116 3317 5144 MA"

140 5116 1704 5216 ίιῖίέξρῑξῖδξςξξῖιᾱιῑέῑῑᾷὲίξίιΓίίῖίῑεῑνςιῑξιιςιῑιξιτεῖέιῑξιῑ
1807 5116 2374 5216 ννῖζιίοξξεῖε-ρίιω
2417 5116 3408 5216 mags1......ﬂammigare:

140 5199 368 5286 abimpp.
421 5213 647 5270 Valente
684 5199 1073 5286 et'Valentinq
1125 5199 1265 5286 unde
1305 5213 1571 5268 habentur
1596 5213 1703 5268 cri—
1809 5211 1984 5286 credit
2027 5209 2112 5264 his
2159 5223 2190 5262 a
2236 5205 2350 5262 Deo
2395 5200 2646 5275 opprimi,
2693 5208 2967 5266 tamquam
3011 5199 3409 5246 amantissimus

141 5285 257 5341 mina
282 5282 650 5356 receptorum,
683 5300 869 5339 eorum
899 5285 1106 5341 scilicet
1132 5285 1224 5353 qui
1255 5285 1426 5356 fures,
1457 5293 1704 5354 raptores
1811 5282 2011 5356 filius_a
2041 5289 2215 5356 patre.

141 5338 918 5421 etV'c—zeteros'm—alefactores,fut
939 5338 1240 5421 occulte-nt,
1277 5338 1425 5424 apud.
1459 5338 1535 5410 se.
1565 5338 1705 5410 reei-
1892 5352 1910 5392 ί
1955 5353 2030 5407 De
2043 5338 2146 5425 '_iis
2188 5349 2322 5405 locis
2349 5347 2416 5403 de
2444 5343 2644 5425 quibus
2664 5338 3067 5425 glirysologus.
3103 5338 3257 5404 juxta
3281 5344 3408 5387 san--

139 5427 287 5550 piunt,
312 5437 372 5511 ut
394 5427 450 5482 fl".
478 5427 548 5509 de
571 5425 792 5497 Recept.
817 5413 873 5509 et
995 5427 1062 5482 de
1093 5427 1176 5482 his
1199 5413 1290 5494 qui
1314 5413 1542 5507 Latron.
1571 5435 1626 5481 et
1651 5426 1706 5509 in
1814 5433 2026 5482 ctorum
2053 5421 2270 5477 Patrum
2301 5413 2537 5501 mentem
2561 5414 2687 5469 alibi
2714 5413 3082 5468 disseruimus.

179 5513 251 5550 an.
281 5497 426 5550 Sicut
461 5497 634 5550 aude
670 5495 968 5550 Haeretrcrs.
1017 5497 1142 5550 Ideo
1183 5505 1434 5550 reccmsti
1471 5497 1613 5550 bona
1653 5514 1707 5550 in
1891 5505 1916 5544 κ
1959 5493 2285 5549 Flammeum
2323 5490 2554 5550 cladium
2600 5484 2765 5540 habet
2791 5481 3020 5550 Vulgata
3060 5492 3082 5548 ι

179 5471 548 5554 ἔπεἷὲιὶἱάἶῖ
565 5471 968 5554 ἱιέἲῖἕέἆῖεὲ
996 5471 1437 5566 Ὶῖιέῖἐὲὲὲιῖἶξὶἱ
1454 5471 1625 5552 “tan;
1651 5471 1707 5551 ἓὶί
1816 5471 2554 5566 ”’”κ““ᾔὶαῆιῆεἶὶἧιξᾷἰάὶιξξιηι
2600 5484 2765 5540 habet
2791 5481 3020 5551 Vulgata
3060 5490 3161 5548 pro
3199 5471 3411 5528 flamma

141 5568 230 5638 vita
255 5579 361 5634 tua,
385 5577 470 5625 est
493 5567 634 5624 idem
663 5583 727 5624 ac
753 5569 797 5624 si
827 5569 1031 5625 diceret
1062 5587 1074 5621 :
1110 5567 1249 5630 Tibi,
1275 5559 1485 5638 tuisque
1509 5568 1710 5638 impro-
1817 5567 1872 5622 in
1891 5566 2129 5638 figuram
2155 5559 2703 5638 glarlij'cOIiformaLa.
2893 5632 2906 5638 _
2978 5621 2988 5634 .

142 5634 212 5708 bis
225 5616 646 5708 usi-busjceteris
667 5616 1711 5704 οὲἑιίιιρὶῐιῖξΒδεὶαίῖὲὲὲιῖξόζὶῐἰιὶἷὶῖέ-
1890 5616 2239 5708 li1)ijhauriat?
2280 5616 2594 5708 Origenes...
2626 5626 2932 5708 Qomme‘nt.
2964 5621 3030 5704 .in
3057 5616 3416 5708 infigit}!!!

143 5693 1148 5834 Ingeniosiushanverius,aliivideant.
1177 5693 1450 5772 Ἃπὲλαϐες
1477 5693 1566 5765 hic
1596 5725 1705 5765 non
1819 5708 1951 5765 edit.
1984 5705 2160 5762 Huetii
2179 5747 2195 5771 ,
2226 5719 2350 5776 pag.
2376 5693 2471 5767 '36,
2507 5699 2600 5756 ubi
2638 5699 2799 5754 docet
2840 5693 3134 5776 feliciorem
3162 5703 3284 5771 esse
3313 5702 3415 5741 no-

146 5791 200 5834 so
219 5797 296 5834 um
338 5783 595 5834 recepisti.
640 5781 737 5834 sed
770 5781 918 5834 plene
952 5782 1194 5834 accepisti
1227 5781 1513 5834 significat.
1815 5789 1986 5834 stram
2015 5777 2380 5833 conditionem
2403 5815 2418 5834 .
2446 5787 2609 5834 quam
2635 5783 2824 5826 eorum
2868 5781 2961 5834 qut
2989 5769 3114 5834 ante
3141 5757 3415 5834 Christum

146 5757 1565 5854 Elig'};22pi£'zi;'séh"pzé}ie'
1815 5757 2423 5854 strain—conditio_n3nt_,_
2446 5757 2609 5843 quam
2635 5783 2824 5854 eorum
2868 5757 3418 5854 qui‘alutsgltLiS-lglll

203 5831 627 5925 "id
641 5831 757 5908 ’ὲξι
771 5831 1708 5925 νιξδῆξι-,Ἶίῖι--ειῖᾜοιιιίηο
1813 5831 2094 5916 vixerant;
2123 5831 2622 5925 quod_nulli_e'orum
2653 5831 3415 5925 datmn‘sit,_ﬁgtt_tgt_t‘vil¢

147 5909 454 5980 reddatcuin
482 5909 690 5990 fenore,
723 5924 811 5980 vel
840 5922 1168 5995 pauperibus
1199 5909 1402 5993 eroget.
1465 5923 1709 5993 Accipere
1817 5930 1931 5977 erat
1949 5909 2314 5992 praetergredi,
2337 5926 2388 5971 ct
2409 5916 2707 5986 flammeum
2727 5909 2958 5984 gladium
2978 5909 3318 5995 pertransire.
