3878 6368
105 375 194 463 stt
1016 372 1033 382 ’
1483 383 1716 455 satiato
1751 381 1986 455 cxxrv.
3269 389 3380 462 sta

106 537 292 602 pauper
332 521 574 581 eseriens
617 527 724 578 non
765 520 1026 588 habebat;
1060 518 1316 596 pascebat
1344 518 1676 576 eblatrantes
1701 505 1748 582 Α
1779 515 1846 574 sit
1874 500 2040 598 semei
2070 519 2312 572 mortuus
2340 513 2480 572 vitm.
2509 505 2576 570 Et
2612 497 2842 602 sepultas
2862 497 2948 571 erit
2970 506 3024 602 in
3058 497 3266 588 inferno
3289 531 3306 569 :
3327 525 3380 572 et

106 597 380 694 pauperem
404 613 552 672 dives
577 607 792 670 ferculis
821 614 963 684 suis,
996 629 1200 685 pauper
1227 611 1536 670 vulneribus
1568 614 1681 670 suis
1780 609 1909 666 uidit
1935 607 2198 665 Abraham
2229 607 2294 662 de
2319 609 2487 681 longe,
2524 605 2578 694 et
2599 597 2862 663 Lazarum
2888 609 2944 663 in
2971 599 3094 664 sinit
3117 608 3248 694 ejus.
3274 604 3381 662 im;

105 689 364 769 saturabat
396 708 577 764 divitis
606 711 787 766 canes.
831 708 910 765 Ac‘
955 711 1021 766 ne
1065 708 1334 780 plurimis,
1367 703 1436 766 ad
1459 707 1680 766 divitem
1781 700 2010 757 mutatio
2061 701 2266 769 quanta
2320 691 2536 753 rerum!
2575 699 2684 770 quo
2722 695 3002 755 descendit
3046 689 3236 756 dives!
3268 699 3378 770 quo

106 805 228 860 bona
259 800 438 856 omnia
463 842 478 870 ,
511 802 576 857 ad
621 809 916 876 pauperem
952 801 1094 857 mala
1136 801 1315 858 omnia
1354 799 1680 872 perlegimus
1780 799 1990 866 pauper
2016 787 2256 848 ascendit
2281 782 2296 845 ε
2321 783 2560 863 Respicit
2583 785 2655 846 ibi
2677 801 2907 858 sursum,
2933 797 3094 862 quem
3114 789 3381 863 despatc-

107 883 435 971 provenisse;
470 912 644 968 neque
671 897 844 952 tamen
875 907 1164 968 pauperem
1187 891 1458 964 fregerunt
1485 889 1678 948 adver-
1779 893 1865 974 rat
1893 885 1982 942 hic
2009 885 2294 955 deorsum;
2345 889 2400 940 et
2444 877 2592 940 videt
2639 895 2762 939 "eum
2808 879 2877 940 de
2913 883 3125 941 inferi-to
3165 883 3222 941 iit
3257 883 3378 942 sm

106 1005 182 1052 sa,
211 989 298 1042 aut
327 987 482 1042 diviti
513 988 690 1043 omnia
712 980 944 1044 secunda
976 983 1292 1062 profuerunt
1317 1006 1329 1040 :
1363 986 1526 1044 immo
1550 1001 1681 1058 pau-
1781 979 2028 1049 Abrahae,
2054 991 2218 1051 quem
2231 979 2501 1062 iacentem
2523 991 2582 1035 se
2602 987 2788 1035 coram
2809 977 3044 1051 superbo
3065 979 3132 1036 de
3153 979 3380 1050 sigmale

107 1097 266 1158 perem
296 1082 550 1152 provexit
577 1071 642 1135 ad
689 1081 1084 1154 philosophiam
1118 1085 1433 1153 paupertas,
1473 1080 1542 1135 ad
1568 1081 1679 1135 vir-
1781 1083 1890 1130 non
1919 1071 2154 1129 videbat.
2200 1069 2364 1127 Pater
2409 1071 2704 1139 Abraham",
2752 1071 2996 1158 adserere
3035 1073 3156 1128 mei.
3206 1067 3381 1130 sum

109 1155 252 1233 tutem
291 1175 471 1243 dolor,
516 1175 857 1250 contemptus
900 1176 966 1232 ad
995 1176 1339 1250 patientiam,
1387 1175 1680 1232 necessitas
1779 1166 1917 1239 belli
1944 1180 1975 1221 ﬂ
2012 1171 2167 1237 Patre
2195 1161 2650 1230 misericordiam.
2681 1162 2844 1242 (illiilli
2886 1155 3178 1234 negaverat
3207 1159 3376 1224 fratri.

109 1267 164 1325 ad
185 1269 546 1335 voluntatem,
580 1249 746 1325 fames
776 1259 846 1323 ad
873 1249 1167 1342 ieiunium,
1204 1267 1321 1326 sitis
1350 1267 1416 1322 ad
1440 1267 1679 1322 toleran-
1782 1249 2033 1320 Miserere
2070 1265 2189 1320 mei.
2224 1264 2362 1332 Quid
2410 1251 2484 1319 illi
2532 1273 2653 1320 eum
2701 1253 3089 1330 miseriCordia,
3139 1263 3226 1319 cui
3267 1279 3380 1334 1am

110 1363 234 1428 tiam,
262 1361 330 1417 ad
350 1362 518 1418 vitam
549 1365 695 1417 mors
714 1403 728 1426 ,
763 1361 830 1416 ad
861 1362 1134 1434 praemium
1163 1377 1321 1433 pmna
1341 1401 1354 1425 ,
1389 1357 1456 1415 ad
1483 1361 1680 1418 coclum
1782 1367 1955 1416 totum
1984 1362 2145 1418 cessit
2165 1361 2218 1416 in
2241 1361 2496 1432 poenam?
2524 1360 2630 1416 Aut
2649 1373 2769 1431 qum
2791 1361 2864 1416 illi
2889 1360 3210 1432 supplicatio
3241 1357 3382 1434 apud

109 1461 249 1518 terra,
277 1459 495 1522 egestas
524 1443 592 1508 ad
621 1469 874 1524 regnum;
904 1453 959 1509 et
988 1450 1208 1509 divitem
1239 1453 1315 1509 sic
1345 1453 1534 1508 extulit
1562 1469 1683 1528 pur—
1780 1462 1992 1524 patrem
2019 1453 2220 1523 poterit
2249 1453 2536 1508 subvenire
2555 1494 2568 1518 ,
2612 1452 2698 1507 cui
2742 1452 2798 1506 in‘
2824 1452 2946 1506 sinu
2976 1441 3145 1522 patris
3181 1450 3382 1508 residet

109 1561 220 1622 pura
245 1545 308 1601 ad
330 1545 662 1618 superbiam,
705 1531 894 1618 byssus
927 1545 994 1601 ad
1021 1547 1241 1612 luxum,
1286 1537 1352 1601 ad
1373 1545 1678 1602 inhumani-
1783 1547 2098 1604 accusator?
2147 1545 2340 1602 Pectus
2377 1545 2548 1614 patris
2595 1543 2836 1600 Laz’ar‘us
2883 1553 3063 1610 tenet,
3118 1553 3173 1599 et
3212 1553 3382 1599 totam

110 1645 249 1693 tatem
293 1638 488 1709 copia,
528 1635 854 1696 abundantia
897 1637 963 1694 ad
1001 1639 1364 1711 impietatem,
1411 1639 1680 1710 unguenta
1781 1641 1954 1698 sancti
2001 1639 2182 1696 cordis
2241 1639 2421 1710 pulsat
2467 1638 2816 1708 aequitatem,
2869 1646 3138 1707 quatenus
3183 1651 3242 1692 se
3290 1633 3380 1692 lilii

110 1729 163 1785 ad
183 1745 506 1795 marcorem,
539 1731 607 1786 ad
645 1727 944 1789 caecitatem
979 1732 1253 1805 splendor,
1286 1731 1584 1789 sublimitas
1614 1731 1681 1789 ad
1781 1741 1990 1808 patrem
2030 1731 2190 1798 boni,
2223 1732 2350 1786 mali
2387 1723 2623 1802 judicent
2664 1736 2864 1786 servet.
2911 1721 3072 1784 Pater
3099 1727 3380 1796 Abraham,

110 1823 307 1880 ruinam.
349 1821 499 1892 Ergo
548 1841 723 1896 neque
760 1839 1016 1897 prospera
1061 1825 1283 1896 ignavos
1313 1827 1551 1896 erigunt,
1587 1842 1682 1884 ne-
1784 1829 2028 1883 miserere
2051 1826 2190 1880 mei:
2221 1831 2272 1878 et
2298 1825 2444 1878 mitte
2471 1822 2732 1877 Lazarum
2759 1829 2818 1876 ut
2846 1817 3074 1895 intingat
3099 1829 3384 1876 extremum

110 1929 194 1988 que
218 1913 384 1971 fortes
428 1917 652 1972 adversa
674 1923 1024 1992 prosternunt
1051 1939 1062 1972 :
1097 1919 1220 1990 quia
1252 1935 1426 1989 neque
1457 1918 1673 1988 divitia),
1711 1899 1754 1975 Β
1783 1919 1931 1992 digiti
1960 1919 2042 1974 sui
2069 1919 2120 1972 in
2153 1925 2319 1992 aqua,
2359 1925 2412 1970 et
2437 1915 2708 1989 refrigeret
2751 1913 2983 1987 linguam
3024 1927 3217 1981 meam,
3262 1915 3383 1987 quia

110 2023 256 2080 neque
301 2015 654 2082 paupertates
677 2055 692 2080 ,
742 2013 837 2069 sed
865 2014 1076 2069 animus
1112 2015 1204 2068 aut
1232 2013 1379 2069 ducit
1402 2021 1584 2084 gratos
1613 2001 1680 2068 ad
1786 2013 1988 2068 crucior
2014 2011 2068 2064 in
2099 2010 2196 2064 hac
2225 2005 2457 2080 ﬂamma.
2490 1997 2640 2063 Mitte
2672 2007 2935 2094 Lazarum
2978 2023 2996 2061 .'
3039 2013 3096 2061 tit
3138 2005 3253 2076 ipSe
3290 2005 3383 2075 qui

110 2103 380 2176 premium,
404 2111 497 2159 aut
525 2103 590 2160 ad
613 2109 830 2178 painam
858 2105 1074 2164 deducit
1097 2108 1353 2180 ingratos.
1390 2105 1575 2163 ianua:
1601 2107 1682 2162 di-
1784 2105 2055 2162 cruciatus
2075 2104 2182 2158 mei
2212 2117 2374 2158 causa
2399 2105 2498 2168 est,
2518 2100 2630 2171 jam"
2651 2098 2914 2169 refrigerii
2937 2101 3181 2155 minister
3200 2107 3383 2154 estre-

110 2199 210 2253 vitis
232 2205 441 2270 pauper
481 2197 771 2271 apponitur
810 2201 1078 2258 ulceribus
1106 2199 1328 2272 plenus:
1372 2217 1434 2256 ac
1477 2197 1533 2253 iit
1577 2195 1681 2256 hoc
1783 2217 1930 2259 mum
1964 2203 2116 2276 digiti
2146 2205 2228 2259 sui
2250 2203 2494 2260 solamen
2518 2201 2679 2257 modo
2721 2200 2836 2271 ipse
2874 2199 3134 2272 porrigat,
3167 2197 3254 2256 cui
3281 2201 3384 2268 ego

112 2307 196 2346 non
238 2289 480 2345 humano
512 2308 638 2346 casu
663 2333 678 2359 ,
727 2281 930 2362 judicio
961 2289 1018 2346 tit
1059 2293 1260 2358 divino,
1306 2299 1365 2347 ut
1403 2293 1582 2348 divitis
1627 2301 1682 2348 et
1777 2295 1980 2368 jacenti
2019 2313 2212 2352 manus
2240 2311 2376 2352 meae
2416 2294 2580 2350 totiUs
2609 2291 2861 2348 solatium
2903 2296 3029 2348 tunc
3067 2289 3278 2361 negasti.
3315 2285 3386 2344 Et

110 2369 329 2455 pauperis
361 2382 651 2438 conflictus
681 2384 825 2440 esset
865 2385 918 2438 in"
951 2390 1124 2450 terra,
1157 2385 1525 2456 spectaculum
1563 2400 1680 2438 ma-
1783 2391 1929 2445 mitte
1963 2387 2221 2445 Lazarum
2241 2398 2298 2444 ut
2319 2389 2545 2462 intingat
2565 2397 2850 2444 extremum
2872 2383 3020 2461 digiti
3040 2385 3123 2440 sui
3151 2386 3206 2439 in
3227 2393 3382 2458 aqua,

112 2471 234 2533 nerei
267 2479 318 2533 in"
352 2467 517 2534 caelo.
564 2477 720 2534 Dives
756 2483 900 2536 totus
923 2477 1138 2534 indutus
1167 2475 1475 2533 divitiarum
1505 2479 1684 2533 stabat
1783 2491 1833 2537 et
1863 2483 2131 2556 refrigeret
2169 2479 2401 2554 linguam
2439 2497 2626 2535 meam.
2660 2473 2782 2534 Sitit
2828 2477 3007 2550 itaque
3045 2479 3270 2546 guttam.
3293 2475 3386 2545 qui

110 2572 269 2638 armis;
323 2571 387 2626 et
440 2573 629 2627 contra
678 2571 885 2642 panper
925 2570 1141 2643 jacebat
1198 2572 1312 2642 ipsa
1360 2571 1584 2626 vestitus
1628 2569 1681 2625 in
1783 2575 1893 2630 vini
1925 2576 2072 2631 lacus
2101 2591 2222 2630 cum
2247 2589 2453 2646 pauper
2489 2573 2682 2640 sitiret,
2717 2565 2933 2638 ell'udit;
2975 2567 3034 2625 et
3068 2568 3210 2624 Stilla
3232 2565 3386 2638 digiti

110 2680 258 2729 carne,
291 2665 404 2720 nisi
432 2663 572 2720 forte
608 2663 774 2720 lorica
803 2671 920 2720 erat
955 2664 1063 2734 illi,
1097 2679 1260 2718 unum
1292 2663 1456 2719 totius
1484 2680 1681 2735 corpo-
1784 2668 2013 2724 extremi
2059 2665 2229 2725 credit
2275 2668 2535 2738 gehennae
2581 2653 2824 2722 ﬂammas
2869 2665 3244 2735 exstinguere,
3293 2662 3386 2733 qui

110 2756 170 2811 ris
197 2757 406 2812 vulnus.
451 2755 612 2813 Dives
658 2756 969 2812 morabatur
998 2763 1023 2794 ι
1054 2773 1333 2812 servorum
1379 2756 1435 2811 in
1481 2755 1679 2822 choris,
1782 2762 2050 2818 mensuris
2095 2778 2194 2836 per
2245 2757 2414 2816 totam
2461 2759 2606 2815 diem
2650 2757 2929 2815 ebrietatis
2970 2771 3079 2823 non
3127 2755 3386 2813 exstinxit

109 2863 283 2921 pauper
311 2857 515 2905 exntus
545 2855 668 2906 Cute
697 2849 945 2905 dolorum
993 2850 1223 2906 stimulis
1267 2851 1544 2919 agebatur.
1593 2847 1683 2904 Ja—
1784 2854 2051 2910 incendia.
2077 2851 2183 2910 Sed
2223 2851 2364 2908 hanc
2403 2847 2506 2909 sibi
2534 2859 2742 2922 guttam
2786 2843 2855 2906 ad
2893 2847 3230 2922 refrigerium
3268 2847 3387 2905 dari

110 2941 256 2999 ciebat
298 2941 604 3015 impietatis
654 2943 761 3000 tela
808 2943 986 3010 dives,
1035 2945 1282 3018 clypeum
1323 2943 1683 3000 miserationis
1783 2947 1934 3022 petit,
1969 2948 2036 3002 ad
2059 2943 2308 3004 ardorem
2337 2946 2592 3018 pauperis
2629 2947 2792 3016 quam
2821 2947 3064 3015 negarat.
3100 2931 3208 2998 ista
3234 2945 3388 3016 gutta

111 3034 311 3092 Lazarus
337 3038 688 3110 opponebat,
723 3035 1093 3094 crudelitatem
1116 3054 1270 3092 suam
1298 3037 1449 3093 dives
1477 3052 1680 3108 paupe-
1784 3050 1884 3107 est,
1911 3041 2079 3108 dives,
2103 3055 2224 3111 quae
2255 3049 2307 3096 te
2337 3029 2466 3095 facit
2489 3039 2791 3107 crudelem;
2816 3037 2916 3094 ista
2951 3037 3099 3107 gutta
3135 3041 3234 3104 est,
3267 3043 3388 3108 qua:

109 3131 168 3185 ris
197 3131 439 3186 vibrabat
489 3131 541 3186 in
571 3131 762 3186 vulnus
785 3173 799 3195 ,
847 3130 1202 3186 frustrabatur
1231 3129 1384 3186 diviti
1414 3130 1439 3168 δ
1467 3135 1682 3184 sontem
1785 3151 1846 3191 os
1886 3131 2076 3190 Lazari
2115 3150 2146 3188 a
2185 3135 2238 3189 te
2269 3139 2460 3203 negata
2491 3133 2745 3200 siccavit,
2788 3134 2914 3203 quia
2955 3131 3022 3187 ad
3051 3121 3388 3202 refrigerium

112 3224 309 3278 animam
333 3225 598 3295 pauperis
639 3221 839 3288 iobur.
873 3223 998 3294 quia
1036 3225 1266 3295 corpore
1295 3239 1353 3278 se
1377 3223 1678 3288 descrenle.
1785 3228 2031 3299 corporis
2059 3238 2114 3282 et
2152 3233 2301 3297 gutta
2343 3217 2573 3296 sufficit,
2605 3227 2660 3282 e‘t
2688 3225 2848 3284 mica.
2892 3211 3148 3298 Cupiens,
3191 3211 3385 3294 inquit,

111 3323 229 3370 totus
257 3317 509 3386 migravit
549 3316 602 3370 in
632 3317 893 3380 animam,
926 3321 981 3371 et
1007 3317 1213 3372 calcata
1243 3333 1404 3371 carne
1433 3316 1486 3370 in
1515 3315 1676 3386 spiri-
1706 3311 1751 3374 C
1781 3322 2010 3377 saturari
2032 3317 2414 3394 de‘micis,quar
2438 3309 2694 3373 cadebant
2709 3319 2774 3373 dé'
2796 3335 2992 3374 mensa.
3022 3311 3388 3394 spargebatur

111 3416 206 3464 ttun
229 3405 372 3467 totus
402 3411 638 3480 armiger"
667 3426 934 3481 supernus
963 3410 1224 3476 ascendit,
1271 3413 1339 3464 ne
1380 3409 1470 3464 ubi
1509 3405 1680 3480 possit
1781 3415 1954 3488 panis,
1987 3403 2308 3469 fundebatur
2330 3413 2532 3479 vinum,
2558 3419 2613 3468 et
2645 3407 2791 3484 quod
2813 3403 2881 3467 ad
2901 3417 3200 3467 extremam
3222 3410 3390 3468 vitam

114 3499 294 3557 cferire
349 3491 534 3558 divitis
583 3503 875 3559 crudelitas
915 3501 1199 3560 inveniret.
1262 3500 1341 3558 0b
1385 3499 1490 3559 hoc
1538 3503 1682 3558 enim
1781 3506 2036 3579 pauperis
2057 3497 2370 3576 negabatur,
2395 3501 2499 3560 ltoc
2527 3501 2698 3562 totam
2727 3497 2877 3558 diviti
2900 3493 3110 3580 peribat
3136 3503 3203 3558 ad
3232 3519 3388 3573 pont-

112 3599 268 3662 egerat
295 3596 440 3651 Deus
471 3597 529 3650 ut
550 3596 702 3651 dives
726 3596 997 3668 pauperis,
1030 3599 1237 3668 pauper
1259 3595 1435 3652 divitis
1465 3595 1516 3650 in
1548 3612 1680 3651 ocu-
1781 3618 1926 3674 pani.
1960 3599 2028 3655 Et
2068 3599 2211 3656 mitte
2253 3598 2532 3664 Lazarum,
2572 3608 2628 3652 ut
2668 3599 2894 3672 intingat
2930 3595 3212 3654 extremum
3243 3595 3390 3672 digiti

111 3677 163 3741 iis
195 3691 403 3760 semper
444 3695 658 3757 esSent,
695 3696 961 3761 quatenus
989 3690 1224 3746 vicissim
1254 3690 1356 3745 sibi
1399 3689 1558 3746 ambo
1584 3705 1682 3746 cu-‘
1783 3696 1863 3754 sui
1890 3693 1942 3748 in
1974 3711 2140 3767 aqua;
2182 3689 2234 3746 et
2280 3685 2551 3766 refrigeret
2596 3679 2830 3766 linguam
2871 3708 3056 3744 nteant.
3103 3679 3306 3759 LingUa
3337 3690 3404 3746 in.

111 3789 205 3833 ram
230 3771 292 3836 de
325 3782 479 3836 vario
508 3781 768 3850 languore
789 3785 1088 3852 praestaret.
1134 3780 1452 3852 Egrotabat
1481 3797 1684 3853 panper
1783 3786 1979 3860 capite,
2012 3779 2173 3856 caput
2203 3783 2359 3848 ntali;
2392 3783 2508 3854 ipsa
2532 3773 2758 3854 derogat
2786 3785 2979 3855 egeno.
3013 3777 3234 3837 insultat
3254 3796 3389 3853 pau-

113 3872 313 3944 corpore
338 3918 354 3940 ,
397 3880 579 3929 mente
627 3873 796 3930 dives.
856 3873 990 3930 Hinc
1031 3879 1115 3930 est
1153 3869 1298 3946 quod
1339 3873 1684 3930 diii'erebatur
1782 3879 1920 3952 peri,
1951 3879 2208 3950 pietatem
2231 3865 2410 3946 latrat,
2437 3871 2864 3932 misericordiam
2885 3873 3058 3947 carpit
3083 3893 3094 3928 :
3121 3871 3174 3930 et
3195 3874 3390 3930 merito

113 3967 217 4021 cura
239 3967 524 4038 pauperis.
557 3971 614 4023 ut
643 3965 792 4024 dives
833 3975 1072 4023 sumeret
1107 3965 1175 4023 de
1203 3969 1424 4022 vulnere
1465 3961 1684 4022 medici-
1785 3973 1958 4046 prima
1988 3982 2069 4028 est
2099 3971 2152 4028 in
2181 3962 2527 4041 gcltctmafin
2559 3967 2799 4024 cruciatu
2824 3967 3042 4040 praevia,
3074 3967 3180 4024 dux
3205 3983 3391 4038 poena-

115 4075 235 4127 nam,
265 4053 332 4116 de
360 4061 565 4131 gemitu
603 4061 1102 4132 compunctiOnem,
1135 4060 1204 4116 de
1231 4059 1481 4134 lacrymis
1510 4062 1683 4133 poeni—
1784 4082 1923 4130 runt,
1956 4063 2080 4136 quia
2112 4063 2227 4136 ipsa
2260 4061 2538 4118 interdixit
2567 4061 3000 4118 miscricordiam
3020 4103 3034 4127 ,
3079 4051 3168 4115 cui
3204 4053 3390 4115 datum

114 4149 328 4218 tentiam,
361 4153 430 4208 de
457 4153 716 4224 patientia
742 4152 1047 4226 exemplum
1071 4181 1088 4219 ,-
1118 4151 1184 4208 de
1209 4151 1349 4208 fame
1377 4153 1686 4209 misericor-
1783 4151 1960 4213 fuerat
1995 4153 2054 4212 ut
2083 4155 2319 4226 juberet.
2354 4151 2420 4210 Et
2449 4155 2696 4225 quamvis
2725 4153 2892 4208 series
2932 4151 3179 4210 lectionis
3207 4160 3262 4207 et
3300 4167 3389 4212 me

113 4243 264 4314 diam,
293 4247 362 4302 de
391 4247 478 4302 siti
505 4247 753 4316 sensum;
787 4247 854 4304 ad
882 4263 1148 4303 summam
1167 4291 1180 4315 ,
1230 4249 1452 4305 caeleste
1478 4247 1546 4306 de
1577 4258 1684 4304 ter—
1784 4245 2076 4321 compellat
2100 4251 2300 4315 dicere,
2326 4259 2380 4304 ct
2403 4265 2499 4305 vos
2520 4249 2709 4304 invitet
2727 4247 2936 4312 audire,
2961 4245 3052 4320 qui
3082 4243 3154 4302 sit
3179 4261 3386 4320 purpu-

113 4343 220 4392 ren’a
251 4340 630 4412 compassione
666 4341 998 4396 consortium
1025 4360 1037 4395 :
1068 4339 1216 4397 certe
1257 4351 1316 4397 ut
1351 4339 1514 4399 tantis
1535 4343 1684 4400 dives
1783 4355 1936 4404 ratus
1963 4345 2130 4408 dives,
2158 4344 2248 4416 qui
2278 4333 2348 4400 sit
2377 4335 2610 4398 Lazarus
2638 4349 2866 4412 pauper,
2891 4341 2983 4411 qui
3013 4341 3122 4396 sint
3149 4335 3388 4412 quinqué

113 4428 245 4487 bonis
265 4427 429 4489 fultus
450 4433 562 4489 Deo
582 4441 766 4503 gratus
788 4441 951 4499 esset,
976 4433 1192 4504 quando
1213 4444 1395 4505 gratus
1418 4433 1528 4491 Deo
1549 4453 1684 4510 pau-
1785 4438 1982 4494 fratres
2010 4437 2211 4502 divitis,
2237 4436 2514 4510 quomodo
2543 4444 2668 4492 ante
2692 4435 2834 4492 diem
2859 4433 3046 4507 iudicii
3077 4423 3228 4495 divos
3260 4450 3388 4494 cru-

113 4535 194 4592 per
211 4525 260 4578 in
283 4525 437 4580 malis
460 4526 948 4593 omnibus,vidente
968 4526 1151 4592 divite,
1177 4527 1547 4598 permanebat.
1572 4515 1684 4584 ille-
1785 4533 1957 4588 ciatus
1985 4531 2011 4569 ά
2043 4531 2243 4588 sentiat
2266 4531 2556 4600 gehennae;
2598 4536 2838 4586 attamen
2877 4529 3034 4586 dolor
3066 4536 3286 4587 revocat
3320 4523 3389 4585 ad

113 4615 199 4670 rite
236 4627 364 4686 ergo
398 4618 715 4688 portabatur
747 4621 815 4674 ab
848 4620 1051 4690 angelis
1092 4621 1184 4690 qui
1210 4617 1453 4692 jacebat;
1481 4622 1573 4692 qui
1601 4613 1684 4678 lu-
1785 4625 2104 4684 dicendum:
2129 4615 2372 4680 Mortuus
2396 4632 2472 4678 est
2500 4623 2638 4680 diues
2663 4632 2714 4680 et
2739 4624 2968 4696 sepultus
2990 4623 3136 4678 estin
3159 4604 3385 4694 inferno.

114 4705 266 4775 gebat,
299 4696 528 4764 Abt-aliae
558 4709 942 4768 consolabatur
970 4711 1022 4768 in
1049 4716 1284 4782 gremio;
1323 4724 1378 4768 et
1397 4715 1529 4772 vivit
1570 4715 1680 4772 Deo
1707 4711 1760 4774 D
1785 4703 1854 4776 Et
1891 4719 1937 4774 si
1965 4725 2047 4774 est
2073 4717 2173 4774 sub
2213 4725 2356 4772 terra
2397 4730 2606 4781 carcer,
2637 4716 2686 4774 si
2721 4725 2806 4772 cst
2829 4726 2852 4752 ε
2885 4717 3068 4778 aueo..-
3097 4713 3310 4780 ardens,
3341 4711 3390 4774 si

114 4813 322 4870 semper.
340 4802 504 4871 quise
520 4802 622 4857 Sibi
642 4803 825 4859 Vivere
845 4820 945 4860 nec
965 4799 1124 4860 scivit
1146 4807 1198 4860 in
1221 4793 1439 4861 mundo.
1461 4793 1684 4862 Factum
1789 4819 1872 4868 est
1899 4797 2098 4866 inferus
2117 4810 2234 4865 sine
2259 4807 2362 4863 line
2384 4808 2649 4874 crucians,
2673 4809 2717 4863 si
2739 4816 2822 4864 est
2848 4805 2866 4844 ί
2891 4816 3170 4878 apparitor
3198 4804 3384 4871 tristis,
3465 4863 3476 4884 ρ

113 4899 189 4956 αις
211 4892 396 4962 inquit,
427 4903 486 4947 ut
505 4905 791 4950 moreretur
810 4913 1024 4968 pauper,
1049 4907 1097 4950 et
1117 4908 1411 4969 portaretur
1440 4899 1504 4952 ab
1527 4917 1686 4971 ange-
1789 4905 1882 4974 qui
1911 4918 2012 4958 nos
2039 4903 2106 4958 ad
2138 4902 2239 4957 ista
2268 4900 2442 4970 rapiat
2479 4910 2602 4970 post
2639 4901 2816 4956 διερευιί
2857 4900 3097 4960 labores;
3120 4897 3246 4967 quid
3268 4904 3386 4951 stu-

113 4978 166 5035 tis
189 4983 239 5037 in
257 4987 370 5039 sinu
396 4987 643 5042 Abrahae.
667 4985 904 5042 Mortuus
924 4997 1001 5043 est
1021 4999 1188 5044 autem
1211 4989 1367 5053 dives,
1391 4999 1440 5044 et
1460 4992 1686 5062 sepultus
1790 4995 2016 5068 parntis?
2069 4993 2164 5050 tibi
2206 4995 2427 5050 sinum?
2473 4992 2598 5064 quis
2650 4997 2740 5048 est
2787 4991 2896 5047 ista
2935 4990 3034 5059 qui
3076 5003 3182 5048 nos
3211 4987 3390 5044 ‘Eltslit

115 5086 178 5128 ut
201 5077 254 5130 in
277 5079 502 5149 inferno.
535 5073 698 5135 Miser
724 5081 934 5152 accepit
963 5089 1089 5135 ante
1123 5083 1330 5148 animae,
1363 5095 1526 5152 quam
1558 5089 1682 5140 eor-
1789 5087 2049 5143 "somnus?
2071 5089 2192 5156 qutc‘
2221 5087 2306 5142 est
2332 5085 2432 5142 ista"
2462 5089 2582 5156 quas
2611 5089 2714 5140 nos"
2740 5085 2888 5140 tenet
2915 5081 3119 5138 oblivio
3138 5079 3389 5136 ποιηᾱῆςῖ

113 5170 242 5237 poris
268 5173 617 5244 sepulturam,
652 5173 752 5230 nec
779 5183 906 5230 ante
925 5175 1095 5246 quieti
1125 5177 1370 5248 corporis
1390 5189 1546 5247 quam
1571 5193 1684 5248 poe-
1789 5195 1958 5252 quare
1987 5195 2093 5234 non
2123 5180 2374 5236 omnibus
2395 5177 2719 5250 contemptis
2739 5174 3003 5234 evadendi
3025 5189 3053 5228 a
3077 5163 3232 5232 malis
3267 5169 3388 5226 tali-

117 5261 207 5320 nali
229 5267 443 5324 traditus
464 5276 547 5323 est
565 5267 842 5340 sepulcro;
866 5275 925 5324 ut
944 5267 1090 5326 vivat
1110 5285 1284 5340 poenae
1303 5286 1535 5341 semper,
1559 5287 1682 5330 cum
1789 5272 1892 5329 bus
1910 5271 2068 5330 nobis
2079 5273 2196 5330 sola
2209 5272 2280 5330 sit
2293 5287 2442 5338 cura,
2461 5287 2529 5329 ne
2551 5272 2796 5330 viventes
2809 5267 3037 5333 mundo,
3051 5282 3119 5324 ne
3134 5267 3258 5324 aliis
3273 5278 3393 5326 ettr-

179 5441 633 5528 ἐξιέιριίηίρη,
677 5519 708 5528 ,ν
806 5521 818 5528 _
1798 5451 1956 5528 dives,
1998 5462 2048 5528 et
2087 5451 2316 5528 sepultus
2355 5453 2505 5510 estin
2529 5453 2755 5526 inferno,
2785 5463 2905 5526 qua!
2933 5441 3206 5508 deSunt'i'n
3237 5441 3422 5510 editis

177 5517 203 5556 δ
241 5519 462 5595 Qolebat
515 5519 757 5595 Latinius
799 5521 968 5577 locum
1007 5531 1302 5595 corruptum
1352 5532 1404 5595 et
1445 5538 1685 5580 mancum
1794 5523 2059 5595 plurimis.

117 5603 229 5666 esse.
270 5582 420 5648 Modo
466 5601 536 5648 ex
574 5607 676 5648 ms.
705 5590 944 5650 Caesente
986 5601 1042 5649 et
1080 5582 1313 5650 editione
1354 5593 1494 5650 Mitte
1522 5595 1687 5650 resti-
1794 5582 1815 5595 ³
1871 5593 2262 5666 fCombustio,
2294 5596 2576 5652 crematio.
2940 5657 2960 5666 __
3124 5605 3189 5666 '1',
3211 5657 3236 5666 _
3301 5635 3306 5638 -

118 5661 318 5744 milia
429 5741 431 5744 ι
523 5734 540 5744 _
750 5733 774 5744 _
839 5736 868 5744 η
914 5737 946 5744 __
1004 5733 1098 5744 Μ-
1130 5736 1144 5744 _
1871 5665 1894 5706 ί
1925 5653 3074 5744 Latinius,apparitorjnstans:mendosa:
3107 5653 3394 5744 aditiali“,

190 5741 211 5771 ε
251 5731 325 5790 Erl
351 5733 729 5792 emendatimte
749 5733 969 5792 Latinii.
1003 5733 1145 5792 Editi
1175 5749 1381 5806 omnes,
1414 5743 1688 5809 corrupte,
1801 5739 2068 5812 appar-iter
2091 5729 2224 5795 istis.
2252 5729 2584 5812 Aliquando,
2607 5729 3008 5812 voce’obsoleta
3026 5778 3044 5802 ,
3072 5729 3396 5812 apparuerat

121 5801 268 5880 [⁸⁷⁵ζῆ
339 5877 402 5880 ,γ
708 5878 757 5880 η
867 5878 899 5880 η
981 5877 1026 5880 ,4
1082 5875 1156 5880 έν
1339 5801 1379 5880 γ’
1578 5801 1595 5809 ’
1674 5801 1684 5804 “
1803 5801 3398 5880 dicebanturtimacinéti.ittveterlmarmordidpparitoret

185 5875 210 5910 "
244 5873 474 5957 Latinius
511 5884 670 5957 putat
706 5878 794 5935 hic
831 5877 1030 5957 aliquid
1063 5875 1278 5957 deesse.
1322 5879 1697 5957 At_reponen-
1805 5893 1853 5957 et
1875 5879 2174 5957 lim‘oeincti.
2206 5873 2573 5956 Citrysologus
2600 5881 2688 5942 hic
2721 5888 2820 5957 tuo
2849 5873 3398 5956 apparilof'émortem

123 5939 242 6002 dum
265 5965 274 6003 :
303 5939 534 6007 Attamen
556 5949 706 6008 dator
733 5939 1017 6008 rerocaiad
1038 5952 1341 6010 dicendum:
1365 5939 1602 6013 Marinus
1625 5961 1702 6012 eli
1807 5939 2073 6024 intelligit.
