3878 6368
541 373 651 434 345

1801 348 1861 406 s.
1902 345 2108 406 parnt
2141 343 2577 406 CHRYSOLOGI
3171 351 3178 358 -
3665 358 3750 426 ω

540 483 747 545 rentes,
769 472 841 534 ad
856 480 1058 542 tantas,
1080 471 1238 538 tales,
1260 478 1371 528 tam
1389 464 1636 526 crudeles
1654 464 1834 522 subito
1858 464 2135 538 rapiamur
2156 470 2212 532 Α
2234 475 2354 534 quae
2374 465 2619 526 noverat,
2643 472 2765 530 quae
2781 457 2986 530 pietate
3003 455 3237 524 velabat,
3260 470 3488 529 quaerere
3503 468 3614 526 tunc
3627 473 3750 546 αηιι

535 567 767 643 ρωηυῖ
786 563 858 624 Et
883 565 932 623 si
956 574 1042 624 est
1059 562 1385 622 ascendendi
1403 559 1733 634 possibilitas
1770 557 1840 615 ad
1877 573 2130 630 superna,

536 663 584 720 si
612 669 699 720 est
727 660 957 722 facultas
982 658 1200 716 vivendi
1227 659 1282 714 in
1310 655 1654 722 cmlestibus,
1697 654 1745 710 si
1784 662 1867 710 est
1905 651 2134 708 Abrahae

535 757 687 816 sinus
721 755 881 812 bonis
907 752 1158 811 omnibus
1184 751 1252 807 ad
1291 750 1536 821 requiem
1560 755 1925 821 praeparatus,
1966 745 2013 800 si
2052 753 2136 801 est

535 849 772 908 Lazarus
798 849 854 905 in
873 848 996 904 sinu
1027 847 1197 918 patris
1225 845 1390 909 tanti;
1421 844 1585 898 immo
1615 842 1741 912 quia
1769 839 1991 896 dubium
2027 854 2134 894 non

536 951 638 1007 est,
671 941 761 998 ubi
782 949 839 997 et
865 940 1004 1006 loca,
1028 949 1085 996 et
1111 952 1377 1010 persome,
1402 944 1459 992 et
1487 936 1706 991 nomina
1735 932 2130 999 describuntur,

535 1049 704 1108 quare
732 1049 840 1092 non
869 1033 1008 1091 ctelo
1029 1041 1300 1089 mutamus
1327 1029 1565 1086 terram?
1585 1041 1753 1099 quare
1782 1042 1890 1094 non
1915 1024 2135 1081 caducis

536 1130 765 1185 emimus
795 1125 1037 1183 aeterna?
1063 1139 1234 1196 quare
1263 1139 1370 1179 non
1393 1121 1647 1195 perituris
1675 1119 1948 1176 manentia
1981 1132 2134 1174 com-

535 1222 824 1295 paramus?
864 1228 924 1275 ιιι
961 1227 1018 1275 et
1055 1217 1319 1290 supplicia
1359 1215 1660 1272 devitemus
1681 1212 1876 1270 inferni
1900 1233 1914 1267 :
1938 1221 1994 1268 et
2021 1213 2137 1268 haec

535 1329 657 1386 qua:
677 1312 861 1368 audire
894 1311 1263 1368 desideramus
1292 1317 1538 1380 anguste,
1563 1308 1672 1363 late
1705 1307 1910 1375 videre,
1933 1305 2136 1362 habere

537 1413 596 1462 et
622 1413 810 1462 tenere
836 1405 1126 1477 possimus.

1090 1494 1326 1554 εει).Μο
1363 1493 1573 1551 CXXV.

1064 1588 1146 1646 De
1187 1590 1357 1644 υἱιιὶοο
1397 1589 1594 1661 iniquo.

604 1682 855 1742 Omnium
875 1682 1092 1756 quidem
1113 1683 1359 1740 ciborum
1383 1681 1466 1738 sal
1485 1681 1701 1738 salubre
1720 1683 1803 1735 est
1823 1675 2138 1734 condimen-

537 1784 681 1845 tum,
721 1777 768 1834 si
795 1793 1046 1834 me..sura
1090 1792 1197 1833 non
1241 1774 1382 1832 desit
1424 1793 1439 1829 :
1483 1773 1689 1843 alioqui
1725 1772 1843 1828 sine
1881 1770 2043 1826 modo
2082 1774 2138 1824 et

2233 555 2451 628 quando
2498 552 2790 610 accusabat
2833 561 3019 608 terra:
3057 549 3174 607 Vos:
3214 555 3472 627 sanguinis
3515 560 3662 631 fratris
3696 568 3750 623 tsi

2233 649 2425 704 clamat
2457 646 2520 701 de
2551 657 2688 702 terra
2725 641 2892 718 (Gen.
2928 644 3037 716 tv),
3068 643 3335 701 clamabat
3362 653 3512 716 terra,
3542 651 3750 716 ﬂamma;

2233 741 2450 808 caelum,
2473 741 2730 798 dolebant
2757 739 2951 809 angeli,
2975 737 3194 810 quando
3215 737 3326 808 jam
3351 749 3455 796 tota
3477 747 3630 802 seculi
3646 749 3749 812 fama

2233 835 2573 906 loquebatur.
2600 832 2670 887 Et
2695 833 2775 886 hic
2805 832 3107 902 diffamatus
3129 842 3206 886 est
3227 831 3366 903 apud
3391 835 3524 890 illum
3542 843 3654 912 quod
3668 845 3749 904 dig.

2233 928 2455 1000 sipasset
2506 923 2851 980 substantiam
2893 923 3025 995 ejus.
3073 921 3240 978 Filius
3275 923 3453 993 junior
3489 939 3599 986 ante
3639 934 3750 995 istius

2233 1019 2468 1076 hominis
2497 1019 2667 1075 lectus
2687 1027 2771 1074 est
2795 1016 3148 1074 substantiam
3169 1016 3473 1089 dissipasse,
3496 1039 3617 1081 nunc
3633 1027 3750 1099 ipsius

2233 1116 2376 1171 bona
2405 1115 2618 1170 villicus
2651 1113 2942 1183 dissipasse
2977 1111 3309 1185 perhibetur.
3339 1110 3482 1169 Sicut
3507 1116 3624 1174 idem
3651 1120 3751 1182 Deus
3811 1110 3813 1178 Ι

2235 1215 2292 1263 et
2317 1207 2482 1262 homo
2508 1205 2785 1272 Christus,
2828 1205 2968 1260 idem
3013 1202 3396 1275 paterfamilias
3432 1215 3484 1262 et
3525 1215 3752 1280 pater-uie

2235 1301 2379 1357 hunc
2418 1299 2669 1356 eumdem
2697 1314 2816 1355 esse
2848 1307 2903 1352 et
2929 1297 3165 1354 villicum
3193 1306 3404 1353 constat
3428 1309 3479 1354 et
3505 1300 3642 1358 ﬁlium
3660 1324 3671 1359 :
3692 1315 3751 1366 est

2235 1394 2326 1451 hic
2363 1408 2647 1448 causarum
2671 1391 2974 1456 diversitas,
3004 1398 3088 1445 est
3127 1390 3354 1445 mutatio
3381 1394 3643 1464 nominum.
3675 1416 3750 1460 non
3813 1404 3815 1450 I

2237 1495 2321 1541 est
2341 1485 2572 1540 varietas
2600 1497 2974 1555 personarum.
2999 1479 3068 1534 Et
3091 1480 3391 1551 dilfamatus
3417 1493 3490 1538 est
3514 1490 3630 1556 apud
3647 1493 3752 1549 illam

2236 1579 2372 1652 quod
2401 1578 2702 1649 dissipasset
2729 1574 2864 1630 bona
2903 1575 3088 1644 ipsius,
3119 1585 3169 1628 et
3211 1575 3405 1629 vocarit
3440 1591 3563 1631 eum.
3589 1577 3752 1641 Vocant

2237 1685 2337 1744 per
2361 1669 2728 1738 Evangelium.
2765 1665 2837 1720 Et
2864 1667 2938 1720 ait
2972 1665 3070 1721 illi.
3113 1664 3180 1720 Et
3208 1665 3336 1736 quid
3363 1681 3456 1738 per
3481 1666 3751 1741 Evangelium
3815 1696 3817 1734 ε

2239 1779 2348 1820 non
2378 1764 2504 1833 agit,
2536 1776 2636 1834 per
2663 1759 2806 1831 quod
2828 1774 3009 1815 mores
3035 1760 3235 1829 arguit,
3264 1760 3468 1816 occulta
3490 1763 3644 1829 nudat,
3662 1782 3752 1822 con.

534 1869 708 1942 ipsum
736 1869 910 1941 perit,
943 1875 998 1925 et
1030 1867 1177 1940 quod
1204 1867 1410 1923 salierit
1448 1865 1654 1938 perdit;
1692 1872 1720 1902 ι
1759 1870 1965 1919 amarat
1993 1861 2138 1918 enim
2167 1863 2214 1926 Β
2241 1858 2519 1915 scientiam
2542 1857 2747 1930 pandit,
2765 1859 3053 1914 commissa
3075 1859 3327 1928 castigat,
3349 1857 3751 1930 dinumerstmala,

534 1960 785 2018 nimietas
819 1959 966 2030 quod
1001 1968 1219 2032 poterat
1263 1957 1485 2016 condire
1523 1970 1799 2012 mensura.
1839 1952 1929 2010 Sic
1957 1953 2058 2023 qui
2079 1952 2134 2007 in

535 2052 696 2110 nobis
721 2060 806 2110 est
831 2066 1043 2118 sensus,
1074 2050 1120 2107 si
1149 2058 1335 2106 teneat
1362 2049 1602 2115 modum,
1634 2047 1728 2104 dat
1752 2061 2020 2118 saporem,
2053 2045 2137 2100 in-

535 2144 809 2202 tellectum
856 2145 1032 2216 parit,
1075 2142 1418 2216 prudentiam
1464 2147 1718 2212 generat,
1768 2155 1866 2194 cor
1910 2138 2132 2203 dilatat,

534 2246 696 2307 auget
714 2237 1010 2307 ingenium,
1027 2243 1262 2291 maturat
1281 2234 1528 2297 dicenda,
1548 2231 1814 2287 audienda
1837 2229 2133 2301 componit,

537 2328 704 2398 titque
741 2327 845 2383 sibi
881 2325 1085 2393 dulcis,
1129 2325 1188 2380 lit
1225 2324 1634 2395 degustantibus
1675 2330 1788 2377 tota
1839 2321 2138 2377 dulcedinis

535 2419 850 2492 plenitudo;
880 2418 1118 2490 etplane
1156 2417 1262 2473 erit
1289 2417 1381 2472 ille
1420 2415 1644 2470 melleus
1683 2427 1894 2478 sensus,
1924 2413 2016 2482 qui
2043 2428 2138 2468 ore

536 2510 745 2585 profert
771 2511 846 2568 nil
879 2525 1144 2567 amarum.
1173 2508 1292 2566 Hoc
1311 2508 1684 2580 praemisimus,
1715 2513 1777 2561 ut
1803 2505 1872 2560 sit
1894 2504 2051 2560 nobis
2083 2504 2138 2560 in

537 2605 860 2676 evangelicis
923 2604 1172 2660 sensibus
1221 2602 1395 2658 nostri
1461 2615 1654 2657 sensus
1717 2598 2139 2668 constringenda

536 2712 792 2755 mensura
817 2715 830 2752 :
861 2705 1129 2768 quatenus
1157 2695 1372 2751 vitalem
1403 2694 1603 2760 cibum,
1627 2693 1869 2748 divinum
1903 2702 2136 2764 pastum,

537 2792 814 2849 caelestem
841 2805 1094 2862 saporem
1130 2804 1240 2846 non
1267 2788 1461 2854 violet,
1497 2786 1595 2843 sed
1633 2785 1941 2842 cautissima
1983 2785 2140 2840 nobis

537 2888 833 2944 sobrietate
855 2885 1155 2952 custodiat,
1180 2885 1334 2955 juxta
1363 2883 1495 2939 illud
1533 2881 1818 2954 Apostoli:
1857 2877 1983 2935 Non
2022 2878 2138 2951 plus

537 2995 722 3051 sapere
747 2995 901 3052 quam
929 2986 1130 3049 oportet
1160 2992 1362 3048 sapere,
1397 2975 1490 3030 sed
1508 2990 1690 3046 sapere
1718 2974 1789 3026 ad
1807 2971 2138 3026 sobrietatem

540 3074 559 3143 (
581 3072 730 3128 Rom.
760 3071 889 3143 xu).
912 3069 1020 3128 Sed
1035 3070 1147 3141 jam
1168 3071 1295 3141 quid
1320 3069 1580 3126 Dominus
1601 3067 1797 3124 dixerit
1823 3067 2135 3122 audiamus:

540 3163 716 3220 Homo
734 3164 944 3237 quidam
972 3173 1086 3220 erat
1113 3163 1252 3218 diues
1275 3161 1426 3236 (Luc.
1449 3161 1580 3233 xvi).
1604 3158 1670 3214 Et
1688 3161 1808 3231 quis
1829 3168 1949 3214 erat
1976 3159 2139 3214 homo

2237 1958 2294 2006 et
2321 1949 2376 2004 in
2400 1949 2484 2004 bis
2513 1950 2539 1986 ά
2568 1949 2878 2021 persistenti
2906 1949 3144 2004 minatur
3163 1964 3400 2020 paruam,
3421 1952 3637 2020 quamvis
3661 1969 3752 2011 con-
3817 1990 3819 2006 .

2236 2059 2396 2100 verso
2421 2043 2633 2099 veniam
2662 2042 3029 2114 repromittit?
3055 2040 3125 2096 Et
3147 2044 3346 2098 vocarit
3366 2060 3494 2110 eum,
3526 2054 3570 2099 et
3592 2047 3653 2100 ait
3672 2048 3752 2103 illi:

2241 2134 2380 2202 Quid
2405 2138 2488 2193 hic
2527 2137 2685 2192 audio
2723 2135 2789 2192 de
2828 2137 2915 2192 te?
2947 2135 3174 2208 Cognita
3205 2136 3352 2192 velut
3378 2137 3546 2192 audita
3573 2139 3753 2211 imputat,

2237 2233 2364 2302 quia
2412 2231 2466 2287 in
2504 2247 2656 2287 reum
2708 2247 2817 2286 non
2863 2230 2981 2287 vult
3026 2230 3337 2287 accelerare
3382 2232 3685 2300 sententiam;
3720 2245 3756 2290 et
3819 2293 3821 2310 η

2240 2326 2547 2381 convictum
2577 2341 2742 2398 penes
2769 2339 2849 2389 se,
2898 2325 3047 2380 velut
3091 2332 3401 2381 accusatum
3442 2328 3674 2393 convenit,
3695 2333 3757 2398 qui

2233 2417 2497 2489 judicium
2520 2419 2681 2488 gestit
2701 2419 2857 2474 venia
2879 2419 2958 2474 sic
2987 2419 3197 2488 praeire.
3223 2416 3363 2483 Quid
3381 2417 3472 2472 hoc
3489 2418 3624 2474 adio
3640 2419 3758 2474 dele?

2241 2509 2421 2564 Redde
2449 2512 2704 2565 rationem
2727 2511 3062 2565 vitlicationis
3090 2520 3210 2577 tute,
3237 2511 3352 2580 jam
3370 2511 3499 2564 enim
3517 2527 3606 2566 non
3622 2515 3758 2582 poteris

2239 2602 2487 2657 uillicare.
2514 2601 2644 2658 Tam
2677 2604 2779 2674 piis
2801 2611 2910 2658 tam
2940 2618 3130 2660 severa
3165 2619 3268 2659 cur
3290 2601 3492 2673 jungit?
3520 2618 3605 2660 cur
3625 2613 3719 2659 ante
3738 2622 3759 2660 ι

2239 2695 2569 2750 villicatione
2589 2695 2873 2752 submovet
2886 2711 3049 2767 quam
3066 2695 3336 2751 rationem
3353 2695 3616 2765 agnoscat?
3633 2693 3760 2750 Redde

2241 2790 2517 2855 rationem,
2553 2790 2668 2862 jam
2705 2791 2843 2844 enim
2881 2806 2984 2845 non
3028 2791 3223 2861 poteris
3268 2789 3509 2845 uillicare.
3545 2787 3760 2845 Rationem

2242 2882 2404 2938 modo
2435 2882 2605 2938 instar
2633 2884 2867 2941 hominis
2907 2886 3143 2957 expetit,
3188 2885 3354 2942 modo
3393 2887 3520 2942 sicut
3561 2885 3675 2942 Deus
3703 2889 3760 2942 in-

2241 2974 2435 3030 stantia
2466 2975 2750 3032 denuntiat
2771 2986 2826 3032 et
2857 2976 3052 3033 futura.
3079 2976 3264 3033 Redde
3284 2979 3540 3048 rationem,
3556 2979 3652 3051 jam
3665 2982 3759 3034 enin

2240 3084 2345 3122 non
2361 3070 2550 3139 poteris
2572 3069 2819 3124 villicare.
2841 3069 3126 3126 Rationem
3148 3072 3305 3142 petit,
3325 3087 3430 3127 non
3443 3081 3500 3126 ut
3517 3073 3680 3142 exigat,
3698 3073 3760 3128 sed

2243 3160 2480 3227 relaxet;
2512 3162 2677 3232 petit,
2711 3169 2767 3216 ut
2808 3170 3054 3232 petatur;
3087 3164 3223 3233 petit
3266 3163 3383 3230 hic,
3427 3179 3490 3219 ne
3515 3173 3643 3236 petat
3674 3164 3759 3231 tibi;

535 3259 660 3327 iste,
692 3259 796 3314 nisi
822 3257 1102 3314 Christus?
1129 3254 1261 3325 Quis
1288 3255 1459 3321 dives,
1492 3254 1594 3309 nisi
1623 3253 1770 3324 ipse,
1801 3251 1894 3322 qui
1919 3250 1973 3306 in
2002 3267 2140 3322 pau-
2167 3259 2212 3323 ς
2245 3252 2382 3322 petit
2411 3253 2463 3307 in
2495 3253 2712 3317 sarculo,
2757 3269 2826 3308 ne
2867 3263 3019 3326 petat
3057 3255 3110 3310 in
3147 3255 3384 3325 judicio;
3425 3258 3550 3327 petit
3585 3258 3697 3322 cito,
3717 3273 3762 3312 ne

532 3359 746 3423 pertate
792 3360 975 3408 nostra
1027 3359 1172 3406 totas
1221 3358 1484 3407 creaturae
1535 3348 1750 3404 divitias
1791 3346 2138 3421 possidebat?
2239 3362 2522 3418 pmnarum
2571 3355 2813 3418 tempus,
2865 3355 3078 3418 tempus
3126 3346 3508 3405 satisfactionis
3555 3349 3759 3406 excludat.

535 3442 712 3500 Homo
738 3445 948 3519 quidam
976 3454 1092 3500 erat
1115 3443 1274 3499 diues.
1306 3442 1424 3498 Hoc
1448 3440 1646 3498 ludatis
1673 3440 1869 3512 smpius
1899 3439 2137 3494 inculca-
2240 3437 2421 3492 Redde
2440 3439 2695 3493 rationem
2707 3439 3035 3494 rillicationis
3059 3452 3186 3494 tua:
3203 3443 3324 3513 jam
3351 3442 3482 3496 enim
3503 3458 3593 3497 non
3616 3443 3756 3514 poteris

532 3537 652 3605 bat,
693 3547 754 3594 ut
782 3538 1144 3609 intelligerent
1181 3537 1326 3608 quod
1356 3537 1556 3592 inesset
1583 3535 1634 3591 ei
1663 3534 1908 3606 locuples
1943 3533 2135 3602 deitas,

535 3629 626 3686 cui
651 3639 772 3687 erat
793 3629 1027 3686 humana
1049 3638 1359 3701 paupertas.
1385 3627 1519 3683 Erat
1545 3628 1703 3683 dives.
1733 3626 1865 3682 Erat
1887 3627 1939 3682 in
1971 3627 2140 3698 maje-

537 3726 684 3778 state
709 3735 806 3777 sua
828 3720 1000 3788 dives,
1023 3720 1117 3791 qui
1142 3720 1315 3777 oculis
1341 3719 1649 3776 Judmorum
1683 3727 1800 3774 erat
1822 3735 2046 3790 pauper.
2071 3718 2140 3775 Et

533 3808 812 3882 quomodo
851 3809 1003 3866 dives
1042 3824 1149 3866 non
1191 3817 1340 3877 erat,
1383 3809 1471 3866 cui
1518 3810 1896 3865 ministrabant
1940 3810 2134 3879 angeli,

534 3903 765 3961 virtutes
796 3903 1094 3976 parebant,
1125 3903 1392 3960 elementa
1421 3904 1759 3969 serviebant,
1789 3910 1844 3959 et
1871 3917 1991 3973 quae
2029 3920 2139 3958 non

536 4005 713 4064 erant,
745 3995 948 4053 ﬂebant
969 3997 1138 4067 jussa,
1165 4005 1360 4052 vocata
1381 3995 1706 4051 veniebant?
1728 3994 1901 4051 Homo
1928 3995 2137 4068 quidam

531 4099 650 4146 erat
674 4089 852 4144 dives:
881 4098 933 4144 et
961 4087 1182 4143 habebo!
1221 4088 1468 4144 villicum.
1497 4086 1669 4155 Quem
1697 4088 1800 4143 nisi
1839 4086 2134 4156 hominem,

530 4180 619 4238 cui
661 4180 729 4236 ad
769 4179 1054 4237 colendum
1096 4180 1357 4236 mundum
1402 4177 1431 4218 δ
1475 4188 1585 4234 tota
1639 4179 1813 4235 fuerat
1850 4181 2137 4236 commissa

531 4272 842 4344 possessio?
870 4270 1044 4328 Homo
1073 4272 1285 4346 quidam
1313 4282 1427 4327 erat
1455 4271 1612 4339 dives,
1655 4282 1705 4327 et
1746 4272 1968 4327 habebat
2003 4274 2138 4328 villi-

533 4379 690 4418 cum:
713 4372 764 4418 et
791 4362 873 4418 hic
907 4373 930 4403 ο
961 4363 1263 4434 diﬁ‘amatus
1304 4373 1384 4418 est
1421 4363 1561 4435 apud
1605 4363 1772 4418 illum.
1820 4362 1987 4432 Quasi
2028 4379 2134 4420 non

533 4453 867 4526 pnescierit,
897 4453 1054 4525 quasi
1084 4469 1191 4509 non
1222 4454 1564 4525 prmviderit,
1614 4455 1703 4510 cui
1748 4455 1959 4510 occulta
2009 4462 2137 4510 nota

533 4553 684 4608 sunt,
714 4544 868 4615 cujus
887 4545 1058 4601 oculis
1087 4546 1251 4601 etiam
1273 4545 1362 4600 illa
1399 4545 1537 4600 nuda
1566 4553 1692 4600 sunt
1718 4560 1840 4616 quae
1861 4553 2132 4615 teguntur.

2238 3532 2484 3587 villicare.
2512 3530 2726 3599 Quare?
2746 3530 2882 3599 Quia
2905 3533 3051 3587 venit
3074 3533 3194 3588 linis
3219 3534 3364 3601 vitm,
3391 3542 3582 3606 tempus
3599 3533 3762 3601 mortis,

2235 3624 2348 3696 jam
2388 3634 2441 3681 te
2481 3625 2749 3696 apparitio
2779 3641 3013 3696 superna
3053 3626 3412 3696 constringit,
3448 3626 3548 3695 jam
3569 3625 3764 3696 judicium

2239 3725 2420 3772 vocat.
2445 3716 2661 3771 Festina
2690 3731 2838 3786 ergo,
2863 3732 2933 3773 ne
2966 3717 3356 3774 satisfactionis
3387 3727 3579 3790 tempus
3605 3716 3763 3790 perdas;

2239 3810 2332 3880 qui
2365 3819 2574 3880 tempus
2603 3812 2782 3879 operis
2805 3810 3102 3880 perdidisti.
3128 3809 3312 3866 Redde
3333 3813 3583 3867 rationem.
3604 3809 3695 3865 Hoc
3709 3816 3766 3863 est

2241 3899 2442 3966 dicere,
2477 3914 2744 3969 compone
2772 3901 3059 3968 rationem,
3098 3915 3369 3971 compone
3395 3911 3506 3966 tua,
3537 3915 3596 3955 ne
3626 3897 3767 3953 reddas

2240 4010 2393 4061 mea;
2441 4009 2733 4065 compones
2780 4002 2992 4060 autem,
3044 3995 3091 4050 si
3131 3993 3250 4064 jam
3299 3995 3507 4051 desines
3545 3993 3764 4062 dissipare.

2243 4085 2430 4142 Priora
2460 4087 2639 4142 debita
2669 4087 2880 4157 suscepi
2911 4100 3032 4155 ego,
3058 4101 3180 4141 cum
3207 4096 3262 4143 te
3291 4087 3522 4159 suscepi;
3543 4085 3657 4141 solvi
3679 4097 3763 4152 ego.

2240 4197 2365 4237 cum
2387 4188 2440 4235 te
2462 4180 2699 4246 absolvi;
2726 4194 2826 4248 ego
2855 4180 3106 4249 cognitor
3127 4196 3226 4251 pro
3250 4191 3303 4238 te
3328 4181 3576 4252 cognitori
3601 4178 3767 4234 audien-

2241 4271 2342 4328 dus
2361 4272 2536 4336 astiti;
2563 4271 2825 4342 judicium
2855 4271 3264 4343 intravijudex;
3288 4276 3366 4330 rei
3389 4275 3488 4330 mei
3511 4288 3620 4328 reus
3641 4270 3766 4324 lactus

2241 4380 2381 4431 sum,
2399 4379 2443 4431 _a
2473 4365 2776 4435 poenalibus
2797 4366 3011 4436 suscepi
3041 4383 3250 4437 poenas,
3276 4384 3307 4422 a
3336 4367 3584 4424 damnatis
3601 4373 3765 4421 senten-

2241 4456 2373 4511 tiam
2417 4472 2522 4511 non
2571 4455 2771 4525 refugi;
2816 4459 3007 4512 mortis
3047 4459 3295 4529 perditor
3340 4470 3560 4516 mortem
3599 4455 3764 4526 excepi;

2241 4547 2523 4620 penetravi
2553 4547 2755 4603 inferos
2800 4549 3108 4606 destructor
3148 4550 3370 4619 inferni,
3417 4561 3472 4608 ut
3509 4561 3557 4608 te
3582 4565 3660 4621 per
3694 4548 3764 4602 ista

519 4632 609 4690 Et
637 4635 720 4692 hic
749 4637 1050 4707 ditfamatus
1079 4646 1157 4692 est
1185 4636 1326 4708 apud
1352 4635 1687 4707 iilumJ'Ergo
1717 4637 1806 4692 ille
1840 4635 1994 4692 fama:
2022 4653 2142 4693 cre-
2167 4653 2222 4716 ι)
2247 4655 2355 4694 non
2395 4638 2558 4694 modo
2596 4638 2952 4695 subducerem
2978 4650 3081 4698 tua:
3113 4659 3306 4714 pmnai,
3341 4644 3433 4701 sed
3458 4653 3509 4700 et
3534 4657 3646 4698 mea:
3668 4654 3764 4696 con-

531 4723 709 4786 didit?
734 4727 878 4787 fama
911 4730 1196 4786 nuntiante
1221 4730 1510 4801 cognovit?
1538 4728 1710 4786 Absit.
1748 4727 1857 4786 Sed
1881 4730 2008 4800 quia
2047 4730 2137 4786 illa

495 4995 498 5000 ·
604 4984 635 5015 ι
671 4973 1126 5052 Theopbylactus.
1159 4975 1246 5052 ad
1271 4974 1483 5052 Coloss.
1524 4991 1605 5052 _tv,
1648 4975 1721 5032 6:
1753 4973 1909 5052 Cibus
1937 4978 1983 5031 si
2019 4979 2132 5052 sale

532 5058 712 5133 cantu
736 5049 1050 5133 injucundus
1070 5060 1149 5133 est
1161 5067 1180 5116 ;
1203 5051 1250 5105 si
1270 5066 1387 5105 vero
1407 5049 1626 5104 nimium
1645 5055 1814 5105 salsus
1840 5050 1938 5115 sit,
1961 5050 2134 5121 gustui

531 5131 744 5193 omnino
772 5131 1007 5193 ingratus
1029 5131 1124 5176 est.

603 5189 632 5230 ι’
663 5189 869 5261 Duplex
897 5192 1197 5248 villicorum
1218 5205 1407 5261 genus.
1431 5189 1685 5246 Nonnulli
1707 5191 2060 5246 mittebantur
2080 5189 2135 5246 in

528 5261 707 5333 villas,
735 5271 795 5333 u_t_
819 5263 1028 5318 caeteris
1055 5263 1228 5333 servis
1249 5269 1564 5333 praeessent,
1592 5271 1648 5316 et
1662 5276 1898 5333 quorum
1921 5261 2138 5333 habita-

531 5332 736 5402 tionem
752 5331 924 5388 Varro
947 5333 1040 5389 lib.
1065 5350 1083 5390 ι
1103 5333 1171 5389 de
1195 5331 1274 5388 ne
1294 5334 1482 5388 rustic.
1505 5348 1625 5402 cap.
1653 5331 1739 5397 l5,
1763 5341 1819 5388 et
1837 5331 2137 5387 Columella

531 5401 635 5475 lib,
671 5418 689 5458 ι
727 5417 850 5475 cap.
883 5403 937 5467 6,
979 5405 1144 5460 statui
1185 5418 1492 5475 praecepere
1530 5401 1700 5473 prope
1732 5403 1872 5458 villa:
1888 5402 2130 5475 ianuam.

529 5471 642 5530 Sed
673 5470 852 5546 totius
868 5475 1030 5530 etiam
1070 5470 1262 5532 domus
1301 5470 1905 5546 diipensatotfes‘erant,
1927 5470 2138 5546 Graecis

531 5545 803 5617 ρεκσνὸμᾳ,
835 5545 1042 5604 Latinis
1063 5556 1268 5602 actores
1289 5542 1454 5600 etiam
1480 5543 1608 5617 dicti
1638 5544 1674 5596 1.
1699 5542 1767 5617 _D._
1789 5542 1980 5617 Fantil.
2006 5544 2041 5617 l.
2058 5561 2134 5617 _xr.

596 5617 626 5670 7
647 5613 716 5671 de
739 5615 894 5674 Statu
915 5617 1010 5674 lib.
1030 5635 1045 5672 :
1069 5627 1125 5674 et
1147 5617 1311 5672 talem
1334 5631 1454 5672 esse
1478 5631 1537 5670 se
1556 5613 1845 5670 simulabat
1870 5613 2139 5670 Leonidas

573 5685 794 5757 leapud
835 5685 1082 5745 Plautum
1122 5687 1275 5744 Asin.
1315 5703 1354 5742 ιι
1392 5685 1444 5752 ι,
1485 5700 1626 5757 vers.
1653 5683 1740 5757 53.
1766 5684 1869 5740 Alii
1897 5687 1949 5740 ii
1986 5685 2140 5757 villas

534 5755 976 5828 designabantur,
995 5759 1278 5816 utunteris
1293 5766 1564 5827 tamquam
1585 5755 1931 5828 dominorum
1952 5756 2139 5812 vicarii

533 5825 1250 5900 imperarenttfmidumque
1269 5825 1544 5900 colerent;
1569 5834 1624 5882 et
1656 5827 1695 5882 ii
1734 5828 1900 5900 etiam
1940 5836 2140 5882 actores

533 5895 669 5955 dicti
688 5895 781 5954 lib.
806 5913 865 5954 ιιι
887 5897 951 5955 D.
974 5899 1044 5956 de
1061 5895 1402 5970 Pignoribus.
1430 5896 1524 5951 llis
1542 5899 1832 5966 postremis
1853 5913 2142 5954 accensen-

2244 4739 2450 4788 sortem
2496 4729 2731 4787 facerem
2776 4731 3070 4801 dignitatis.
3124 4736 3238 4806 Age
3285 4752 3432 4808 ergo,
3480 4744 3534 4792 ut
3568 4745 3615 4792 te
3650 4747 3766 4805 quem

2235 4977 2363 5060 dum
2387 4979 2626 5060 _villicum
2655 4997 2684 5036 a
2708 4981 2853 5039 Luca
2865 4983 3202 5060 descriptum
3223 4986 3574 5060 Chrysalogus
3591 4979 3764 5060 putavit,

2236 5049 2364 5105 dum
2387 5051 2591 5106 homini
2621 5067 2742 5108 eum
2774 5055 3032 5111 assimilat
3057 5048 3147 5112 cui
3179 5048 3354 5113 totam'
3375 5058 3448 5112 ait
3468 5048 3610 5110 fuisse
3628 5048 3767 5104 mundi

2238 5122 3032 5206 commissam‘possessionem.
3049 5128 3402 5206 Magistratus
3421 5118 3766 5206 νᾴρυὸιὶτιεινὶι·

2240 5190 2366 5246 licos
2396 5193 2532 5248 dixit
2563 5190 2781 5261 Cicero;
2811 5205 2867 5250 et
2895 5190 3185 5262 Arnobius,
3211 5199 3302 5255 lib.
3327 5217 3381 5255 ιιι
3414 5190 3643 5253 adversus
3661 5191 3768 5246 Gen-

2241 5270 2354 5388 ιεςῧ2
2400 5265 2581 5320 nescio
2627 5267 2772 5334 quod
2813 5282 3013 5323 numen
3055 5279 3216 5329 vocat
3259 5273 3541 5326 ministrum
3580 5264 3699 5320 lovis
3732 5265 3770 5313 ei

2241 5351 2288 5388 su
2335 5351 2488 5388 tcum.

2241 5351 2488 5389 vimcum.

2321 5416 2342 5443 ο
2373 5403 2703 5480 Catecresis;
2749 5423 2926 5480 neque
2973 5411 3118 5465 enim
3168 5412 3326 5476 falsa,
3371 5410 3452 5467 vel
3497 5404 3768 5480 calutlmiosa

2243 5483 2383 5551 erat,
2409 5477 2660 5551 sedvera
2676 5479 2790 5536 haec
2818 5477 3132 5536 difl‘amatio.
3159 5481 3241 5538 Ex
3261 5484 3342 5539 his
3370 5481 3536 5551 arguit
3551 5477 3769 5551 Catmelus

2240 5545 2549 5624 huiusmodi
2577 5549 3244 5624 villicumevangelicum,
3287 5555 3376 5624 qui
3417 5545 3522 5608 ﬁeri
3559 5548 3768 5624 suibona

2242 5617 2543 5700 dissipavit,
2593 5637 2700 5675 non
2747 5617 3006 5679 villicum'
3025 5617 3350 5700 fuiss_e,_'se'd
3391 5637 3584 5700 magna:
3619 5618 3767 5700 donius

2242 5687 2702 5759 dispensatorem,
2734 5708 2901 5764 penes
2926 5710 3090 5766 quem
3129 5687 3241 5752 dati
3269 5705 3322 5752 et
3353 5687 3545 5766 accepti
3579 5689 3769 5747 rationes

2245 5760 2624 5814 servabantur.

2245 5769 2624 5818 servabantur.

2247 5827 2600 5970 prggfgyit
2640 5833 2882 5892 Latinius
2919 5847 3208 5910 corruptas
3234 5839 3509 5902 editiones,
3549 5835 3598 5890 in
3620 5826 3770 5900 quibus

2467 5945 2476 5952 -
2542 5921 2578 5956 t.

2467 5921 2578 5956 mu.
