3878 6368
123 513 216 578 με
1469 501 1700 560 SERMO
1731 499 1966 558 CXXVI.
3241 499 3348 557 566

123 635 316 694 tempus
343 627 449 673 tuae.
488 614 824 672 villicationis
859 612 1082 670 exclusit
1099 653 1113 676 ,
1143 613 1472 683 perpetuitas
1495 622 1519 651 ι
1544 628 1678 669 mete
1704 615 1754 674 Δ
1781 612 1971 683 inquit,
2002 612 2224 667 villicum
2248 613 2554 686 iniquitatis.
2586 611 2654 667 Et
2680 611 2806 682 quia
2834 609 3128 682 evangelici
3156 609 3356 666 factum

123 711 467 774 damnationis
503 723 610 764 non
644 705 895 762 includat.
929 703 1036 760 Sed
1063 704 1270 759 villicus
1298 704 1424 772 quid
1452 719 1680 773 respon-
1784 707 1947 762 villici
1975 721 2082 762 non
2109 722 2325 777 parvam
2355 714 2577 776 generat
2613 705 2979 776 quaestionem,
3020 703 3112 776 qui
3140 718 3264 761 reus
3288 699 3360 762 de

123 807 246 862 derit
266 804 380 872 jam
420 807 833 872 perscrutemur.
875 796 961 850 Ait
997 797 1138 850 intra
1164 811 1259 850 se:
1291 792 1428 858 Quid
1457 795 1685 866 faciam?
1785 798 1966 854 multis
2011 814 2169 853 unam
2216 799 2408 868 legitur
2451 798 2712 870 placuisse
2748 812 2848 870 per
2883 795 3162 858 fraudem:
3191 808 3365 869 quare

124 893 248 964 Quid
271 892 466 948 faciam
493 889 689 945 modo?
725 903 938 958 semper
971 887 1134 940 homo
1173 885 1313 940 bona
1355 886 1531 940 facere
1559 896 1687 940 tunc
1786 893 2052 963 placuerit
2079 892 2185 958 sic,
2226 892 2311 948 vel
2351 892 2473 962 quis
2509 891 2579 947 sit
2605 892 2739 958 iste,
2779 893 3024 964 sequenti
3059 907 3158 966 per
3193 891 3366 953 Deum

125 984 273 1054 cupit,
294 979 514 1050 quando
543 993 688 1032 mors
713 974 940 1031 faciendi
964 983 1171 1044 tempus
1200 973 1418 1028 ademit.
1441 973 1529 1027 Ait
1546 973 1686 1026 intra
1787 983 1998 1054 plenius
2022 998 2270 1039 sermone
2297 985 2611 1054 pandemus.

127 1097 187 1135 se.
214 1075 414 1144 Qumrit
442 1073 581 1128 intra
607 1087 666 1126 se
692 1070 990 1134 consilium,
1013 1069 1102 1138 qui
1133 1067 1262 1123 foris
1287 1067 1426 1122 unde
1452 1066 1554 1122 sibi
1576 1065 1689 1135 jam
2322 1073 2552 1131 δεξιΜο
2586 1074 2820 1132 CXXV].

128 1173 448 1225 succurreret
494 1178 604 1218 non
649 1161 898 1216 habebat.
939 1161 1024 1212 Ait
1065 1160 1205 1214 intra
1248 1175 1323 1213 se.
1374 1156 1569 1226 Pungit
1595 1172 1692 1212 cor
2431 1165 2512 1221 οε
2529 1166 2724 1222 eodem,

129 1274 284 1322 suum,
301 1256 544 1312 stimulat
563 1262 794 1308 mentem
815 1267 986 1316 suam,
1003 1260 1058 1305 et
1076 1249 1252 1306 omnia
1276 1259 1435 1304 vexat
1457 1250 1691 1314 interna,

1863 1261 2032 1328 Quam
2057 1261 2129 1316 sit
2149 1258 2510 1322 commodum,
2559 1275 2717 1329 quam
2757 1259 3028 1317 lucrosum
3066 1258 3371 1318 debitorum

131 1361 176 1406 υῑ
202 1367 229 1404 ³
257 1364 314 1404 δε
343 1346 714 1419 Ρωηίιθιηίδῐη
741 1359 901 1414 quam
930 1358 1029 1414 ιπο
1061 1358 1120 1398 Sc
1152 1342 1282 1397 dare
1314 1341 1482 1411 P055“
1508 1350 1692 1396 θκιοΐ-
1792 1351 1967 1406 nodos
1993 1351 2223 1417 solvere,
2270 1359 2293 1387 ο
2323 1351 2630 1406 cautionum
2658 1349 2836 1405 vincla
2865 1349 3064 1412 laxare,
3096 1349 3374 1420 prmsentis

131 1450 290 1512 queat.
321 1439 530 1494 Fodere
556 1454 661 1492 non
689 1436 849 1490 valeo.
881 1433 996 1488 Non
1023 1435 1167 1488 vires
1202 1433 1308 1498 isti,
1337 1431 1430 1488 sed
1455 1441 1694 1500 tempora
1791 1442 1955 1497 viuici
2003 1457 2102 1497 nos
2141 1442 2333 1497 edoce;
2377 1449 2432 1496 ει
2462 1440 2713 1496 informat
2751 1439 3054 1511 exemplum
3079 1457 3094 1492 ε
3117 1439 3210 1510 qui
3247 1437 3375 1495 dum

131 1534 422 1589 defecerant
451 1531 520 1586 ad
553 1529 810 1584 laborem.
843 1525 1046 1582 Fodere
1079 1543 1182 1580 non
1213 1525 1374 1589 valeo,
1405 1523 1696 1578 mendicare

1833 1535 2270 1606 hirographorum
2318 1533 2611 1590 cumulosf
2655 1533 2907 1604 prudenti
2953 1532 3263 1588 moderatur
3289 1545 3377 1587 as-

132 1626 366 1683 crubesco.
395 1621 781 1678 Confusionem
821 1619 982 1673 futuri
1016 1617 1202 1687 judicii
1241 1615 1598 1687 pertimescit,
1641 1615 1696 1669 in

1833 1642 1976 1689 ensu,
2006 1643 2112 1682 non
2141 1627 2300 1682 modo
2322 1627 2492 1682 evasit
2519 1635 2545 1673 κ
2567 1625 2892 1681 arctissimas
2915 1623 3263 1680 discussionis
3289 1637 3378 1676 an-

132 1733 224 1787 quo
243 1717 354 1785 jam
385 1730 496 1769 non
519 1710 811 1784 pmnitendi
840 1718 1050 1778 tempus
1078 1715 1178 1771 est,
1203 1707 1294 1762 sed
1324 1720 1620 1776 plenarum,
1643 1709 1700 1760 et

1833 1718 2016 1782 ustias,
2041 1718 2134 1773 sed
2171 1719 2330 1772 etiam
2365 1717 2684 1773 discussoris
2709 1716 2917 1772 laudem
2947 1731 3252 1771 mansuram
3280 1729 3382 1770 sae-

134 1810 210 1864 “bi
234 1824 354 1864 ΐθυε
382 1807 508 1878 Plus
533 1805 601 1860 de
629 1802 957 1859 conseiemia
995 1816 1154 1870 quam
1183 1799 1250 1854 de
1287 1799 1545 1868 Βθιιεηῖιω
1573 1813 1697 1852 θιύ-
1797 1810 1932 1864 culis
1963 1809 2301 1878 conquisivit.
2335 1808 2402 1863 Et
2428 1825 2548 1874 nos,
2592 1808 2804 1870 fratres,
2848 1807 2992 1878 quod
3037 1807 3106 1862 de
3133 1804 3382 1879 praesenti

59 1941 68 1948 ς
135 1901 284 1957 hescit
311 1898 585 1954 incendio.
611 1894 910 1950 Mendicare
932 1891 1190 1947 erubesco.
1217 1889 1282 1943 Et
1301 1891 1420 1960 quis
1443 1906 1548 1944 non
1576 1904 1699 1943 eru-
1799 1899 2032 1955 lectione
2065 1900 2218 1954 vobis
2260 1899 2384 1956 fecit
2420 1897 2450 1938 li
2497 1900 2783 1971 promissi"
2813 1915 2898 1954 me
2937 1899 3168 1962 debere,
3200 1897 3384 1954 audi“,

135 1992 282 2047 bescit
302 1990 327 2028 δ
349 1990 410 2044 in
431 1987 739 2045 caelestibus
762 1984 1099 2040 mendicare?
1127 1981 1288 2037 Miser
1307 1997 1467 2051 quem
1495 1989 1700 2051 tempo-
1729 1982 1731 2039 Ῑ

1833 1990 2042 2046 ιίὶεεὶηιο
2063 2000 2380 2060 temperato,
2401 2007 2468 2046 ne
2489 2007 2577 2047 me
2597 2005 2802 2060 vosque
2819 1989 2978 2046 simul
2993 1996 3181 2045 oneret
3200 2001 3386 2047 severa

137 2083 296 2139 ralitas
325 2081 521 2136 habuit
558 2079 794 2140 divitem,
826 2075 1130 2131 mendicum
1157 2074 1554 2144 sempiternitas
1581 2087 1706 2142 pos-

137 2174 335 2237 sidebit;
395 2179 450 2228 et
496 2169 712 2224 habebit
767 2168 908 2222 hunc
964 2166 1164 2221 nudum
1221 2173 1488 2228 tartarus,
1545 2179 1706 2233 quem

139 2263 447 2337 locupletem
473 2261 745 2332 suscipere
764 2259 954 2314 cmlum
977 2257 1152 2328 potuit
1172 2267 1226 2311 et
1247 2266 1447 2312 tenere.
1469 2254 1708 2310 Prassens

139 2357 287 2425 figura
323 2354 504 2409 tendit
543 2351 610 2406 ad
637 2351 910 2422 populum,
939 2348 1033 2403 sed
1064 2347 1264 2403 bonum
1304 2347 1477 2411 nobis,
1509 2346 1709 2402 bonum

141 2447 304 2510 nimis,
335 2446 392 2500 si
424 2445 493 2499 ad
520 2460 620 2499 nos
653 2443 751 2498 ista
785 2451 1027 2512 aptemus
1058 2440 1283 2508 singuli,
1313 2440 1357 2493 si
1386 2439 1451 2492 ad
1481 2455 1580 2494 nos
1609 2438 1708 2493 ista

141 2543 443 2606 referamus,
467 2539 559 2609 qui
582 2539 635 2594 in
663 2545 805 2592 terra
843 2551 939 2590 nos
969 2533 1226 2589 debemus
1250 2532 1452 2587 sentire
1479 2532 1706 2593 villicos,

147 2646 165 2674 ε
198 2633 447 2689 dominos
502 2647 610 2686 non
665 2639 882 2700 putare;
932 2624 1324 2698 prorogationis
1373 2623 1712 2694 temporaria:

143 2723 487 2780 ministerium
509 2720 826 2790 suscepisse,
863 2733 968 2773 non
998 2716 1262 2771 invenisse
1279 2715 1366 2784 jus
1395 2723 1711 2786 perpetuum

143 2813 467 2886 possidendi;
492 2827 682 2869 cavere
703 2826 772 2866 ne
799 2809 864 2863 ad
886 2806 1320 2880 patremfamilias
1347 2805 1486 2860 fama
1513 2820 1712 2860 eversae

116 2905 120 2907 ’
145 2907 442 2963 substantiae
457 2920 556 2959 nos
569 2903 854 2975 pnecedat,
867 2900 1020 2970 juxta
1037 2899 1162 2953 illud
1178 2898 1419 2969 Apostoli
1437 2916 1448 2950 :
1467 2896 1715 2961 Quorum-

149 3002 250 3054 dam
275 3008 494 3071 peccata
519 2997 795 3067 manifesta
815 3004 952 3054 sunt,
977 2991 1316 3064 praacedentia
1337 2991 1406 3044 ad
1425 2991 1710 3061 judicium;

150 3092 382 3160 quosdam
411 3099 582 3143 autem
609 3097 658 3142 et
697 3085 1068 3157 subsequuntur
1089 3081 1142 3154 (Ι
1174 3081 1304 3136 Tim.
1330 3081 1416 3152 v).
1443 3080 1557 3135 Non
1589 3096 1712 3151 per-

151 3183 276 3238 venit
301 3181 374 3237 ad
416 3187 677 3236 statutum
723 3177 1005 3233 terminum
1046 3177 1200 3241 vitae,
1241 3176 1333 3244 qui
1376 3174 1714 3244 villicationis

153 3274 326 3330 amittit
346 3282 586 3344 tempus,
602 3285 762 3339 quem
784 3269 986 3324 senarit
1005 3267 1206 3323 credita
1229 3267 1532 3336 dissipasse.
1557 3264 1710 3328 Hinc,

1805 2082 2089 2148 discussio,
2111 2096 2247 2150 quos
2275 2081 2622 2150 intelligentia
2645 2080 2844 2150 poterit
2868 2079 3097 2145 benigne
3123 2079 3382 2134 relevare.

1810 2171 1961 2231 Unde
1982 2188 2100 2240 qua:
2127 2181 2415 2242 supersunt
2436 2172 2684 2228 lectionis
2711 2170 2820 2240 jam
2849 2185 3152 2239 sequamur,
3177 2176 3236 2225 et
3260 2183 3389 2224 con-

1808 2264 1982 2320 silium
2019 2264 2228 2318 villicus
2254 2263 2396 2333 quod
2435 2263 2700 2318 invenerit
2727 2261 3023 2316 audiamus.
3052 2260 3157 2324 Ait,
3197 2258 3387 2328 inquit,

1807 2360 1947 2412 intra
1966 2373 2059 2412 se:
2090 2354 2224 2421 Quid
2247 2358 2460 2428 faciam,
2483 2356 2603 2428 quia
2632 2355 2866 2409 dominus
2892 2369 3034 2408 meus
3066 2352 3235 2422 aufert
3262 2367 3293 2403 a
3313 2363 3392 2404 me

1809 2449 2208 2504 villicationem?
2229 2447 2432 2502 Fodere
2469 2464 2574 2501 non
2601 2447 2766 2513 valeo,
2797 2444 3089 2499 mendicare
3131 2439 3394 2496 erubesco.

1813 2539 1934 2596 Scio
1949 2541 2071 2611 quid
2087 2542 2294 2612 faciam.
2305 2581 2316 2594 .
2329 2579 2342 2592 .
2357 2539 2658 2594 Convocatis
2674 2540 2842 2608 inique
2855 2535 3072 2608 singulis
3085 2531 3398 2588 debitoribus

1813 2635 2007 2688 domini
2021 2635 2118 2698 sui,
2137 2633 2336 2687 dicebat
2346 2634 2511 2703 primo
2528 2648 2546 2686 :
2571 2630 2831 2696 Quantum
2851 2628 2998 2684 debes
3020 2627 3227 2682 domino
3247 2622 3398 2679 meo?

1811 2726 1878 2779 At
1907 2726 1996 2779 ille
2015 2726 2187 2779 dixit:
2217 2723 2431 2778 Centum
2454 2723 2610 2778 cados
2639 2723 2759 2778 olei.
2791 2720 3034 2779 Dixitque
3059 2719 3139 2774 illi
3169 2733 3186 2772 :
3215 2716 3400 2787 Accipe

1813 2818 2100 2871 canticum
2121 2826 2290 2880 tuam;
2312 2825 2362 2870 et
2377 2815 2498 2870 sede
2517 2815 2635 2876 cito,
2660 2813 2821 2868 scribe
2839 2810 3228 2884 quinquaginta.
3245 2806 3402 2862 Deity

1815 2906 1878 2960 de
1903 2906 2035 2961 dixit
2063 2907 2189 2962 alii:
2215 2906 2290 2960 Tu
2311 2923 2427 2961 vero
2455 2915 2704 2978 quantum
2729 2901 2916 2957 debes?
2938 2899 3037 2966 Qui
3059 2901 3168 2954 ait:
3189 2897 3404 2955 Centum

1816 3014 1963 3052 coros
1978 2999 2153 3052 tritici.
2177 2998 2242 3052 Et
2257 2999 2331 3052 ait
2343 2997 2420 3052 illi
2434 3014 2452 3052 :
2467 2998 2654 3067 Accipe
2666 2996 2862 3050 litteras
2879 3003 3012 3057 tuas,
3029 3003 3078 3047 et
3089 2991 3256 3047 scribe
3265 2999 3406 3046 octo-

1815 3091 1976 3160 ginta.
1998 3087 2066 3142 Et
2081 3090 2310 3144 laudavit
2324 3089 2559 3144 dominus
2571 3087 2794 3143 villicum
2806 3085 3111 3158 iniquitatis,
3129 3083 3265 3155 quod
3278 3097 3406 3153 pru-

1817 3182 1993 3237 denter
2007 3185 2207 3255 fecisset
2231 3182 2378 3254 (Luc.
2393 3182 2524 3252 xvr).
2543 3181 2640 3236 Vel
2663 3196 2805 3237 nunc
2823 3181 2988 3250 liquet
3008 3178 3060 3234 in
3085 3175 3407 3247 evangelicis

1817 3276 2134 3332 lectionibus
2155 3277 2466 3332 obscuratas
2477 3273 2744 3346 mysteriis
2762 3271 2972 3336 divinis,
2994 3269 3242 3342 supernis
3253 3267 3404 3323 vcla-

155 3367 264 3423 hinc
279 3374 366 3422 est
389 3365 704 3419 immaturus
737 3362 932 3424 exitus.
969 3360 1092 3415 hinc
1119 3366 1200 3414 est
1229 3367 1354 3413 ante
1381 3358 1521 3412 diem
1548 3373 1712 3419 mors,
1743 3356 1792 3421 (ἶ
1822 3375 1903 3424 tas
1923 3370 2185 3434 sensibus,
2214 3367 2913 3438 contineriquamplurimas
2934 3363 3278 3434 quaestiones,
3304 3375 3405 3416 nec

156 3459 266 3514 hinc
305 3466 396 3514 est
446 3454 660 3511 vocatio
700 3467 914 3514 amara,
971 3451 1094 3505 hinc
1135 3459 1217 3505 est
1263 3450 1436 3519 seipsa
1487 3447 1732 3503 acerbior

159 3547 466 3612 redhibitio,
495 3545 634 3601 sicut
658 3543 918 3614 propheta
946 3542 1287 3603 lamentatur,
1311 3541 1548 3596 clamans
1572 3558 1585 3593 :
1619 3538 1732 3594 Viri

159 3642 454 3711 sanguinnm
488 3648 536 3691 et
566 3636 730 3692 dolosi
765 3653 868 3690 non
898 3634 1238 3688 dimidiabunt
1271 3633 1378 3687 dies
1411 3650 1530 3687 suos
1555 3631 1728 3705 (Psal.

161 3735 276 3802 Liv).
298 3729 408 3786 Sed
436 3729 660 3789 utinam,
685 3727 898 3798 quando
921 3743 1018 3780 nos
1038 3725 1104 3780 de
1124 3726 1407 3780 vocatione
1428 3732 1736 3780 commo..et

163 3824 431 3893 :egritudo,
483 3821 696 3891 quando
737 3820 898 3876 febris
941 3835 972 3873 a
1013 3819 1338 3874 villicatione
1385 3818 1736 3872 inclementer

164 3915 408 3978 excludit,
431 3913 650 3984 quando
672 3913 752 3967 vis
775 3911 980 3967 doloris
1012 3911 1078 3965 ad
1103 3909 1429 3966 reddendam
1450 3910 1734 3966 villicatio-

165 4021 275 4062 nem
309 4019 609 4077 properare
661 4003 966 4072 compellit,
1005 4002 1286 4072 praesentis
1337 4001 1493 4056 villici
1537 3999 1734 4056 factum

165 4114 480 4170 sensumque
517 4111 894 4167 sequeremur,
937 4103 1376 4151 converteremur
1427 4093 1494 4148 ad
1546 4093 1737 4148 animae

167 4190 468 4248 consilium.
492 4188 558 4244 ad
579 4186 1043 4258 compunctionem
1076 4185 1274 4252 cordis,
1309 4186 1375 4240 ad
1403 4187 1597 4241 mentis
1622 4201 1738 4256 poe-

64 4310 67 4312 >
169 4283 456 4348 nitentiam,
507 4280 574 4336 ad
613 4279 990 4335 misericordia:
1035 4279 1371 4348 suffragium,
1413 4279 1479 4334 ad
1524 4280 1740 4351 pietatis

170 4374 551 4445 patrocinium,
592 4372 658 4426 ad
699 4370 1055 4427 confessionis
1101 4371 1548 4427 advocationem!
1591 4378 1740 4428 certe

171 4473 466 4535 peteremus
508 4463 904 4519 Dominicorum
941 4460 968 4501 ά
1010 4463 1363 4534 chirographa
1402 4464 1737 4532 debitorum;

170 4561 222 4608 et
237 4555 281 4609 si
302 4571 407 4610 non
433 4563 566 4621 tota,
583 4555 666 4610 vel
680 4556 875 4622 media,
890 4555 1028 4612 sicut
1049 4556 1150 4611 iste
1169 4557 1395 4621 villicus,
1413 4557 1482 4613 ad
1502 4567 1739 4613 nostram

1831 3463 1986 3518 facile
2014 3462 2248 3517 humano
2278 3459 2570 3515 intellectui
2597 3456 2876 3526 sultjacere
2903 3454 3046 3526 quod
3085 3468 3181 3509 ore
3206 3450 3407 3508 Christi

1833 3555 1900 3610 de
1925 3551 2232 3608 caelestibus
2273 3549 2542 3621 profertur
2581 3548 2807 3604 arcanis.
2845 3545 2912 3600 Et
2939 3544 3188 3608 laudavit,
3217 3541 3409 3611 inquit,

1835 3644 2070 3698 dominus
2109 3641 2330 3695 villicum
2359 3640 2675 3710 iniquitatis,
2713 3637 2848 3710 quod
2875 3636 3152 3710 prudenter
3191 3634 3410 3706 fecisset.

1838 3734 1988 3804 Rogo
2007 3733 2135 3803 quid
2153 3733 2256 3788 hoc
2275 3732 2394 3787 loco
2423 3730 2724 3786 mundanus
2743 3728 2888 3800 capit
2907 3727 3148 3782 animus?
3174 3725 3300 3794 quid
3329 3723 3416 3781 hic

1836 3825 2136 3880 communis
2157 3823 2302 3895 capit
2328 3831 2382 3877 ct
2401 3823 2590 3893 recipit
2618 3821 2866 3877 auditus?
2894 3819 2986 3875 ubi
3013 3819 3154 3874 inter
3181 3816 3415 3872 villicum

1835 3926 1893 3972 et
1919 3917 2217 3972 dominicos
2242 3916 2512 3972 debitores
2547 3913 2564 3954 ί
2597 3923 2824 3970 versuta:
2851 3912 3054 3969 fraudis
3074 3911 3319 3967 laudatur
3337 3909 3420 3965 iu-

1836 4009 2038 4072 ventio,
2059 4007 2146 4063 ubi
2168 4007 2427 4064 debitoris
2447 4007 2697 4062 honestas
2720 4005 2940 4069 tollitur,
2958 4002 3198 4059 aufertur
3222 3999 3415 4072 pudor,

1841 4103 1856 4152 l
1888 4102 2122 4157 violatur
2145 4100 2470 4165 innocentia,
2499 4097 2821 4154 verecundia
2853 4104 2966 4151 tota
3005 4095 3289 4165 sepelitur,
3327 4092 3421 4148 ubi

1836 4193 2046 4250 villicus
2092 4191 2378 4248 reddenda:
2425 4191 2649 4246 rationis
2697 4198 2940 4260 tempore
2990 4187 3111 4258 plus
3165 4185 3321 4242 ardet
3364 4184 3421 4241 in

1839 4283 2044 4350 fraude,
2075 4300 2235 4355 quam
2258 4292 2498 4353 tempore
2523 4278 2867 4336 villicationis
2892 4277 3163 4334 anhelavit
3180 4276 3236 4332 in
3257 4275 3419 4342 luxu;

1840 4377 1895 4433 in
1925 4376 2152 4432 articulo
2179 4373 2521 4431 discussions
2542 4372 2716 4442 ipsum
2740 4369 3066 4427 dominicum
3084 4368 3206 4440 plus
3225 4368 3279 4424 in
3307 4367 3422 4423 dis-

1840 4467 2092 4540 pendium
2124 4465 2275 4522 saevit
2299 4480 2459 4534 quam
2483 4463 2672 4519 diebus
2707 4477 2815 4518 sua:
2843 4459 2979 4517 fudit
3018 4469 3076 4517 et
3109 4457 3426 4531 disperdidit

1842 4560 2095 4625 actionis;
2126 4567 2180 4613 et
2206 4557 2298 4628 qui
2342 4564 2466 4612 ante
2510 4555 2862 4612 substantiam
2898 4559 3226 4610 vacuaverat
3264 4549 3424 4607 dissi-

170 4647 368 4744 veniam
398 4647 760 4744 solveremus;
791 4657 851 4704 ut
888 4649 979 4719 qui
1015 4649 1154 4705 bona
1197 4651 1399 4707 credita
1435 4651 1740 4723 dissipando
1841 4653 2040 4725 pando,
2069 4649 2348 4706 vacuando
2377 4647 2736 4719 chirographo
2772 4644 2919 4716 quod
2955 4648 3287 4701 remanserat
3305 4641 3428 4713 plus

173 4735 462 4807 iniquitatis
484 4754 740 4795 vocamur
777 4740 971 4806 villici,
1003 4741 1056 4795 in
1086 4743 1390 4799 novissimis
1429 4745 1517 4815 pia
1555 4745 1742 4804 fraude
1768 4733 1819 4795 D
1847 4745 2066 4810 evertit;
2098 4759 2197 4799 nec
2241 4751 2394 4799 curat
2436 4739 2579 4797 unde
2607 4739 2776 4810 possit
2801 4737 3005 4795 sarcire
3047 4734 3192 4806 quod
3219 4733 3423 4797 deerat,

173 4825 336 4897 ipsius
386 4828 605 4886 laudem
654 4831 848 4900 iudicis
899 4847 1308 4904 consequamur.
1357 4835 1426 4889 Et
1486 4836 1746 4908 laudavit,
1848 4838 1952 4897 sed
1971 4836 2116 4910 quod
2142 4835 2429 4901 remansit,
2459 4830 2910 4904 quemadmodum
2933 4829 3203 4886 minorare
3235 4824 3424 4897 p058“.

242 5043 370 5129 :Snic
395 5061 613 5129 exrnss.
637 5047 772 5129 Cres.
797 5049 1068 5129 et_Vat_ic.;
1093 5051 1401 5129 editi,__mea:
1427 5055 1742 5129 donationis.

232 5112 641 5198 _Chr_is't‘ianus_
679 5120 814 5198 adeo
850 5121 1013 5198 bonis
1051 5112 1357 5180 cmlestibus
1395 5112 1654 5183 exuberat
1681 5112 1750 5185 in

179 5185 424 5268 militanti
443 5187 787 5268 EcclesiaL-ut
814 5191 1024 5268 aliunde
1056 5209 1301 5268 Aqumrere
1339 5196 1439 5249 sibi
1478 5197 1616 5252 haud
1658 5217 1752 5257 ne-

181 5269 330 5311 cesse
360 5258 462 5322 sit;
506 5274 626 5312 nam
669 5258 846 5313 Gloria
873 5271 924 5314 et
964 5258 1156 5337 divitiae
1184 5265 1235 5318 in
1264 5265 1414 5337 domo
1451 5266 1584 5337 ejus.
1616 5268 1752 5327 Vide

184 5338 339 5446 quam
363 5342 498 5396 perp
534 5344 648 5410 rant
676 5339 852 5398 agant,
876 5345 964 5400 qui
987 5335 1185 5389 relictis
1205 5338 1370 5391 sacris
1389 5335 1678 5406 Scripturis
1699 5349 1754 5396 et

225 5403 392 5446 atrum
414 5397 675 5446 doctrinis
698 5416 795 5446 nm
815 5403 979 5446 sai-ria
999 5406 1343 5446 Pnnninnihnc
1387 5421 1754 5446 niincnnmnnn

225 5397 675 5480 atrtun‘doctrinis
698 5416 795 5470 pro
815 5397 979 5480 sacris
999 5406 1363 5468 concionibus,
1384 5397 1754 5480 quoscumque

186 5475 484 5522 scrutantur
530 5483 778 5542 auctores
823 5473 1104 5542 profanos,
1154 5486 1211 5531 ut
1254 5493 1320 5532 ex
1366 5473 1521 5534 dictis
1566 5473 1752 5536 eorum

187 5550 474 5624 conceptus
523 5541 741 5624 auribus
781 5541 1084 5624 prurientes
1128 5549 1413 5604 extrahant
1456 5557 1512 5605 et
1556 5552 1754 5623 populo

189 5608 477 5682 pradicent
497 5608 799 5682 placentia:
816 5613 976 5670 ΜιτΑ.

263 5686 288 5745 ε
319 5677 410 5734 Ms.
441 5677 669 5742 Censen"
705 5700 807 5738 non
838 5687 1069 5741 dominos
1100 5691 1361 5745 extimare.
1409 5728 1417 5736 ς

263 5743 306 5834 ἦ.
328 5748 570 5834 Yulgata,
603 5755 914 5834 cautionem.
934 5757 1009 5834 ita
1032 5759 1171 5834 enim
1190 5743 1559 5828 jurisconsulti
1577 5802 1591 5827 ,
1613 5763 1758 5834 quod

194 5814 734 5900 Gripeisjngrapltam
754 5835 844 5879 aut
865 5814 1280 5900 cltirograplidm.

270 5897 295 5926 ⁸
327 5887 449 5968 Vide
468 5887 802 5963 superiorem
833 5887 1033 5952 notam".
1066 5887 1377 5968 Hujusniodi
1405 5905 1667 5960 vocabulo
1706 5904 1759 5960 in

200 5955 307 6018 hoc
357 5955 552 6020 eodem'
609 5978 769 6022 sensu
833 5977 1054 6024 utuntur
1114 5955 1468 6031 Tertullianus
1484 5955 1759 6033 "675d:

1847 5058 2060 5114 vianus.

1925 5127 1946 5168 ί
1979 5128 2056 5182 Ex
2084 5125 2230 5181 Mita.
2261 5123 2424 5194 Alias,
2453 5123 2558 5194 pio.

1922 5210 1948 5249 ιι
1978 5198 2055 5254 Ex
2083 5197 2292 5252 eodem.
2325 5191 2489 5256 Alias,
2512 5191 2839 5246 certissimos.

1922 5269 1948 5308 δ
1982 5268 2079 5325 Ms.
2103 5266 2355 5330 Ctesenm,
2385 5281 2465 5319 mc
2491 5270 2692 5318 constat
2724 5259 3038 5332 promisisse.

1931 5338 1947 5378 ί
1981 5339 2049 5394 Ει
2070 5339 2122 5393 in
2143 5339 2246 5392 hac
2273 5326 2523 5398 versutia,
2548 5333 2632 5388 vel
2671 5326 2907 5395 solertia,
2933 5345 3040 5385 non
3065 5327 3118 5383 in
3147 5326 3350 5394 fraude,
3375 5334 3434 5385 et

1855 5411 1910 5467 in
1939 5410 2065 5467 facti
2091 5407 2452 5478 improbitate,
2496 5413 2608 5460 tota
2649 5399 3125 5478 vis_simi_litu_dinis
3153 5398 3261 5478 sita
3307 5407 3428 5478 est;

1859 5497 1981 5537 nam
2015 5467 2182 5536 etiam
2222 5476 2418 5532 Genes.
2442 5467 2511 5530 tu
2555 5473 2843 5528 secundum
2884 5469 3024 5527 LXX
3066 5470 3257 5540 legitur
3287 5467 3434 5540 quod

1857 5548 2510 5632 serpens_prudentissimus
2542 5555 2672 5628 erat,
2714 5544 2803 5598 ubi
2833 5539 3164 5632 prudentiain
3195 5556 3299 5596 non
3321 5539 3436 5632 vi}:

1860 5609 2030 5676 tut'em
2051 5609 2198 5683 dicit,
2224 5618 2318 5674 sed
2339 5617 2587 5687 astutiam
2612 5634 2624 5668 :
2647 5609 2700 5668 in
2725 5631 2822 5687 qua
2833 5609 3112 5687 mirandus
3131 5621 3228 5687 est,
3250 5609 3438 5687 subdit

1863 5689 2122 5775 pri‘genes
2271 5689 2447 5775 potius
2467 5680 2769 5775 Geometer,
2789 5695 2842 5740 ut
2859 5685 3108 5775 observat
3123 5680 3434 5775 CorderitLts.

1865 5763 1920 5819 in
1946 5750 2135 5816 Caten.
2151 5750 2639 5831 ‘PP.'Grra:corum),
2662 5771 2935 5812 concursus
2954 5765 3006 5810 et
3027 5769 3237 5811 acumen
3257 5750 3440 5826 quibus

1863 5835 2013 5905 vigor
2025 5830 2446 5905 mentis‘elicitur.

1943 5903 1956 5956 i
1993 5902 2073 5960 lta
2101 5901 2230 5958 editi
2255 5908 2310 5957 et
2336 5915 2463 5956 mss.
2495 5899 2850 5972 Reponerem,
2871 5896 3086 5955 velatur.

2010 6023 2076 6064 (“In
