3930 6354
498 389 611 452 861

1751 390 1813 449 S.
1853 391 2060 451 PETRI
2097 389 2541 451 CHRYSOLOGI

3697 387 3798 446 552

502 512 621 564 tate
641 505 966 564 mercedem.
999 505 1210 573 Valens,
1261 505 1455 578 inquit,
1487 507 1722 562 occidere
1755 524 1894 574 eum,
1925 510 2095 564 timuit
2121 514 2175 574 Α
2203 520 2226 550 ο
2253 508 2312 565 ιιι
2355 521 2577 564 arenam
2616 503 2846 560 vertitur
2882 502 3109 570 domus,
3139 516 3330 558 mensa
3371 500 3573 567 migrat
3611 501 3666 557 in
3712 517 3799 559 ca-

505 599 771 673 populum.
803 597 985 656 Facile
1011 598 1194 656 deviat
1233 614 1263 654 a
1292 597 1534 670 justitia,
1565 601 1658 672 qui
1688 601 1742 656 in
1779 602 1958 658 causis
1990 619 2099 658 non

504 691 699 759 Deum,
729 692 823 748 sed
852 692 1100 749 homines
1129 693 1484 765 pertimescit.
1509 693 1610 751 llic
1649 695 1812 751 timor
1844 695 2100 766 peccandi

503 785 820 843 facultatem
847 785 1064 843 ditl'erre
1090 794 1289 858 potest,
1321 785 1536 843 auferre
1566 803 1673 842 non
1705 795 1884 859 potest
1905 788 2099 843 volun-

505 885 678 934 tatem
710 895 724 931 :
758 876 902 934 unde
922 877 1087 934 etiam
1115 894 1253 949 quos
1275 879 1621 950 suspenderit
1652 894 1684 934 a
1704 879 1952 944 crimine,
1984 879 2101 935 avi—

501 969 687 1026 diores
707 969 884 1026 reddit
911 969 980 1025 ad
1007 971 1248 1038 crimen,
1286 981 1343 1028 et
1377 979 1572 1027 aestuat
1605 970 1788 1026 animo
1821 985 2101 1042 quousque

502 1063 777 1136 perficiat,
808 1062 955 1133 quod
988 1063 1192 1135 cogitat
1232 1063 1452 1120 malum.
1492 1061 1653 1119 Solus
1675 1072 1758 1119 est
1789 1063 1887 1119 Dei
1913 1063 2099 1131 timor,

503 1158 597 1229 qui
625 1164 837 1214 mentes
856 1158 1078 1228 corrigit
1093 1198 1108 1223 ,
1141 1159 1292 1228 fugat
1310 1157 1538 1213 crimina
1553 1198 1569 1224 ,
1598 1157 1964 1213 innocentiam
1984 1172 2101 1213 ser-

503 1258 616 1318 vat,
640 1260 922 1324 perpetem
939 1251 1126 1306 tribuit
1147 1251 1476 1307 facultatem.
1504 1250 1612 1306 Sed
1631 1250 1911 1307 audiamus
1931 1251 2104 1322 ipsam

501 1340 728 1400 Joannis
772 1344 1070 1400 beatissimi
1106 1343 1435 1415 passionem.
1482 1341 1582 1399 Die
1626 1344 1822 1398 natalis
1875 1342 2103 1399 Herodis

503 1437 714 1492 saltauit
745 1435 1061 1492 Herodiadis
1105 1435 1220 1506 ﬁlia
1256 1435 1313 1488 in
1342 1435 1512 1490 medio
1537 1435 1794 1502 triclinio,
1829 1445 1880 1490 et
1909 1436 2107 1508 placuit

506 1525 708 1584 Herodi
731 1545 750 1584 :
770 1528 908 1584 unde
928 1529 1280 1602 jurejurando
1306 1529 1569 1600 pollicitus
1596 1537 1674 1584 est
1707 1528 1832 1584 dare
1866 1531 1913 1585 ei
1941 1530 2104 1603 quod-

508 1637 721 1695 cumque
747 1623 1057 1695 postulasset
1085 1625 1150 1678 ab
1171 1641 1251 1679 eo.
1294 1625 1363 1678 At
1396 1624 1490 1678 illa
1517 1625 1828 1696 praemonita
1866 1641 1900 1676 a
1939 1634 2105 1678 matre

503 1728 622 1780 sua,
647 1713 716 1768 da
735 1715 881 1780 milii,
905 1716 1091 1787 inquit,
1115 1715 1198 1769 hic
1219 1716 1274 1769 in
1306 1715 1450 1770 disco
1486 1725 1639 1787 caput
1660 1714 1884 1770 Joannis
1918 1713 2103 1787 Bapti-

502 1813 623 1861 sta.
671 1805 800 1861 limo
843 1815 926 1862 est
966 1807 1207 1862 mulieris
1255 1808 1476 1877 antiqua
1517 1808 1752 1871 malitia,
1785 1822 1904 1878 qum
1933 1806 2104 1862 Adam

2200 615 2394 666 veam;
2419 600 2556 654 fiunt
2582 597 2650 653 de
2670 596 3021 668 pransoribus
3041 602 3395 667 spectatores,
3420 593 3609 651 furore
3631 603 3796 651 muta-

2203 703 2292 750 tur
2311 693 2650 759 convivium;
2675 690 2736 746 ﬁt
2753 692 2907 747 cibus
2933 691 3128 753 caedes,
3160 689 3344 745 vinum
3375 688 3576 744 transit
3596 687 3651 743 in
3679 703 3797 744 san-

2201 789 2438 860 guinem,
2463 787 2581 843 linis
2609 786 2899 858 apponitur
2927 785 3126 852 natali;
3159 784 3212 839 in
3242 790 3367 840 ortu
3397 783 3691 840 exhibetur
3708 797 3794 839 oc-

2202 897 2380 948 casus,
2412 879 2718 936 convivium
2746 879 2800 933 in
2823 877 3172 934 homicidium
3194 885 3588 940 commutatur,
3606 889 3794 946 organa

2203 971 2232 1012 ά
2262 973 2576 1044 tragmdiam
2597 977 2893 1044 personant
2913 970 3260 1036 saecularem;
3283 969 3453 1025 intrat
3477 969 3678 1033 bestia,
3702 984 3811 1028 non.

2201 1068 2416 1141 puella;
2441 1068 2635 1137 quaerit
2663 1073 2967 1136 amputare,
2993 1081 3100 1121 non
3124 1064 3355 1131 saltare;
3387 1063 3655 1119 discurrit
3674 1061 3792 1130 fera,

2205 1176 2312 1217 non
2355 1159 2582 1227 femina;
2624 1159 2828 1230 spargit
2851 1157 3012 1229 jubas
3043 1169 3066 1196 ο
3111 1174 3211 1230 per
3237 1158 3532 1223 cervicem,
3578 1173 3686 1213 non
3725 1171 3795 1213 ca-

2204 1255 2395 1327 pillos;
2427 1254 2670 1311 membra
2707 1253 2900 1308 dilatat
2938 1252 3303 1320 anfractibus,
3345 1252 3571 1309 saevitia:
3617 1252 3792 1309 crescit

2205 1347 2537 1418 augmentis;
2581 1344 2642 1400 lit
2667 1345 2888 1415 grandis
2919 1344 3272 1410 crudelitate,
3311 1359 3420 1400 non
3455 1359 3722 1415 corpore;
3749 1353 3793 1400 et

2205 1439 2496 1509 singularis
2526 1436 2637 1493 fera
2656 1451 2829 1507 usque
2849 1435 2977 1491 dum
3005 1435 3185 1507 capiat
3205 1435 3465 1507 prasdam,
3489 1432 3675 1490 fremit
3693 1449 3789 1496 ore.

2205 1533 2455 1589 dentibus
2478 1531 2708 1598 frendit;
2741 1529 2944 1585 ferrum
2981 1545 3090 1586 non
3129 1529 3384 1600 suscipit,
3409 1527 3508 1585 sed
3543 1527 3789 1600 producit.

2207 1623 2409 1682 Verum
2432 1639 2500 1678 ne
2527 1623 2650 1694 quis
2677 1622 2952 1678 existimet
2991 1621 3297 1677 declamare
3327 1635 3429 1676 nos
3460 1620 3606 1676 velle
3644 1619 3709 1675 de
3729 1628 3775 1673 ts

2206 1717 2366 1783 libus,
2411 1733 2511 1772 nos
2539 1731 2648 1771 non
2676 1715 2983 1772 declamare
3014 1713 3280 1778 volumus,
3317 1712 3415 1769 sed
3460 1713 3716 1778 clamare,
3744 1719 3788 1767 ut

2206 1812 2559 1869 festivitatum
2583 1809 2778 1880 gaudia
2800 1808 2910 1864 sint
2930 1816 3089 1864 cauta
3116 1816 3444 1872 vestrarum,
3475 1804 3494 1843 τ
3526 1807 3785 1862 natalium-

505 1895 671 1970 ejecit
690 1899 757 1955 de
779 1900 1011 1971 paradisi
1032 1900 1238 1957 deliciis
1270 1899 1424 1973 (Cen.
1456 1901 1534 1973 ιιι)
1555 1918 1570 1969 ;
1593 1902 1709 1957 haec
1729 1902 1978 1958 coelestes
2006 1903 2106 1958 ho-
2137 1915 2182 1978 Β
2209 1921 2317 1976 que
2337 1913 2642 1962 vestrorum
2662 1903 2980 1960 solemnitas
3001 1910 3187 1956 teneat
3207 1901 3262 1955 in
3280 1899 3656 1956 exsultatione
3674 1913 3773 1954 mea

504 1990 680 2049 mines
707 1990 835 2047 fecit
855 2007 975 2048 esse
1005 2001 1271 2058 terrenos,
1304 1993 1421 2049 haec
1441 1993 1736 2048 humanum
1758 2008 1930 2064 genus
1955 1993 2106 2048 misit

506 2083 563 2140 in
584 2084 868 2152 infernum,
893 2086 1007 2142 haec
1027 2086 1190 2142 vitam
1211 2087 1434 2143 abstulit
1458 2087 1662 2144 mundo
1691 2097 1914 2159 propter
1945 2090 2106 2145 unius

507 2173 723 2230 arboris
754 2191 992 2246 pomum.
1020 2175 1136 2232 Hoc
1158 2177 1359 2232 malum
1387 2177 1534 2248 quod
1576 2179 1825 2235 homines
1863 2181 2012 2236 ducit
2037 2180 2108 2236 ad

507 2274 773 2332 mortem,
815 2267 920 2322 hoc
970 2267 1169 2322 malum
1198 2267 1333 2338 fugit
1360 2267 1508 2325 Elias
1545 2271 1813 2342 propheta
1848 2271 1950 2343 (III
1973 2270 2102 2344 Reg.

505 2359 658 2431 xix);
689 2370 746 2416 et
773 2359 926 2430 cujus
953 2361 1133 2432 lingua
1150 2371 1176 2400 ⁸
1199 2362 1364 2418 clavis
1386 2361 1526 2419 facta
1547 2372 1631 2419 est
1657 2365 1800 2430 cmli,
1832 2372 2108 2435 tamquam

507 2469 638 2511 reus
673 2453 810 2525 fugit
838 2471 868 2510 a
901 2454 1037 2511 faeie
1066 2455 1334 2524 mulieris;
1371 2457 1486 2513 haec
1506 2457 1713 2514 invenit
1737 2473 1924 2514 verum
1964 2458 2108 2514 labo-

508 2562 627 2604 rem
653 2555 710 2604 et
736 2563 1062 2620 pressuram,
1086 2564 1207 2618 qua:
1238 2565 1380 2606 nunc
1400 2550 1600 2607 occidit
1625 2549 1890 2607 Joannem
1911 2551 2068 2621 Bapti
2084 2583 2100 2593 -

508 2645 651 2694 stam
668 2679 683 2704 ,
704 2637 891 2708 dejicit
918 2638 1203 2710 pueritiam
1221 2680 1236 2706 ,
1277 2639 1453 2709 perdit
1467 2639 1810 2710 juventutem
1829 2682 1844 2707 ,
1873 2642 2026 2698 illicit
2052 2649 2110 2698 et

508 2731 779 2804 inquietat
799 2740 1102 2788 emortuam
1122 2741 1480 2788 senectutem.
1514 2732 1840 2789 Praemonita
1871 2751 1904 2788 a
1942 2744 2109 2789 matre

507 2842 626 2892 sua,
649 2825 733 2880 Da
754 2826 902 2892 mihi,
926 2826 1119 2900 inquit,
1144 2828 1199 2881 in
1221 2827 1365 2882 disco
1396 2836 1554 2900 caput
1583 2826 1808 2882 Joannis
1833 2826 2102 2899 Baptista.

509 2914 589 2972 De
607 2916 796 2972 matris
829 2924 1050 2987 pectore
1081 2916 1216 2972 dans
1244 2917 1480 2987 rugitum
1503 2917 1530 2955 δ
1556 2934 1696 2973 nova
1716 2919 1898 2974 bellua
1915 2960 1930 2986 ,
1966 2935 2103 2975 con-

509 3011 714 3078 tempta
741 3006 990 3078 corporis
1019 3006 1217 3077 praeda,
1249 3015 1412 3078 caput
1440 3007 1615 3078 ipsum
1636 3017 1949 3066 truncatura
1982 3025 2110 3081 per-

505 3100 673 3156 vadit.
707 3098 778 3155 Et
806 3101 1142 3156 contristatus
1163 3110 1241 3154 est
1268 3117 1382 3166 rex,
1404 3112 1616 3172 propter
1628 3102 2002 3175 jusjurandum
2026 3111 2106 3156 ta-

505 3207 641 3257 men,
666 3201 716 3246 et
735 3202 947 3264 propter
975 3189 1350 3246 discumbentes
1366 3190 1527 3262 jussit
1566 3191 1684 3246 dari
1701 3233 1716 3258 ,
1741 3194 1980 3266 misitque
2011 3191 2104 3247 de-

2208 2015 2412 2065 suram,
2437 2000 2612 2071 epulis
2647 1997 2847 2054 nostris
2869 1995 3084 2052 intersit
3109 1993 3377 2061 Christus,
3411 1994 3467 2048 in
3498 1991 3642 2049 facie
3661 2009 3783 2065 prin

2207 2092 2402 2150 deatur
2427 2090 2701 2156 auctoris;
2734 2090 3022 2145 honestate
3050 2087 3287 2143 convivii
3314 2093 3512 2140 natura
3535 2086 3670 2156 ipsa,
3692 2100 3786 2155 qua

2207 2199 2307 2240 vos
2343 2182 2619 2256 produxit,
2651 2181 2983 2246 honoretur;
3017 2179 3204 2234 laztitia
3232 2193 3438 2234 mensa:
3470 2187 3668 2234 vestra:
3686 2192 3784 2248 per-

2208 2277 2380 2346 tingat
2408 2274 2475 2329 ad
2496 2288 2795 2346 pauperes,
2838 2271 3040 2326 familia
3067 2279 3248 2327 vestra
3279 2270 3613 2325 innocentiae
3642 2269 3784 2341 tripl»

2208 2369 2320 2425 diet
2341 2368 2623 2438 disciplina
2643 2404 2658 2431 ,
2686 2375 2710 2414 Β
2733 2366 2891 2421 luxus
2923 2364 3178 2429 absistat,
3202 2362 3419 2433 fugetur
3451 2362 3676 2429 effusio;
3702 2361 3784 2418 sal«

2208 2460 2460 2515 tatricum
2489 2459 2676 2530 pestis,
2710 2456 2975 2512 lenocinia
3005 2463 3323 2522 cantorum,
3358 2453 3698 2524 voluptatum
3720 2452 3782 2510 fo-

2207 2561 2410 2621 menta,
2442 2552 2644 2607 ventris
2673 2564 2857 2615 onera,
2892 2547 3173 2618 naufragia
3203 2545 3232 2584 ¹ι
3262 2547 3532 2603 mentium
3563 2543 3782 2602 cumlle

2208 2644 2446 2701 rodiadis
2475 2641 2736 2700 conviviis
2756 2639 3172 2705 abscindantur;
3203 2647 3265 2694 ut
3290 2653 3538 2710 presens
3557 2638 3781 2709 gaudium

2207 2744 2449 2792 vestrum
2477 2733 2544 2789 ad
2574 2731 2811 2788 laetitiam
2846 2729 3130 2802 perveniat
3156 2729 3569 2799 sempiternam.
3603 2727 3778 2793 Hodie,

2208 2826 2421 2893 fratres,
2453 2838 2761 2880 sermonem
2791 2821 3028 2888 tulimus,
3061 2836 3170 2876 non
3205 2819 3259 2875 in
3281 2818 3556 2875 Herodem
3580 2826 3777 2882 tantum,

2208 2919 2305 2977 sed
2324 2919 2489 2974 etiam
2517 2918 2570 2972 in
2601 2915 2996 2981 Herodiadem;
3032 2913 3160 2984 quia
3199 2912 3333 2968 satis
3362 2912 3578 2967 auditor
3605 2911 3776 2967 intelli-

2208 3014 2288 3084 git
2331 3021 2532 3082 quanta
2577 3011 2650 3066 sit
2675 3008 2902 3065 felicitas
2935 3006 3220 3078 martyris,
3264 3005 3484 3076 quando
3532 3006 3775 3062 miseriam

2208 3105 2574 3178 persecutoris
2601 3103 2868 3159 audierit:
2907 3102 3048 3156 scire
3069 3107 3249 3155 tamen
3279 3115 3383 3155 nos
3401 3101 3650 3156 convenit
3669 3099 3776 3170 quia

2209 3206 2263 3254 et
2281 3197 2520 3253 Joannes
2539 3197 2608 3252 de
2646 3205 2824 3251 morte
2861 3209 2958 3250 sua
2987 3200 3147 3248 natus
3175 3201 3278 3258 est,
3317 3199 3376 3248 et
3413 3192 3482 3248 de
3508 3193 3664 3248 natali
3691 3210 3777 3249 suo

506 3281 691 3337 collari
711 3280 992 3348 Joannem,
1023 3292 1073 3337 et
1093 3282 1312 3337 allatum
1333 3292 1410 3336 est
1435 3293 1588 3355 caput
1614 3283 1730 3356 ejus
1758 3285 1813 3338 in
1847 3284 2011 3352 disco,
2053 3293 2104 3339 et
2131 3307 2179 3373 ο
2208 3299 2454 3346 mortuus
2481 3296 2567 3345 est
2593 3286 2855 3344 Herodes.

506 3376 685 3432 datum
707 3388 783 3432 est
809 3378 1013 3450 puellm,
1037 3387 1087 3432 et
1111 3377 1285 3448 puella
1311 3376 1455 3432 dedit
1487 3380 1644 3433 matri
1679 3395 1805 3435 sum.
1841 3379 2097 3446 Audistis,

504 3466 717 3534 fratres,
747 3476 950 3539 quanta
977 3469 1048 3524 sit
1074 3475 1203 3523 nata
1243 3467 1310 3524 de
1352 3469 1632 3540 voluptate
1671 3473 1990 3539 crudelitas,
2031 3471 2098 3528 de

506 3556 729 3615 libidine
754 3561 1020 3631 impietas.
1052 3558 1124 3613 Et
1155 3558 1372 3613 allatum
1400 3569 1477 3614 est
1512 3573 1668 3634 caput
1697 3565 1808 3636 ejus
1842 3565 1897 3619 in
1931 3565 2093 3620 disco.

579 3725 827 3797 {Ignem
853 3727 996 3784 enim
1025 3744 1057 3785 e
1085 3730 1225 3787 caelo
1253 3728 1500 3784 evocavit
1541 3723 1715 3797 Elias,
1744 3721 2035 3792 pluviaque
2064 3737 2095 3778 e

505 3795 740 3874 nubibus
766 3808 1046 3874 _suo_nutu
1087 3798 1396 3874 descendit,
1448 3795 1797 3874 deciduisque
1855 3807 2097 3874 ex_._aere

505 3866 736 3939 flammis
766 3870 862 3927 Dei
889 3870 1072 3926 hostes
1100 3869 1418 3939 absumpsit.
1441 3866 1882 3939 Chrysostomus,
1917 3863 2006 3917 lib.
2041 3880 2097 3939 in

503 3938 576 4012 de
605 3937 820 4012 Provid.
845 3956 964 4012 cap.
1001 3940 1068 4012 l2
1094 3951 1256 3998 vocat
1283 3937 1406 4012 eum
1435 3937 1687 4012 cmlestem
1716 3937 1977 4000 animum,
2009 3937 2098 4007 qui

502 4010 580 4065 sic
606 4011 660 4066 in
693 4021 831 4067 terra
854 4007 1177 4079 versabatur,
1209 4022 1267 4066 ut
1296 4011 1452 4066 simul
1484 4011 1539 4064 in
1560 4007 1856 4079 cwloesset.

573 4078 602 4120 δ
641 4080 936 4153 ᾼιιιθιιθιιε,
970 4083 1061 4138 lib.
1097 4075 1187 4140 xm
1217 4083 1437 4153 Diptms.
1465 4093 1586 4153 pag.
1615 4075 1720 4131 414
1750 4095 1762 4130 :
1801 4075 1883 4130 Ea:
1913 4075 2095 4132 belluis

502 4151 740 4223 omnibus
779 4155 1047 4209 meretrice
1086 4155 1232 4209 nulla
1267 4151 1638 4223 perniciosior;
1681 4156 1738 4203 et
1777 4162 1971 4223 parum
2002 4163 2098 4202 su-

501 4237 600 4294 pra
620 4240 634 4276 :
661 4222 958 4298 Thebanam
975 4225 1244 4298 sphingem
1261 4220 1437 4280 omnes
1459 4237 1642 4278 vocare
1661 4220 1954 4274 meretrices
1975 4235 2098 4290 pos-

502 4293 698 4348 sumus.
729 4293 808 4349 Ex
837 4294 986 4350 Mita.

577 4375 601 4403 ο
644 4362 1018 4448 Isaulatnhunc
1042 4364 1361 4440 Chrysologi
1388 4365 1604 4428 locum,
1637 4369 1695 4418 et
1723 4361 1959 4417 illustrat
2000 4358 2093 4415 Pi-

504 4434 728 4505 gnorius
755 4435 822 4490 de
851 4434 1055 4492 Servis.
1155 4434 1170 4440 '
1313 4434 1330 4437 '

516 4575 536 4576 η
575 4508 601 4576 τί
644 4503 924 4576 Saecularis
952 4507 1164 4572 dicitur,
1194 4506 1341 4576 quod
1378 4504 1675 4562 centesimo
1702 4518 1918 4576 quoque
1947 4518 2090 4576 anno

505 4574 688 4647 flebat.
721 4575 778 4631 In
799 4576 1026 4647 tragicis
1057 4574 1386 4633 hisce—ludis
1425 4591 1604 4647 praeco
1644 4574 2042 4647 prtenuntiabat
2073 4590 2086 4626 :

503 4643 767 4715 P0pulum
796 4643 1098 4702 Bouianqu
1119 4663 1215 4705 eos
1242 4643 1480 4703 visurum
1502 4661 1623 4703 esse
1644 4643 1799 4700 ludos
1816 4685 1832 4710 ,
1863 4659 1972 4715 quo
1995 4659 2090 4699 ne-

2721 3377 2733 3416 ί
2763 3373 2995 3433 SERMO
3014 3373 3292 3430 CXXVIII.

2314 3470 2382 3526 In
2410 3471 2581 3526 divum
2608 3468 2964 3541 Apollinarem
3001 3467 3299 3538 episcopum
3319 3474 3372 3519 et
3393 3472 3681 3536 martyrem.

2281 3564 2296 3618 i
2344 3564 2543 3622 Beatus
2593 3560 2953 3635 Apollinaris,
2997 3558 3205 3631 primus
3246 3555 3581 3626 sacerdotio,
3645 3556 3770 3612 solus

2202 3728 2321 3798 erat
2347 3720 2464 3776 dies
2494 3722 2769 3798 natalitius
2787 3764 2801 3786 ,
2835 3738 2929 3778 seu
2959 3727 3203 3798 γενέθλια,
3234 3727 3328 3797 qui
3358 3726 3565 3798 optimo
3591 3721 3767 3790 magni-

2202 3791 2414 3862 ficoque
2443 3793 2589 3849 cultu
2621 3791 2789 3848 festus
2817 3801 2953 3848 erat.

2275 3873 2299 3911 ιι
2345 3863 2609 3932 Nequitia:
2639 3865 2992 3936 irritamenta,
3025 3883 3146 3936 quae
3175 3868 3304 3924 olim
3335 3868 3390 3923 in
3419 3865 3661 3924 convivio
3681 3878 3763 3936 usu

2201 3943 2480 4009 venerant,
2515 3936 2825 4009 peistringit
2852 3934 3238 4009 Chrysalogus.
3263 3937 3533 4009 Qantores
3552 3953 3580 3990 a
3600 3934 3758 3992 convi-

2199 4005 2304 4076 viis
2332 4005 2655 4076 arcebantur
2675 4006 2811 4074 lege,
2837 4005 2994 4076 cujus
3017 4005 3260 4064 meminit
3280 4007 3483 4064 Paulus
3504 4008 3756 4062 Diaconos.

2201 4075 2345 4150 Iib._t
2375 4075 2442 4130 de
2464 4074 2770 4150 Theodosio
2798 4074 3065 4150 are—mque
3113 4081 3284 4150 tangit
3325 4079 3647 4150 Macrobius,
3685 4075 3756 4128 lib.

2202 4163 2260 4202 ιιι
2302 4144 2598 4212 Saturnal.,
2644 4163 2764 4218 cap.
2816 4147 2866 4202 I.
2918 4144 3108 4206 Excisa
3159 4144 3338 4204 tamen
3389 4151 3598 4206 luxuria
3637 4147 3756 4206 hac.

2201 4233 2354 4342 gum.
2388 4225 2525 4273 teste
2553 4219 2871 4287 Augustino,
2905 4220 2999 4276 lib.
3033 4238 3087 4276 ιιι
3117 4221 3183 4276 de
3215 4219 3377 4276 Civit.
3414 4238 3538 4288 cap.
3572 4219 3629 4273 2|
3658 4231 3754 4287 pag.

2239 4289 2290 4342 5.
2324 4304 2392 4342 ex
2421 4288 2544 4342 Asia
2570 4288 2795 4342 Romam
2823 4291 3287 4342 commiaraverat-
3315 4308 3414 4342 ner
3447 4291 3592 4342 vices
3617 4287 3754 4342 nullu-

2239 4289 2290 4351 5,
2324 4304 2392 4344 ex
2421 4288 2544 4361 Asia
2570 4288 2795 4361 Romam
2823 4291 3287 4361 commigraverat,
3315 4308 3414 4361 per
3447 4287 3592 4361 vices
3617 4287 3759 4359 pullu-

2199 4358 2453 4434 lare_non
2475 4358 2652 4434 desiit,
2677 4367 2926 4434 teste_,_ut
2943 4358 3115 4434 vides,
3147 4358 3506 4434 Chrysblogo.
3530 4358 3759 4434 (laterum

2199 4430 2396 4503 similia
2438 4430 2540 4503 bis
2563 4431 2728 4503 habet
2767 4431 3022 4503 Sidonius
3041 4430 3389 4503 Apollinaris
3405 4430 3628 4503 ,Ὶῦιιὶδιἱ
3637 4431 3758 4503 ltiti

2200 4499 2376 4572 ep.2,
2410 4501 2497 4555 ubi
2529 4501 2709 4572 laudat
2737 4502 2981 4557 convivia
3017 4499 3341 4559 Theoderici
3381 4499 3567 4572 regis;
3602 4499 3758 4572 Nullus

2199 4571 2270 4645 ibi
2291 4571 2514 4645 lyristes,
2548 4571 2843 4645 choraulas,
2867 4575 3213 4645 mesochorus,
3239 4571 3626 4645 tympanistria,

2199 4644 2300 4697 tria
2315 4640 2604 4715 canit,_etc.
2635 4642 2712 4698 De
2745 4644 3076 4699 mesochoris
3097 4645 3217 4699 vide
3238 4640 3477 4700 Plinium
3504 4640 3666 4715 Epist.
3685 4640 3756 4695 lib.

508 4712 601 4771 mo
622 4715 740 4784 ejus
775 4718 952 4787 anatis
988 4733 1238 4787 umquam
1279 4718 1501 4774 vidisset
1521 4759 1538 4784 ,
1569 4712 1928 4787 aut‘visurus
1944 4722 2090 4770 esset
2121 4767 2166 4787 ﬁ
2195 4729 2234 4768 ιι
2262 4714 2328 4787 ad
2353 4712 2668 4787 Maximum.

501 4767 1246 4859 ﬁssura}.ﬁﬁiiisjiilﬁii
1267 4767 2090 4859 dﬁl'islg'siéinsanienti};
2121 4767 2170 4828 ι)
2269 4767 2316 4859 hi
2335 4767 2516 4846 Alias,
2557 4767 2762 4859 mentis.
2814 4784 2932 4840 Non
2978 4793 3232 4859 poterant
3264 4782 3755 4859 aptiori__vocabttlo

500 4857 599 4914 ita:
617 4857 906 4913 decollatio
932 4859 1191 4928 tragmdia
1213 4857 1482 4914 saecularis
1503 4857 1620 4924 fuit,
1643 4857 1768 4925 quia
1791 4872 1950 4912 nemo
1975 4872 2090 4911 um-

508 4943 672 4998 quam
701 4929 840 4985 illius
865 4930 1040 4986 aetatis
1062 4929 1288 4994 viderat,
1319 4945 1422 4986 nec
1444 4937 1563 4986 erat
1593 4928 1803 4983 visurus
1826 4928 1880 4982 in
1910 4935 2092 4998 poste-

499 5013 637 5055 rum.
672 4999 1068 5056 Mum—Ludi
1091 5001 1390 5066 smulares,
1423 5016 1532 5056 non
1552 4999 1846 5055 centesimo
1875 5014 2092 5069 quoque

503 5085 652 5126 anno
697 5070 882 5126 Roma:
921 5070 1153 5138 fiebant;
1202 5072 1298 5127 sed
1347 5072 1420 5127 ita
1452 5071 1914 5140 nuncupabantur,
1947 5084 1980 5138 q
2007 5069 2092 5124 .od

495 5153 621 5210 quze
649 5157 769 5197 rara
809 5149 969 5208 sunt,
1013 5142 1431 5212 post_steculnm
1464 5143 1714 5212 evenire,
1758 5140 2092 5212 loquentium

499 5209 835 5269 consuetudo
865 5209 1109 5284 usurpat.
1132 5210 1288 5268 Ovid.
1314 5211 1477 5268 Trist.
1505 5229 1563 5279 ιι,
1591 5209 1663 5265 25
1695 5229 1708 5264 :

623 5324 794 5375 Jnsser
811 5333 865 5386 «t,
889 5334 943 5377 et
967 5327 1158 5377 Phrebo
1180 5326 1295 5380 dici.
1323 5338 1422 5387 quo
1440 5331 1668 5386 tempore
1691 5324 1830 5375 ludos

683 5387 842 5450 Fecit,
861 5403 985 5453 quos
1009 5400 1128 5439 atas
1151 5389 1328 5453 aspicit
1347 5402 1441 5438 una
1464 5388 1641 5439 semel.

493 5490 868 5569 Chrysalogus
897 5503 1130 5551 mortem
1173 5493 1402 5569 Joannis
1441 5502 1631 5569 vocat
1653 5493 1995 5569 tragnediam;
2038 5493 2094 5548 in

495 5564 756 5636 tragindia
775 5564 949 5632 enim,
984 5582 1090 5622 non
1121 5566 1411 5636 mediocris
1429 5564 1759 5622 conditionis
1783 5564 2085 5636 hominum,

495 5635 602 5691 sed
642 5637 922 5692 illustrium
963 5653 1315 5708 personarum
1348 5635 1538 5692 funesti
1570 5636 1747 5708 exitus
1785 5635 2084 5702 habentur;

494 5714 801 5764 saecularem
827 5706 1148 5765 dicit—veluti
1178 5708 1474 5765 inauditam
1495 5714 1551 5764 et
1576 5706 1870 5762 insolitam.

573 5787 596 5850 ξ
635 5777 802 5850 _Alias,
834 5796 928 5850 per
962 5781 1220 5834 uerticem.

573 5846 593 5919 ἲ
633 5847 760 5905 Dies
778 5846 847 5905 ab
867 5850 1100 5919 antiquis
1119 5851 1434 5907 solemniter
1452 5847 1712 5906 celebrati
1734 5854 2086 5919 numerantur

492 5931 530 5980 ι
547 5915 808 5987 Gregorio
838 5915 1193 5986 Nazianzeno,
1217 5931 1357 5980 orat.
1382 5921 1468 5978 40.
1493 5920 1637 5979 Inter
1664 5935 1759 5978 eos
1778 5918 2084 5992 praecipuus

2196 4854 2491 4911 ebrietates
2519 4863 2576 4910 et
2620 4855 2943 4911 ebrietatum
2982 4854 3214 4912 effectus
3261 4854 3432 4912 innui.
3486 4857 3617 4912 Vide
3645 4854 3758 4910 Hila-

2193 4925 2354 4991 rium,
2387 4934 2541 4981 tract.
2567 4925 2622 4997 in
2651 4926 2839 4994 psalm.
2882 4942 3021 4982 cxxv
3043 4943 3163 4994 pag.
3201 4925 3322 4990 459,
3341 4929 3436 4997 qui
3460 4928 3538 4983 ait
3569 4930 3620 4981 in
3647 4925 3758 4981 ebrio

2195 5007 2412 5069 mortem
2433 4996 2730 5069 quamdam,
2750 5007 2938 5051 natura
2959 4999 3227 5064 incolumi,
3246 4996 3527 5068 imperare.
3544 4998 3756 5069 Basilius.

2197 5069 2252 5122 in
2283 5067 2474 5138 psalm.
2506 5083 2734 5132 cxxxiv,
2778 5076 2936 5138 vocat
2972 5069 3292 5123 ebrietatem
3321 5067 3326 5068 ⁷
3354 5072 3578 5124 rationis
3617 5067 3758 5138 peni-

2196 5139 2346 5193 ciem.
2402 5137 2548 5193 Idem
2592 5139 2758 5192 multa
2804 5137 2968 5193 habet
3007 5139 3320 5208 dignissima
3371 5155 3498 5210 qua:
3551 5137 3759 5210 legantur

2198 5219 2340 5262 orat.
2376 5207 2442 5261 14
2469 5223 2591 5262 nati.
2625 5207 2748 5262 489.

2198 5219 2340 5265 orat.
2376 5219 2442 5261 14
2469 5223 2591 5265 pag.
2625 5219 2748 5262 489.

2278 5223 2592 5354 :LPIrim‘iztlgs
2619 5223 2933 5354 staﬁcclesia
2962 5287 3080 5334 acta
3111 5289 3373 5354 gestaque
3396 5278 3759 5354 martyrumle-

2236 5350 2466 5406 ebantur
2496 5351 2635 5406 inter
2676 5349 2958 5405 missarum
3000 5365 3191 5419 preces
3233 5349 3299 5405 in,
3335 5349 3756 5408 canfess'ionibus.

2252 5423 2551 5492 rarfationes
2573 5430 2798 5492 vocant;
2829 5419 2897 5474 de
2909 5421 3111 5492 quibus
3132 5421 3519 5490 intelligendus
3536 5433 3616 5478 est
3635 5422 3758 5492 locus

2196 5490 2375 5564 unum
2418 5493 2443 5564 i7
2462 5492 2672 5564 abbatis
2695 5491 3032 5564 _Dio_nys_iani,
3069 5491 3124 5564 i_n
3174 5493 3407 5563 epistola
3451 5490 3760 5564 Areopagitij

2196 5563 2276 5635 eis
2305 5563 2557 5635 puclixa,
2585 5563 2653 5618 ad
2693 5557 3025 5635 Ludo'vicum
3069 5557 3224 5618 Pium
3263 5557 3761 5635 imperatorein,'nbi

2197 5634 2273 5689 ait
2302 5635 2441 5690 inter
2481 5633 3492 5706 celebrandumtormentamartyrnm
3532 5635 3761 5687 suerint-te

2193 5707 2610 5780 commemorari.
2634 5703 2704 5759 At
2731 5704 3191 5780 cum_hujusmodi
3223 5703 3363 5770 acta,
3390 5717 3448 5760 ut
3477 5705 3757 5780 plurimum.

2191 5774 2270 5831 ita
2307 5775 2657 5842 referrentur,
2710 5785 2771 5830 ut
2819 5774 2906 5830 vix
2949 5771 2981 5830 a
3023 5776 3226 5846 populo
3285 5771 3508 5846 possent
3547 5771 3759 5831 exaudiri

2190 5853 2247 5902 et
2261 5847 2483 5929 percipi,
2503 5863 2620 5928 mos
2631 5846 2730 5929 fuit
2743 5846 3013 5917 episcopis
3027 5845 3196 5902 fusius
3212 5845 3484 5929 deiisdem
3499 5847 3757 5902 disserere-

2265 5929 2280 5971 ι
2329 5916 2453 5976 Fuit
2480 5918 2568 5976 hic
2608 5933 2813 5976 primus
2861 5917 3236 5976 Ravennatum
3276 5933 3561 5976 enisconus
3618 5922 3759 5976 quem

2265 5929 2280 5971 ι
2329 5929 2453 5976 r‘uit
2480 5929 2568 5977 mc
2608 5933 2813 5991 primus
2861 5929 3236 5976 navennatum
3276 5933 3561 5992 episcopus
3618 5929 3684 5987 qu
