  <div class='ocr_page' id='page_1' title='image "/cluster/home/n/w/nwhite01/storage/ocr_20150623/52/hvd.32044015706419/283.png"; bbox 0 0 3930 6354; ppageno 0'>
   <div class='ocr_carea' id='block_1_1' title="bbox 448 375 558 440">
    <p class='ocr_par' dir='ltr' id='par_1_1' title="bbox 448 375 558 440">
     <span class='ocr_line' id='line_1_1' title="bbox 448 375 558 440; baseline -0.036 0"><span class='ocrx_word' id='word_1_1' title='bbox 448 375 558 440; x_wconf 66' lang='grc' dir='ltr'><strong>κω</strong></span> 
     </span>
    </p>
   </div>
   <div class='ocr_carea' id='block_1_2' title="bbox 1702 345 2479 418">
    <p class='ocr_par' dir='ltr' id='par_1_2' title="bbox 1702 345 2479 418">
     <span class='ocr_line' id='line_1_2' title="bbox 1702 345 2479 418; baseline -0.004 -3"><span class='ocrx_word' id='word_1_2' title='bbox 1702 360 1760 416; x_wconf 88' lang='lat' dir='ltr'><strong>s.</strong></span> <span class='ocrx_word' id='word_1_3' title='bbox 1802 352 2007 418; x_wconf 74' lang='lat' dir='ltr'><strong>rural</strong></span> <span class='ocrx_word' id='word_1_4' title='bbox 2044 345 2479 415; x_wconf 71' lang='lat' dir='ltr'><strong>CHRYSOLOGI</strong></span> 
     </span>
    </p>
   </div>
   <div class='ocr_carea' id='block_1_3' title="bbox 453 467 3731 558">
    <p class='ocr_par' dir='ltr' id='par_1_3' title="bbox 453 467 3731 558">
     <span class='ocr_line' id='line_1_3' title="bbox 453 467 3731 558; baseline -0.011 -6"><span class='ocrx_word' id='word_1_5' title='bbox 453 503 583 552; x_wconf 79' lang='lat' dir='ltr'><strong>ante</strong></span> <span class='ocrx_word' id='word_1_6' title='bbox 601 490 768 547; x_wconf 84' lang='lat' dir='ltr'><strong>tantis</strong></span> <span class='ocrx_word' id='word_1_7' title='bbox 792 483 1011 558; x_wconf 81' lang='lat' dir='ltr'><strong>perﬁdis</strong></span> <span class='ocrx_word' id='word_1_8' title='bbox 1029 479 1321 540; x_wconf 76' lang='lat' dir='ltr'><strong>Christum,</strong></span> <span class='ocrx_word' id='word_1_9' title='bbox 1350 471 1594 530; x_wconf 76' lang='lat' dir='ltr'><strong>ﬁdelibus</strong></span> <span class='ocrx_word' id='word_1_10' title='bbox 1616 481 1805 528; x_wconf 89' lang='lat' dir='ltr'><strong>notum</strong></span> <span class='ocrx_word' id='word_1_11' title='bbox 1825 475 2119 542; x_wconf 66' lang='lat' dir='ltr'><strong>semperA</strong></span> <span class='ocrx_word' id='word_1_12' title='bbox 2142 469 2373 526; x_wconf 76' lang='lat' dir='ltr'><strong>faciebat</strong></span> <span class='ocrx_word' id='word_1_13' title='bbox 2399 484 2505 523; x_wconf 91' lang='lat' dir='ltr'><strong>non</strong></span> <span class='ocrx_word' id='word_1_14' title='bbox 2535 481 2673 532; x_wconf 88' lang='lat' dir='ltr'><strong>esse,</strong></span> <span class='ocrx_word' id='word_1_15' title='bbox 2705 479 2804 523; x_wconf 83' lang='lat' dir='ltr'><strong>nos</strong></span> <span class='ocrx_word' id='word_1_16' title='bbox 2830 467 3156 558; x_wconf 84' lang='lat' dir='ltr'><strong>resurrectio</strong></span> <span class='ocrx_word' id='word_1_17' title='bbox 3176 474 3470 538; x_wconf 80' lang='lat' dir='ltr'><strong>perpetuos</strong></span> <span class='ocrx_word' id='word_1_18' title='bbox 3488 468 3661 524; x_wconf 82' lang='lat' dir='ltr'><strong>reﬁcit</strong></span> <span class='ocrx_word' id='word_1_19' title='bbox 3680 473 3731 528; x_wconf 71' lang='lat' dir='ltr'><strong>in</strong></span> 
     </span>
    </p>
   </div>
   <div class='ocr_carea' id='block_1_4' title="bbox 352 567 2041 654">
    <p class='ocr_par' dir='ltr' id='par_1_4' title="bbox 352 567 2041 654">
     <span class='ocr_line' id='line_1_4' title="bbox 352 567 2041 654; baseline -0.015 -9"><span class='ocrx_word' id='word_1_20' title='bbox 454 591 620 647; x_wconf 75' lang='lat' dir='ltr'><strong>fuisse</strong></span> <span class='ocrx_word' id='word_1_21' title='bbox 659 587 969 654; x_wconf 74' lang='lat' dir='ltr'><strong>cognoscat.</strong></span> <span class='ocrx_word' id='word_1_22' title='bbox 1024 574 1082 630; x_wconf 88' lang='lat' dir='ltr'><strong>Si</strong></span> <span class='ocrx_word' id='word_1_23' title='bbox 1129 573 1290 628; x_wconf 77' lang='lat' dir='ltr'><strong>toties</strong></span> <span class='ocrx_word' id='word_1_24' title='bbox 1326 571 1470 625; x_wconf 89' lang='lat' dir='ltr'><strong>Deus</strong></span> <span class='ocrx_word' id='word_1_25' title='bbox 1517 569 1585 624; x_wconf 89' lang='lat' dir='ltr'><strong>ab</strong></span> <span class='ocrx_word' id='word_1_26' title='bbox 1628 567 1933 622; x_wconf 89' lang='lat' dir='ltr'><strong>hominibus</strong></span> <span class='ocrx_word' id='word_1_27' title='bbox 1987 568 2041 620; x_wconf 90' lang='lat' dir='ltr'><strong>in</strong></span> 
     </span>
    </p>
   </div>
   <div class='ocr_carea' id='block_1_5' title="bbox 363 653 2042 753">
    <p class='ocr_par' dir='ltr' id='par_1_5' title="bbox 363 653 2042 753">
     <span class='ocr_line' id='line_1_5' title="bbox 363 653 2042 753; baseline -0.016 -14"><span class='ocrx_word' id='word_1_28' title='bbox 363 653 411 740; x_wconf 41' lang='grc' dir='ltr'><strong>ἒξ</strong></span> <span class='ocrx_word' id='word_1_29' title='bbox 455 682 628 753; x_wconf 78' lang='lat' dir='ltr'><strong>ﬁgura</strong></span> <span class='ocrx_word' id='word_1_30' title='bbox 667 653 900 732; x_wconf 86' lang='lat' dir='ltr'><strong>hominis</strong></span> <span class='ocrx_word' id='word_1_31' title='bbox 927 668 1156 732; x_wconf 88' lang='lat' dir='ltr'><strong>videtur,</strong></span> <span class='ocrx_word' id='word_1_32' title='bbox 1191 662 1317 734; x_wconf 91' lang='lat' dir='ltr'><strong>quid</strong></span> <span class='ocrx_word' id='word_1_33' title='bbox 1358 668 1441 716; x_wconf 90' lang='lat' dir='ltr'><strong>est</strong></span> <span class='ocrx_word' id='word_1_34' title='bbox 1466 658 1612 730; x_wconf 90' lang='lat' dir='ltr'><strong>quod</strong></span> <span class='ocrx_word' id='word_1_35' title='bbox 1637 656 1852 753; x_wconf 68' lang='lat' dir='ltr'><strong>Judmus</strong></span> <span class='ocrx_word' id='word_1_36' title='bbox 1879 656 2042 753; x_wconf 81' lang='lat' dir='ltr'><strong>modo</strong></span> 
     </span>
    </p>
   </div>
   <div class='ocr_carea' id='block_1_6' title="bbox 454 749 2043 830">
    <p class='ocr_par' dir='ltr' id='par_1_6' title="bbox 454 749 2043 830">
     <span class='ocr_line' id='line_1_6' title="bbox 454 749 2043 830; baseline -0.017 1"><span class='ocrx_word' id='word_1_37' title='bbox 454 749 733 830; x_wconf 80' lang='lat' dir='ltr'><strong>hominem</strong></span> <span class='ocrx_word' id='word_1_38' title='bbox 751 765 940 820; x_wconf 88' lang='lat' dir='ltr'><strong>videns</strong></span> <span class='ocrx_word' id='word_1_39' title='bbox 958 760 1251 821; x_wconf 77' lang='lat' dir='ltr'><strong>Christum,</strong></span> <span class='ocrx_word' id='word_1_40' title='bbox 1275 756 1354 810; x_wconf 91' lang='lat' dir='ltr'><strong>sic</strong></span> <span class='ocrx_word' id='word_1_41' title='bbox 1373 761 1745 824; x_wconf 82' lang='lat' dir='ltr'><strong>exasperatur,</strong></span> <span class='ocrx_word' id='word_1_42' title='bbox 1777 751 1880 806; x_wconf 88' lang='lat' dir='ltr'><strong>nisi</strong></span> <span class='ocrx_word' id='word_1_43' title='bbox 1905 749 2043 805; x_wconf 86' lang='lat' dir='ltr'><strong>forte</strong></span> 
     </span>
    </p>
   </div>
   <div class='ocr_carea' id='block_1_7' title="bbox 454 845 2044 934">
    <p class='ocr_par' dir='ltr' id='par_1_7' title="bbox 454 845 2044 934">
     <span class='ocr_line' id='line_1_7' title="bbox 454 845 2044 934; baseline -0.016 -12"><span class='ocrx_word' id='word_1_44' title='bbox 454 866 646 934; x_wconf 75' lang='lat' dir='ltr'><strong>figura,</strong></span> <span class='ocrx_word' id='word_1_45' title='bbox 680 863 872 922; x_wconf 86' lang='lat' dir='ltr'><strong>honor,</strong></span> <span class='ocrx_word' id='word_1_46' title='bbox 899 855 1115 919; x_wconf 86' lang='lat' dir='ltr'><strong>veritas,</strong></span> <span class='ocrx_word' id='word_1_47' title='bbox 1139 859 1359 922; x_wconf 82' lang='lat' dir='ltr'><strong>putatur</strong></span> <span class='ocrx_word' id='word_1_48' title='bbox 1387 847 1619 917; x_wconf 85' lang='lat' dir='ltr'><strong>injuria?</strong></span> <span class='ocrx_word' id='word_1_49' title='bbox 1647 845 1852 900; x_wconf 85' lang='lat' dir='ltr'><strong>Retulit</strong></span> <span class='ocrx_word' id='word_1_50' title='bbox 1878 857 2044 899; x_wconf 91' lang='lat' dir='ltr'><strong>evan-</strong></span> 
     </span>
    </p>
   </div>
   <div class='ocr_carea' id='block_1_8' title="bbox 455 941 2044 1027">
    <p class='ocr_par' dir='ltr' id='par_1_8' title="bbox 455 941 2044 1027">
     <span class='ocr_line' id='line_1_8' title="bbox 455 941 2044 1027; baseline -0.014 -15"><span class='ocrx_word' id='word_1_51' title='bbox 455 957 648 1027; x_wconf 87' lang='lat' dir='ltr'><strong>gelista</strong></span> <span class='ocrx_word' id='word_1_52' title='bbox 687 952 850 1008; x_wconf 86' lang='lat' dir='ltr'><strong>hodie</strong></span> <span class='ocrx_word' id='word_1_53' title='bbox 895 948 1168 1004; x_wconf 86' lang='lat' dir='ltr'><strong>Christum</strong></span> <span class='ocrx_word' id='word_1_54' title='bbox 1205 944 1404 999; x_wconf 77' lang='lat' dir='ltr'><strong>dixisse</strong></span> <span class='ocrx_word' id='word_1_55' title='bbox 1444 959 1457 995; x_wconf 92' lang='lat'>:</span> <span class='ocrx_word' id='word_1_56' title='bbox 1501 941 1563 996; x_wconf 91' lang='lat' dir='ltr'><strong>Si</strong></span> <span class='ocrx_word' id='word_1_57' title='bbox 1607 941 1718 1012; x_wconf 87' lang='lat' dir='ltr'><strong>quis</strong></span> <span class='ocrx_word' id='word_1_58' title='bbox 1757 953 2044 994; x_wconf 87' lang='lat' dir='ltr'><strong>sermonem</strong></span> 
     </span>
    </p>
   </div>
   <div class='ocr_carea' id='block_1_9' title="bbox 454 1032 2045 1106">
    <p class='ocr_par' dir='ltr' id='par_1_9' title="bbox 454 1032 2045 1106">
     <span class='ocr_line' id='line_1_9' title="bbox 454 1032 2045 1106; baseline -0.015 -2"><span class='ocrx_word' id='word_1_59' title='bbox 454 1064 623 1104; x_wconf 86' lang='lat' dir='ltr'><strong>meum</strong></span> <span class='ocrx_word' id='word_1_60' title='bbox 667 1043 976 1106; x_wconf 76' lang='lat' dir='ltr'><strong>servaverit,</strong></span> <span class='ocrx_word' id='word_1_61' title='bbox 1027 1055 1132 1093; x_wconf 89' lang='lat' dir='ltr'><strong>non</strong></span> <span class='ocrx_word' id='word_1_62' title='bbox 1187 1035 1376 1090; x_wconf 90' lang='lat' dir='ltr'><strong>videbit</strong></span> <span class='ocrx_word' id='word_1_63' title='bbox 1427 1041 1644 1087; x_wconf 88' lang='lat' dir='ltr'><strong>mortem</strong></span> <span class='ocrx_word' id='word_1_64' title='bbox 1682 1032 1738 1084; x_wconf 89' lang='lat' dir='ltr'><strong>in</strong></span> <span class='ocrx_word' id='word_1_65' title='bbox 1798 1038 2045 1083; x_wconf 74' lang='lat' dir='ltr'><strong>wternum</strong></span> 
     </span>
    </p>
   </div>
   <div class='ocr_carea' id='block_1_10' title="bbox 457 1117 2039 1210">
    <p class='ocr_par' dir='ltr' id='par_1_10' title="bbox 457 1117 2039 1210">
     <span class='ocr_line' id='line_1_10' title="bbox 457 1117 2039 1210; baseline -0.013 -18"><span class='ocrx_word' id='word_1_66' title='bbox 457 1137 639 1210; x_wconf 86' lang='lat' dir='ltr'><strong>(Joan.</strong></span> <span class='ocrx_word' id='word_1_67' title='bbox 666 1133 799 1204; x_wconf 80' lang='lat' dir='ltr'><strong>vni).</strong></span> <span class='ocrx_word' id='word_1_68' title='bbox 835 1131 916 1185; x_wconf 88' lang='lat' dir='ltr'><strong>Ad</strong></span> <span class='ocrx_word' id='word_1_69' title='bbox 944 1128 1090 1200; x_wconf 89' lang='lat' dir='ltr'><strong>quod</strong></span> <span class='ocrx_word' id='word_1_70' title='bbox 1135 1126 1360 1181; x_wconf 86' lang='lat' dir='ltr'><strong>verbum</strong></span> <span class='ocrx_word' id='word_1_71' title='bbox 1399 1121 1797 1193; x_wconf 89' lang='lat' dir='ltr'><strong>responderunt</strong></span> <span class='ocrx_word' id='word_1_72' title='bbox 1835 1117 2039 1173; x_wconf 72' lang='lat' dir='ltr'><strong>Judtei:</strong></span> 
     </span>
    </p>
   </div>
   <div class='ocr_carea' id='block_1_11' title="bbox 456 1213 2046 1299">
    <p class='ocr_par' dir='ltr' id='par_1_11' title="bbox 456 1213 2046 1299">
     <span class='ocr_line' id='line_1_11' title="bbox 456 1213 2046 1299; baseline -0.013 -14"><span class='ocrx_word' id='word_1_73' title='bbox 456 1228 614 1286; x_wconf 87' lang='lat' dir='ltr'><strong>Nunc</strong></span> <span class='ocrx_word' id='word_1_74' title='bbox 652 1227 980 1299; x_wconf 78' lang='lat' dir='ltr'><strong>cognovimus</strong></span> <span class='ocrx_word' id='word_1_75' title='bbox 1014 1223 1134 1295; x_wconf 84' lang='lat' dir='ltr'><strong>quia</strong></span> <span class='ocrx_word' id='word_1_76' title='bbox 1173 1218 1488 1274; x_wconf 76' lang='lat' dir='ltr'><strong>dwmonium</strong></span> <span class='ocrx_word' id='word_1_77' title='bbox 1525 1214 1681 1270; x_wconf 87' lang='lat' dir='ltr'><strong>habes</strong></span> <span class='ocrx_word' id='word_1_78' title='bbox 1722 1231 1739 1266; x_wconf 91' lang='lat'><strong><em>:</em></strong></span> <span class='ocrx_word' id='word_1_79' title='bbox 1784 1213 2046 1267; x_wconf 81' lang='lat' dir='ltr'><strong>Abraham</strong></span> 
     </span>
    </p>
   </div>
   <div class='ocr_carea' id='block_1_12' title="bbox 456 1300 2046 1394">
    <p class='ocr_par' dir='ltr' id='par_1_12' title="bbox 456 1300 2046 1394">
     <span class='ocr_line' id='line_1_12' title="bbox 456 1300 2046 1394; baseline -0.014 -17"><span class='ocrx_word' id='word_1_80' title='bbox 456 1332 605 1394; x_wconf 85' lang='lat' dir='ltr'><strong>pater</strong></span> <span class='ocrx_word' id='word_1_81' title='bbox 631 1328 806 1374; x_wconf 89' lang='lat' dir='ltr'><strong>noster</strong></span> <span class='ocrx_word' id='word_1_82' title='bbox 847 1323 1077 1370; x_wconf 86' lang='lat' dir='ltr'><strong>mortuus</strong></span> <span class='ocrx_word' id='word_1_83' title='bbox 1106 1320 1182 1366; x_wconf 89' lang='lat' dir='ltr'><strong>est</strong></span> <span class='ocrx_word' id='word_1_84' title='bbox 1211 1320 1261 1365; x_wconf 91' lang='lat' dir='ltr'><strong>et</strong></span> <span class='ocrx_word' id='word_1_85' title='bbox 1290 1308 1580 1381; x_wconf 67' lang='lat' dir='ltr'><strong>prophetat;</strong></span> <span class='ocrx_word' id='word_1_86' title='bbox 1610 1316 1660 1360; x_wconf 91' lang='lat' dir='ltr'><strong>et</strong></span> <span class='ocrx_word' id='word_1_87' title='bbox 1689 1313 1741 1358; x_wconf 89' lang='lat' dir='ltr'><strong>tu</strong></span> <span class='ocrx_word' id='word_1_88' title='bbox 1776 1304 1903 1357; x_wconf 86' lang='lat' dir='ltr'><strong>dicis</strong></span> <span class='ocrx_word' id='word_1_89' title='bbox 1937 1321 1949 1354; x_wconf 91' lang='lat'>:</span> <span class='ocrx_word' id='word_1_90' title='bbox 1985 1300 2046 1356; x_wconf 89' lang='lat' dir='ltr'><strong>Si</strong></span> 
     </span>
    </p>
   </div>
   <div class='ocr_carea' id='block_1_13' title="bbox 457 1394 2047 1484">
    <p class='ocr_par' dir='ltr' id='par_1_13' title="bbox 457 1394 2047 1484">
     <span class='ocr_line' id='line_1_13' title="bbox 457 1394 2047 1484; baseline -0.014 -16"><span class='ocrx_word' id='word_1_91' title='bbox 457 1415 572 1484; x_wconf 85' lang='lat' dir='ltr'><strong>quis</strong></span> <span class='ocrx_word' id='word_1_92' title='bbox 594 1424 883 1466; x_wconf 78' lang='lat' dir='ltr'><strong>sermonem</strong></span> <span class='ocrx_word' id='word_1_93' title='bbox 911 1420 1078 1458; x_wconf 88' lang='lat' dir='ltr'><strong>meum</strong></span> <span class='ocrx_word' id='word_1_94' title='bbox 1111 1401 1405 1466; x_wconf 77' lang='lat' dir='ltr'><strong>servaverit,</strong></span> <span class='ocrx_word' id='word_1_95' title='bbox 1439 1414 1542 1452; x_wconf 87' lang='lat' dir='ltr'><strong>non</strong></span> <span class='ocrx_word' id='word_1_96' title='bbox 1571 1394 1795 1468; x_wconf 84' lang='lat' dir='ltr'><strong>gustabit</strong></span> <span class='ocrx_word' id='word_1_97' title='bbox 1829 1401 2047 1447; x_wconf 89' lang='lat' dir='ltr'><strong>mortem</strong></span> 
     </span>
    </p>
   </div>
   <div class='ocr_carea' id='block_1_14' title="bbox 457 1486 2045 1568">
    <p class='ocr_par' dir='ltr' id='par_1_14' title="bbox 457 1486 2045 1568">
     <span class='ocr_line' id='line_1_14' title="bbox 457 1486 2045 1568; baseline -0.013 -9"><span class='ocrx_word' id='word_1_98' title='bbox 457 1508 512 1560; x_wconf 90' lang='lat' dir='ltr'><strong>in</strong></span> <span class='ocrx_word' id='word_1_99' title='bbox 537 1513 806 1559; x_wconf 64' lang='lat' dir='ltr'><strong>internum.</strong></span> <span class='ocrx_word' id='word_1_100' title='bbox 842 1495 1108 1568; x_wconf 86' lang='lat' dir='ltr'><strong>Numquid</strong></span> <span class='ocrx_word' id='word_1_101' title='bbox 1135 1504 1188 1548; x_wconf 86' lang='lat' dir='ltr'><strong>tu</strong></span> <span class='ocrx_word' id='word_1_102' title='bbox 1219 1492 1392 1564; x_wconf 88' lang='lat' dir='ltr'><strong>major</strong></span> <span class='ocrx_word' id='word_1_103' title='bbox 1417 1508 1470 1546; x_wconf 91' lang='lat' dir='ltr'><strong>es</strong></span> <span class='ocrx_word' id='word_1_104' title='bbox 1498 1499 1645 1561; x_wconf 85' lang='lat' dir='ltr'><strong>patre</strong></span> <span class='ocrx_word' id='word_1_105' title='bbox 1673 1497 1848 1542; x_wconf 88' lang='lat' dir='ltr'><strong>nostra</strong></span> <span class='ocrx_word' id='word_1_106' title='bbox 1876 1486 2045 1540; x_wconf 83' lang='lat' dir='ltr'><strong>Abra-</strong></span> 
     </span>
    </p>
   </div>
   <div class='ocr_carea' id='block_1_15' title="bbox 458 1575 2050 1658">
    <p class='ocr_par' dir='ltr' id='par_1_15' title="bbox 458 1575 2050 1658">
     <span class='ocr_line' id='line_1_15' title="bbox 458 1575 2050 1658; baseline -0.014 -8"><span class='ocrx_word' id='word_1_107' title='bbox 458 1594 623 1650; x_wconf 86' lang='lat' dir='ltr'><strong>ham?</strong></span> <span class='ocrx_word' id='word_1_108' title='bbox 665 1589 827 1655; x_wconf 82' lang='lat' dir='ltr'><strong>Quem</strong></span> <span class='ocrx_word' id='word_1_109' title='bbox 869 1589 1078 1658; x_wconf 88' lang='lat' dir='ltr'><strong>teipsum</strong></span> <span class='ocrx_word' id='word_1_110' title='bbox 1120 1583 1287 1657; x_wconf 79' lang='lat' dir='ltr'><strong>facis?</strong></span> <span class='ocrx_word' id='word_1_111' title='bbox 1319 1579 1515 1636; x_wconf 89' lang='lat' dir='ltr'><strong>Omnes</strong></span> <span class='ocrx_word' id='word_1_112' title='bbox 1554 1577 1778 1650; x_wconf 86' lang='lat' dir='ltr'><strong>perﬁdia</strong></span> <span class='ocrx_word' id='word_1_113' title='bbox 1816 1575 2050 1646; x_wconf 84' lang='lat' dir='ltr'><strong>qualiter</strong></span> 
     </span>
    </p>
   </div>
   <div class='ocr_carea' id='block_1_16' title="bbox 458 1670 2048 1755">
    <p class='ocr_par' dir='ltr' id='par_1_16' title="bbox 458 1670 2048 1755">
     <span class='ocr_line' id='line_1_16' title="bbox 458 1670 2048 1755; baseline -0.014 -13"><span class='ocrx_word' id='word_1_114' title='bbox 458 1683 709 1755; x_wconf 80' lang='lat' dir='ltr'><strong>excepit!</strong></span> <span class='ocrx_word' id='word_1_115' title='bbox 761 1697 795 1736; x_wconf 93' lang='lat' dir='ltr'><strong>o</strong></span> <span class='ocrx_word' id='word_1_116' title='bbox 834 1677 1066 1748; x_wconf 89' lang='lat' dir='ltr'><strong>qualiter</strong></span> <span class='ocrx_word' id='word_1_117' title='bbox 1103 1675 1288 1730; x_wconf 88' lang='lat' dir='ltr'><strong>oculos</strong></span> <span class='ocrx_word' id='word_1_118' title='bbox 1329 1671 1528 1728; x_wconf 86' lang='lat' dir='ltr'><strong>claudit</strong></span> <span class='ocrx_word' id='word_1_119' title='bbox 1575 1670 1742 1726; x_wconf 88' lang='lat' dir='ltr'><strong>livor!</strong></span> <span class='ocrx_word' id='word_1_120' title='bbox 1787 1674 2048 1738; x_wconf 89' lang='lat' dir='ltr'><strong>quantum</strong></span> 
     </span>
    </p>
   </div>
   <div class='ocr_carea' id='block_1_17' title="bbox 459 1758 2049 1847">
    <p class='ocr_par' dir='ltr' id='par_1_17' title="bbox 459 1758 2049 1847">
     <span class='ocr_line' id='line_1_17' title="bbox 459 1758 2049 1847; baseline -0.013 -15"><span class='ocrx_word' id='word_1_121' title='bbox 459 1775 717 1847; x_wconf 82' lang='lat' dir='ltr'><strong>iudicium</strong></span> <span class='ocrx_word' id='word_1_122' title='bbox 757 1771 934 1827; x_wconf 85' lang='lat' dir='ltr'><strong>cordis</strong></span> <span class='ocrx_word' id='word_1_123' title='bbox 979 1767 1217 1836; x_wconf 89' lang='lat' dir='ltr'><strong>nequitia</strong></span> <span class='ocrx_word' id='word_1_124' title='bbox 1269 1762 1613 1835; x_wconf 65' lang='lat' dir='ltr'><strong>praeiudicata</strong></span> <span class='ocrx_word' id='word_1_125' title='bbox 1654 1758 1968 1816; x_wconf 87' lang='lat' dir='ltr'><strong>confundit!</strong></span> <span class='ocrx_word' id='word_1_126' title='bbox 2015 1773 2049 1812; x_wconf 88' lang='grc' dir='ltr'>ο</span> 
     </span>
    </p>
   </div>
   <div class='ocr_carea' id='block_1_18' title="bbox 2143 556 3735 631">
    <p class='ocr_par' dir='ltr' id='par_1_18' title="bbox 2143 556 3735 631">
     <span class='ocr_line' id='line_1_18' title="bbox 2143 556 3735 631; baseline 0 -17"><span class='ocrx_word' id='word_1_127' title='bbox 2143 561 2397 616; x_wconf 89' lang='lat' dir='ltr'><strong>futurum.</strong></span> <span class='ocrx_word' id='word_1_128' title='bbox 2425 558 2562 612; x_wconf 87' lang='lat' dir='ltr'><strong>Audi</strong></span> <span class='ocrx_word' id='word_1_129' title='bbox 2589 558 2828 628; x_wconf 86' lang='lat' dir='ltr'><strong>apertius</strong></span> <span class='ocrx_word' id='word_1_130' title='bbox 2854 557 2959 613; x_wconf 92' lang='lat' dir='ltr'><strong>hoc</strong></span> <span class='ocrx_word' id='word_1_131' title='bbox 2983 557 3251 613; x_wconf 80' lang='lat' dir='ltr'><strong>dicentem</strong></span> <span class='ocrx_word' id='word_1_132' title='bbox 3276 575 3290 609; x_wconf 90' lang='lat'>:</span> <span class='ocrx_word' id='word_1_133' title='bbox 3319 556 3508 612; x_wconf 83' lang='lat' dir='ltr'><strong>Omnis</strong></span> <span class='ocrx_word' id='word_1_134' title='bbox 3532 560 3619 631; x_wconf 73' lang='lat' dir='ltr'><strong>qui</strong></span> <span class='ocrx_word' id='word_1_135' title='bbox 3639 575 3735 614; x_wconf 83' lang='lat' dir='ltr'><strong>cre-</strong></span> 
     </span>
    </p>
   </div>
   <div class='ocr_carea' id='block_1_19' title="bbox 2146 648 3737 714">
    <p class='ocr_par' dir='ltr' id='par_1_19' title="bbox 2146 648 3737 714">
     <span class='ocr_line' id='line_1_19' title="bbox 2146 648 3737 714; baseline 0 -9"><span class='ocrx_word' id='word_1_136' title='bbox 2146 651 2351 714; x_wconf 87' lang='lat' dir='ltr'><strong>diderit,</strong></span> <span class='ocrx_word' id='word_1_137' title='bbox 2370 668 2474 705; x_wconf 89' lang='lat' dir='ltr'><strong>non</strong></span> <span class='ocrx_word' id='word_1_138' title='bbox 2488 651 2733 704; x_wconf 89' lang='lat' dir='ltr'><strong>morietur</strong></span> <span class='ocrx_word' id='word_1_139' title='bbox 2751 651 2809 703; x_wconf 87' lang='lat' dir='ltr'><strong>in</strong></span> <span class='ocrx_word' id='word_1_140' title='bbox 2831 657 3099 714; x_wconf 66' lang='lat' dir='ltr'><strong>aeternum,</strong></span> <span class='ocrx_word' id='word_1_141' title='bbox 3113 648 3207 703; x_wconf 90' lang='lat' dir='ltr'><strong>sed</strong></span> <span class='ocrx_word' id='word_1_142' title='bbox 3223 650 3466 703; x_wconf 82' lang='lat' dir='ltr'><strong>transibit</strong></span> <span class='ocrx_word' id='word_1_143' title='bbox 3493 649 3561 703; x_wconf 88' lang='lat' dir='ltr'><strong>de</strong></span> <span class='ocrx_word' id='word_1_144' title='bbox 3578 661 3737 705; x_wconf 78' lang='lat' dir='ltr'><strong>morte</strong></span> 
     </span>
    </p>
   </div>
   <div class='ocr_carea' id='block_1_20' title="bbox 2145 740 3736 816">
    <p class='ocr_par' dir='ltr' id='par_1_20' title="bbox 2145 740 3736 816">
     <span class='ocr_line' id='line_1_20' title="bbox 2145 740 3736 816; baseline 0.001 -19"><span class='ocrx_word' id='word_1_145' title='bbox 2145 744 2214 797; x_wconf 90' lang='lat' dir='ltr'><strong>ad</strong></span> <span class='ocrx_word' id='word_1_146' title='bbox 2233 744 2389 798; x_wconf 88' lang='lat' dir='ltr'><strong>vitam</strong></span> <span class='ocrx_word' id='word_1_147' title='bbox 2411 741 2589 816; x_wconf 80' lang='lat' dir='ltr'><strong>(Joan.</strong></span> <span class='ocrx_word' id='word_1_148' title='bbox 2623 759 2658 796; x_wconf 91' lang='lat' dir='ltr'><strong>v</strong></span> <span class='ocrx_word' id='word_1_149' title='bbox 2684 751 2734 796; x_wconf 90' lang='lat' dir='ltr'><strong>et</strong></span> <span class='ocrx_word' id='word_1_150' title='bbox 2761 740 2858 808; x_wconf 72' lang='grc' dir='ltr'><strong>χι).</strong></span> <span class='ocrx_word' id='word_1_151' title='bbox 2877 740 3160 809; x_wconf 85' lang='lat' dir='ltr'><strong>Quomodo</strong></span> <span class='ocrx_word' id='word_1_152' title='bbox 3180 759 3288 798; x_wconf 87' lang='lat' dir='ltr'><strong>non</strong></span> <span class='ocrx_word' id='word_1_153' title='bbox 3315 743 3588 799; x_wconf 82' lang='lat' dir='ltr'><strong>moritur?</strong></span> <span class='ocrx_word' id='word_1_154' title='bbox 3607 741 3736 812; x_wconf 83' lang='lat' dir='ltr'><strong>Quia</strong></span> 
     </span>
    </p>
   </div>
   <div class='ocr_carea' id='block_1_21' title="bbox 2145 834 3734 904">
    <p class='ocr_par' dir='ltr' id='par_1_21' title="bbox 2145 834 3734 904">
     <span class='ocr_line' id='line_1_21' title="bbox 2145 834 3734 904; baseline -0.003 -11"><span class='ocrx_word' id='word_1_155' title='bbox 2145 837 2212 893; x_wconf 88' lang='lat' dir='ltr'><strong>de</strong></span> <span class='ocrx_word' id='word_1_156' title='bbox 2238 843 2411 891; x_wconf 90' lang='lat' dir='ltr'><strong>morte</strong></span> <span class='ocrx_word' id='word_1_157' title='bbox 2438 835 2630 891; x_wconf 84' lang='lat' dir='ltr'><strong>transit</strong></span> <span class='ocrx_word' id='word_1_158' title='bbox 2648 834 2716 890; x_wconf 89' lang='lat' dir='ltr'><strong>ad</strong></span> <span class='ocrx_word' id='word_1_159' title='bbox 2735 835 2919 890; x_wconf 88' lang='lat' dir='ltr'><strong>vitam.</strong></span> <span class='ocrx_word' id='word_1_160' title='bbox 2947 834 3176 890; x_wconf 80' lang='lat' dir='ltr'><strong>Moritur</strong></span> <span class='ocrx_word' id='word_1_161' title='bbox 3195 849 3345 904; x_wconf 89' lang='lat' dir='ltr'><strong>ergo,</strong></span> <span class='ocrx_word' id='word_1_162' title='bbox 3362 835 3602 890; x_wconf 87' lang='lat' dir='ltr'><strong>moritur</strong></span> <span class='ocrx_word' id='word_1_163' title='bbox 3622 850 3734 890; x_wconf 90' lang='lat' dir='ltr'><strong>om-</strong></span> 
     </span>
    </p>
   </div>
   <div class='ocr_carea' id='block_1_22' title="bbox 2147 927 3737 999">
    <p class='ocr_par' dir='ltr' id='par_1_22' title="bbox 2147 927 3737 999">
     <span class='ocr_line' id='line_1_22' title="bbox 2147 927 3737 999; baseline -0.001 -14"><span class='ocrx_word' id='word_1_164' title='bbox 2147 931 2231 986; x_wconf 89' lang='lat' dir='ltr'><strong>nis</strong></span> <span class='ocrx_word' id='word_1_165' title='bbox 2250 931 2340 999; x_wconf 89' lang='lat' dir='ltr'><strong>qui</strong></span> <span class='ocrx_word' id='word_1_166' title='bbox 2361 930 2600 985; x_wconf 88' lang='lat' dir='ltr'><strong>nascitur</strong></span> <span class='ocrx_word' id='word_1_167' title='bbox 2616 927 2684 984; x_wconf 89' lang='lat' dir='ltr'><strong>de</strong></span> <span class='ocrx_word' id='word_1_168' title='bbox 2712 928 3021 984; x_wconf 91' lang='lat' dir='ltr'><strong>conditione</strong></span> <span class='ocrx_word' id='word_1_169' title='bbox 3048 928 3296 996; x_wconf 86' lang='lat' dir='ltr'><strong>mortali;</strong></span> <span class='ocrx_word' id='word_1_170' title='bbox 3324 927 3424 983; x_wconf 86' lang='lat' dir='ltr'><strong>sed</strong></span> <span class='ocrx_word' id='word_1_171' title='bbox 3442 927 3599 993; x_wconf 81' lang='lat' dir='ltr'><strong>vivit,</strong></span> <span class='ocrx_word' id='word_1_172' title='bbox 3617 934 3675 982; x_wconf 89' lang='lat' dir='ltr'><strong>et</strong></span> <span class='ocrx_word' id='word_1_173' title='bbox 3691 928 3737 983; x_wconf 91' lang='lat' dir='ltr'><strong>in</strong></span> 
     </span>
    </p>
   </div>
   <div class='ocr_carea' id='block_1_23' title="bbox 2146 1017 3739 1089">
    <p class='ocr_par' dir='ltr' id='par_1_23' title="bbox 2146 1017 3739 1089">
     <span class='ocr_line' id='line_1_23' title="bbox 2146 1017 3739 1089; baseline -0.003 -13"><span class='ocrx_word' id='word_1_174' title='bbox 2146 1029 2404 1076; x_wconf 79' lang='lat' dir='ltr'><strong>aeternum</strong></span> <span class='ocrx_word' id='word_1_175' title='bbox 2430 1021 2583 1084; x_wconf 88' lang='lat' dir='ltr'><strong>vivit,</strong></span> <span class='ocrx_word' id='word_1_176' title='bbox 2620 1019 2795 1076; x_wconf 90' lang='lat' dir='ltr'><strong>omnis</strong></span> <span class='ocrx_word' id='word_1_177' title='bbox 2828 1019 2921 1089; x_wconf 90' lang='lat' dir='ltr'><strong>qui</strong></span> <span class='ocrx_word' id='word_1_178' title='bbox 2958 1019 3259 1074; x_wconf 90' lang='lat' dir='ltr'><strong>renascitur</strong></span> <span class='ocrx_word' id='word_1_179' title='bbox 3284 1018 3354 1074; x_wconf 91' lang='lat' dir='ltr'><strong>de</strong></span> <span class='ocrx_word' id='word_1_180' title='bbox 3394 1017 3739 1087; x_wconf 79' lang='lat' dir='ltr'><strong>generatione</strong></span> 
     </span>
    </p>
   </div>
   <div class='ocr_carea' id='block_1_24' title="bbox 2147 1111 3739 1182">
    <p class='ocr_par' dir='ltr' id='par_1_24' title="bbox 2147 1111 3739 1182">
     <span class='ocr_line' id='line_1_24' title="bbox 2147 1111 3739 1182; baseline -0.003 -14"><span class='ocrx_word' id='word_1_181' title='bbox 2147 1113 2316 1168; x_wconf 90' lang='lat' dir='ltr'><strong>vitali.</strong></span> <span class='ocrx_word' id='word_1_182' title='bbox 2362 1112 2469 1169; x_wconf 90' lang='lat' dir='ltr'><strong>Sed</strong></span> <span class='ocrx_word' id='word_1_183' title='bbox 2507 1111 2647 1179; x_wconf 92' lang='lat' dir='ltr'><strong>dico,</strong></span> <span class='ocrx_word' id='word_1_184' title='bbox 2691 1111 2784 1182; x_wconf 90' lang='lat' dir='ltr'><strong>qui</strong></span> <span class='ocrx_word' id='word_1_185' title='bbox 2831 1111 3008 1182; x_wconf 90' lang='lat' dir='ltr'><strong>potuit</strong></span> <span class='ocrx_word' id='word_1_186' title='bbox 3049 1111 3262 1166; x_wconf 76' lang='lat' dir='ltr'><strong>auferre</strong></span> <span class='ocrx_word' id='word_1_187' title='bbox 3289 1117 3550 1176; x_wconf 86' lang='lat' dir='ltr'><strong>mortem,</strong></span> <span class='ocrx_word' id='word_1_188' title='bbox 3580 1123 3739 1179; x_wconf 84' lang='lat' dir='ltr'><strong>quare</strong></span> 
     </span>
    </p>
   </div>
   <div class='ocr_carea' id='block_1_25' title="bbox 2147 1201 3740 1274">
    <p class='ocr_par' dir='ltr' id='par_1_25' title="bbox 2147 1201 3740 1274">
     <span class='ocr_line' id='line_1_25' title="bbox 2147 1201 3740 1274; baseline -0.003 -14"><span class='ocrx_word' id='word_1_189' title='bbox 2147 1205 2419 1260; x_wconf 90' lang='lat' dir='ltr'><strong>hominem</strong></span> <span class='ocrx_word' id='word_1_190' title='bbox 2457 1204 2627 1260; x_wconf 87' lang='lat' dir='ltr'><strong>voluit</strong></span> <span class='ocrx_word' id='word_1_191' title='bbox 2671 1203 2899 1260; x_wconf 88' lang='lat' dir='ltr'><strong>transire</strong></span> <span class='ocrx_word' id='word_1_192' title='bbox 2925 1219 3025 1274; x_wconf 88' lang='lat' dir='ltr'><strong>per</strong></span> <span class='ocrx_word' id='word_1_193' title='bbox 3050 1204 3320 1258; x_wconf 85' lang='lat' dir='ltr'><strong>mortem?</strong></span> <span class='ocrx_word' id='word_1_194' title='bbox 3360 1203 3577 1272; x_wconf 80' lang='lat' dir='ltr'><strong>gratior</strong></span> <span class='ocrx_word' id='word_1_195' title='bbox 3601 1201 3740 1256; x_wconf 86' lang='lat' dir='ltr'><strong>enim</strong></span> 
     </span>
    </p>
   </div>
   <div class='ocr_carea' id='block_1_26' title="bbox 2147 1291 3738 1366">
    <p class='ocr_par' dir='ltr' id='par_1_26' title="bbox 2147 1291 3738 1366">
     <span class='ocr_line' id='line_1_26' title="bbox 2147 1291 3738 1366; baseline -0.003 -14"><span class='ocrx_word' id='word_1_196' title='bbox 2147 1297 2360 1352; x_wconf 90' lang='lat' dir='ltr'><strong>videtur</strong></span> <span class='ocrx_word' id='word_1_197' title='bbox 2403 1297 2642 1353; x_wconf 89' lang='lat' dir='ltr'><strong>medicus</strong></span> <span class='ocrx_word' id='word_1_198' title='bbox 2689 1296 2784 1366; x_wconf 89' lang='lat' dir='ltr'><strong>qui</strong></span> <span class='ocrx_word' id='word_1_199' title='bbox 2830 1296 3092 1366; x_wconf 84' lang='lat' dir='ltr'><strong>anticipat</strong></span> <span class='ocrx_word' id='word_1_200' title='bbox 3143 1296 3399 1358; x_wconf 84' lang='lat' dir='ltr'><strong>morbos,</strong></span> <span class='ocrx_word' id='word_1_201' title='bbox 3446 1309 3614 1364; x_wconf 91' lang='lat' dir='ltr'><strong>quam</strong></span> <span class='ocrx_word' id='word_1_202' title='bbox 3652 1291 3738 1363; x_wconf 87' lang='lat' dir='ltr'><strong>qui</strong></span> 
     </span>
    </p>
   </div>
   <div class='ocr_carea' id='block_1_27' title="bbox 2148 1383 3735 1456">
    <p class='ocr_par' dir='ltr' id='par_1_27' title="bbox 2148 1383 3735 1456">
     <span class='ocr_line' id='line_1_27' title="bbox 2148 1383 3735 1456; baseline -0.002 -15"><span class='ocrx_word' id='word_1_203' title='bbox 2148 1388 2351 1443; x_wconf 88' lang='lat' dir='ltr'><strong>morbis</strong></span> <span class='ocrx_word' id='word_1_204' title='bbox 2379 1387 2573 1456; x_wconf 77' lang='lat' dir='ltr'><strong>ingerit</strong></span> <span class='ocrx_word' id='word_1_205' title='bbox 2599 1401 2776 1442; x_wconf 90' lang='lat' dir='ltr'><strong>seram</strong></span> <span class='ocrx_word' id='word_1_206' title='bbox 2817 1395 2873 1442; x_wconf 92' lang='lat' dir='ltr'><strong>et</strong></span> <span class='ocrx_word' id='word_1_207' title='bbox 2901 1401 3009 1442; x_wconf 92' lang='lat' dir='ltr'><strong>non</strong></span> <span class='ocrx_word' id='word_1_208' title='bbox 3031 1386 3147 1441; x_wconf 90' lang='lat' dir='ltr'><strong>sine</strong></span> <span class='ocrx_word' id='word_1_209' title='bbox 3175 1385 3367 1440; x_wconf 88' lang='lat' dir='ltr'><strong>dolore</strong></span> <span class='ocrx_word' id='word_1_210' title='bbox 3395 1383 3735 1440; x_wconf 83' lang='lat' dir='ltr'><strong>medicinam.</strong></span> 
     </span>
    </p>
   </div>
   <div class='ocr_carea' id='block_1_28' title="bbox 2149 1474 3740 1547">
    <p class='ocr_par' dir='ltr' id='par_1_28' title="bbox 2149 1474 3740 1547">
     <span class='ocr_line' id='line_1_28' title="bbox 2149 1474 3740 1547; baseline -0.001 -13"><span class='ocrx_word' id='word_1_211' title='bbox 2149 1478 2347 1547; x_wconf 67' lang='lat' dir='ltr'><strong>Judaee,</strong></span> <span class='ocrx_word' id='word_1_212' title='bbox 2379 1478 2595 1534; x_wconf 82' lang='lat' dir='ltr'><strong>fecisset</strong></span> <span class='ocrx_word' id='word_1_213' title='bbox 2621 1489 2678 1534; x_wconf 90' lang='lat' dir='ltr'><strong>et</strong></span> <span class='ocrx_word' id='word_1_214' title='bbox 2715 1478 2820 1533; x_wconf 92' lang='lat' dir='ltr'><strong>hoc</strong></span> <span class='ocrx_word' id='word_1_215' title='bbox 2857 1476 3098 1533; x_wconf 91' lang='lat' dir='ltr'><strong>medicus</strong></span> <span class='ocrx_word' id='word_1_216' title='bbox 3136 1474 3419 1540; x_wconf 86' lang='lat' dir='ltr'><strong>Christus,</strong></span> <span class='ocrx_word' id='word_1_217' title='bbox 3452 1475 3502 1529; x_wconf 88' lang='lat' dir='ltr'><strong>si</strong></span> <span class='ocrx_word' id='word_1_218' title='bbox 3539 1474 3740 1532; x_wconf 80' lang='lat' dir='ltr'><strong>medico</strong></span> 
     </span>
    </p>
   </div>
   <div class='ocr_carea' id='block_1_29' title="bbox 2150 1565 3738 1640">
    <p class='ocr_par' dir='ltr' id='par_1_29' title="bbox 2150 1565 3738 1640">
     <span class='ocr_line' id='line_1_29' title="bbox 2150 1565 3738 1640; baseline -0.003 -14"><span class='ocrx_word' id='word_1_219' title='bbox 2150 1579 2382 1640; x_wconf 83' lang='lat' dir='ltr'><strong>aegrotus</strong></span> <span class='ocrx_word' id='word_1_220' title='bbox 2423 1587 2532 1626; x_wconf 89' lang='lat' dir='ltr'><strong>non</strong></span> <span class='ocrx_word' id='word_1_221' title='bbox 2571 1570 2760 1625; x_wconf 83' lang='lat' dir='ltr'><strong>fuisset</strong></span> <span class='ocrx_word' id='word_1_222' title='bbox 2786 1569 3044 1638; x_wconf 87' lang='lat' dir='ltr'><strong>ingratus.</strong></span> <span class='ocrx_word' id='word_1_223' title='bbox 3074 1568 3169 1622; x_wconf 88' lang='lat' dir='ltr'><strong>Ille</strong></span> <span class='ocrx_word' id='word_1_224' title='bbox 3201 1575 3258 1622; x_wconf 92' lang='lat' dir='ltr'><strong>et</strong></span> <span class='ocrx_word' id='word_1_225' title='bbox 3288 1567 3458 1622; x_wconf 89' lang='lat' dir='ltr'><strong>vitam</strong></span> <span class='ocrx_word' id='word_1_226' title='bbox 3497 1565 3666 1632; x_wconf 89' lang='lat' dir='ltr'><strong>dedit,</strong></span> <span class='ocrx_word' id='word_1_227' title='bbox 3691 1576 3738 1622; x_wconf 85' lang='lat' dir='ltr'><strong>et</strong></span> 
     </span>
    </p>
   </div>
   <div class='ocr_carea' id='block_1_30' title="bbox 2151 1657 3736 1730">
    <p class='ocr_par' dir='ltr' id='par_1_30' title="bbox 2151 1657 3736 1730">
     <span class='ocr_line' id='line_1_30' title="bbox 2151 1657 3736 1730; baseline -0.002 -13"><span class='ocrx_word' id='word_1_228' title='bbox 2151 1662 2355 1717; x_wconf 90' lang='lat' dir='ltr'><strong>homini</strong></span> <span class='ocrx_word' id='word_1_229' title='bbox 2374 1668 2607 1717; x_wconf 85' lang='lat' dir='ltr'><strong>mortem</strong></span> <span class='ocrx_word' id='word_1_230' title='bbox 2626 1661 2812 1716; x_wconf 90' lang='lat' dir='ltr'><strong>venire</strong></span> <span class='ocrx_word' id='word_1_231' title='bbox 2831 1659 3080 1730; x_wconf 71' lang='lat' dir='ltr'><strong>praedixit</strong></span> <span class='ocrx_word' id='word_1_232' title='bbox 3108 1677 3121 1713; x_wconf 93' lang='lat'><strong>:</strong></span> <span class='ocrx_word' id='word_1_233' title='bbox 3153 1658 3250 1715; x_wconf 88' lang='lat' dir='ltr'><strong>sed</strong></span> <span class='ocrx_word' id='word_1_234' title='bbox 3280 1658 3373 1713; x_wconf 92' lang='lat' dir='ltr'><strong>ille</strong></span> <span class='ocrx_word' id='word_1_235' title='bbox 3397 1659 3496 1728; x_wconf 87' lang='lat' dir='ltr'><strong>qui</strong></span> <span class='ocrx_word' id='word_1_236' title='bbox 3525 1657 3736 1714; x_wconf 79' lang='lat' dir='ltr'><strong>adversa</strong></span> 
     </span>
    </p>
   </div>
   <div class='ocr_carea' id='block_1_31' title="bbox 2153 1749 3736 1825">
    <p class='ocr_par' dir='ltr' id='par_1_31' title="bbox 2153 1749 3736 1825">
     <span class='ocr_line' id='line_1_31' title="bbox 2153 1749 3736 1825; baseline -0.004 -14"><span class='ocrx_word' id='word_1_237' title='bbox 2153 1771 2262 1811; x_wconf 92' lang='lat' dir='ltr'><strong>non</strong></span> <span class='ocrx_word' id='word_1_238' title='bbox 2293 1761 2555 1821; x_wconf 86' lang='lat' dir='ltr'><strong>senserat,</strong></span> <span class='ocrx_word' id='word_1_239' title='bbox 2581 1768 2842 1825; x_wconf 87' lang='lat' dir='ltr'><strong>prospera</strong></span> <span class='ocrx_word' id='word_1_240' title='bbox 2874 1767 3092 1808; x_wconf 85' lang='lat' dir='ltr'><strong>servare</strong></span> <span class='ocrx_word' id='word_1_241' title='bbox 3119 1751 3368 1807; x_wconf 87' lang='lat' dir='ltr'><strong>nescivit.</strong></span> <span class='ocrx_word' id='word_1_242' title='bbox 3391 1749 3570 1818; x_wconf 86' lang='lat' dir='ltr'><strong>Bona,</strong></span> <span class='ocrx_word' id='word_1_243' title='bbox 3590 1765 3736 1819; x_wconf 85' lang='lat' dir='ltr'><strong>quam</strong></span> 
     </span>
    </p>
   </div>
   <div class='ocr_carea' id='block_1_32' title="bbox 459 1844 3736 1938">
    <p class='ocr_par' dir='ltr' id='par_1_32' title="bbox 459 1844 3736 1938">
     <span class='ocr_line' id='line_1_32' title="bbox 459 1844 3736 1938; baseline -0.008 -16"><span class='ocrx_word' id='word_1_244' title='bbox 459 1844 621 1938; x_wconf 81' lang='lat' dir='ltr'><strong>quam</strong></span> <span class='ocrx_word' id='word_1_245' title='bbox 651 1865 782 1920; x_wconf 92' lang='lat' dir='ltr'><strong>dure</strong></span> <span class='ocrx_word' id='word_1_246' title='bbox 804 1866 1048 1930; x_wconf 89' lang='lat' dir='ltr'><strong>amputat</strong></span> <span class='ocrx_word' id='word_1_247' title='bbox 1073 1857 1364 1912; x_wconf 70' lang='lat' dir='ltr'><strong>obstinatio</strong></span> <span class='ocrx_word' id='word_1_248' title='bbox 1392 1853 1692 1909; x_wconf 88' lang='lat' dir='ltr'><strong>rationem!</strong></span> <span class='ocrx_word' id='word_1_249' title='bbox 1730 1865 1920 1907; x_wconf 88' lang='lat' dir='ltr'><strong>sensus</strong></span> <span class='ocrx_word' id='word_1_250' title='bbox 1947 1849 2048 1904; x_wconf 89' lang='lat' dir='ltr'><strong>hu—</strong></span> <span class='ocrx_word' id='word_1_251' title='bbox 2077 1853 2123 1914; x_wconf 79' lang='grc' dir='ltr'><strong>Β</strong></span> <span class='ocrx_word' id='word_1_252' title='bbox 2151 1847 2262 1902; x_wconf 90' lang='lat' dir='ltr'><strong>sint</strong></span> <span class='ocrx_word' id='word_1_253' title='bbox 2285 1848 2448 1912; x_wconf 90' lang='lat' dir='ltr'><strong>bona,</strong></span> <span class='ocrx_word' id='word_1_254' title='bbox 2473 1847 2631 1913; x_wconf 91' lang='lat' dir='ltr'><strong>scire,</strong></span> <span class='ocrx_word' id='word_1_255' title='bbox 2665 1846 2770 1900; x_wconf 88' lang='lat' dir='ltr'><strong>nisi</strong></span> <span class='ocrx_word' id='word_1_256' title='bbox 2790 1845 3055 1901; x_wconf 88' lang='lat' dir='ltr'><strong>malorum</strong></span> <span class='ocrx_word' id='word_1_257' title='bbox 3075 1844 3385 1914; x_wconf 78' lang='lat' dir='ltr'><strong>cognitione</strong></span> <span class='ocrx_word' id='word_1_258' title='bbox 3414 1856 3528 1898; x_wconf 90' lang='lat' dir='ltr'><strong>non</strong></span> <span class='ocrx_word' id='word_1_259' title='bbox 3559 1856 3736 1912; x_wconf 55' lang='lat' dir='ltr'><strong>posse.</strong></span> 
     </span>
    </p>
   </div>
   <div class='ocr_carea' id='block_1_33' title="bbox 458 1944 2051 2028">
    <p class='ocr_par' dir='ltr' id='par_1_33' title="bbox 458 1944 2051 2028">
     <span class='ocr_line' id='line_1_33' title="bbox 458 1944 2051 2028; baseline -0.013 -12"><span class='ocrx_word' id='word_1_260' title='bbox 458 1973 652 2016; x_wconf 90' lang='lat' dir='ltr'><strong>manus</strong></span> <span class='ocrx_word' id='word_1_261' title='bbox 678 1969 965 2028; x_wconf 87' lang='lat' dir='ltr'><strong>perversus</strong></span> <span class='ocrx_word' id='word_1_262' title='bbox 994 1951 1180 2006; x_wconf 90' lang='lat' dir='ltr'><strong>audire</strong></span> <span class='ocrx_word' id='word_1_263' title='bbox 1218 1965 1326 2004; x_wconf 92' lang='lat' dir='ltr'><strong>non</strong></span> <span class='ocrx_word' id='word_1_264' title='bbox 1353 1954 1554 2019; x_wconf 90' lang='lat' dir='ltr'><strong>potest,</strong></span> <span class='ocrx_word' id='word_1_265' title='bbox 1586 1944 1731 2016; x_wconf 91' lang='lat' dir='ltr'><strong>quod</strong></span> <span class='ocrx_word' id='word_1_266' title='bbox 1757 1944 1925 2000; x_wconf 89' lang='lat' dir='ltr'><strong>semel</strong></span> <span class='ocrx_word' id='word_1_267' title='bbox 1947 1951 2051 1997; x_wconf 86' lang='lat' dir='ltr'><strong>sta-</strong></span> 
     </span>
    </p>
   </div>
   <div class='ocr_carea' id='block_1_34' title="bbox 458 2033 2050 2109">
    <p class='ocr_par' dir='ltr' id='par_1_34' title="bbox 458 2033 2050 2109">
     <span class='ocr_line' id='line_1_34' title="bbox 458 2033 2050 2109; baseline -0.012 -4"><span class='ocrx_word' id='word_1_268' title='bbox 458 2050 562 2105; x_wconf 89' lang='lat' dir='ltr'><strong>tuit</strong></span> <span class='ocrx_word' id='word_1_269' title='bbox 590 2047 789 2109; x_wconf 87' lang='lat' dir='ltr'><strong>odisse,</strong></span> <span class='ocrx_word' id='word_1_270' title='bbox 829 2043 988 2098; x_wconf 88' lang='lat' dir='ltr'><strong>malis</strong></span> <span class='ocrx_word' id='word_1_271' title='bbox 1021 2040 1237 2096; x_wconf 87' lang='lat' dir='ltr'><strong>bonitas</strong></span> <span class='ocrx_word' id='word_1_272' title='bbox 1266 2053 1452 2102; x_wconf 86' lang='lat' dir='ltr'><strong>exosa,</strong></span> <span class='ocrx_word' id='word_1_273' title='bbox 1479 2036 1685 2106; x_wconf 90' lang='lat' dir='ltr'><strong>justitia</strong></span> <span class='ocrx_word' id='word_1_274' title='bbox 1714 2034 1925 2104; x_wconf 87' lang='lat' dir='ltr'><strong>injustis</strong></span> <span class='ocrx_word' id='word_1_275' title='bbox 1948 2033 2050 2087; x_wconf 91' lang='lat' dir='ltr'><strong>ini-</strong></span> 
     </span>
    </p>
   </div>
   <div class='ocr_carea' id='block_1_35' title="bbox 457 2128 2050 2204">
    <p class='ocr_par' dir='ltr' id='par_1_35' title="bbox 457 2128 2050 2204">
     <span class='ocr_line' id='line_1_35' title="bbox 457 2128 2050 2204; baseline -0.013 -6"><span class='ocrx_word' id='word_1_276' title='bbox 457 2142 616 2197; x_wconf 88' lang='lat' dir='ltr'><strong>mica.</strong></span> <span class='ocrx_word' id='word_1_277' title='bbox 647 2138 783 2193; x_wconf 82' lang='lat' dir='ltr'><strong>Hinc</strong></span> <span class='ocrx_word' id='word_1_278' title='bbox 822 2144 906 2191; x_wconf 90' lang='lat' dir='ltr'><strong>est</strong></span> <span class='ocrx_word' id='word_1_279' title='bbox 933 2134 1078 2204; x_wconf 89' lang='lat' dir='ltr'><strong>quod</strong></span> <span class='ocrx_word' id='word_1_280' title='bbox 1097 2132 1358 2203; x_wconf 67' lang='lat' dir='ltr'><strong>homines</strong></span> <span class='ocrx_word' id='word_1_281' title='bbox 1397 2128 1686 2184; x_wconf 88' lang='lat' dir='ltr'><strong>mendaces</strong></span> <span class='ocrx_word' id='word_1_282' title='bbox 1721 2139 2050 2195; x_wconf 88' lang='lat' dir='ltr'><strong>cognoscere</strong></span> 
     </span>
    </p>
   </div>
   <div class='ocr_carea' id='block_1_36' title="bbox 457 2218 2051 2302">
    <p class='ocr_par' dir='ltr' id='par_1_36' title="bbox 457 2218 2051 2302">
     <span class='ocr_line' id='line_1_36' title="bbox 457 2218 2051 2302; baseline -0.014 -12"><span class='ocrx_word' id='word_1_283' title='bbox 457 2237 734 2302; x_wconf 88' lang='lat' dir='ltr'><strong>nequeunt</strong></span> <span class='ocrx_word' id='word_1_284' title='bbox 763 2228 1064 2290; x_wconf 88' lang='lat' dir='ltr'><strong>veritatem,</strong></span> <span class='ocrx_word' id='word_1_285' title='bbox 1107 2223 1276 2293; x_wconf 87' lang='lat' dir='ltr'><strong>judex</strong></span> <span class='ocrx_word' id='word_1_286' title='bbox 1322 2221 1535 2275; x_wconf 89' lang='lat' dir='ltr'><strong>animus</strong></span> <span class='ocrx_word' id='word_1_287' title='bbox 1576 2218 1820 2274; x_wconf 89' lang='lat' dir='ltr'><strong>invenire</strong></span> <span class='ocrx_word' id='word_1_288' title='bbox 1863 2230 2051 2272; x_wconf 89' lang='lat' dir='ltr'><strong>verum</strong></span> 
     </span>
    </p>
   </div>
   <div class='ocr_carea' id='block_1_37' title="bbox 459 2310 2051 2396">
    <p class='ocr_par' dir='ltr' id='par_1_37' title="bbox 459 2310 2051 2396">
     <span class='ocr_line' id='line_1_37' title="bbox 459 2310 2051 2396; baseline -0.013 -14"><span class='ocrx_word' id='word_1_289' title='bbox 459 2341 571 2382; x_wconf 91' lang='lat' dir='ltr'><strong>non</strong></span> <span class='ocrx_word' id='word_1_290' title='bbox 597 2331 777 2396; x_wconf 84' lang='lat' dir='ltr'><strong>potest</strong></span> <span class='ocrx_word' id='word_1_291' title='bbox 806 2323 946 2378; x_wconf 91' lang='lat' dir='ltr'><strong>inter</strong></span> <span class='ocrx_word' id='word_1_292' title='bbox 974 2320 1160 2375; x_wconf 87' lang='lat' dir='ltr'><strong>nuntia</strong></span> <span class='ocrx_word' id='word_1_293' title='bbox 1192 2329 1218 2356; x_wconf 78' lang='grc' dir='ltr'>ἰ</span> <span class='ocrx_word' id='word_1_294' title='bbox 1248 2315 1558 2371; x_wconf 87' lang='lat' dir='ltr'><strong>falsitatum.</strong></span> <span class='ocrx_word' id='word_1_295' title='bbox 1592 2311 1749 2379; x_wconf 86' lang='lat' dir='ltr'><strong>Quod</strong></span> <span class='ocrx_word' id='word_1_296' title='bbox 1775 2310 1910 2373; x_wconf 88' lang='lat' dir='ltr'><strong>vult,</strong></span> <span class='ocrx_word' id='word_1_297' title='bbox 1943 2324 2051 2363; x_wconf 91' lang='lat' dir='ltr'><strong>non</strong></span> 
     </span>
    </p>
   </div>
   <div class='ocr_carea' id='block_1_38' title="bbox 459 2401 2054 2490">
    <p class='ocr_par' dir='ltr' id='par_1_38' title="bbox 459 2401 2054 2490">
     <span class='ocr_line' id='line_1_38' title="bbox 459 2401 2054 2490; baseline -0.014 -15"><span class='ocrx_word' id='word_1_298' title='bbox 459 2417 606 2490; x_wconf 89' lang='lat' dir='ltr'><strong>quod</strong></span> <span class='ocrx_word' id='word_1_299' title='bbox 645 2425 746 2479; x_wconf 73' lang='lat' dir='ltr'><strong>est,</strong></span> <span class='ocrx_word' id='word_1_300' title='bbox 779 2413 926 2470; x_wconf 89' lang='lat' dir='ltr'><strong>audit</strong></span> <span class='ocrx_word' id='word_1_301' title='bbox 947 2426 1178 2482; x_wconf 90' lang='lat' dir='ltr'><strong>semper,</strong></span> <span class='ocrx_word' id='word_1_302' title='bbox 1211 2408 1305 2478; x_wconf 92' lang='lat' dir='ltr'><strong>qui</strong></span> <span class='ocrx_word' id='word_1_303' title='bbox 1337 2405 1578 2461; x_wconf 89' lang='lat' dir='ltr'><strong>decrevit</strong></span> <span class='ocrx_word' id='word_1_304' title='bbox 1599 2417 1803 2459; x_wconf 89' lang='lat' dir='ltr'><strong>errare.</strong></span> <span class='ocrx_word' id='word_1_305' title='bbox 1834 2401 2054 2456; x_wconf 82' lang='lat' dir='ltr'><strong>Dixerat</strong></span> 
     </span>
    </p>
   </div>
   <div class='ocr_carea' id='block_1_39' title="bbox 460 2497 2053 2578">
    <p class='ocr_par' dir='ltr' id='par_1_39' title="bbox 460 2497 2053 2578">
     <span class='ocr_line' id='line_1_39' title="bbox 460 2497 2053 2578; baseline -0.012 -13"><span class='ocrx_word' id='word_1_306' title='bbox 460 2510 705 2565; x_wconf 89' lang='lat' dir='ltr'><strong>Christus</strong></span> <span class='ocrx_word' id='word_1_307' title='bbox 741 2526 754 2561; x_wconf 89' lang='lat'><strong>:</strong></span> <span class='ocrx_word' id='word_1_308' title='bbox 792 2505 853 2563; x_wconf 90' lang='lat' dir='ltr'><strong>Si</strong></span> <span class='ocrx_word' id='word_1_309' title='bbox 874 2507 986 2578; x_wconf 85' lang='lat' dir='ltr'><strong>quis</strong></span> <span class='ocrx_word' id='word_1_310' title='bbox 1021 2518 1310 2559; x_wconf 86' lang='lat' dir='ltr'><strong>sermonem</strong></span> <span class='ocrx_word' id='word_1_311' title='bbox 1337 2515 1505 2553; x_wconf 89' lang='lat' dir='ltr'><strong>meum</strong></span> <span class='ocrx_word' id='word_1_312' title='bbox 1523 2497 1815 2561; x_wconf 73' lang='lat' dir='ltr'><strong>servaverit,</strong></span> <span class='ocrx_word' id='word_1_313' title='bbox 1838 2502 2053 2548; x_wconf 86' lang='lat' dir='ltr'><strong>mortem</strong></span> 
     </span>
    </p>
   </div>
   <div class='ocr_carea' id='block_1_40' title="bbox 460 2585 2050 2658">
    <p class='ocr_par' dir='ltr' id='par_1_40' title="bbox 460 2585 2050 2658">
     <span class='ocr_line' id='line_1_40' title="bbox 460 2585 2050 2658; baseline -0.012 -2"><span class='ocrx_word' id='word_1_314' title='bbox 460 2619 568 2658; x_wconf 88' lang='lat' dir='ltr'><strong>non</strong></span> <span class='ocrx_word' id='word_1_315' title='bbox 608 2600 796 2657; x_wconf 86' lang='lat' dir='ltr'><strong>videbit</strong></span> <span class='ocrx_word' id='word_1_316' title='bbox 832 2601 888 2652; x_wconf 92' lang='lat' dir='ltr'><strong>in</strong></span> <span class='ocrx_word' id='word_1_317' title='bbox 921 2607 1189 2652; x_wconf 68' lang='lat' dir='ltr'><strong>(sternam.</strong></span> <span class='ocrx_word' id='word_1_318' title='bbox 1221 2591 1435 2647; x_wconf 62' lang='lat' dir='ltr'><strong>Iudaeus</strong></span> <span class='ocrx_word' id='word_1_319' title='bbox 1467 2605 1578 2645; x_wconf 88' lang='lat' dir='ltr'><strong>non</strong></span> <span class='ocrx_word' id='word_1_320' title='bbox 1605 2587 1824 2643; x_wconf 84' lang='lat' dir='ltr'><strong>discutit</strong></span> <span class='ocrx_word' id='word_1_321' title='bbox 1849 2585 2050 2647; x_wconf 88' lang='lat' dir='ltr'><strong>audita,</strong></span> 
     </span>
    </p>
   </div>
   <div class='ocr_carea' id='block_1_41' title="bbox 456 2679 2053 2766">
    <p class='ocr_par' dir='ltr' id='par_1_41' title="bbox 456 2679 2053 2766">
     <span class='ocr_line' id='line_1_41' title="bbox 456 2679 2053 2766; baseline -0.011 -16"><span class='ocrx_word' id='word_1_322' title='bbox 456 2692 806 2766; x_wconf 82' lang='lat' dir='ltr'><strong>interpretari</strong></span> <span class='ocrx_word' id='word_1_323' title='bbox 838 2691 942 2746; x_wconf 91' lang='lat' dir='ltr'><strong>sibi</strong></span> <span class='ocrx_word' id='word_1_324' title='bbox 969 2689 1114 2744; x_wconf 87' lang='lat' dir='ltr'><strong>dicta</strong></span> <span class='ocrx_word' id='word_1_325' title='bbox 1137 2703 1244 2742; x_wconf 90' lang='lat' dir='ltr'><strong>non</strong></span> <span class='ocrx_word' id='word_1_326' title='bbox 1264 2683 1457 2754; x_wconf 64' lang='lat' dir='ltr'><strong>quaerit</strong></span> <span class='ocrx_word' id='word_1_327' title='bbox 1487 2701 1499 2734; x_wconf 89' lang='lat'><strong>:</strong></span> <span class='ocrx_word' id='word_1_328' title='bbox 1533 2680 1680 2750; x_wconf 91' lang='lat' dir='ltr'><strong>quod</strong></span> <span class='ocrx_word' id='word_1_329' title='bbox 1715 2679 1830 2750; x_wconf 91' lang='lat' dir='ltr'><strong>ipse</strong></span> <span class='ocrx_word' id='word_1_330' title='bbox 1850 2679 2053 2748; x_wconf 91' lang='lat' dir='ltr'><strong>impos-</strong></span> 
     </span>
    </p>
   </div>
   <div class='ocr_carea' id='block_1_42' title="bbox 459 2771 2058 2851">
    <p class='ocr_par' dir='ltr' id='par_1_42' title="bbox 459 2771 2058 2851">
     <span class='ocr_line' id='line_1_42' title="bbox 459 2771 2058 2851; baseline -0.013 -6"><span class='ocrx_word' id='word_1_331' title='bbox 459 2787 618 2845; x_wconf 81' lang='lat' dir='ltr'><strong>sibile</strong></span> <span class='ocrx_word' id='word_1_332' title='bbox 639 2786 889 2848; x_wconf 62' lang='lat' dir='ltr'><strong>aestimat,</strong></span> <span class='ocrx_word' id='word_1_333' title='bbox 915 2781 1081 2851; x_wconf 79' lang='lat' dir='ltr'><strong>exigit</strong></span> <span class='ocrx_word' id='word_1_334' title='bbox 1106 2787 1165 2834; x_wconf 92' lang='lat' dir='ltr'><strong>ut</strong></span> <span class='ocrx_word' id='word_1_335' title='bbox 1197 2779 1286 2833; x_wconf 91' lang='lat' dir='ltr'><strong>ille</strong></span> <span class='ocrx_word' id='word_1_336' title='bbox 1305 2784 1512 2832; x_wconf 88' lang='lat' dir='ltr'><strong>astruat</strong></span> <span class='ocrx_word' id='word_1_337' title='bbox 1529 2775 1623 2844; x_wconf 89' lang='lat' dir='ltr'><strong>qui</strong></span> <span class='ocrx_word' id='word_1_338' title='bbox 1641 2772 1939 2844; x_wconf 88' lang='lat' dir='ltr'><strong>promittit;</strong></span> <span class='ocrx_word' id='word_1_339' title='bbox 1961 2771 2058 2826; x_wconf 87' lang='lat' dir='ltr'><strong>sed</strong></span> 
     </span>
    </p>
   </div>
   <div class='ocr_carea' id='block_1_43' title="bbox 465 2864 2058 2944">
    <p class='ocr_par' dir='ltr' id='par_1_43' title="bbox 465 2864 2058 2944">
     <span class='ocr_line' id='line_1_43' title="bbox 465 2864 2058 2944; baseline -0.01 -10"><span class='ocrx_word' id='word_1_340' title='bbox 465 2893 595 2934; x_wconf 88' lang='lat' dir='ltr'><strong>mox</strong></span> <span class='ocrx_word' id='word_1_341' title='bbox 623 2877 692 2932; x_wconf 91' lang='lat' dir='ltr'><strong>de</strong></span> <span class='ocrx_word' id='word_1_342' title='bbox 713 2882 980 2944; x_wconf 89' lang='lat' dir='ltr'><strong>conceptu</strong></span> <span class='ocrx_word' id='word_1_343' title='bbox 1015 2872 1213 2927; x_wconf 88' lang='lat' dir='ltr'><strong>mentis</strong></span> <span class='ocrx_word' id='word_1_344' title='bbox 1238 2868 1630 2940; x_wconf 89' lang='lat' dir='ltr'><strong>blasphemiam</strong></span> <span class='ocrx_word' id='word_1_345' title='bbox 1652 2865 1900 2937; x_wconf 86' lang='lat' dir='ltr'><strong>parturit,</strong></span> <span class='ocrx_word' id='word_1_346' title='bbox 1925 2864 2058 2919; x_wconf 89' lang='lat' dir='ltr'><strong>serit</strong></span> 
     </span>
    </p>
   </div>
   <div class='ocr_carea' id='block_1_44' title="bbox 465 2956 2058 3038">
    <p class='ocr_par' dir='ltr' id='par_1_44' title="bbox 465 2956 2058 3038">
     <span class='ocr_line' id='line_1_44' title="bbox 465 2956 2058 3038; baseline -0.009 -14"><span class='ocrx_word' id='word_1_347' title='bbox 465 2968 715 3038; x_wconf 85' lang='lat' dir='ltr'><strong>injurias,</strong></span> <span class='ocrx_word' id='word_1_348' title='bbox 751 2964 1036 3020; x_wconf 89' lang='lat' dir='ltr'><strong>maledicta</strong></span> <span class='ocrx_word' id='word_1_349' title='bbox 1075 2961 1341 3026; x_wconf 71' lang='lat' dir='ltr'><strong>diffundit,</strong></span> <span class='ocrx_word' id='word_1_350' title='bbox 1374 2966 1430 3015; x_wconf 92' lang='lat' dir='ltr'><strong>et</strong></span> <span class='ocrx_word' id='word_1_351' title='bbox 1467 2959 1847 3014; x_wconf 83' lang='lat' dir='ltr'><strong>auctoritatem</strong></span> <span class='ocrx_word' id='word_1_352' title='bbox 1873 2956 2058 3012; x_wconf 87' lang='lat' dir='ltr'><strong>dicen-</strong></span> 
     </span>
    </p>
   </div>
   <div class='ocr_carea' id='block_1_45' title="bbox 465 3049 2058 3117">
    <p class='ocr_par' dir='ltr' id='par_1_45' title="bbox 465 3049 2058 3117">
     <span class='ocr_line' id='line_1_45' title="bbox 465 3049 2058 3117; baseline -0.008 -2"><span class='ocrx_word' id='word_1_353' title='bbox 465 3061 536 3115; x_wconf 90' lang='lat' dir='ltr'><strong>tis</strong></span> <span class='ocrx_word' id='word_1_354' title='bbox 566 3059 638 3113; x_wconf 89' lang='lat' dir='ltr'><strong>ita</strong></span> <span class='ocrx_word' id='word_1_355' title='bbox 679 3055 1019 3114; x_wconf 88' lang='lat' dir='ltr'><strong>contumeliis</strong></span> <span class='ocrx_word' id='word_1_356' title='bbox 1047 3068 1276 3109; x_wconf 87' lang='lat' dir='ltr'><strong>vacuare</strong></span> <span class='ocrx_word' id='word_1_357' title='bbox 1309 3052 1515 3117; x_wconf 87' lang='lat' dir='ltr'><strong>nititur,</strong></span> <span class='ocrx_word' id='word_1_358' title='bbox 1542 3058 1601 3105; x_wconf 89' lang='lat' dir='ltr'><strong>ut</strong></span> <span class='ocrx_word' id='word_1_359' title='bbox 1626 3057 1680 3105; x_wconf 91' lang='lat' dir='ltr'><strong>et</strong></span> <span class='ocrx_word' id='word_1_360' title='bbox 1700 3057 1903 3105; x_wconf 70' lang='lat' dir='ltr'><strong>aeterna</strong></span> <span class='ocrx_word' id='word_1_361' title='bbox 1929 3049 2058 3104; x_wconf 90' lang='lat' dir='ltr'><strong>dare</strong></span> 
     </span>
    </p>
   </div>
   <div class='ocr_carea' id='block_1_46' title="bbox 464 3139 2057 3222">
    <p class='ocr_par' dir='ltr' id='par_1_46' title="bbox 464 3139 2057 3222">
     <span class='ocr_line' id='line_1_46' title="bbox 464 3139 2057 3222; baseline -0.008 -15"><span class='ocrx_word' id='word_1_362' title='bbox 464 3166 627 3222; x_wconf 90' lang='lat' dir='ltr'><strong>posse</strong></span> <span class='ocrx_word' id='word_1_363' title='bbox 654 3148 972 3205; x_wconf 91' lang='lat' dir='ltr'><strong>mortalibus</strong></span> <span class='ocrx_word' id='word_1_364' title='bbox 990 3162 1097 3201; x_wconf 92' lang='lat' dir='ltr'><strong>non</strong></span> <span class='ocrx_word' id='word_1_365' title='bbox 1124 3145 1393 3207; x_wconf 89' lang='lat' dir='ltr'><strong>credatur,</strong></span> <span class='ocrx_word' id='word_1_366' title='bbox 1416 3143 1509 3212; x_wconf 91' lang='lat' dir='ltr'><strong>qui</strong></span> <span class='ocrx_word' id='word_1_367' title='bbox 1528 3142 1607 3198; x_wconf 89' lang='lat' dir='ltr'><strong>sic</strong></span> <span class='ocrx_word' id='word_1_368' title='bbox 1629 3142 1880 3196; x_wconf 90' lang='lat' dir='ltr'><strong>humanis</strong></span> <span class='ocrx_word' id='word_1_369' title='bbox 1903 3139 2057 3195; x_wconf 86' lang='lat' dir='ltr'><strong>vide-</strong></span> 
     </span>
    </p>
   </div>
   <div class='ocr_carea' id='block_1_47' title="bbox 2153 1933 3736 2007">
    <p class='ocr_par' dir='ltr' id='par_1_47' title="bbox 2153 1933 3736 2007">
     <span class='ocr_line' id='line_1_47' title="bbox 2153 1933 3736 2007; baseline -0.003 -16"><span class='ocrx_word' id='word_1_370' title='bbox 2153 1952 2292 1992; x_wconf 89' lang='lat' dir='ltr'><strong>mus.</strong></span> <span class='ocrx_word' id='word_1_371' title='bbox 2324 1937 2466 2007; x_wconf 88' lang='lat' dir='ltr'><strong>Ergo</strong></span> <span class='ocrx_word' id='word_1_372' title='bbox 2493 1936 2923 2007; x_wconf 78' lang='lat' dir='ltr'><strong>magniﬁcabitur</strong></span> <span class='ocrx_word' id='word_1_373' title='bbox 2939 1934 3204 2003; x_wconf 88' lang='lat' dir='ltr'><strong>Christus,</strong></span> <span class='ocrx_word' id='word_1_374' title='bbox 3228 1935 3323 2004; x_wconf 86' lang='lat' dir='ltr'><strong>qui</strong></span> <span class='ocrx_word' id='word_1_375' title='bbox 3355 1942 3413 1989; x_wconf 90' lang='lat' dir='ltr'><strong>et</strong></span> <span class='ocrx_word' id='word_1_376' title='bbox 3440 1941 3572 1989; x_wconf 85' lang='lat' dir='ltr'><strong>ante</strong></span> <span class='ocrx_word' id='word_1_377' title='bbox 3599 1933 3736 1988; x_wconf 77' lang='lat' dir='ltr'><strong>inha-</strong></span> 
     </span>
    </p>
   </div>
   <div class='ocr_carea' id='block_1_48' title="bbox 2152 2024 3736 2098">
    <p class='ocr_par' dir='ltr' id='par_1_48' title="bbox 2152 2024 3736 2098">
     <span class='ocr_line' id='line_1_48' title="bbox 2152 2024 3736 2098; baseline -0.003 -15"><span class='ocrx_word' id='word_1_378' title='bbox 2152 2028 2322 2083; x_wconf 89' lang='lat' dir='ltr'><strong>bitam</strong></span> <span class='ocrx_word' id='word_1_379' title='bbox 2341 2029 2508 2084; x_wconf 90' lang='lat' dir='ltr'><strong>vitam</strong></span> <span class='ocrx_word' id='word_1_380' title='bbox 2529 2027 2693 2094; x_wconf 89' lang='lat' dir='ltr'><strong>dedit,</strong></span> <span class='ocrx_word' id='word_1_381' title='bbox 2718 2035 2774 2083; x_wconf 91' lang='lat' dir='ltr'><strong>et</strong></span> <span class='ocrx_word' id='word_1_382' title='bbox 2792 2027 3061 2098; x_wconf 86' lang='lat' dir='ltr'><strong>perditam</strong></span> <span class='ocrx_word' id='word_1_383' title='bbox 3079 2026 3244 2082; x_wconf 92' lang='lat' dir='ltr'><strong>modo</strong></span> <span class='ocrx_word' id='word_1_384' title='bbox 3265 2025 3448 2081; x_wconf 87' lang='lat' dir='ltr'><strong>reddit</strong></span> <span class='ocrx_word' id='word_1_385' title='bbox 3473 2043 3486 2078; x_wconf 88' lang='lat'><strong>:</strong></span> <span class='ocrx_word' id='word_1_386' title='bbox 3511 2033 3571 2080; x_wconf 92' lang='lat' dir='ltr'><strong>et</strong></span> <span class='ocrx_word' id='word_1_387' title='bbox 3591 2024 3736 2079; x_wconf 87' lang='lat' dir='ltr'><strong>homo</strong></span> 
     </span>
    </p>
   </div>
   <div class='ocr_carea' id='block_1_49' title="bbox 2153 2117 3735 2191">
    <p class='ocr_par' dir='ltr' id='par_1_49' title="bbox 2153 2117 3735 2191">
     <span class='ocr_line' id='line_1_49' title="bbox 2153 2117 3735 2191; baseline -0.002 -18"><span class='ocrx_word' id='word_1_388' title='bbox 2153 2119 2274 2191; x_wconf 87' lang='lat' dir='ltr'><strong>plus</strong></span> <span class='ocrx_word' id='word_1_389' title='bbox 2298 2134 2499 2188; x_wconf 88' lang='lat' dir='ltr'><strong>gnarus</strong></span> <span class='ocrx_word' id='word_1_390' title='bbox 2537 2121 2692 2185; x_wconf 71' lang='lat' dir='ltr'><strong>vitae,</strong></span> <span class='ocrx_word' id='word_1_391' title='bbox 2722 2120 2826 2175; x_wconf 88' lang='lat' dir='ltr'><strong>erit</strong></span> <span class='ocrx_word' id='word_1_392' title='bbox 2865 2120 2968 2175; x_wconf 91' lang='lat' dir='ltr'><strong>sibi</strong></span> <span class='ocrx_word' id='word_1_393' title='bbox 3006 2119 3235 2184; x_wconf 83' lang='lat' dir='ltr'><strong>cautior,</strong></span> <span class='ocrx_word' id='word_1_394' title='bbox 3277 2118 3382 2173; x_wconf 89' lang='lat' dir='ltr'><strong>erit</strong></span> <span class='ocrx_word' id='word_1_395' title='bbox 3409 2117 3537 2188; x_wconf 83' lang='lat' dir='ltr'><strong>plus</strong></span> <span class='ocrx_word' id='word_1_396' title='bbox 3570 2123 3735 2186; x_wconf 85' lang='lat' dir='ltr'><strong>gratus</strong></span> 
     </span>
    </p>
   </div>
   <div class='ocr_carea' id='block_1_50' title="bbox 2155 2208 3734 2284">
    <p class='ocr_par' dir='ltr' id='par_1_50' title="bbox 2155 2208 3734 2284">
     <span class='ocr_line' id='line_1_50' title="bbox 2155 2208 3734 2284; baseline -0.001 -18"><span class='ocrx_word' id='word_1_397' title='bbox 2155 2212 2383 2266; x_wconf 90' lang='lat' dir='ltr'><strong>auctori.</strong></span> <span class='ocrx_word' id='word_1_398' title='bbox 2410 2209 2678 2284; x_wconf 82' lang='lat' dir='ltr'><strong>Numquid</strong></span> <span class='ocrx_word' id='word_1_399' title='bbox 2705 2211 2877 2283; x_wconf 87' lang='lat' dir='ltr'><strong>major</strong></span> <span class='ocrx_word' id='word_1_400' title='bbox 2901 2229 2976 2277; x_wconf 89' lang='lat' dir='ltr'><strong>es,</strong></span> <span class='ocrx_word' id='word_1_401' title='bbox 3001 2211 3194 2281; x_wconf 84' lang='lat' dir='ltr'><strong>inquit,</strong></span> <span class='ocrx_word' id='word_1_402' title='bbox 3216 2219 3367 2283; x_wconf 87' lang='lat' dir='ltr'><strong>patre</strong></span> <span class='ocrx_word' id='word_1_403' title='bbox 3387 2218 3572 2264; x_wconf 81' lang='lat' dir='ltr'><strong>nostra</strong></span> <span class='ocrx_word' id='word_1_404' title='bbox 3592 2208 3734 2264; x_wconf 76' lang='lat' dir='ltr'><strong>Abre-</strong></span> 
     </span>
    </p>
   </div>
   <div class='ocr_carea' id='block_1_51' title="bbox 2156 2300 3734 2378">
    <p class='ocr_par' dir='ltr' id='par_1_51' title="bbox 2156 2300 3734 2378">
     <span class='ocr_line' id='line_1_51' title="bbox 2156 2300 3734 2378; baseline -0.001 -22"><span class='ocrx_word' id='word_1_405' title='bbox 2156 2302 2309 2356; x_wconf 83' lang='lat' dir='ltr'><strong>ham?</strong></span> <span class='ocrx_word' id='word_1_406' title='bbox 2338 2301 2505 2357; x_wconf 88' lang='lat' dir='ltr'><strong>Plane</strong></span> <span class='ocrx_word' id='word_1_407' title='bbox 2542 2302 2720 2378; x_wconf 86' lang='lat' dir='ltr'><strong>major</strong></span> <span class='ocrx_word' id='word_1_408' title='bbox 2759 2310 2816 2358; x_wconf 91' lang='lat' dir='ltr'><strong>et</strong></span> <span class='ocrx_word' id='word_1_409' title='bbox 2857 2309 3010 2358; x_wconf 85' lang='lat' dir='ltr'><strong>tanto</strong></span> <span class='ocrx_word' id='word_1_410' title='bbox 3049 2300 3242 2371; x_wconf 86' lang='lat' dir='ltr'><strong>major,</strong></span> <span class='ocrx_word' id='word_1_411' title='bbox 3283 2306 3554 2370; x_wconf 88' lang='lat' dir='ltr'><strong>quantum</strong></span> <span class='ocrx_word' id='word_1_412' title='bbox 3595 2314 3734 2355; x_wconf 77' lang='lat' dir='ltr'><strong>servo</strong></span> 
     </span>
    </p>
   </div>
   <div class='ocr_carea' id='block_1_52' title="bbox 2155 2391 3731 2465">
    <p class='ocr_par' dir='ltr' id='par_1_52' title="bbox 2155 2391 3731 2465">
     <span class='ocr_line' id='line_1_52' title="bbox 2155 2391 3731 2465; baseline -0.001 -14"><span class='ocrx_word' id='word_1_413' title='bbox 2155 2395 2426 2463; x_wconf 91' lang='lat' dir='ltr'><strong>dominus,</strong></span> <span class='ocrx_word' id='word_1_414' title='bbox 2466 2403 2729 2465; x_wconf 90' lang='lat' dir='ltr'><strong>quantum</strong></span> <span class='ocrx_word' id='word_1_415' title='bbox 2766 2395 2908 2451; x_wconf 90' lang='lat' dir='ltr'><strong>Deus</strong></span> <span class='ocrx_word' id='word_1_416' title='bbox 2945 2396 3194 2460; x_wconf 87' lang='lat' dir='ltr'><strong>homine,</strong></span> <span class='ocrx_word' id='word_1_417' title='bbox 3238 2402 3505 2464; x_wconf 89' lang='lat' dir='ltr'><strong>quantum</strong></span> <span class='ocrx_word' id='word_1_418' title='bbox 3546 2391 3731 2449; x_wconf 75' lang='lat' dir='ltr'><strong>iactura</strong></span> 
     </span>
    </p>
   </div>
   <div class='ocr_carea' id='block_1_53' title="bbox 2156 2484 3733 2558">
    <p class='ocr_par' dir='ltr' id='par_1_53' title="bbox 2156 2484 3733 2558">
     <span class='ocr_line' id='line_1_53' title="bbox 2156 2484 3733 2558; baseline -0.001 -16"><span class='ocrx_word' id='word_1_419' title='bbox 2156 2487 2350 2553; x_wconf 90' lang='lat' dir='ltr'><strong>factor,</strong></span> <span class='ocrx_word' id='word_1_420' title='bbox 2384 2497 2648 2558; x_wconf 90' lang='lat' dir='ltr'><strong>quantum</strong></span> <span class='ocrx_word' id='word_1_421' title='bbox 2673 2485 2952 2544; x_wconf 82' lang='lat' dir='ltr'><strong>vivificans</strong></span> <span class='ocrx_word' id='word_1_422' title='bbox 2975 2497 3210 2554; x_wconf 89' lang='lat' dir='ltr'><strong>mortuo,</strong></span> <span class='ocrx_word' id='word_1_423' title='bbox 3235 2484 3264 2524; x_wconf 71' lang='grc' dir='ltr'><strong><em>ἀ</em></strong></span> <span class='ocrx_word' id='word_1_424' title='bbox 3292 2496 3559 2557; x_wconf 90' lang='lat' dir='ltr'><strong>quantum</strong></span> <span class='ocrx_word' id='word_1_425' title='bbox 3584 2486 3733 2541; x_wconf 74' lang='lat' dir='ltr'><strong>susti-</strong></span> 
     </span>
    </p>
   </div>
   <div class='ocr_carea' id='block_1_54' title="bbox 2158 2579 3733 2653">
    <p class='ocr_par' dir='ltr' id='par_1_54' title="bbox 2158 2579 3733 2653">
     <span class='ocr_line' id='line_1_54' title="bbox 2158 2579 3733 2653; baseline -0.002 -18"><span class='ocrx_word' id='word_1_426' title='bbox 2158 2589 2278 2636; x_wconf 88' lang='lat' dir='ltr'><strong>tans</strong></span> <span class='ocrx_word' id='word_1_427' title='bbox 2315 2582 2592 2637; x_wconf 88' lang='lat' dir='ltr'><strong>suscitato.</strong></span> <span class='ocrx_word' id='word_1_428' title='bbox 2637 2580 2926 2653; x_wconf 82' lang='lat' dir='ltr'><strong>Respondit</strong></span> <span class='ocrx_word' id='word_1_429' title='bbox 2958 2580 3140 2648; x_wconf 72' lang='lat' dir='ltr'><strong>Iesus,</strong></span> <span class='ocrx_word' id='word_1_430' title='bbox 3170 2579 3437 2634; x_wconf 81' lang='lat' dir='ltr'><strong>Abraham</strong></span> <span class='ocrx_word' id='word_1_431' title='bbox 3479 2579 3733 2634; x_wconf 71' lang='lat' dir='ltr'><strong>exsultavit</strong></span> 
     </span>
    </p>
   </div>
   <div class='ocr_carea' id='block_1_55' title="bbox 2157 2670 3730 2745">
    <p class='ocr_par' dir='ltr' id='par_1_55' title="bbox 2157 2670 3730 2745">
     <span class='ocr_line' id='line_1_55' title="bbox 2157 2670 3730 2745; baseline -0.001 -18"><span class='ocrx_word' id='word_1_432' title='bbox 2157 2683 2215 2727; x_wconf 89' lang='lat' dir='ltr'><strong>ut</strong></span> <span class='ocrx_word' id='word_1_433' title='bbox 2244 2673 2436 2728; x_wconf 89' lang='lat' dir='ltr'><strong>videret</strong></span> <span class='ocrx_word' id='word_1_434' title='bbox 2469 2673 2606 2727; x_wconf 90' lang='lat' dir='ltr'><strong>diem</strong></span> <span class='ocrx_word' id='word_1_435' title='bbox 2638 2690 2837 2739; x_wconf 88' lang='lat' dir='ltr'><strong>meum;</strong></span> <span class='ocrx_word' id='word_1_436' title='bbox 2879 2672 3038 2740; x_wconf 85' lang='lat' dir='ltr'><strong>vidit,</strong></span> <span class='ocrx_word' id='word_1_437' title='bbox 3083 2681 3133 2726; x_wconf 89' lang='lat' dir='ltr'><strong>et</strong></span> <span class='ocrx_word' id='word_1_438' title='bbox 3169 2674 3375 2745; x_wconf 82' lang='lat' dir='ltr'><strong>gavisus</strong></span> <span class='ocrx_word' id='word_1_439' title='bbox 3403 2679 3499 2726; x_wconf 83' lang='lat' dir='ltr'><strong>est.</strong></span> <span class='ocrx_word' id='word_1_440' title='bbox 3538 2670 3649 2736; x_wconf 84' lang='lat' dir='ltr'><strong>Ille,</strong></span> <span class='ocrx_word' id='word_1_441' title='bbox 3684 2679 3730 2725; x_wconf 86' lang='lat' dir='ltr'><strong>ut</strong></span> 
     </span>
    </p>
   </div>
   <div class='ocr_carea' id='block_1_56' title="bbox 2159 2765 3730 2831">
    <p class='ocr_par' dir='ltr' id='par_1_56' title="bbox 2159 2765 3730 2831">
     <span class='ocr_line' id='line_1_56' title="bbox 2159 2765 3730 2831; baseline -0.001 -9"><span class='ocrx_word' id='word_1_442' title='bbox 2159 2766 2472 2822; x_wconf 88' lang='lat' dir='ltr'><strong>ostenderet</strong></span> <span class='ocrx_word' id='word_1_443' title='bbox 2500 2766 2681 2822; x_wconf 90' lang='lat' dir='ltr'><strong>vivere</strong></span> <span class='ocrx_word' id='word_1_444' title='bbox 2709 2767 3000 2831; x_wconf 85' lang='lat' dir='ltr'><strong>Abraham,</strong></span> <span class='ocrx_word' id='word_1_445' title='bbox 3032 2766 3170 2821; x_wconf 78' lang='lat' dir='ltr'><strong>dixit</strong></span> <span class='ocrx_word' id='word_1_446' title='bbox 3197 2765 3349 2821; x_wconf 88' lang='lat' dir='ltr'><strong>illum</strong></span> <span class='ocrx_word' id='word_1_447' title='bbox 3381 2765 3584 2821; x_wconf 88' lang='lat' dir='ltr'><strong>vidisse</strong></span> <span class='ocrx_word' id='word_1_448' title='bbox 3609 2765 3730 2820; x_wconf 83' lang='lat' dir='ltr'><strong>diem</strong></span> 
     </span>
    </p>
   </div>
   <div class='ocr_carea' id='block_1_57' title="bbox 2159 2855 3725 2929">
    <p class='ocr_par' dir='ltr' id='par_1_57' title="bbox 2159 2855 3725 2929">
     <span class='ocr_line' id='line_1_57' title="bbox 2159 2855 3725 2929; baseline -0.003 -14"><span class='ocrx_word' id='word_1_449' title='bbox 2159 2875 2334 2925; x_wconf 89' lang='lat' dir='ltr'><strong>suum,</strong></span> <span class='ocrx_word' id='word_1_450' title='bbox 2365 2858 2421 2914; x_wconf 90' lang='lat' dir='ltr'><strong>id</strong></span> <span class='ocrx_word' id='word_1_451' title='bbox 2459 2865 2541 2914; x_wconf 87' lang='lat' dir='ltr'><strong>est</strong></span> <span class='ocrx_word' id='word_1_452' title='bbox 2577 2870 2600 2896; x_wconf 78' lang='grc' dir='ltr'>ο</span> <span class='ocrx_word' id='word_1_453' title='bbox 2627 2859 2770 2914; x_wconf 89' lang='lat' dir='ltr'><strong>diem</strong></span> <span class='ocrx_word' id='word_1_454' title='bbox 2795 2874 2906 2929; x_wconf 89' lang='lat' dir='ltr'><strong>quo</strong></span> <span class='ocrx_word' id='word_1_455' title='bbox 2946 2859 3146 2914; x_wconf 90' lang='lat' dir='ltr'><strong>mundo</strong></span> <span class='ocrx_word' id='word_1_456' title='bbox 3177 2865 3337 2914; x_wconf 88' lang='lat' dir='ltr'><strong>natus</strong></span> <span class='ocrx_word' id='word_1_457' title='bbox 3362 2864 3450 2914; x_wconf 89' lang='lat' dir='ltr'><strong>est</strong></span> <span class='ocrx_word' id='word_1_458' title='bbox 3482 2855 3725 2913; x_wconf 82' lang='lat' dir='ltr'><strong>Christus.</strong></span> 
     </span>
    </p>
   </div>
   <div class='ocr_carea' id='block_1_58' title="bbox 2160 2951 3730 3023">
    <p class='ocr_par' dir='ltr' id='par_1_58' title="bbox 2160 2951 3730 3023">
     <span class='ocr_line' id='line_1_58' title="bbox 2160 2951 3730 3023; baseline -0.001 -15"><span class='ocrx_word' id='word_1_459' title='bbox 2160 2953 2376 3009; x_wconf 89' lang='lat' dir='ltr'><strong>Dierum</strong></span> <span class='ocrx_word' id='word_1_460' title='bbox 2422 2953 2674 3009; x_wconf 91' lang='lat' dir='ltr'><strong>conditor</strong></span> <span class='ocrx_word' id='word_1_461' title='bbox 2711 2969 2820 3008; x_wconf 92' lang='lat' dir='ltr'><strong>non</strong></span> <span class='ocrx_word' id='word_1_462' title='bbox 2858 2961 3073 3009; x_wconf 89' lang='lat' dir='ltr'><strong>tenetur</strong></span> <span class='ocrx_word' id='word_1_463' title='bbox 3113 2952 3220 3019; x_wconf 90' lang='lat' dir='ltr'><strong>die,</strong></span> <span class='ocrx_word' id='word_1_464' title='bbox 3263 2951 3529 3023; x_wconf 86' lang='lat' dir='ltr'><strong>temporis</strong></span> <span class='ocrx_word' id='word_1_465' title='bbox 3565 2959 3730 3007; x_wconf 83' lang='lat' dir='ltr'><strong>auctor</strong></span> 
     </span>
    </p>
   </div>
   <div class='ocr_carea' id='block_1_59' title="bbox 2160 3042 3731 3116">
    <p class='ocr_par' dir='ltr' id='par_1_59' title="bbox 2160 3042 3731 3116">
     <span class='ocr_line' id='line_1_59' title="bbox 2160 3042 3731 3116; baseline -0.001 -17"><span class='ocrx_word' id='word_1_466' title='bbox 2160 3051 2406 3116; x_wconf 88' lang='lat' dir='ltr'><strong>tempora</strong></span> <span class='ocrx_word' id='word_1_467' title='bbox 2431 3045 2629 3112; x_wconf 87' lang='lat' dir='ltr'><strong>nescit;</strong></span> <span class='ocrx_word' id='word_1_468' title='bbox 2658 3044 2754 3100; x_wconf 89' lang='lat' dir='ltr'><strong>sed</strong></span> <span class='ocrx_word' id='word_1_469' title='bbox 2779 3042 3027 3100; x_wconf 89' lang='lat' dir='ltr'><strong>Christus</strong></span> <span class='ocrx_word' id='word_1_470' title='bbox 3055 3053 3278 3115; x_wconf 88' lang='lat' dir='ltr'><strong>propter</strong></span> <span class='ocrx_word' id='word_1_471' title='bbox 3296 3045 3570 3100; x_wconf 87' lang='lat' dir='ltr'><strong>hominem</strong></span> <span class='ocrx_word' id='word_1_472' title='bbox 3588 3042 3731 3097; x_wconf 84' lang='lat' dir='ltr'><strong>homo</strong></span> 
     </span>
    </p>
   </div>
   <div class='ocr_carea' id='block_1_60' title="bbox 2162 3135 3728 3208">
    <p class='ocr_par' dir='ltr' id='par_1_60' title="bbox 2162 3135 3728 3208">
     <span class='ocr_line' id='line_1_60' title="bbox 2162 3135 3728 3208; baseline -0.003 -14"><span class='ocrx_word' id='word_1_473' title='bbox 2162 3147 2339 3203; x_wconf 88' lang='lat' dir='ltr'><strong>natus,</strong></span> <span class='ocrx_word' id='word_1_474' title='bbox 2366 3147 2421 3194; x_wconf 90' lang='lat' dir='ltr'><strong>et</strong></span> <span class='ocrx_word' id='word_1_475' title='bbox 2442 3139 2584 3194; x_wconf 89' lang='lat' dir='ltr'><strong>diem</strong></span> <span class='ocrx_word' id='word_1_476' title='bbox 2612 3138 2851 3208; x_wconf 86' lang='lat' dir='ltr'><strong>suscepit</strong></span> <span class='ocrx_word' id='word_1_477' title='bbox 2887 3145 2944 3192; x_wconf 88' lang='lat' dir='ltr'><strong>et</strong></span> <span class='ocrx_word' id='word_1_478' title='bbox 2969 3146 3199 3208; x_wconf 88' lang='lat' dir='ltr'><strong>tempus.</strong></span> <span class='ocrx_word' id='word_1_479' title='bbox 3221 3137 3492 3192; x_wconf 76' lang='lat' dir='ltr'><strong>Abraham</strong></span> <span class='ocrx_word' id='word_1_480' title='bbox 3517 3135 3728 3192; x_wconf 67' lang='lat' dir='ltr'><strong>multa-</strong></span> 
     </span>
    </p>
   </div>
   <div class='ocr_carea' id='block_1_61' title="bbox 468 3230 3730 3315">
    <p class='ocr_par' dir='ltr' id='par_1_61' title="bbox 468 3230 3730 3315">
     <span class='ocr_line' id='line_1_61' title="bbox 468 3230 3730 3315; baseline -0.005 -16"><span class='ocrx_word' id='word_1_481' title='bbox 468 3257 558 3301; x_wconf 88' lang='lat' dir='ltr'><strong>tur</strong></span> <span class='ocrx_word' id='word_1_482' title='bbox 588 3244 888 3315; x_wconf 86' lang='lat' dir='ltr'><strong>subjacere.</strong></span> <span class='ocrx_word' id='word_1_483' title='bbox 929 3240 1085 3296; x_wconf 89' lang='lat' dir='ltr'><strong>Nunc</strong></span> <span class='ocrx_word' id='word_1_484' title='bbox 1121 3241 1310 3294; x_wconf 88' lang='lat' dir='ltr'><strong>scimus</strong></span> <span class='ocrx_word' id='word_1_485' title='bbox 1344 3238 1587 3310; x_wconf 84' lang='lat' dir='ltr'><strong>quoniam</strong></span> <span class='ocrx_word' id='word_1_486' title='bbox 1621 3235 1933 3290; x_wconf 71' lang='lat' dir='ltr'><strong>dwmonium</strong></span> <span class='ocrx_word' id='word_1_487' title='bbox 1962 3234 2057 3288; x_wconf 91' lang='lat' dir='ltr'><strong>ha-</strong></span> <span class='ocrx_word' id='word_1_488' title='bbox 2082 3235 2128 3298; x_wconf 88' lang='lat' dir='ltr'><strong>C</strong></span> <span class='ocrx_word' id='word_1_489' title='bbox 2161 3235 2231 3289; x_wconf 88' lang='lat' dir='ltr'><strong>vit</strong></span> <span class='ocrx_word' id='word_1_490' title='bbox 2256 3243 2313 3288; x_wconf 91' lang='lat' dir='ltr'><strong>ut</strong></span> <span class='ocrx_word' id='word_1_491' title='bbox 2338 3232 2532 3288; x_wconf 84' lang='lat' dir='ltr'><strong>videret</strong></span> <span class='ocrx_word' id='word_1_492' title='bbox 2553 3232 2690 3288; x_wconf 88' lang='lat' dir='ltr'><strong>diem</strong></span> <span class='ocrx_word' id='word_1_493' title='bbox 2715 3248 2905 3286; x_wconf 88' lang='lat' dir='ltr'><strong>meum.</strong></span> <span class='ocrx_word' id='word_1_494' title='bbox 2929 3230 2987 3287; x_wconf 87' lang='lat' dir='ltr'><strong>Si</strong></span> <span class='ocrx_word' id='word_1_495' title='bbox 3008 3230 3219 3304; x_wconf 82' lang='lat' dir='ltr'><strong>Moyses</strong></span> <span class='ocrx_word' id='word_1_496' title='bbox 3239 3239 3296 3287; x_wconf 87' lang='lat' dir='ltr'><strong>et</strong></span> <span class='ocrx_word' id='word_1_497' title='bbox 3323 3230 3469 3287; x_wconf 85' lang='lat' dir='ltr'><strong>Elias</strong></span> <span class='ocrx_word' id='word_1_498' title='bbox 3488 3231 3538 3286; x_wconf 92' lang='lat' dir='ltr'><strong>in</strong></span> <span class='ocrx_word' id='word_1_499' title='bbox 3560 3237 3730 3284; x_wconf 84' lang='lat' dir='ltr'><strong>monte</strong></span> 
     </span>
    </p>
   </div>
   <div class='ocr_carea' id='block_1_62' title="bbox 466 3326 2056 3399">
    <p class='ocr_par' dir='ltr' id='par_1_62' title="bbox 466 3326 2056 3399">
     <span class='ocr_line' id='line_1_62' title="bbox 466 3326 2056 3399; baseline -0.009 -5"><span class='ocrx_word' id='word_1_500' title='bbox 466 3339 574 3394; x_wconf 86' lang='lat' dir='ltr'><strong>bes.</strong></span> <span class='ocrx_word' id='word_1_501' title='bbox 603 3337 821 3393; x_wconf 66' lang='lat' dir='ltr'><strong>Datmon</strong></span> <span class='ocrx_word' id='word_1_502' title='bbox 851 3334 977 3389; x_wconf 90' lang='lat' dir='ltr'><strong>mali</strong></span> <span class='ocrx_word' id='word_1_503' title='bbox 1007 3341 1216 3397; x_wconf 88' lang='lat' dir='ltr'><strong>auctor,</strong></span> <span class='ocrx_word' id='word_1_504' title='bbox 1245 3330 1385 3384; x_wconf 89' lang='lat' dir='ltr'><strong>mala</strong></span> <span class='ocrx_word' id='word_1_505' title='bbox 1416 3327 1714 3399; x_wconf 91' lang='lat' dir='ltr'><strong>promittit,</strong></span> <span class='ocrx_word' id='word_1_506' title='bbox 1747 3341 1854 3382; x_wconf 90' lang='lat' dir='ltr'><strong>non</strong></span> <span class='ocrx_word' id='word_1_507' title='bbox 1881 3326 2056 3392; x_wconf 87' lang='lat' dir='ltr'><strong>bona;</strong></span> 
     </span>
    </p>
   </div>
   <div class='ocr_carea' id='block_1_63' title="bbox 464 3418 2062 3494">
    <p class='ocr_par' dir='ltr' id='par_1_63' title="bbox 464 3418 2062 3494">
     <span class='ocr_line' id='line_1_63' title="bbox 464 3418 2062 3494; baseline -0.01 -6"><span class='ocrx_word' id='word_1_508' title='bbox 464 3431 736 3494; x_wconf 85' lang='lat' dir='ltr'><strong>occidere,</strong></span> <span class='ocrx_word' id='word_1_509' title='bbox 762 3444 871 3484; x_wconf 89' lang='lat' dir='ltr'><strong>non</strong></span> <span class='ocrx_word' id='word_1_510' title='bbox 901 3423 1172 3481; x_wconf 81' lang='lat' dir='ltr'><strong>viviﬁcare</strong></span> <span class='ocrx_word' id='word_1_511' title='bbox 1201 3422 1480 3478; x_wconf 90' lang='lat' dir='ltr'><strong>consuevit</strong></span> <span class='ocrx_word' id='word_1_512' title='bbox 1504 3437 1517 3486; x_wconf 91' lang='lat'><strong>;</strong></span> <span class='ocrx_word' id='word_1_513' title='bbox 1556 3434 1658 3474; x_wconf 89' lang='lat' dir='ltr'><strong>nec</strong></span> <span class='ocrx_word' id='word_1_514' title='bbox 1683 3418 1797 3472; x_wconf 90' lang='lat' dir='ltr'><strong>vult</strong></span> <span class='ocrx_word' id='word_1_515' title='bbox 1829 3425 2062 3472; x_wconf 82' lang='lat' dir='ltr'><strong>aeternos</strong></span> 
     </span>
    </p>
   </div>
   <div class='ocr_carea' id='block_1_64' title="bbox 466 3509 2054 3587">
    <p class='ocr_par' dir='ltr' id='par_1_64' title="bbox 466 3509 2054 3587">
     <span class='ocr_line' id='line_1_64' title="bbox 466 3509 2054 3587; baseline -0.012 -7"><span class='ocrx_word' id='word_1_516' title='bbox 466 3539 587 3580; x_wconf 89' lang='lat' dir='ltr'><strong>esse</strong></span> <span class='ocrx_word' id='word_1_517' title='bbox 614 3523 894 3583; x_wconf 87' lang='lat' dir='ltr'><strong>homines,</strong></span> <span class='ocrx_word' id='word_1_518' title='bbox 938 3533 1075 3587; x_wconf 90' lang='lat' dir='ltr'><strong>quos</strong></span> <span class='ocrx_word' id='word_1_519' title='bbox 1113 3531 1214 3571; x_wconf 92' lang='lat' dir='ltr'><strong>nec</strong></span> <span class='ocrx_word' id='word_1_520' title='bbox 1250 3512 1577 3582; x_wconf 85' lang='lat' dir='ltr'><strong>temporales</strong></span> <span class='ocrx_word' id='word_1_521' title='bbox 1619 3525 1738 3566; x_wconf 90' lang='lat' dir='ltr'><strong>esse</strong></span> <span class='ocrx_word' id='word_1_522' title='bbox 1779 3509 2054 3579; x_wconf 91' lang='lat' dir='ltr'><strong>permittit.</strong></span> 
     </span>
    </p>
   </div>
   <div class='ocr_carea' id='block_1_65' title="bbox 466 3599 2062 3684">
    <p class='ocr_par' dir='ltr' id='par_1_65' title="bbox 466 3599 2062 3684">
     <span class='ocr_line' id='line_1_65' title="bbox 466 3599 2062 3684; baseline -0.011 -13"><span class='ocrx_word' id='word_1_523' title='bbox 466 3616 610 3684; x_wconf 84' lang='lat' dir='ltr'><strong>Ergo</strong></span> <span class='ocrx_word' id='word_1_524' title='bbox 643 3629 750 3669; x_wconf 89' lang='lat' dir='ltr'><strong>non</strong></span> <span class='ocrx_word' id='word_1_525' title='bbox 791 3620 874 3666; x_wconf 90' lang='lat' dir='ltr'><strong>est</strong></span> <span class='ocrx_word' id='word_1_526' title='bbox 912 3611 1144 3674; x_wconf 75' lang='lat' dir='ltr'><strong>dzemon,</strong></span> <span class='ocrx_word' id='word_1_527' title='bbox 1176 3607 1204 3645; x_wconf 72' lang='grc' dir='ltr'><strong>ι’</strong></span> <span class='ocrx_word' id='word_1_528' title='bbox 1248 3605 1344 3661; x_wconf 91' lang='lat' dir='ltr'><strong>sed</strong></span> <span class='ocrx_word' id='word_1_529' title='bbox 1376 3605 1516 3659; x_wconf 90' lang='lat' dir='ltr'><strong>Deus</strong></span> <span class='ocrx_word' id='word_1_530' title='bbox 1543 3611 1628 3658; x_wconf 88' lang='lat' dir='ltr'><strong>est</strong></span> <span class='ocrx_word' id='word_1_531' title='bbox 1661 3599 1925 3666; x_wconf 88' lang='lat' dir='ltr'><strong>Christus,</strong></span> <span class='ocrx_word' id='word_1_532' title='bbox 1970 3600 2062 3669; x_wconf 91' lang='lat' dir='ltr'><strong>qui</strong></span> 
     </span>
    </p>
   </div>
   <div class='ocr_carea' id='block_1_66' title="bbox 467 3695 2063 3774">
    <p class='ocr_par' dir='ltr' id='par_1_66' title="bbox 467 3695 2063 3774">
     <span class='ocr_line' id='line_1_66' title="bbox 467 3695 2063 3774; baseline -0.009 -12"><span class='ocrx_word' id='word_1_533' title='bbox 467 3706 699 3763; x_wconf 85' lang='lat' dir='ltr'><strong>redonat</strong></span> <span class='ocrx_word' id='word_1_534' title='bbox 726 3718 890 3774; x_wconf 90' lang='lat' dir='ltr'><strong>quam</strong></span> <span class='ocrx_word' id='word_1_535' title='bbox 930 3701 1227 3756; x_wconf 89' lang='lat' dir='ltr'><strong>donaverat</strong></span> <span class='ocrx_word' id='word_1_536' title='bbox 1251 3699 1450 3762; x_wconf 90' lang='lat' dir='ltr'><strong>vitam,</strong></span> <span class='ocrx_word' id='word_1_537' title='bbox 1495 3704 1550 3750; x_wconf 91' lang='lat' dir='ltr'><strong>et</strong></span> <span class='ocrx_word' id='word_1_538' title='bbox 1577 3695 1744 3751; x_wconf 91' lang='lat' dir='ltr'><strong>verbo</strong></span> <span class='ocrx_word' id='word_1_539' title='bbox 1779 3710 1877 3750; x_wconf 90' lang='lat' dir='ltr'><strong>suo</strong></span> <span class='ocrx_word' id='word_1_540' title='bbox 1907 3701 2063 3748; x_wconf 75' lang='lat' dir='ltr'><strong>mter-</strong></span> 
     </span>
    </p>
   </div>
   <div class='ocr_carea' id='block_1_67' title="bbox 468 3785 2061 3858">
    <p class='ocr_par' dir='ltr' id='par_1_67' title="bbox 468 3785 2061 3858">
     <span class='ocr_line' id='line_1_67' title="bbox 468 3785 2061 3858; baseline -0.009 -6"><span class='ocrx_word' id='word_1_541' title='bbox 468 3813 573 3852; x_wconf 88' lang='lat' dir='ltr'><strong>nos</strong></span> <span class='ocrx_word' id='word_1_542' title='bbox 613 3796 742 3851; x_wconf 87' lang='lat' dir='ltr'><strong>facit</strong></span> <span class='ocrx_word' id='word_1_543' title='bbox 786 3793 1066 3854; x_wconf 90' lang='lat' dir='ltr'><strong>homines,</strong></span> <span class='ocrx_word' id='word_1_544' title='bbox 1111 3804 1249 3858; x_wconf 90' lang='lat' dir='ltr'><strong>quos</strong></span> <span class='ocrx_word' id='word_1_545' title='bbox 1285 3786 1532 3843; x_wconf 88' lang='lat' dir='ltr'><strong>diabolus</strong></span> <span class='ocrx_word' id='word_1_546' title='bbox 1571 3785 1920 3856; x_wconf 88' lang='lat' dir='ltr'><strong>persuasione</strong></span> <span class='ocrx_word' id='word_1_547' title='bbox 1965 3799 2061 3840; x_wconf 90' lang='lat' dir='ltr'><strong>sua</strong></span> 
     </span>
    </p>
   </div>
   <div class='ocr_carea' id='block_1_68' title="bbox 469 3879 2063 3955">
    <p class='ocr_par' dir='ltr' id='par_1_68' title="bbox 469 3879 2063 3955">
     <span class='ocr_line' id='line_1_68' title="bbox 469 3879 2063 3955; baseline -0.009 -11"><span class='ocrx_word' id='word_1_548' title='bbox 469 3888 673 3944; x_wconf 85' lang='lat' dir='ltr'><strong>fecerat</strong></span> <span class='ocrx_word' id='word_1_549' title='bbox 712 3884 1059 3955; x_wconf 87' lang='lat' dir='ltr'><strong>temporales.</strong></span> <span class='ocrx_word' id='word_1_550' title='bbox 1101 3881 1382 3944; x_wconf 83' lang='lat' dir='ltr'><strong>Abraham,</strong></span> <span class='ocrx_word' id='word_1_551' title='bbox 1426 3879 1618 3947; x_wconf 89' lang='lat' dir='ltr'><strong>inquit,</strong></span> <span class='ocrx_word' id='word_1_552' title='bbox 1651 3886 1880 3932; x_wconf 88' lang='lat' dir='ltr'><strong>mortuus</strong></span> <span class='ocrx_word' id='word_1_553' title='bbox 1911 3887 1987 3931; x_wconf 91' lang='lat' dir='ltr'><strong>est</strong></span> <span class='ocrx_word' id='word_1_554' title='bbox 2014 3887 2063 3931; x_wconf 89' lang='lat' dir='ltr'><strong>et</strong></span> 
     </span>
    </p>
   </div>
   <div class='ocr_carea' id='block_1_69' title="bbox 469 3971 2063 4052">
    <p class='ocr_par' dir='ltr' id='par_1_69' title="bbox 469 3971 2063 4052">
     <span class='ocr_line' id='line_1_69' title="bbox 469 3971 2063 4052; baseline -0.008 -17"><span class='ocrx_word' id='word_1_555' title='bbox 469 3980 753 4052; x_wconf 72' lang='lat' dir='ltr'><strong>prophetw,</strong></span> <span class='ocrx_word' id='word_1_556' title='bbox 785 3985 835 4032; x_wconf 92' lang='lat' dir='ltr'><strong>et</strong></span> <span class='ocrx_word' id='word_1_557' title='bbox 876 3985 928 4029; x_wconf 88' lang='lat' dir='ltr'><strong>tu</strong></span> <span class='ocrx_word' id='word_1_558' title='bbox 968 3973 1096 4028; x_wconf 87' lang='lat' dir='ltr'><strong>dicis</strong></span> <span class='ocrx_word' id='word_1_559' title='bbox 1128 3989 1146 4027; x_wconf 93' lang='lat'><strong><em>:</em></strong></span> <span class='ocrx_word' id='word_1_560' title='bbox 1180 3971 1240 4027; x_wconf 90' lang='lat' dir='ltr'><strong>Si</strong></span> <span class='ocrx_word' id='word_1_561' title='bbox 1280 3972 1391 4043; x_wconf 86' lang='lat' dir='ltr'><strong>quis</strong></span> <span class='ocrx_word' id='word_1_562' title='bbox 1420 3987 1707 4024; x_wconf 86' lang='lat' dir='ltr'><strong>sermonem</strong></span> <span class='ocrx_word' id='word_1_563' title='bbox 1747 3985 1914 4024; x_wconf 88' lang='lat' dir='ltr'><strong>meum</strong></span> <span class='ocrx_word' id='word_1_564' title='bbox 1955 3987 2063 4024; x_wconf 89' lang='lat' dir='ltr'><strong>ser-</strong></span> 
     </span>
    </p>
   </div>
   <div class='ocr_carea' id='block_1_70' title="bbox 469 4059 2061 4138">
    <p class='ocr_par' dir='ltr' id='par_1_70' title="bbox 469 4059 2061 4138">
     <span class='ocr_line' id='line_1_70' title="bbox 469 4059 2061 4138; baseline -0.006 -12"><span class='ocrx_word' id='word_1_565' title='bbox 469 4073 680 4138; x_wconf 87' lang='lat' dir='ltr'><strong>vaverit,</strong></span> <span class='ocrx_word' id='word_1_566' title='bbox 711 4077 928 4124; x_wconf 86' lang='lat' dir='ltr'><strong>mortem</strong></span> <span class='ocrx_word' id='word_1_567' title='bbox 955 4082 1059 4120; x_wconf 86' lang='lat' dir='ltr'><strong>non</strong></span> <span class='ocrx_word' id='word_1_568' title='bbox 1089 4063 1276 4120; x_wconf 87' lang='lat' dir='ltr'><strong>videbit</strong></span> <span class='ocrx_word' id='word_1_569' title='bbox 1303 4065 1359 4116; x_wconf 88' lang='lat' dir='ltr'><strong>in</strong></span> <span class='ocrx_word' id='word_1_570' title='bbox 1399 4071 1663 4116; x_wconf 77' lang='lat' dir='ltr'><strong>aeternum.</strong></span> <span class='ocrx_word' id='word_1_571' title='bbox 1697 4059 1894 4117; x_wconf 84' lang='lat' dir='ltr'><strong>Audiat</strong></span> <span class='ocrx_word' id='word_1_572' title='bbox 1929 4059 2061 4117; x_wconf 84' lang='lat' dir='ltr'><strong>lide-</strong></span> 
     </span>
    </p>
   </div>
   <div class='ocr_carea' id='block_1_71' title="bbox 468 4153 2066 4226">
    <p class='ocr_par' dir='ltr' id='par_1_71' title="bbox 468 4153 2066 4226">
     <span class='ocr_line' id='line_1_71' title="bbox 468 4153 2066 4226; baseline -0.004 -11"><span class='ocrx_word' id='word_1_573' title='bbox 468 4162 553 4226; x_wconf 91' lang='lat' dir='ltr'><strong>lis,</strong></span> <span class='ocrx_word' id='word_1_574' title='bbox 586 4168 645 4215; x_wconf 90' lang='lat' dir='ltr'><strong>ut</strong></span> <span class='ocrx_word' id='word_1_575' title='bbox 688 4159 790 4215; x_wconf 86' lang='lat' dir='ltr'><strong>lide</strong></span> <span class='ocrx_word' id='word_1_576' title='bbox 817 4158 1094 4213; x_wconf 89' lang='lat' dir='ltr'><strong>revelante</strong></span> <span class='ocrx_word' id='word_1_577' title='bbox 1132 4160 1428 4224; x_wconf 86' lang='lat' dir='ltr'><strong>cognoscat</strong></span> <span class='ocrx_word' id='word_1_578' title='bbox 1454 4153 1598 4223; x_wconf 91' lang='lat' dir='ltr'><strong>quod</strong></span> <span class='ocrx_word' id='word_1_579' title='bbox 1627 4153 1854 4208; x_wconf 89' lang='lat' dir='ltr'><strong>inlidelis</strong></span> <span class='ocrx_word' id='word_1_580' title='bbox 1893 4154 2066 4209; x_wconf 90' lang='lat' dir='ltr'><strong>nescit</strong></span> 
     </span>
    </p>
   </div>
   <div class='ocr_carea' id='block_1_72' title="bbox 470 4244 2064 4318">
    <p class='ocr_par' dir='ltr' id='par_1_72' title="bbox 470 4244 2064 4318">
     <span class='ocr_line' id='line_1_72' title="bbox 470 4244 2064 4318; baseline -0.003 -14"><span class='ocrx_word' id='word_1_581' title='bbox 470 4250 675 4315; x_wconf 86' lang='lat' dir='ltr'><strong>audire,</strong></span> <span class='ocrx_word' id='word_1_582' title='bbox 707 4248 853 4318; x_wconf 89' lang='lat' dir='ltr'><strong>quod</strong></span> <span class='ocrx_word' id='word_1_583' title='bbox 882 4247 1064 4302; x_wconf 90' lang='lat' dir='ltr'><strong>videre</strong></span> <span class='ocrx_word' id='word_1_584' title='bbox 1092 4261 1202 4301; x_wconf 91' lang='lat' dir='ltr'><strong>non</strong></span> <span class='ocrx_word' id='word_1_585' title='bbox 1243 4252 1421 4314; x_wconf 90' lang='lat' dir='ltr'><strong>potest</strong></span> <span class='ocrx_word' id='word_1_586' title='bbox 1448 4245 1539 4312; x_wconf 90' lang='lat' dir='ltr'><strong>qui</strong></span> <span class='ocrx_word' id='word_1_587' title='bbox 1574 4251 1744 4298; x_wconf 90' lang='lat' dir='ltr'><strong>semet</strong></span> <span class='ocrx_word' id='word_1_588' title='bbox 1777 4244 2064 4300; x_wconf 91' lang='lat' dir='ltr'><strong>increduli-</strong></span> 
     </span>
    </p>
   </div>
   <div class='ocr_carea' id='block_1_73' title="bbox 472 4333 2063 4395">
    <p class='ocr_par' dir='ltr' id='par_1_73' title="bbox 472 4333 2063 4395">
     <span class='ocr_line' id='line_1_73' title="bbox 472 4333 2063 4395; baseline -0.004 0"><span class='ocrx_word' id='word_1_589' title='bbox 472 4343 598 4395; x_wconf 88' lang='lat' dir='ltr'><strong>tatis</strong></span> <span class='ocrx_word' id='word_1_590' title='bbox 622 4339 879 4394; x_wconf 88' lang='lat' dir='ltr'><strong>demersit</strong></span> <span class='ocrx_word' id='word_1_591' title='bbox 907 4339 1158 4393; x_wconf 91' lang='lat' dir='ltr'><strong>obscuro.</strong></span> <span class='ocrx_word' id='word_1_592' title='bbox 1199 4336 1343 4389; x_wconf 90' lang='lat' dir='ltr'><strong>Dixit</strong></span> <span class='ocrx_word' id='word_1_593' title='bbox 1371 4333 1616 4389; x_wconf 89' lang='lat' dir='ltr'><strong>Christus</strong></span> <span class='ocrx_word' id='word_1_594' title='bbox 1649 4353 1661 4387; x_wconf 91' lang='lat'>:</span> <span class='ocrx_word' id='word_1_595' title='bbox 1699 4333 1922 4389; x_wconf 77' lang='lat' dir='ltr'><strong>Mortem</strong></span> <span class='ocrx_word' id='word_1_596' title='bbox 1959 4352 2063 4390; x_wconf 90' lang='lat' dir='ltr'><strong>non</strong></span> 
     </span>
    </p>
   </div>
   <div class='ocr_carea' id='block_1_74' title="bbox 473 4427 2063 4494">
    <p class='ocr_par' dir='ltr' id='par_1_74' title="bbox 473 4427 2063 4494">
     <span class='ocr_line' id='line_1_74' title="bbox 473 4427 2063 4494; baseline -0.003 -7"><span class='ocrx_word' id='word_1_597' title='bbox 473 4433 679 4487; x_wconf 86' lang='lat' dir='ltr'><strong>videbit.</strong></span> <span class='ocrx_word' id='word_1_598' title='bbox 730 4429 1028 4486; x_wconf 90' lang='lat' dir='ltr'><strong>Obstinatio</strong></span> <span class='ocrx_word' id='word_1_599' title='bbox 1085 4437 1198 4494; x_wconf 89' lang='lat' dir='ltr'><strong>tua,</strong></span> <span class='ocrx_word' id='word_1_600' title='bbox 1248 4427 1450 4493; x_wconf 73' lang='lat' dir='ltr'><strong>Judtee,</strong></span> <span class='ocrx_word' id='word_1_601' title='bbox 1509 4430 1705 4483; x_wconf 88' lang='lat' dir='ltr'><strong>merito</strong></span> <span class='ocrx_word' id='word_1_602' title='bbox 1737 4429 1916 4484; x_wconf 88' lang='lat' dir='ltr'><strong>dicere</strong></span> <span class='ocrx_word' id='word_1_603' title='bbox 1959 4429 2063 4483; x_wconf 91' lang='lat' dir='ltr'><strong>fal-</strong></span> 
     </span>
    </p>
   </div>
   <div class='ocr_carea' id='block_1_75' title="bbox 474 4520 2064 4592">
    <p class='ocr_par' dir='ltr' id='par_1_75' title="bbox 474 4520 2064 4592">
     <span class='ocr_line' id='line_1_75' title="bbox 474 4520 2064 4592; baseline -0.001 -14"><span class='ocrx_word' id='word_1_604' title='bbox 474 4524 692 4579; x_wconf 84' lang='lat' dir='ltr'><strong>sitatem</strong></span> <span class='ocrx_word' id='word_1_605' title='bbox 733 4524 940 4592; x_wconf 74' lang='lat' dir='ltr'><strong>quaerit.</strong></span> <span class='ocrx_word' id='word_1_606' title='bbox 986 4520 1256 4575; x_wconf 83' lang='lat' dir='ltr'><strong>Abraham</strong></span> <span class='ocrx_word' id='word_1_607' title='bbox 1297 4529 1353 4574; x_wconf 89' lang='lat' dir='ltr'><strong>et</strong></span> <span class='ocrx_word' id='word_1_608' title='bbox 1387 4521 1668 4591; x_wconf 77' lang='lat' dir='ltr'><strong>propheta:</strong></span> <span class='ocrx_word' id='word_1_609' title='bbox 1711 4521 1933 4575; x_wconf 87' lang='lat' dir='ltr'><strong>verbum</strong></span> <span class='ocrx_word' id='word_1_610' title='bbox 1967 4537 2064 4577; x_wconf 91' lang='lat' dir='ltr'><strong>au-</strong></span> 
     </span>
    </p>
   </div>
   <div class='ocr_carea' id='block_1_76' title="bbox 2165 3322 3726 3394">
    <p class='ocr_par' dir='ltr' id='par_1_76' title="bbox 2165 3322 3726 3394">
     <span class='ocr_line' id='line_1_76' title="bbox 2165 3322 3726 3394; baseline -0.003 -14"><span class='ocrx_word' id='word_1_611' title='bbox 2165 3331 2485 3392; x_wconf 91' lang='lat' dir='ltr'><strong>occurrunt,</strong></span> <span class='ocrx_word' id='word_1_612' title='bbox 2545 3331 2603 3379; x_wconf 91' lang='lat' dir='ltr'><strong>ut</strong></span> <span class='ocrx_word' id='word_1_613' title='bbox 2655 3323 2978 3394; x_wconf 87' lang='lat' dir='ltr'><strong>promissum</strong></span> <span class='ocrx_word' id='word_1_614' title='bbox 3030 3324 3410 3394; x_wconf 86' lang='lat' dir='ltr'><strong>conspicerent</strong></span> <span class='ocrx_word' id='word_1_615' title='bbox 3457 3322 3726 3386; x_wconf 86' lang='lat' dir='ltr'><strong>Christum,</strong></span> 
     </span>
    </p>
   </div>
   <div class='ocr_carea' id='block_1_77' title="bbox 2164 3414 3726 3488">
    <p class='ocr_par' dir='ltr' id='par_1_77' title="bbox 2164 3414 3726 3488">
     <span class='ocr_line' id='line_1_77' title="bbox 2164 3414 3726 3488; baseline -0.001 -18"><span class='ocrx_word' id='word_1_616' title='bbox 2164 3416 2436 3486; x_wconf 86' lang='lat' dir='ltr'><strong>quomodo</strong></span> <span class='ocrx_word' id='word_1_617' title='bbox 2465 3431 2567 3473; x_wconf 91' lang='lat' dir='ltr'><strong>nec</strong></span> <span class='ocrx_word' id='word_1_618' title='bbox 2594 3416 2866 3472; x_wconf 88' lang='lat' dir='ltr'><strong>Abraham</strong></span> <span class='ocrx_word' id='word_1_619' title='bbox 2895 3417 3127 3472; x_wconf 86' lang='lat' dir='ltr'><strong>occurrit</strong></span> <span class='ocrx_word' id='word_1_620' title='bbox 3147 3417 3214 3472; x_wconf 87' lang='lat' dir='ltr'><strong>ad</strong></span> <span class='ocrx_word' id='word_1_621' title='bbox 3252 3424 3470 3488; x_wconf 89' lang='lat' dir='ltr'><strong>partum</strong></span> <span class='ocrx_word' id='word_1_622' title='bbox 3491 3414 3726 3483; x_wconf 68' lang='lat' dir='ltr'><strong>Virginis,</strong></span> 
     </span>
    </p>
   </div>
   <div class='ocr_carea' id='block_1_78' title="bbox 2165 3505 3726 3578">
    <p class='ocr_par' dir='ltr' id='par_1_78' title="bbox 2165 3505 3726 3578">
     <span class='ocr_line' id='line_1_78' title="bbox 2165 3505 3726 3578; baseline -0.001 -17"><span class='ocrx_word' id='word_1_623' title='bbox 2165 3515 2225 3561; x_wconf 93' lang='lat' dir='ltr'><strong>ut</strong></span> <span class='ocrx_word' id='word_1_624' title='bbox 2264 3507 2584 3578; x_wconf 89' lang='lat' dir='ltr'><strong>promissam</strong></span> <span class='ocrx_word' id='word_1_625' title='bbox 2611 3508 3050 3564; x_wconf 76' lang='lat' dir='ltr'><strong>benedictionem</strong></span> <span class='ocrx_word' id='word_1_626' title='bbox 3090 3509 3144 3562; x_wconf 93' lang='lat' dir='ltr'><strong>in</strong></span> <span class='ocrx_word' id='word_1_627' title='bbox 3183 3508 3454 3577; x_wconf 87' lang='lat' dir='ltr'><strong>gentibus,</strong></span> <span class='ocrx_word' id='word_1_628' title='bbox 3487 3506 3540 3562; x_wconf 90' lang='lat' dir='ltr'><strong>id</strong></span> <span class='ocrx_word' id='word_1_629' title='bbox 3562 3513 3654 3568; x_wconf 83' lang='lat' dir='ltr'><strong>est,</strong></span> <span class='ocrx_word' id='word_1_630' title='bbox 3682 3505 3726 3560; x_wconf 87' lang='lat' dir='ltr'><strong>in</strong></span> 
     </span>
    </p>
   </div>
   <div class='ocr_carea' id='block_1_79' title="bbox 2164 3598 3726 3673">
    <p class='ocr_par' dir='ltr' id='par_1_79' title="bbox 2164 3598 3726 3673">
     <span class='ocr_line' id='line_1_79' title="bbox 2164 3598 3726 3673; baseline -0.004 -17"><span class='ocrx_word' id='word_1_631' title='bbox 2164 3602 2371 3657; x_wconf 90' lang='lat' dir='ltr'><strong>semine</strong></span> <span class='ocrx_word' id='word_1_632' title='bbox 2409 3618 2528 3668; x_wconf 90' lang='lat' dir='ltr'><strong>suo,</strong></span> <span class='ocrx_word' id='word_1_633' title='bbox 2571 3602 2994 3673; x_wconf 89' lang='lat' dir='ltr'><strong>patientissimus</strong></span> <span class='ocrx_word' id='word_1_634' title='bbox 3031 3609 3380 3672; x_wconf 87' lang='lat' dir='ltr'><strong>exspectator</strong></span> <span class='ocrx_word' id='word_1_635' title='bbox 3417 3598 3726 3656; x_wconf 78' lang='lat' dir='ltr'><strong>intenderet?</strong></span> 
     </span>
    </p>
   </div>
   <div class='ocr_carea' id='block_1_80' title="bbox 2164 3690 3718 3765">
    <p class='ocr_par' dir='ltr' id='par_1_80' title="bbox 2164 3690 3718 3765">
     <span class='ocr_line' id='line_1_80' title="bbox 2164 3690 3718 3765; baseline -0.001 -20"><span class='ocrx_word' id='word_1_636' title='bbox 2164 3692 2356 3758; x_wconf 88' lang='lat' dir='ltr'><strong>Amen,</strong></span> <span class='ocrx_word' id='word_1_637' title='bbox 2388 3709 2572 3759; x_wconf 90' lang='lat' dir='ltr'><strong>amen,</strong></span> <span class='ocrx_word' id='word_1_638' title='bbox 2603 3693 2804 3762; x_wconf 87' lang='lat' dir='ltr'><strong>inquit,</strong></span> <span class='ocrx_word' id='word_1_639' title='bbox 2845 3692 2962 3747; x_wconf 87' lang='lat' dir='ltr'><strong>dico</strong></span> <span class='ocrx_word' id='word_1_640' title='bbox 2998 3692 3138 3748; x_wconf 86' lang='lat' dir='ltr'><strong>vobis</strong></span> <span class='ocrx_word' id='word_1_641' title='bbox 3177 3695 3300 3765; x_wconf 83' lang='lat' dir='ltr'><strong>quia</strong></span> <span class='ocrx_word' id='word_1_642' title='bbox 3338 3701 3462 3746; x_wconf 86' lang='lat' dir='ltr'><strong>ante</strong></span> <span class='ocrx_word' id='word_1_643' title='bbox 3494 3690 3718 3744; x_wconf 66' lang='lat' dir='ltr'><strong>Abraham</strong></span> 
     </span>
    </p>
   </div>
   <div class='ocr_carea' id='block_1_81' title="bbox 2165 3785 3720 3858">
    <p class='ocr_par' dir='ltr' id='par_1_81' title="bbox 2165 3785 3720 3858">
     <span class='ocr_line' id='line_1_81' title="bbox 2165 3785 3720 3858; baseline 0 -19"><span class='ocrx_word' id='word_1_644' title='bbox 2165 3802 2258 3857; x_wconf 87' lang='lat' dir='ltr'><strong>ego</strong></span> <span class='ocrx_word' id='word_1_645' title='bbox 2295 3802 2428 3840; x_wconf 89' lang='lat' dir='ltr'><strong>sum.</strong></span> <span class='ocrx_word' id='word_1_646' title='bbox 2456 3785 2517 3842; x_wconf 91' lang='lat' dir='ltr'><strong>Si</strong></span> <span class='ocrx_word' id='word_1_647' title='bbox 2555 3788 2732 3840; x_wconf 85' lang='lat' dir='ltr'><strong>omnia</strong></span> <span class='ocrx_word' id='word_1_648' title='bbox 2761 3803 2852 3856; x_wconf 90' lang='lat' dir='ltr'><strong>per</strong></span> <span class='ocrx_word' id='word_1_649' title='bbox 2877 3788 3048 3857; x_wconf 88' lang='lat' dir='ltr'><strong>ipsum</strong></span> <span class='ocrx_word' id='word_1_650' title='bbox 3070 3787 3210 3858; x_wconf 78' lang='lat' dir='ltr'><strong>facta</strong></span> <span class='ocrx_word' id='word_1_651' title='bbox 3238 3794 3379 3852; x_wconf 84' lang='lat' dir='ltr'><strong>sunt,</strong></span> <span class='ocrx_word' id='word_1_652' title='bbox 3416 3794 3468 3840; x_wconf 90' lang='lat' dir='ltr'><strong>et</strong></span> <span class='ocrx_word' id='word_1_653' title='bbox 3504 3787 3613 3840; x_wconf 87' lang='lat' dir='ltr'><strong>sine</strong></span> <span class='ocrx_word' id='word_1_654' title='bbox 3633 3786 3720 3855; x_wconf 76' lang='lat' dir='ltr'><strong>ipso</strong></span> 
     </span>
    </p>
   </div>
   <div class='ocr_carea' id='block_1_82' title="bbox 2166 3875 3716 3947">
    <p class='ocr_par' dir='ltr' id='par_1_82' title="bbox 2166 3875 3716 3947">
     <span class='ocr_line' id='line_1_82' title="bbox 2166 3875 3716 3947; baseline -0.001 -19"><span class='ocrx_word' id='word_1_655' title='bbox 2166 3877 2360 3947; x_wconf 80' lang='lat' dir='ltr'><strong>factum</strong></span> <span class='ocrx_word' id='word_1_656' title='bbox 2388 3885 2465 3930; x_wconf 89' lang='lat' dir='ltr'><strong>est</strong></span> <span class='ocrx_word' id='word_1_657' title='bbox 2491 3876 2625 3931; x_wconf 86' lang='lat' dir='ltr'><strong>nihil</strong></span> <span class='ocrx_word' id='word_1_658' title='bbox 2655 3875 2834 3947; x_wconf 82' lang='lat' dir='ltr'><strong>(Joan.</strong></span> <span class='ocrx_word' id='word_1_659' title='bbox 2862 3875 2923 3947; x_wconf 83' lang='grc' dir='ltr'><strong>ι),</strong></span> <span class='ocrx_word' id='word_1_660' title='bbox 2961 3884 3016 3931; x_wconf 89' lang='lat' dir='ltr'><strong>et</strong></span> <span class='ocrx_word' id='word_1_661' title='bbox 3044 3877 3132 3932; x_wconf 92' lang='lat' dir='ltr'><strong>hic</strong></span> <span class='ocrx_word' id='word_1_662' title='bbox 3162 3885 3246 3932; x_wconf 87' lang='lat' dir='ltr'><strong>est</strong></span> <span class='ocrx_word' id='word_1_663' title='bbox 3272 3877 3359 3932; x_wconf 89' lang='lat' dir='ltr'><strong>cui</strong></span> <span class='ocrx_word' id='word_1_664' title='bbox 3390 3875 3552 3932; x_wconf 89' lang='lat' dir='ltr'><strong>Pater</strong></span> <span class='ocrx_word' id='word_1_665' title='bbox 3575 3875 3716 3930; x_wconf 84' lang='lat' dir='ltr'><strong>dixit:</strong></span> 
     </span>
    </p>
   </div>
   <div class='ocr_carea' id='block_1_83' title="bbox 2166 3965 3718 4041">
    <p class='ocr_par' dir='ltr' id='par_1_83' title="bbox 2166 3965 3718 4041">
     <span class='ocr_line' id='line_1_83' title="bbox 2166 3965 3718 4041; baseline 0.001 -20"><span class='ocrx_word' id='word_1_666' title='bbox 2166 3965 2449 4023; x_wconf 87' lang='lat' dir='ltr'><strong>Faciamus</strong></span> <span class='ocrx_word' id='word_1_667' title='bbox 2469 3969 2726 4023; x_wconf 85' lang='lat' dir='ltr'><strong>hominem</strong></span> <span class='ocrx_word' id='word_1_668' title='bbox 2755 3967 2826 4022; x_wconf 88' lang='lat' dir='ltr'><strong>ad</strong></span> <span class='ocrx_word' id='word_1_669' title='bbox 2844 3970 3122 4041; x_wconf 83' lang='lat' dir='ltr'><strong>imaginem</strong></span> <span class='ocrx_word' id='word_1_670' title='bbox 3149 3978 3200 4023; x_wconf 88' lang='lat' dir='ltr'><strong>et</strong></span> <span class='ocrx_word' id='word_1_671' title='bbox 3226 3969 3608 4024; x_wconf 78' lang='lat' dir='ltr'><strong>similitudinem</strong></span> <span class='ocrx_word' id='word_1_672' title='bbox 3625 3982 3718 4021; x_wconf 72' lang='lat' dir='ltr'><strong>nat-</strong></span> 
     </span>
    </p>
   </div>
   <div class='ocr_carea' id='block_1_84' title="bbox 2169 4056 3716 4134">
    <p class='ocr_par' dir='ltr' id='par_1_84' title="bbox 2169 4056 3716 4134">
     <span class='ocr_line' id='line_1_84' title="bbox 2169 4056 3716 4134; baseline -0.002 -20"><span class='ocrx_word' id='word_1_673' title='bbox 2169 4071 2302 4116; x_wconf 87' lang='lat' dir='ltr'><strong>tram</strong></span> <span class='ocrx_word' id='word_1_674' title='bbox 2332 4059 2566 4134; x_wconf 71' lang='lat' dir='ltr'><strong>(Germ),</strong></span> <span class='ocrx_word' id='word_1_675' title='bbox 2602 4061 2876 4130; x_wconf 89' lang='lat' dir='ltr'><strong>quomodo</strong></span> <span class='ocrx_word' id='word_1_676' title='bbox 2900 4061 3169 4116; x_wconf 86' lang='lat' dir='ltr'><strong>Abraham</strong></span> <span class='ocrx_word' id='word_1_677' title='bbox 3198 4077 3307 4116; x_wconf 92' lang='lat' dir='ltr'><strong>non</strong></span> <span class='ocrx_word' id='word_1_678' title='bbox 3351 4061 3518 4116; x_wconf 85' lang='lat' dir='ltr'><strong>vidit?</strong></span> <span class='ocrx_word' id='word_1_679' title='bbox 3554 4056 3716 4112; x_wconf 79' lang='lat' dir='ltr'><strong>Facis-</strong></span> 
     </span>
    </p>
   </div>
   <div class='ocr_carea' id='block_1_85' title="bbox 2165 4155 3714 4226">
    <p class='ocr_par' dir='ltr' id='par_1_85' title="bbox 2165 4155 3714 4226">
     <span class='ocr_line' id='line_1_85' title="bbox 2165 4155 3714 4226; baseline -0.005 -17"><span class='ocrx_word' id='word_1_680' title='bbox 2165 4171 2278 4209; x_wconf 86' lang='lat' dir='ltr'><strong>mus</strong></span> <span class='ocrx_word' id='word_1_681' title='bbox 2307 4155 2566 4209; x_wconf 82' lang='lat' dir='ltr'><strong>hominem</strong></span> <span class='ocrx_word' id='word_1_682' title='bbox 2593 4155 2661 4208; x_wconf 91' lang='lat' dir='ltr'><strong>ad</strong></span> <span class='ocrx_word' id='word_1_683' title='bbox 2688 4156 2986 4226; x_wconf 88' lang='lat' dir='ltr'><strong>imaginem,</strong></span> <span class='ocrx_word' id='word_1_684' title='bbox 3011 4163 3061 4208; x_wconf 90' lang='lat' dir='ltr'><strong>et</strong></span> <span class='ocrx_word' id='word_1_685' title='bbox 3080 4155 3476 4209; x_wconf 80' lang='lat' dir='ltr'><strong>similitudinem</strong></span> <span class='ocrx_word' id='word_1_686' title='bbox 3503 4160 3714 4206; x_wconf 74' lang='lat' dir='ltr'><strong>nostrain.</strong></span> 
     </span>
    </p>
   </div>
   <div class='ocr_carea' id='block_1_86' title="bbox 2168 4244 3714 4316">
    <p class='ocr_par' dir='ltr' id='par_1_86' title="bbox 2168 4244 3714 4316">
     <span class='ocr_line' id='line_1_86' title="bbox 2168 4244 3714 4316; baseline -0.005 -16"><span class='ocrx_word' id='word_1_687' title='bbox 2168 4247 2403 4316; x_wconf 85' lang='lat' dir='ltr'><strong>Angelus</strong></span> <span class='ocrx_word' id='word_1_688' title='bbox 2425 4253 2478 4301; x_wconf 89' lang='lat' dir='ltr'><strong>et</strong></span> <span class='ocrx_word' id='word_1_689' title='bbox 2501 4245 2660 4313; x_wconf 91' lang='lat' dir='ltr'><strong>Deus,</strong></span> <span class='ocrx_word' id='word_1_690' title='bbox 2690 4255 2749 4300; x_wconf 91' lang='lat' dir='ltr'><strong>ut</strong></span> <span class='ocrx_word' id='word_1_691' title='bbox 2768 4245 2978 4300; x_wconf 89' lang='lat' dir='ltr'><strong>diversa</strong></span> <span class='ocrx_word' id='word_1_692' title='bbox 2999 4253 3082 4300; x_wconf 89' lang='lat' dir='ltr'><strong>est</strong></span> <span class='ocrx_word' id='word_1_693' title='bbox 3101 4247 3423 4309; x_wconf 88' lang='lat' dir='ltr'><strong>substantia,</strong></span> <span class='ocrx_word' id='word_1_694' title='bbox 3449 4245 3527 4300; x_wconf 90' lang='lat' dir='ltr'><strong>sic</strong></span> <span class='ocrx_word' id='word_1_695' title='bbox 3553 4244 3714 4310; x_wconf 72' lang='lat' dir='ltr'><strong>imago.</strong></span> 
     </span>
    </p>
   </div>
   <div class='ocr_carea' id='block_1_87' title="bbox 2170 4331 3714 4408">
    <p class='ocr_par' dir='ltr' id='par_1_87' title="bbox 2170 4331 3714 4408">
     <span class='ocr_line' id='line_1_87' title="bbox 2170 4331 3714 4408; baseline -0.009 -14"><span class='ocrx_word' id='word_1_696' title='bbox 2170 4338 2192 4378; x_wconf 74' lang='grc' dir='ltr'>ί</span> <span class='ocrx_word' id='word_1_697' title='bbox 2220 4338 2362 4408; x_wconf 91' lang='lat' dir='ltr'><strong>Ergo</strong></span> <span class='ocrx_word' id='word_1_698' title='bbox 2392 4354 2500 4393; x_wconf 91' lang='lat' dir='ltr'><strong>non</strong></span> <span class='ocrx_word' id='word_1_699' title='bbox 2529 4339 2629 4392; x_wconf 90' lang='lat' dir='ltr'><strong>nisi</strong></span> <span class='ocrx_word' id='word_1_700' title='bbox 2659 4337 2725 4392; x_wconf 87' lang='lat' dir='ltr'><strong>ad</strong></span> <span class='ocrx_word' id='word_1_701' title='bbox 2754 4337 2946 4392; x_wconf 85' lang='lat' dir='ltr'><strong>Filium</strong></span> <span class='ocrx_word' id='word_1_702' title='bbox 2968 4336 3207 4406; x_wconf 90' lang='lat' dir='ltr'><strong>loquitur</strong></span> <span class='ocrx_word' id='word_1_703' title='bbox 3234 4335 3418 4402; x_wconf 86' lang='lat' dir='ltr'><strong>Pater,</strong></span> <span class='ocrx_word' id='word_1_704' title='bbox 3443 4350 3563 4392; x_wconf 90' lang='lat' dir='ltr'><strong>cum</strong></span> <span class='ocrx_word' id='word_1_705' title='bbox 3579 4331 3714 4388; x_wconf 86' lang='lat' dir='ltr'><strong>dicit:</strong></span> 
     </span>
    </p>
   </div>
   <div class='ocr_carea' id='block_1_88' title="bbox 2167 4422 3717 4500">
    <p class='ocr_par' dir='ltr' id='par_1_88' title="bbox 2167 4422 3717 4500">
     <span class='ocr_line' id='line_1_88' title="bbox 2167 4422 3717 4500; baseline -0.005 -17"><span class='ocrx_word' id='word_1_706' title='bbox 2167 4428 2450 4484; x_wconf 86' lang='lat' dir='ltr'><strong>Faciamus</strong></span> <span class='ocrx_word' id='word_1_707' title='bbox 2504 4430 2761 4484; x_wconf 86' lang='lat' dir='ltr'><strong>hominem</strong></span> <span class='ocrx_word' id='word_1_708' title='bbox 2816 4427 2886 4481; x_wconf 92' lang='lat' dir='ltr'><strong>ad</strong></span> <span class='ocrx_word' id='word_1_709' title='bbox 2937 4429 3212 4500; x_wconf 86' lang='lat' dir='ltr'><strong>imaginem</strong></span> <span class='ocrx_word' id='word_1_710' title='bbox 3267 4436 3317 4481; x_wconf 91' lang='lat' dir='ltr'><strong>et</strong></span> <span class='ocrx_word' id='word_1_711' title='bbox 3367 4422 3717 4482; x_wconf 68' lang='lat' dir='ltr'><strong>similitudines</strong></span> 
     </span>
    </p>
   </div>
   <div class='ocr_carea' id='block_1_89' title="bbox 2168 4513 3717 4591">
    <p class='ocr_par' dir='ltr' id='par_1_89' title="bbox 2168 4513 3717 4591">
     <span class='ocr_line' id='line_1_89' title="bbox 2168 4513 3717 4591; baseline -0.006 -15"><span class='ocrx_word' id='word_1_712' title='bbox 2168 4530 2430 4588; x_wconf 89' lang='lat' dir='ltr'><strong>nostram,</strong></span> <span class='ocrx_word' id='word_1_713' title='bbox 2471 4521 2666 4591; x_wconf 90' lang='lat' dir='ltr'><strong>quibus</strong></span> <span class='ocrx_word' id='word_1_714' title='bbox 2706 4528 2789 4575; x_wconf 89' lang='lat' dir='ltr'><strong>est</strong></span> <span class='ocrx_word' id='word_1_715' title='bbox 2825 4520 3002 4588; x_wconf 89' lang='lat' dir='ltr'><strong>imago</strong></span> <span class='ocrx_word' id='word_1_716' title='bbox 3041 4518 3249 4585; x_wconf 90' lang='lat' dir='ltr'><strong>eadem,</strong></span> <span class='ocrx_word' id='word_1_717' title='bbox 3292 4517 3584 4586; x_wconf 88' lang='lat' dir='ltr'><strong>eademque</strong></span> <span class='ocrx_word' id='word_1_718' title='bbox 3617 4513 3717 4569; x_wconf 81' lang='lat' dir='ltr'><strong>sub-</strong></span> 
     </span>
    </p>
   </div>
   <div class='ocr_carea' id='block_1_90' title="bbox 474 4601 3719 4682">
    <p class='ocr_par' dir='ltr' id='par_1_90' title="bbox 474 4601 3719 4682">
     <span class='ocr_line' id='line_1_90' title="bbox 474 4601 3719 4682; baseline -0.003 -12"><span class='ocrx_word' id='word_1_719' title='bbox 474 4615 688 4670; x_wconf 89' lang='lat' dir='ltr'><strong>dientes</strong></span> <span class='ocrx_word' id='word_1_720' title='bbox 735 4613 996 4668; x_wconf 89' lang='lat' dir='ltr'><strong>tenaciter</strong></span> <span class='ocrx_word' id='word_1_721' title='bbox 1041 4622 1425 4676; x_wconf 89' lang='lat' dir='ltr'><strong>servaverunt,</strong></span> <span class='ocrx_word' id='word_1_722' title='bbox 1484 4612 1579 4667; x_wconf 88' lang='lat' dir='ltr'><strong>sed</strong></span> <span class='ocrx_word' id='word_1_723' title='bbox 1634 4620 1815 4667; x_wconf 87' lang='lat' dir='ltr'><strong>tamen</strong></span> <span class='ocrx_word' id='word_1_724' title='bbox 1870 4616 2069 4670; x_wconf 87' lang='lat' dir='ltr'><strong>mortui</strong></span> <span class='ocrx_word' id='word_1_725' title='bbox 2096 4622 2150 4682; x_wconf 81' lang='lat' dir='ltr'><strong>D</strong></span> <span class='ocrx_word' id='word_1_726' title='bbox 2173 4614 2387 4668; x_wconf 89' lang='lat' dir='ltr'><strong>stantia.</strong></span> <span class='ocrx_word' id='word_1_727' title='bbox 2435 4611 2683 4666; x_wconf 88' lang='lat' dir='ltr'><strong>Tulerunt</strong></span> <span class='ocrx_word' id='word_1_728' title='bbox 2721 4610 2951 4682; x_wconf 80' lang='lat' dir='ltr'><strong>lapides,</strong></span> <span class='ocrx_word' id='word_1_729' title='bbox 2991 4618 3047 4664; x_wconf 87' lang='lat' dir='ltr'><strong>ut</strong></span> <span class='ocrx_word' id='word_1_730' title='bbox 3086 4612 3350 4664; x_wconf 86' lang='lat' dir='ltr'><strong>mitterent</strong></span> <span class='ocrx_word' id='word_1_731' title='bbox 3387 4611 3446 4664; x_wconf 86' lang='lat' dir='ltr'><strong>in</strong></span> <span class='ocrx_word' id='word_1_732' title='bbox 3483 4608 3637 4662; x_wconf 81' lang='lat' dir='ltr'><strong>illum.</strong></span> <span class='ocrx_word' id='word_1_733' title='bbox 3669 4601 3719 4657; x_wconf 79' lang='lat' dir='ltr'><strong>Et</strong></span> 
     </span>
    </p>
   </div>
   <div class='ocr_carea' id='block_1_91' title="bbox 476 4702 2064 4782">
    <p class='ocr_par' dir='ltr' id='par_1_91' title="bbox 476 4702 2064 4782">
     <span class='ocr_line' id='line_1_91' title="bbox 476 4702 2064 4782; baseline -0.001 -21"><span class='ocrx_word' id='word_1_734' title='bbox 476 4714 632 4782; x_wconf 84' lang='lat' dir='ltr'><strong>sunt,</strong></span> <span class='ocrx_word' id='word_1_735' title='bbox 659 4704 755 4759; x_wconf 89' lang='lat' dir='ltr'><strong>sed</strong></span> <span class='ocrx_word' id='word_1_736' title='bbox 793 4719 900 4759; x_wconf 92' lang='lat' dir='ltr'><strong>non</strong></span> <span class='ocrx_word' id='word_1_737' title='bbox 947 4704 1000 4758; x_wconf 91' lang='lat' dir='ltr'><strong>in</strong></span> <span class='ocrx_word' id='word_1_738' title='bbox 1027 4711 1310 4759; x_wconf 86' lang='lat' dir='ltr'><strong>aeternum.</strong></span> <span class='ocrx_word' id='word_1_739' title='bbox 1342 4702 1485 4771; x_wconf 87' lang='lat' dir='ltr'><strong>Ergo</strong></span> <span class='ocrx_word' id='word_1_740' title='bbox 1516 4719 1638 4757; x_wconf 89' lang='lat' dir='ltr'><strong>cum</strong></span> <span class='ocrx_word' id='word_1_741' title='bbox 1690 4705 1821 4758; x_wconf 90' lang='lat' dir='ltr'><strong>dicit</strong></span> <span class='ocrx_word' id='word_1_742' title='bbox 1865 4723 1878 4757; x_wconf 89' lang='lat'>:</span> <span class='ocrx_word' id='word_1_743' title='bbox 1913 4704 2064 4760; x_wconf 81' lang='lat' dir='ltr'><strong>Mor-</strong></span> 
     </span>
    </p>
   </div>
   <div class='ocr_carea' id='block_1_92' title="bbox 481 4795 2064 4862">
    <p class='ocr_par' dir='ltr' id='par_1_92' title="bbox 481 4795 2064 4862">
     <span class='ocr_line' id='line_1_92' title="bbox 481 4795 2064 4862; baseline 0 -10"><span class='ocrx_word' id='word_1_744' title='bbox 481 4809 582 4852; x_wconf 88' lang='lat' dir='ltr'><strong>tem</strong></span> <span class='ocrx_word' id='word_1_745' title='bbox 637 4814 740 4851; x_wconf 91' lang='lat' dir='ltr'><strong>non</strong></span> <span class='ocrx_word' id='word_1_746' title='bbox 777 4796 996 4862; x_wconf 88' lang='lat' dir='ltr'><strong>videbit,</strong></span> <span class='ocrx_word' id='word_1_747' title='bbox 1041 4805 1097 4851; x_wconf 90' lang='lat' dir='ltr'><strong>et</strong></span> <span class='ocrx_word' id='word_1_748' title='bbox 1141 4795 1342 4850; x_wconf 88' lang='lat' dir='ltr'><strong>addidit</strong></span> <span class='ocrx_word' id='word_1_749' title='bbox 1387 4795 1452 4849; x_wconf 89' lang='lat' dir='ltr'><strong>In</strong></span> <span class='ocrx_word' id='word_1_750' title='bbox 1489 4805 1766 4861; x_wconf 66' lang='lat' dir='ltr'><strong>aeternum,</strong></span> <span class='ocrx_word' id='word_1_751' title='bbox 1813 4807 1834 4835; x_wconf 75' lang='grc' dir='ltr'><strong>ο</strong></span> <span class='ocrx_word' id='word_1_752' title='bbox 1881 4812 2064 4852; x_wconf 78' lang='lat' dir='ltr'><strong>resur-</strong></span> 
     </span>
    </p>
   </div>
   <div class='ocr_carea' id='block_1_93' title="bbox 478 4890 2066 4960">
    <p class='ocr_par' dir='ltr' id='par_1_93' title="bbox 478 4890 2066 4960">
     <span class='ocr_line' id='line_1_93' title="bbox 478 4890 2066 4960; baseline 0.001 -14"><span class='ocrx_word' id='word_1_753' title='bbox 478 4891 777 4946; x_wconf 84' lang='lat' dir='ltr'><strong>rectionem</strong></span> <span class='ocrx_word' id='word_1_754' title='bbox 826 4890 1111 4960; x_wconf 90' lang='lat' dir='ltr'><strong>promittit,</strong></span> <span class='ocrx_word' id='word_1_755' title='bbox 1157 4905 1267 4944; x_wconf 86' lang='lat' dir='ltr'><strong>non</strong></span> <span class='ocrx_word' id='word_1_756' title='bbox 1315 4891 1690 4960; x_wconf 88' lang='lat' dir='ltr'><strong>temporaliter</strong></span> <span class='ocrx_word' id='word_1_757' title='bbox 1738 4898 1897 4959; x_wconf 87' lang='lat' dir='ltr'><strong>negat</strong></span> <span class='ocrx_word' id='word_1_758' title='bbox 1943 4905 2066 4947; x_wconf 86' lang='lat' dir='ltr'><strong>esse</strong></span> 
     </span>
    </p>
   </div>
   <div class='ocr_carea' id='block_1_94' title="bbox 478 4981 2065 5052">
    <p class='ocr_par' dir='ltr' id='par_1_94' title="bbox 478 4981 2065 5052">
     <span class='ocr_line' id='line_1_94' title="bbox 478 4981 2065 5052; baseline 0.001 -15"><span class='ocrx_word' id='word_1_759' title='bbox 478 4983 790 5038; x_wconf 90' lang='lat' dir='ltr'><strong>morituros.</strong></span> <span class='ocrx_word' id='word_1_760' title='bbox 837 4981 1050 5049; x_wconf 57' lang='lat' dir='ltr'><strong>Iudae,</strong></span> <span class='ocrx_word' id='word_1_761' title='bbox 1094 4997 1232 5051; x_wconf 91' lang='lat' dir='ltr'><strong>quos</strong></span> <span class='ocrx_word' id='word_1_762' title='bbox 1285 4998 1433 5038; x_wconf 89' lang='lat' dir='ltr'><strong>mors</strong></span> <span class='ocrx_word' id='word_1_763' title='bbox 1479 4983 1534 5036; x_wconf 91' lang='lat' dir='ltr'><strong>in</strong></span> <span class='ocrx_word' id='word_1_764' title='bbox 1569 4983 1822 5052; x_wconf 70' lang='lat' dir='ltr'><strong>pmsenti</strong></span> <span class='ocrx_word' id='word_1_765' title='bbox 1867 4983 2065 5038; x_wconf 61' lang='lat' dir='ltr'><strong>sarculo</strong></span> 
     </span>
    </p>
   </div>
   <div class='ocr_carea' id='block_1_95' title="bbox 553 5137 1821 5209">
    <p class='ocr_par' dir='ltr' id='par_1_95' title="bbox 553 5137 1821 5209">
     <span class='ocr_line' id='line_1_95' title="bbox 553 5137 1821 5209; baseline -0.002 -16"><span class='ocrx_word' id='word_1_766' title='bbox 553 5150 580 5178; x_wconf 70' lang='grc'><strong>⁸</strong></span> <span class='ocrx_word' id='word_1_767' title='bbox 612 5138 836 5194; x_wconf 87' lang='lat' dir='ltr'><strong>Varians</strong></span> <span class='ocrx_word' id='word_1_768' title='bbox 864 5139 1026 5194; x_wconf 90' lang='lat' dir='ltr'><strong>lectio</strong></span> <span class='ocrx_word' id='word_1_769' title='bbox 1059 5157 1074 5209; x_wconf 68' lang='grc' dir='ltr'>ς</span> <span class='ocrx_word' id='word_1_770' title='bbox 1108 5137 1490 5209; x_wconf 71' lang='lat' dir='ltr'><strong>Internuntium</strong></span> <span class='ocrx_word' id='word_1_771' title='bbox 1516 5138 1821 5209; x_wconf 78' lang='lat' dir='ltr'><strong>falsitatum.</strong></span> 
     </span>
    </p>
   </div>
   <div class='ocr_carea' id='block_1_96' title="bbox 550 5207 2066 5293">
    <p class='ocr_par' dir='ltr' id='par_1_96' title="bbox 550 5207 2066 5293">
     <span class='ocr_line' id='line_1_96' title="bbox 550 5207 2066 5293; baseline 0 -29"><span class='ocrx_word' id='word_1_772' title='bbox 550 5210 580 5248; x_wconf 69' lang='grc' dir='ltr'><strong>ι’</strong></span> <span class='ocrx_word' id='word_1_773' title='bbox 609 5209 973 5293; x_wconf 68' lang='lat' dir='ltr'><strong>Ms._C:esen:e</strong></span> <span class='ocrx_word' id='word_1_774' title='bbox 1005 5228 1018 5263; x_wconf 91' lang='lat'>:</span> <span class='ocrx_word' id='word_1_775' title='bbox 1043 5208 1184 5263; x_wconf 87' lang='lat' dir='ltr'><strong>Deus</strong></span> <span class='ocrx_word' id='word_1_776' title='bbox 1203 5225 1324 5280; x_wconf 88' lang='lat' dir='ltr'><strong>ergo</strong></span> <span class='ocrx_word' id='word_1_777' title='bbox 1344 5207 1577 5264; x_wconf 86' lang='lat' dir='ltr'><strong>Christus</strong></span> <span class='ocrx_word' id='word_1_778' title='bbox 1607 5220 1700 5275; x_wconf 88' lang='lat' dir='ltr'><strong>est,</strong></span> <span class='ocrx_word' id='word_1_779' title='bbox 1733 5225 1835 5264; x_wconf 90' lang='lat' dir='ltr'><strong>non</strong></span> <span class='ocrx_word' id='word_1_780' title='bbox 1861 5218 1938 5264; x_wconf 88' lang='lat' dir='ltr'><strong>est</strong></span> <span class='ocrx_word' id='word_1_781' title='bbox 1958 5209 2066 5264; x_wconf 71' lang='lat' dir='ltr'><strong>dw-</strong></span> 
     </span>
    </p>
   </div>
   <div class='ocr_carea' id='block_1_97' title="bbox 475 5281 2066 5421">
    <p class='ocr_par' dir='ltr' id='par_1_97' title="bbox 475 5281 2066 5421">
     <span class='ocr_line' id='line_1_97' title="bbox 475 5281 985 5352; baseline -0.006 -15"><span class='ocrx_word' id='word_1_782' title='bbox 475 5298 621 5344; x_wconf 84' lang='lat' dir='ltr'><strong>mon,</strong></span> <span class='ocrx_word' id='word_1_783' title='bbox 645 5281 730 5352; x_wconf 88' lang='lat' dir='ltr'><strong>qui</strong></span> <span class='ocrx_word' id='word_1_784' title='bbox 751 5281 985 5336; x_wconf 88' lang='lat' dir='ltr'><strong>redonat.</strong></span> 
     </span>
     <span class='ocr_line' id='line_1_98' title="bbox 493 5349 2066 5421; baseline 0 -17"><span class='ocrx_word' id='word_1_785' title='bbox 493 5420 504 5421; x_wconf 17' lang='grc' dir='ltr'>ί</span> <span class='ocrx_word' id='word_1_786' title='bbox 555 5362 579 5391; x_wconf 74' lang='grc' dir='ltr'><strong>ε</strong></span> <span class='ocrx_word' id='word_1_787' title='bbox 612 5349 754 5420; x_wconf 88' lang='lat' dir='ltr'><strong>Lege</strong></span> <span class='ocrx_word' id='word_1_788' title='bbox 801 5351 866 5406; x_wconf 91' lang='lat' dir='ltr'><strong>iis</strong></span> <span class='ocrx_word' id='word_1_789' title='bbox 913 5352 1106 5421; x_wconf 86' lang='lat' dir='ltr'><strong>similia</strong></span> <span class='ocrx_word' id='word_1_790' title='bbox 1151 5351 1292 5421; x_wconf 88' lang='lat' dir='ltr'><strong>apud</strong></span> <span class='ocrx_word' id='word_1_791' title='bbox 1339 5350 1718 5421; x_wconf 81' lang='lat' dir='ltr'><strong>Augustinum,</strong></span> <span class='ocrx_word' id='word_1_792' title='bbox 1751 5350 1970 5421; x_wconf 82' lang='lat' dir='ltr'><strong>Tractat</strong></span> <span class='ocrx_word' id='word_1_793' title='bbox 2009 5351 2066 5405; x_wconf 91' lang='lat' dir='ltr'><strong>in</strong></span> 
     </span>
    </p>
   </div>
   <div class='ocr_carea' id='block_1_98' title="bbox 481 5418 2067 5493">
    <p class='ocr_par' dir='ltr' id='par_1_98' title="bbox 481 5418 2067 5493">
     <span class='ocr_line' id='line_1_99' title="bbox 481 5418 2067 5493; baseline -0.002 -16"><span class='ocrx_word' id='word_1_794' title='bbox 481 5418 739 5493; x_wconf 43' lang='lat' dir='ltr'><strong>30am?)</strong></span> <span class='ocrx_word' id='word_1_795' title='bbox 767 5436 886 5491; x_wconf 84' lang='lat' dir='ltr'><strong>pag.</strong></span> <span class='ocrx_word' id='word_1_796' title='bbox 919 5420 1024 5474; x_wconf 69' lang='grc'><strong>425</strong></span> <span class='ocrx_word' id='word_1_797' title='bbox 1058 5418 1218 5493; x_wconf 72' lang='lat' dir='ltr'><strong>Oper.</strong></span> <span class='ocrx_word' id='word_1_798' title='bbox 1261 5430 1393 5476; x_wconf 83' lang='lat' dir='ltr'><strong>tom.</strong></span> <span class='ocrx_word' id='word_1_799' title='bbox 1420 5418 1501 5475; x_wconf 86' lang='lat' dir='ltr'><strong>lli.</strong></span> <span class='ocrx_word' id='word_1_800' title='bbox 1529 5418 1666 5485; x_wconf 83' lang='lat' dir='ltr'><strong>Quid</strong></span> <span class='ocrx_word' id='word_1_801' title='bbox 1693 5420 1788 5475; x_wconf 88' lang='lat' dir='ltr'><strong>sibi</strong></span> <span class='ocrx_word' id='word_1_802' title='bbox 1810 5422 1914 5493; x_wconf 69' lang='lat' dir='ltr'><strong>vult</strong></span> <span class='ocrx_word' id='word_1_803' title='bbox 1931 5421 2067 5493; x_wconf 83' lang='lat' dir='ltr'><strong>quod</strong></span> 
     </span>
    </p>
   </div>
   <div class='ocr_carea' id='block_1_99' title="bbox 483 5491 2065 5564">
    <p class='ocr_par' dir='ltr' id='par_1_99' title="bbox 483 5491 2065 5564">
     <span class='ocr_line' id='line_1_100' title="bbox 483 5491 2065 5564; baseline 0 -18"><span class='ocrx_word' id='word_1_804' title='bbox 483 5494 560 5546; x_wconf 87' lang='lat' dir='ltr'><strong>ait</strong></span> <span class='ocrx_word' id='word_1_805' title='bbox 582 5509 600 5546; x_wconf 91' lang='lat'><strong><em>:</em></strong></span> <span class='ocrx_word' id='word_1_806' title='bbox 628 5491 849 5564; x_wconf 82' lang='lat' dir='ltr'><strong>Mortem</strong></span> <span class='ocrx_word' id='word_1_807' title='bbox 881 5509 984 5564; x_wconf 84' lang='lat' dir='ltr'><strong>non</strong></span> <span class='ocrx_word' id='word_1_808' title='bbox 1011 5491 1197 5547; x_wconf 84' lang='lat' dir='ltr'><strong>videbit</strong></span> <span class='ocrx_word' id='word_1_809' title='bbox 1223 5493 1277 5545; x_wconf 90' lang='lat' dir='ltr'><strong>in</strong></span> <span class='ocrx_word' id='word_1_810' title='bbox 1307 5493 1591 5564; x_wconf 59' lang='lat' dir='ltr'><strong>aitet-num?</strong></span> <span class='ocrx_word' id='word_1_811' title='bbox 1609 5494 1709 5564; x_wconf 84' lang='lat' dir='ltr'><strong>nisi</strong></span> <span class='ocrx_word' id='word_1_812' title='bbox 1722 5494 1850 5564; x_wconf 79' lang='lat' dir='ltr'><strong>quia</strong></span> <span class='ocrx_word' id='word_1_813' title='bbox 1878 5491 2065 5546; x_wconf 87' lang='lat' dir='ltr'><strong>Domi-</strong></span> 
     </span>
    </p>
   </div>
   <div class='ocr_carea' id='block_1_100' title="bbox 483 5562 2067 5636">
    <p class='ocr_par' dir='ltr' id='par_1_100' title="bbox 483 5562 2067 5636">
     <span class='ocr_line' id='line_1_101' title="bbox 483 5562 2067 5636; baseline 0 -20"><span class='ocrx_word' id='word_1_814' title='bbox 483 5578 580 5618; x_wconf 85' lang='lat' dir='ltr'><strong>nus</strong></span> <span class='ocrx_word' id='word_1_815' title='bbox 607 5563 809 5618; x_wconf 87' lang='lat' dir='ltr'><strong>videbat</strong></span> <span class='ocrx_word' id='word_1_816' title='bbox 837 5562 999 5617; x_wconf 90' lang='lat' dir='ltr'><strong>aliam</strong></span> <span class='ocrx_word' id='word_1_817' title='bbox 1039 5573 1279 5636; x_wconf 84' lang='lat' dir='ltr'><strong>mortem,</strong></span> <span class='ocrx_word' id='word_1_818' title='bbox 1319 5562 1382 5616; x_wconf 88' lang='lat' dir='ltr'><strong>de</strong></span> <span class='ocrx_word' id='word_1_819' title='bbox 1409 5579 1508 5636; x_wconf 90' lang='lat' dir='ltr'><strong>qua</strong></span> <span class='ocrx_word' id='word_1_820' title='bbox 1546 5579 1640 5618; x_wconf 87' lang='lat' dir='ltr'><strong>nos</strong></span> <span class='ocrx_word' id='word_1_821' title='bbox 1672 5562 1892 5616; x_wconf 87' lang='lat' dir='ltr'><strong>liberare</strong></span> <span class='ocrx_word' id='word_1_822' title='bbox 1919 5579 2067 5616; x_wconf 88' lang='lat' dir='ltr'><strong>vene-</strong></span> 
     </span>
    </p>
   </div>
   <div class='ocr_carea' id='block_1_101' title="bbox 485 5634 2067 5698">
    <p class='ocr_par' dir='ltr' id='par_1_101' title="bbox 485 5634 2067 5698">
     <span class='ocr_line' id='line_1_102' title="bbox 485 5634 2067 5698; baseline 0.001 -14"><span class='ocrx_word' id='word_1_823' title='bbox 485 5642 572 5686; x_wconf 85' lang='lat' dir='ltr'><strong>rat</strong></span> <span class='ocrx_word' id='word_1_824' title='bbox 610 5650 629 5688; x_wconf 91' lang='lat'><strong><em>:</em></strong></span> <span class='ocrx_word' id='word_1_825' title='bbox 673 5644 889 5688; x_wconf 89' lang='lat' dir='ltr'><strong>mortem</strong></span> <span class='ocrx_word' id='word_1_826' title='bbox 936 5634 1241 5698; x_wconf 88' lang='lat' dir='ltr'><strong>secundam,</strong></span> <span class='ocrx_word' id='word_1_827' title='bbox 1285 5634 1498 5687; x_wconf 84' lang='lat' dir='ltr'><strong>mortem</strong></span> <span class='ocrx_word' id='word_1_828' title='bbox 1545 5644 1810 5696; x_wconf 64' lang='lat' dir='ltr'><strong>(sternam,</strong></span> <span class='ocrx_word' id='word_1_829' title='bbox 1851 5643 2067 5687; x_wconf 87' lang='lat' dir='ltr'><strong>mortem</strong></span> 
     </span>
    </p>
   </div>
   <div class='ocr_carea' id='block_1_102' title="bbox 488 5702 1634 5773">
    <p class='ocr_par' dir='ltr' id='par_1_102' title="bbox 488 5702 1634 5773">
     <span class='ocr_line' id='line_1_103' title="bbox 488 5702 1634 5773; baseline 0.002 -18"><span class='ocrx_word' id='word_1_830' title='bbox 488 5702 857 5773; x_wconf 63' lang='lat' dir='ltr'><strong>gehegsnarum,</strong></span> <span class='ocrx_word' id='word_1_831' title='bbox 889 5714 1104 5760; x_wconf 89' lang='lat' dir='ltr'><strong>mortem</strong></span> <span class='ocrx_word' id='word_1_832' title='bbox 1131 5703 1498 5770; x_wconf 87' lang='lat' dir='ltr'><strong>damnationis,</strong></span> <span class='ocrx_word' id='word_1_833' title='bbox 1529 5713 1634 5760; x_wconf 88' lang='lat' dir='ltr'><strong>etc.</strong></span> 
     </span>
    </p>
   </div>
   <div class='ocr_carea' id='block_1_103' title="bbox 560 5770 2068 5842">
    <p class='ocr_par' dir='ltr' id='par_1_103' title="bbox 560 5770 2068 5842">
     <span class='ocr_line' id='line_1_104' title="bbox 560 5770 2068 5842; baseline 0.001 -16"><span class='ocrx_word' id='word_1_834' title='bbox 560 5770 587 5808; x_wconf 67' lang='grc'><strong>⁸</strong></span> <span class='ocrx_word' id='word_1_835' title='bbox 616 5771 692 5826; x_wconf 84' lang='lat' dir='ltr'><strong>ita</strong></span> <span class='ocrx_word' id='word_1_836' title='bbox 733 5774 984 5829; x_wconf 89' lang='lat' dir='ltr'><strong>emendat</strong></span> <span class='ocrx_word' id='word_1_837' title='bbox 1010 5775 1250 5829; x_wconf 88' lang='lat' dir='ltr'><strong>Latinius</strong></span> <span class='ocrx_word' id='word_1_838' title='bbox 1284 5775 1429 5842; x_wconf 80' lang='lat' dir='ltr'><strong>quod</strong></span> <span class='ocrx_word' id='word_1_839' title='bbox 1459 5775 1660 5830; x_wconf 86' lang='lat' dir='ltr'><strong>habent</strong></span> <span class='ocrx_word' id='word_1_840' title='bbox 1703 5773 1862 5840; x_wconf 86' lang='lat' dir='ltr'><strong>editi,</strong></span> <span class='ocrx_word' id='word_1_841' title='bbox 1905 5776 2068 5828; x_wconf 85' lang='lat' dir='ltr'><strong>susci-</strong></span> 
     </span>
    </p>
   </div>
   <div class='ocr_carea' id='block_1_104' title="bbox 493 5842 966 5902">
    <p class='ocr_par' dir='ltr' id='par_1_104' title="bbox 493 5842 966 5902">
     <span class='ocr_line' id='line_1_105' title="bbox 493 5842 966 5902; baseline 0 0"><span class='ocrx_word' id='word_1_842' title='bbox 493 5842 647 5902; x_wconf 79' lang='lat' dir='ltr'><strong>tando</strong></span> <span class='ocrx_word' id='word_1_843' title='bbox 674 5844 966 5902; x_wconf 83' lang='lat' dir='ltr'><strong>suscitatus.</strong></span> 
     </span>
    </p>
   </div>
   <div class='ocr_carea' id='block_1_105' title="bbox 2169 4696 3720 4771">
    <p class='ocr_par' dir='ltr' id='par_1_105' title="bbox 2169 4696 3720 4771">
     <span class='ocr_line' id='line_1_106' title="bbox 2169 4696 3720 4771; baseline -0.008 -10"><span class='ocrx_word' id='word_1_844' title='bbox 2169 4705 2498 4761; x_wconf 61' lang='lat' dir='ltr'><strong>aediﬁcantes</strong></span> <span class='ocrx_word' id='word_1_845' title='bbox 2525 4711 2748 4770; x_wconf 88' lang='lat' dir='ltr'><strong>turrem,</strong></span> <span class='ocrx_word' id='word_1_846' title='bbox 2779 4712 2839 4757; x_wconf 88' lang='lat' dir='ltr'><strong>ut</strong></span> <span class='ocrx_word' id='word_1_847' title='bbox 2866 4703 3026 4758; x_wconf 91' lang='lat' dir='ltr'><strong>altius</strong></span> <span class='ocrx_word' id='word_1_848' title='bbox 3051 4702 3328 4766; x_wconf 88' lang='lat' dir='ltr'><strong>caderent,</strong></span> <span class='ocrx_word' id='word_1_849' title='bbox 3363 4701 3466 4771; x_wconf 90' lang='lat' dir='ltr'><strong>ipsi</strong></span> <span class='ocrx_word' id='word_1_850' title='bbox 3493 4698 3590 4754; x_wconf 86' lang='lat' dir='ltr'><strong>sibi</strong></span> <span class='ocrx_word' id='word_1_851' title='bbox 3614 4696 3720 4766; x_wconf 86' lang='lat' dir='ltr'><strong>lapi-</strong></span> 
     </span>
    </p>
   </div>
   <div class='ocr_carea' id='block_1_106' title="bbox 2169 4787 3720 4867">
    <p class='ocr_par' dir='ltr' id='par_1_106' title="bbox 2169 4787 3720 4867">
     <span class='ocr_line' id='line_1_107' title="bbox 2169 4787 3720 4867; baseline -0.005 -15"><span class='ocrx_word' id='word_1_852' title='bbox 2169 4797 2266 4852; x_wconf 91' lang='lat' dir='ltr'><strong>des</strong></span> <span class='ocrx_word' id='word_1_853' title='bbox 2302 4795 2685 4867; x_wconf 87' lang='lat' dir='ltr'><strong>providerunt;</strong></span> <span class='ocrx_word' id='word_1_854' title='bbox 2716 4803 2772 4849; x_wconf 91' lang='lat' dir='ltr'><strong>et</strong></span> <span class='ocrx_word' id='word_1_855' title='bbox 2798 4793 2886 4849; x_wconf 91' lang='lat' dir='ltr'><strong>isti</strong></span> <span class='ocrx_word' id='word_1_856' title='bbox 2923 4793 3146 4864; x_wconf 88' lang='lat' dir='ltr'><strong>lapides,</strong></span> <span class='ocrx_word' id='word_1_857' title='bbox 3180 4808 3288 4848; x_wconf 90' lang='lat' dir='ltr'><strong>non</strong></span> <span class='ocrx_word' id='word_1_858' title='bbox 3320 4802 3378 4847; x_wconf 87' lang='lat' dir='ltr'><strong>ut</strong></span> <span class='ocrx_word' id='word_1_859' title='bbox 3406 4791 3571 4848; x_wconf 88' lang='lat' dir='ltr'><strong>Deum</strong></span> <span class='ocrx_word' id='word_1_860' title='bbox 3606 4787 3720 4844; x_wconf 83' lang='lat' dir='ltr'><strong>occi-</strong></span> 
     </span>
    </p>
   </div>
   <div class='ocr_carea' id='block_1_107' title="bbox 2169 4880 3720 4956">
    <p class='ocr_par' dir='ltr' id='par_1_107' title="bbox 2169 4880 3720 4956">
     <span class='ocr_line' id='line_1_108' title="bbox 2169 4880 3720 4956; baseline -0.007 -11"><span class='ocrx_word' id='word_1_861' title='bbox 2169 4891 2390 4956; x_wconf 87' lang='lat' dir='ltr'><strong>derent,</strong></span> <span class='ocrx_word' id='word_1_862' title='bbox 2422 4888 2516 4944; x_wconf 92' lang='lat' dir='ltr'><strong>sed</strong></span> <span class='ocrx_word' id='word_1_863' title='bbox 2543 4887 2685 4943; x_wconf 91' lang='lat' dir='ltr'><strong>unde</strong></span> <span class='ocrx_word' id='word_1_864' title='bbox 2725 4903 2783 4942; x_wconf 90' lang='lat' dir='ltr'><strong>se</strong></span> <span class='ocrx_word' id='word_1_865' title='bbox 2819 4887 3146 4950; x_wconf 87' lang='lat' dir='ltr'><strong>occiderent,</strong></span> <span class='ocrx_word' id='word_1_866' title='bbox 3182 4886 3520 4941; x_wconf 86' lang='lat' dir='ltr'><strong>miserabiles</strong></span> <span class='ocrx_word' id='word_1_867' title='bbox 3559 4880 3720 4938; x_wconf 82' lang='lat' dir='ltr'><strong>attule-</strong></span> 
     </span>
    </p>
   </div>
   <div class='ocr_carea' id='block_1_108' title="bbox 2172 4977 3719 5047">
    <p class='ocr_par' dir='ltr' id='par_1_108' title="bbox 2172 4977 3719 5047">
     <span class='ocr_line' id='line_1_109' title="bbox 2172 4977 3719 5047; baseline -0.006 -11"><span class='ocrx_word' id='word_1_868' title='bbox 2172 4990 2317 5037; x_wconf 87' lang='lat' dir='ltr'><strong>runt.</strong></span> <span class='ocrx_word' id='word_1_869' title='bbox 2349 4980 2499 5035; x_wconf 83' lang='lat' dir='ltr'><strong>Jesus</strong></span> <span class='ocrx_word' id='word_1_870' title='bbox 2523 4978 2792 5034; x_wconf 88' lang='lat' dir='ltr'><strong>abscondit</strong></span> <span class='ocrx_word' id='word_1_871' title='bbox 2818 4995 2891 5034; x_wconf 91' lang='lat' dir='ltr'><strong>se.</strong></span> <span class='ocrx_word' id='word_1_872' title='bbox 2923 4977 3042 5034; x_wconf 81' lang='lat' dir='ltr'><strong>Non</strong></span> <span class='ocrx_word' id='word_1_873' title='bbox 3071 4979 3287 5045; x_wconf 86' lang='lat' dir='ltr'><strong>timens,</strong></span> <span class='ocrx_word' id='word_1_874' title='bbox 3311 4978 3410 5034; x_wconf 85' lang='lat' dir='ltr'><strong>sed</strong></span> <span class='ocrx_word' id='word_1_875' title='bbox 3429 4979 3719 5047; x_wconf 79' lang='lat' dir='ltr'><strong>ignoscens:</strong></span> 
     </span>
    </p>
   </div>
   <div class='ocr_carea' id='block_1_109' title="bbox 2249 5133 3722 5205">
    <p class='ocr_par' dir='ltr' id='par_1_109' title="bbox 2249 5133 3722 5205">
     <span class='ocr_line' id='line_1_110' title="bbox 2249 5133 3722 5205; baseline -0.005 -14"><span class='ocrx_word' id='word_1_876' title='bbox 2249 5148 2272 5175; x_wconf 84' lang='grc' dir='ltr'><strong>ο</strong></span> <span class='ocrx_word' id='word_1_877' title='bbox 2310 5136 2655 5205; x_wconf 86' lang='lat' dir='ltr'><strong>Augustinus,</strong></span> <span class='ocrx_word' id='word_1_878' title='bbox 2688 5135 2809 5190; x_wconf 91' lang='lat' dir='ltr'><strong>loco</strong></span> <span class='ocrx_word' id='word_1_879' title='bbox 2837 5134 3000 5189; x_wconf 92' lang='lat' dir='ltr'><strong>modo</strong></span> <span class='ocrx_word' id='word_1_880' title='bbox 3037 5134 3276 5198; x_wconf 89' lang='lat' dir='ltr'><strong>laudato,</strong></span> <span class='ocrx_word' id='word_1_881' title='bbox 3300 5148 3425 5205; x_wconf 86' lang='lat' dir='ltr'><strong>pag.</strong></span> <span class='ocrx_word' id='word_1_882' title='bbox 3453 5133 3572 5197; x_wconf 70' lang='lat'><strong>427,</strong></span> <span class='ocrx_word' id='word_1_883' title='bbox 3601 5144 3722 5186; x_wconf 83' lang='lat' dir='ltr'><strong>num.</strong></span> 
     </span>
    </p>
   </div>
   <div class='ocr_carea' id='block_1_110' title="bbox 2174 5203 3723 5276">
    <p class='ocr_par' dir='ltr' id='par_1_110' title="bbox 2174 5203 3723 5276">
     <span class='ocr_line' id='line_1_111' title="bbox 2174 5203 3723 5276; baseline -0.008 -14"><span class='ocrx_word' id='word_1_884' title='bbox 2174 5207 2307 5262; x_wconf 80' lang='grc'><strong>16...</strong></span> <span class='ocrx_word' id='word_1_885' title='bbox 2361 5203 2623 5261; x_wconf 80' lang='lat' dir='ltr'><strong>Incertum</strong></span> <span class='ocrx_word' id='word_1_886' title='bbox 2649 5214 2820 5259; x_wconf 82' lang='lat' dir='ltr'><strong>autem</strong></span> <span class='ocrx_word' id='word_1_887' title='bbox 2846 5214 3010 5276; x_wconf 88' lang='lat' dir='ltr'><strong>potest</strong></span> <span class='ocrx_word' id='word_1_888' title='bbox 3029 5221 3139 5260; x_wconf 91' lang='lat' dir='ltr'><strong>esse</strong></span> <span class='ocrx_word' id='word_1_889' title='bbox 3163 5203 3317 5258; x_wconf 16' lang='lat' dir='ltr'><strong>unde,</strong></span> <span class='ocrx_word' id='word_1_890' title='bbox 3334 5203 3528 5276; x_wconf 69' lang='lat' dir='ltr'><strong>dixerit</strong></span> <span class='ocrx_word' id='word_1_891' title='bbox 3546 5220 3563 5256; x_wconf 94' lang='lat'><em>:</em></span> <span class='ocrx_word' id='word_1_892' title='bbox 3581 5211 3723 5255; x_wconf 71' lang='lat' dir='ltr'><strong>utrm</strong></span> 
     </span>
    </p>
   </div>
   <div class='ocr_carea' id='block_1_111' title="bbox 2175 5273 3722 5348">
    <p class='ocr_par' dir='ltr' id='par_1_111' title="bbox 2175 5273 3722 5348">
     <span class='ocr_line' id='line_1_112' title="bbox 2175 5273 3722 5348; baseline -0.004 -16"><span class='ocrx_word' id='word_1_893' title='bbox 2175 5280 2309 5333; x_wconf 87' lang='lat' dir='ltr'><strong>diem</strong></span> <span class='ocrx_word' id='word_1_894' title='bbox 2338 5277 2549 5332; x_wconf 88' lang='lat' dir='ltr'><strong>Domini</strong></span> <span class='ocrx_word' id='word_1_895' title='bbox 2580 5273 2936 5346; x_wconf 80' lang='lat' dir='ltr'><strong>temporalem,</strong></span> <span class='ocrx_word' id='word_1_896' title='bbox 2969 5293 3067 5348; x_wconf 87' lang='lat' dir='ltr'><strong>quo</strong></span> <span class='ocrx_word' id='word_1_897' title='bbox 3095 5284 3206 5329; x_wconf 88' lang='lat' dir='ltr'><strong>erat</strong></span> <span class='ocrx_word' id='word_1_898' title='bbox 3233 5283 3476 5348; x_wconf 80' lang='lat' dir='ltr'><strong>venturus</strong></span> <span class='ocrx_word' id='word_1_899' title='bbox 3502 5273 3554 5327; x_wconf 74' lang='lat' dir='ltr'><strong>in</strong></span> <span class='ocrx_word' id='word_1_900' title='bbox 3576 5283 3722 5348; x_wconf 52' lang='lat' dir='ltr'><strong>came,</strong></span> 
     </span>
    </p>
   </div>
   <div class='ocr_carea' id='block_1_112' title="bbox 2174 5337 3724 5420">
    <p class='ocr_par' dir='ltr' id='par_1_112' title="bbox 2174 5337 3724 5420">
     <span class='ocr_line' id='line_1_113' title="bbox 2174 5337 3724 5420; baseline -0.005 -16"><span class='ocrx_word' id='word_1_901' title='bbox 2174 5367 2243 5404; x_wconf 91' lang='lat' dir='ltr'><strong>an</strong></span> <span class='ocrx_word' id='word_1_902' title='bbox 2265 5351 2401 5404; x_wconf 89' lang='lat' dir='ltr'><strong>diem</strong></span> <span class='ocrx_word' id='word_1_903' title='bbox 2423 5348 2656 5420; x_wconf 81' lang='lat' dir='ltr'><strong>Domini,</strong></span> <span class='ocrx_word' id='word_1_904' title='bbox 2679 5337 2766 5420; x_wconf 82' lang='lat' dir='ltr'><strong>qui</strong></span> <span class='ocrx_word' id='word_1_905' title='bbox 2792 5337 2952 5420; x_wconf 76' lang='lat' dir='ltr'><strong>nescit</strong></span> <span class='ocrx_word' id='word_1_906' title='bbox 2972 5337 3158 5420; x_wconf 77' lang='lat' dir='ltr'><strong>ortum,</strong></span> <span class='ocrx_word' id='word_1_907' title='bbox 3182 5345 3346 5399; x_wconf 85' lang='lat' dir='ltr'><strong>nescit</strong></span> <span class='ocrx_word' id='word_1_908' title='bbox 3364 5360 3616 5420; x_wconf 78' lang='lat' dir='ltr'><strong>occasum.</strong></span> <span class='ocrx_word' id='word_1_909' title='bbox 3637 5337 3724 5396; x_wconf 63' lang='lat' dir='ltr'><strong>Sed</strong></span> 
     </span>
    </p>
   </div>
   <div class='ocr_carea' id='block_1_113' title="bbox 2172 5417 3498 5493">
    <p class='ocr_par' dir='ltr' id='par_1_113' title="bbox 2172 5417 3498 5493">
     <span class='ocr_line' id='line_1_114' title="bbox 2172 5417 3498 5493; baseline -0.005 -18"><span class='ocrx_word' id='word_1_910' title='bbox 2172 5438 2268 5493; x_wconf 81' lang='lat' dir='ltr'><strong>ego</strong></span> <span class='ocrx_word' id='word_1_911' title='bbox 2288 5419 2592 5493; x_wconf 75' lang='lat' dir='ltr'><strong>non_dubito</strong></span> <span class='ocrx_word' id='word_1_912' title='bbox 2624 5417 2826 5493; x_wconf 80' lang='lat' dir='ltr'><strong>patrem</strong></span> <span class='ocrx_word' id='word_1_913' title='bbox 2855 5417 3118 5493; x_wconf 77' lang='lat' dir='ltr'><strong>Abraham</strong></span> <span class='ocrx_word' id='word_1_914' title='bbox 3143 5426 3301 5493; x_wconf 70' lang='lat' dir='ltr'><strong>totum</strong></span> <span class='ocrx_word' id='word_1_915' title='bbox 3320 5417 3498 5471; x_wconf 86' lang='lat' dir='ltr'><strong>scisse.</strong></span> 
     </span>
    </p>
   </div>
   <div class='ocr_carea' id='block_1_114' title="bbox 2249 5476 3727 5559">
    <p class='ocr_par' dir='ltr' id='par_1_114' title="bbox 2249 5476 3727 5559">
     <span class='ocr_line' id='line_1_115' title="bbox 2249 5476 3727 5559; baseline -0.009 -13"><span class='ocrx_word' id='word_1_916' title='bbox 2249 5490 2269 5529; x_wconf 73' lang='grc' dir='ltr'>ί</span> <span class='ocrx_word' id='word_1_917' title='bbox 2300 5489 2356 5546; x_wconf 89' lang='lat' dir='ltr'><strong>S.</strong></span> <span class='ocrx_word' id='word_1_918' title='bbox 2389 5476 2660 5559; x_wconf 71' lang='lat' dir='ltr'><strong>Barnabas</strong></span> <span class='ocrx_word' id='word_1_919' title='bbox 2700 5489 2755 5545; x_wconf 90' lang='lat' dir='ltr'><strong>in</strong></span> <span class='ocrx_word' id='word_1_920' title='bbox 2792 5505 2888 5544; x_wconf 90' lang='lat' dir='ltr'><strong>sua</strong></span> <span class='ocrx_word' id='word_1_921' title='bbox 2916 5489 3143 5559; x_wconf 89' lang='lat' dir='ltr'><strong>epistola</strong></span> <span class='ocrx_word' id='word_1_922' title='bbox 3176 5506 3188 5541; x_wconf 89' lang='lat'><strong>:</strong></span> <span class='ocrx_word' id='word_1_923' title='bbox 3232 5487 3468 5559; x_wconf 72' lang='lat' dir='ltr'><strong>loquente</strong></span> <span class='ocrx_word' id='word_1_924' title='bbox 3504 5484 3650 5539; x_wconf 78' lang='lat' dir='ltr'><strong>Patre</strong></span> <span class='ocrx_word' id='word_1_925' title='bbox 3669 5476 3727 5532; x_wconf 77' lang='lat' dir='ltr'><strong>ad</strong></span> 
     </span>
    </p>
   </div>
   <div class='ocr_carea' id='block_1_115' title="bbox 2173 5555 3724 5624">
    <p class='ocr_par' dir='ltr' id='par_1_115' title="bbox 2173 5555 3724 5624">
     <span class='ocr_line' id='line_1_116' title="bbox 2173 5555 3724 5624; baseline -0.001 -10"><span class='ocrx_word' id='word_1_926' title='bbox 2173 5560 2371 5616; x_wconf 90' lang='lat' dir='ltr'><strong>Filium</strong></span> <span class='ocrx_word' id='word_1_927' title='bbox 2410 5578 2427 5616; x_wconf 92' lang='lat'><em>:</em></span> <span class='ocrx_word' id='word_1_928' title='bbox 2471 5557 2753 5615; x_wconf 85' lang='lat' dir='ltr'><strong>Faciamus</strong></span> <span class='ocrx_word' id='word_1_929' title='bbox 2794 5555 3082 5624; x_wconf 79' lang='lat' dir='ltr'><strong>hominem,</strong></span> <span class='ocrx_word' id='word_1_930' title='bbox 3127 5566 3233 5614; x_wconf 86' lang='lat' dir='ltr'><strong>etc.</strong></span> <span class='ocrx_word' id='word_1_931' title='bbox 3265 5555 3507 5612; x_wconf 78' lang='lat' dir='ltr'><strong>Justinus</strong></span> <span class='ocrx_word' id='word_1_932' title='bbox 3530 5559 3724 5624; x_wconf 81' lang='lat' dir='ltr'><strong>martyr.</strong></span> 
     </span>
    </p>
   </div>
   <div class='ocr_carea' id='block_1_116' title="bbox 2173 5623 3728 5700">
    <p class='ocr_par' dir='ltr' id='par_1_116' title="bbox 2173 5623 3728 5700">
     <span class='ocr_line' id='line_1_117' title="bbox 2173 5623 3728 5700; baseline -0.006 -15"><span class='ocrx_word' id='word_1_933' title='bbox 2173 5632 2384 5700; x_wconf 92' lang='lat' dir='ltr'><strong>dialogo</strong></span> <span class='ocrx_word' id='word_1_934' title='bbox 2418 5645 2540 5686; x_wconf 89' lang='lat' dir='ltr'><strong>cum</strong></span> <span class='ocrx_word' id='word_1_935' title='bbox 2565 5629 2884 5700; x_wconf 87' lang='lat' dir='ltr'><strong>Tryphone;</strong></span> <span class='ocrx_word' id='word_1_936' title='bbox 2917 5623 3262 5700; x_wconf 77' lang='lat' dir='ltr'><strong>Theophilus,</strong></span> <span class='ocrx_word' id='word_1_937' title='bbox 3293 5628 3388 5700; x_wconf 92' lang='lat' dir='ltr'><strong>l_ib.</strong></span> <span class='ocrx_word' id='word_1_938' title='bbox 3427 5626 3559 5700; x_wconf 81' lang='lat' dir='ltr'><strong>uad</strong></span> <span class='ocrx_word' id='word_1_939' title='bbox 3578 5623 3728 5700; x_wconf 66' lang='lat' dir='ltr'><strong>Auto-</strong></span> 
     </span>
    </p>
   </div>
   <div class='ocr_carea' id='block_1_117' title="bbox 2173 5646 3726 5785">
    <p class='ocr_par' dir='ltr' id='par_1_117' title="bbox 2173 5646 3726 5785">
     <span class='ocr_line' id='line_1_118' title="bbox 2173 5646 3726 5700; baseline -0.006 -15"><span class='ocrx_word' id='word_1_940' title='bbox 2173 5646 2384 5700; x_wconf 67' lang='lat'><strong>(1131080</strong></span> <span class='ocrx_word' id='word_1_941' title='bbox 2418 5646 2540 5686; x_wconf 87' lang='lat' dir='ltr'><strong>cum</strong></span> <span class='ocrx_word' id='word_1_942' title='bbox 2566 5646 2607 5683; x_wconf 30' lang='lat' dir='ltr'><strong>&#39;l‘</strong></span> <span class='ocrx_word' id='word_1_943' title='bbox 2712 5646 2884 5696; x_wconf 90' lang='lat' dir='ltr'><strong>none;</strong></span> <span class='ocrx_word' id='word_1_944' title='bbox 2917 5646 2950 5683; x_wconf 77' lang='grc' dir='ltr'>ἰ</span> <span class='ocrx_word' id='word_1_945' title='bbox 2963 5646 3262 5699; x_wconf 71' lang='grc' dir='ltr'><strong>υθορηιιιιε,</strong></span> <span class='ocrx_word' id='word_1_946' title='bbox 3297 5646 3388 5682; x_wconf 84' lang='grc' dir='ltr'><strong>ΙΙΙ).</strong></span> <span class='ocrx_word' id='word_1_947' title='bbox 3427 5646 3462 5684; x_wconf 86' lang='lat' dir='ltr'><strong>ll</strong></span> <span class='ocrx_word' id='word_1_948' title='bbox 3496 5646 3559 5680; x_wconf 84' lang='lat' dir='ltr'><strong>au</strong></span> <span class='ocrx_word' id='word_1_949' title='bbox 3579 5646 3726 5678; x_wconf 67' lang='lat' dir='ltr'><strong>ausu-</strong></span> 
     </span>
     <span class='ocr_line' id='line_1_119' title="bbox 2173 5646 3726 5785; baseline -0.004 -29"><span class='ocrx_word' id='word_1_950' title='bbox 2173 5703 2301 5785; x_wconf 49' lang='grc' dir='ltr'><strong><em>ἰχνεά</em></strong></span> <span class='ocrx_word' id='word_1_951' title='bbox 2324 5701 2600 5785; x_wconf 72' lang='lat' dir='ltr'><strong>Origenes,</strong></span> <span class='ocrx_word' id='word_1_952' title='bbox 2736 5717 2781 5785; x_wconf 41' lang='grc' dir='ltr'><strong>,ιι</strong></span> <span class='ocrx_word' id='word_1_953' title='bbox 2801 5706 2990 5785; x_wconf 63' lang='lat' dir='ltr'><strong>contra</strong></span> <span class='ocrx_word' id='word_1_954' title='bbox 3017 5697 3231 5785; x_wconf 64' lang='lat' dir='ltr'><strong>Celsum</strong></span> <span class='ocrx_word' id='word_1_955' title='bbox 3249 5715 3264 5765; x_wconf 88' lang='lat'><strong>;</strong></span> <span class='ocrx_word' id='word_1_956' title='bbox 3281 5697 3547 5785; x_wconf 45' lang='lat' dir='ltr'><strong>{lusa-hius</strong></span> <span class='ocrx_word' id='word_1_957' title='bbox 3570 5693 3726 5750; x_wconf 53' lang='lat' dir='ltr'><strong>Casia</strong></span> 
     </span>
    </p>
   </div>
   <div class='ocr_carea' id='block_1_118' title="bbox 2175 5768 3372 5842">
    <p class='ocr_par' dir='ltr' id='par_1_118' title="bbox 2175 5768 3372 5842">
     <span class='ocr_line' id='line_1_120' title="bbox 2175 5768 3372 5842; baseline -0.001 -13"><span class='ocrx_word' id='word_1_958' title='bbox 2175 5768 2362 5838; x_wconf 85' lang='lat' dir='ltr'><strong>riens.,</strong></span> <span class='ocrx_word' id='word_1_959' title='bbox 2391 5768 2595 5828; x_wconf 78' lang='lat' dir='ltr'><strong>Histor.</strong></span> <span class='ocrx_word' id='word_1_960' title='bbox 2625 5771 2834 5829; x_wconf 86' lang='lat' dir='ltr'><strong>Eccles.</strong></span> <span class='ocrx_word' id='word_1_961' title='bbox 2861 5770 2953 5828; x_wconf 88' lang='lat' dir='ltr'><strong>lib.</strong></span> <span class='ocrx_word' id='word_1_962' title='bbox 2980 5787 2998 5828; x_wconf 88' lang='grc' dir='ltr'><strong>ι</strong></span> <span class='ocrx_word' id='word_1_963' title='bbox 3027 5785 3147 5842; x_wconf 81' lang='lat' dir='ltr'><strong>cap.</strong></span> <span class='ocrx_word' id='word_1_964' title='bbox 3181 5768 3236 5836; x_wconf 72' lang='lat'><strong>2,</strong></span> <span class='ocrx_word' id='word_1_965' title='bbox 3267 5777 3372 5828; x_wconf 81' lang='lat' dir='ltr'><strong>etc.</strong></span> 
     </span>
    </p>
   </div>
   <div class='ocr_carea' id='block_1_119' title="bbox 3247 5946 3300 5967">
    <p class='ocr_par' dir='ltr' id='par_1_119' title="bbox 3247 5946 3300 5967">
     <span class='ocr_line' id='line_1_121' title="bbox 3247 5946 3300 5967; baseline 0 -16"><span class='ocrx_word' id='word_1_966' title='bbox 3247 5946 3300 5967; x_wconf 46' lang='grc' dir='ltr'><strong>,κ’</strong></span> 
     </span>
    </p>
   </div>
  </div>
