3878 6368
173 444 260 504 561

1532 441 1768 498 SERMO
1806 441 2065 500 CXXXII.

169 561 299 618 Deus
335 565 676 628 peccatorem
713 575 838 618 cum
875 563 1028 633 fugit,
1064 562 1270 634 parcit;
1301 561 1444 617 Deus
1475 557 1736 616 rebellem
1762 562 1815 624 Α
1839 567 2086 616 ctorem:
2118 568 2175 616 et
2199 562 2326 632 quia
2346 563 2474 618 vilia
2492 572 2548 620 et
2575 564 2792 633 indigna
2820 571 3092 637 precatur,
3133 570 3446 639 prastantis

170 667 265 709 non
292 650 407 706 vult
432 650 682 720 perdere,
718 667 842 710 cum
869 654 1123 711 declinat.

671 785 905 844 SERMO
931 787 1186 845 CXXXII.

632 898 712 956 De
750 904 948 957 unitate
987 902 1239 976 fidelium.

221 1012 274 1069 Si
295 1011 535 1084 perfecta
563 1013 766 1080 omnia,
795 1014 841 1070 si
866 1015 1120 1082 robusta,
1148 1015 1196 1072 si
1225 1014 1423 1072 nullius
1448 1013 1628 1084 indiga
1654 1013 1736 1084 gi-

164 1110 333 1174 gneret
357 1109 414 1157 et
441 1101 713 1172 proferret
739 1112 954 1173 natura,
997 1104 1241 1178 profecto
1283 1106 1592 1162 aboleretur
1616 1104 1734 1177 pie-

164 1205 248 1262 las,
278 1194 549 1264 ingenium
574 1193 846 1264 deﬁceret,
878 1213 968 1254 ars
1003 1199 1224 1270 periret,
1255 1215 1446 1256 aurum
1472 1198 1700 1256 obscura
1715 1229 1731 1240 -

163 1297 290 1345 retur
314 1287 368 1344 in
388 1295 535 1344 terra
553 1329 569 1354 ,
598 1303 812 1358 gemma
846 1291 1209 1348 occultaretur
1236 1292 1291 1347 in
1319 1290 1497 1362 lapide
1538 1309 1550 1344 :
1592 1298 1734 1346 utra-

158 1397 247 1451 que
281 1389 462 1437 tamen
502 1381 727 1447 invenit,
759 1393 973 1454 purgat,
1000 1384 1298 1455 distinguit,
1326 1384 1512 1440 elimat
1550 1383 1731 1456 opifex

157 1472 446 1544 disciplina;
475 1479 532 1528 et
577 1487 667 1529 ars
712 1474 904 1530 eadem
953 1491 1124 1547 usque
1151 1476 1220 1532 ad
1265 1476 1562 1532 murenulre
1600 1490 1730 1548 pre-

156 1564 284 1619 tiosae
317 1563 578 1634 speciem,
620 1565 957 1636 gratiamque
1003 1567 1284 1638 perducit;
1315 1575 1372 1622 et
1399 1567 1546 1638 quod
1582 1575 1727 1623 terra

156 1661 332 1710 natura:
356 1655 513 1725 largo
535 1655 604 1711 de
631 1654 782 1713 fonte
810 1658 1089 1728 producit,
1114 1668 1208 1715 aut
1243 1670 1527 1730 asperatur
1559 1659 1729 1716 senti-

154 1749 252 1813 bus,
271 1755 358 1802 aut
383 1748 592 1816 agresti
618 1749 832 1806 luxuria
849 1750 1164 1807 dominante
1186 1752 1443 1820 silvescit,
1467 1751 1571 1808 nisi
1598 1751 1728 1808 illud

153 1840 206 1894 ad
229 1840 421 1895 cultum
452 1855 612 1896 suum
634 1842 808 1898 solers
837 1845 1087 1912 agricolae
1108 1853 1327 1902 revocet
1355 1845 1647 1912 industria;
1670 1852 1727 1902 et

1839 663 2166 726 potestatem
2216 664 2273 713 et
2319 659 2620 728 potentiam
2667 659 2903 730 degener
2949 662 3151 732 petitor
3200 663 3435 732 ignorat.

1838 750 1957 807 Non
1985 765 2115 820 ergo
2145 751 2327 822 impia,
2356 753 2452 808 sed
2481 753 2600 822 pia;
2633 768 2741 809 non
2769 759 3004 821 terrena,
3036 754 3132 812 sed
3160 756 3433 826 coelestia;

1838 857 1946 897 non
1976 841 2266 909 illecebris,
2295 841 2394 898 sed
2431 843 2615 898 virtuti
2644 856 2919 913 congrua;
2953 859 3062 901 non
3083 845 3243 914 digna
3272 846 3435 915 odiis,

1835 935 1932 992 sed
1960 943 2086 1006 apta
2114 934 2436 1001 concordiae,
2468 951 2501 990 a
2520 935 2614 990 tali
2642 951 2857 1006 semper
2875 937 3148 994 exoranda
3177 947 3302 992 sunt
3329 939 3439 993 lar-

1835 1029 2029 1099 gitore.
2063 1027 2165 1083 Ubi
2190 1035 2316 1084 sunt
2345 1029 2439 1098 qui
2467 1036 2794 1100 praesumunt
2825 1027 3080 1085 Ecclesia:
3108 1038 3436 1085 conventum

1834 1135 1997 1192 posse
2017 1121 2320 1186 contemni,
2345 1128 2404 1176 et
2427 1120 2696 1176 solitarias
2725 1135 2913 1192 preces
2953 1120 3274 1177 venerandae
3302 1137 3438 1178 con-

1834 1213 2134 1284 gregationi
2181 1220 2463 1269 autumant
2489 1211 2780 1279 anteferri,
2811 1213 2857 1268 si
2883 1211 3094 1268 duobus
3132 1214 3219 1270 vel
3259 1214 3434 1270 tribus

1833 1306 1994 1362 simul
2013 1307 2204 1377 positis
2238 1304 2258 1345 τ
2290 1305 2526 1361 medium
2553 1321 2614 1360 se
2641 1305 2897 1371 futurum,
2925 1313 2982 1360 et
3004 1306 3184 1361 omnia
3212 1321 3272 1362 se
3311 1322 3436 1378 pro-

1833 1398 1998 1452 mittit
2043 1413 2164 1468 quas
2210 1398 2514 1470 postulatus
2563 1397 2724 1453 fuerit
2777 1405 3154 1468 praestaturum
3210 1397 3430 1469 (Matth.

1833 1491 2020 1558 xvnt)?
2048 1490 2150 1557 Qui
2178 1491 2254 1545 nil
2282 1497 2444 1559 negat
2472 1496 2581 1543 tam
2607 1488 2812 1559 paucis,
2853 1487 2982 1558 quid
3018 1488 3072 1542 in
3108 1489 3352 1545 conciliis
3375 1497 3436 1546 et

1831 1582 2250 1652 congregatione
2270 1588 2583 1638 sanctorum
2610 1580 2959 1652 poscentibus
2996 1579 3320 1648 denegabit?
3342 1578 3436 1636 Sic

1832 1674 2058 1729 credens
2095 1674 2360 1744 propheta
2404 1674 2511 1730 hoc
2536 1673 2790 1744 adeptum
2819 1688 2879 1728 se
2907 1672 3169 1742 gloriatur
3191 1687 3314 1728 cum
3343 1671 3430 1728 di-

1799 1764 1907 1820 ‘cit
1931 1783 1944 1818 :
1970 1763 2267 1837 Conﬁtebor
2295 1765 2407 1833 tibi,
2458 1763 2711 1832 Domine,
2759 1766 2816 1820 in
2845 1773 2948 1820 toto
2989 1763 3142 1819 corde
3187 1780 3332 1828 meo,
3374 1765 3434 1818 in

1831 1857 2050 1912 concilio
2083 1859 2344 1930 justorum
2370 1867 2421 1912 et
2462 1859 2856 1930 congregatione
2904 1856 3076 1928 (Psal.
3126 1855 3237 1926 cx).
3289 1855 3431 1912 Toto

153 1947 206 1986 ne
229 1931 432 2000 longius
461 1946 771 2002 evagemur,
798 1951 907 1991 uno
934 1943 992 1990 et
1018 1937 1309 1993 vernaculo
1333 1953 1398 1992 ea
1435 1938 1488 1992 in
1527 1937 1723 2007 quibus

1833 1949 1988 2005 corde
2015 1949 2318 2016 confitetur,
2341 1950 2435 2019 qui
2461 1957 2633 2006 totum
2652 1949 2754 2005 sibi
2783 1949 2838 2004 in
2866 1949 3096 2005 concilio
3117 1956 3430 2004 sanctorum

153 2024 340 2079 nitimur
380 2023 676 2081 efferamus
709 2028 980 2098 exemplo.
1013 2027 1072 2083 In
1099 2028 1380 2084 cunabulis
1404 2028 1516 2098 jam
1563 2037 1722 2085 natus

152 2117 285 2170 homo
311 2114 364 2170 in
393 2115 621 2172 homine
659 2128 762 2184 est,
789 2129 814 2156 ι
842 2120 936 2175 sed
968 2121 1132 2188 latet;
1157 2130 1242 2177 est
1280 2137 1498 2192 corpus,
1527 2129 1585 2178 et
1611 2138 1720 2179 non

151 2213 242 2270 est;
274 2206 518 2262 membra
546 2208 816 2273 videntur,
849 2217 904 2266 et
932 2227 1042 2267 non
1065 2220 1225 2280 sunt;
1249 2214 1438 2268 vivunt
1462 2228 1584 2283 quae
1611 2229 1721 2269 non

152 2297 299 2365 vigent
318 2313 520 2365 sensu;
545 2301 834 2357 inclinatur
859 2303 1052 2374 pietas,
1076 2303 1302 2359 desudat
1329 2304 1610 2371 industria,
1634 2321 1724 2360 ars

153 2389 358 2455 laborat;
391 2396 450 2444 et
474 2398 534 2445 ut
562 2392 774 2461 plenius
799 2393 994 2461 dicam,
1025 2404 1162 2464 quot
1187 2383 1427 2451 membra
1456 2397 1718 2462 hominis,

152 2487 213 2533 tot
236 2481 541 2548 magisteria
571 2489 631 2536 ut
667 2483 942 2552 hominem
971 2485 1281 2556 perﬁciant,
1314 2488 1612 2544 elaborant.
1655 2488 1724 2544 Et

152 2569 254 2638 quid
278 2571 467 2640 plura?
493 2583 688 2630 cuncta
715 2589 836 2644 quae
866 2585 1054 2632 natura
1079 2586 1308 2646 generat
1328 2579 1416 2634 vel
1447 2579 1718 2650 producit,

153 2663 294 2732 pietas
333 2666 528 2730 nutrit,
561 2666 822 2723 industria
862 2669 1080 2735 excolit,
1107 2685 1199 2726 ars
1224 2669 1467 2728 decorat.
1499 2669 1568 2726 Et
1594 2672 1723 2742 quid

154 2758 332 2824 mirum,
377 2757 601 2826 fratres,
625 2761 672 2816 si
712 2761 871 2828 Deus,
904 2763 998 2831 qui
1040 2763 1152 2835 pati
1182 2773 1406 2835 propter
1447 2764 1722 2820 hominem

155 2851 311 2919 voluit,
340 2861 405 2908 ut
460 2853 694 2910 hominis
736 2855 1034 2912 honoraret
1078 2857 1415 2925 industriam,
1459 2859 1514 2913 in
1561 2857 1724 2914 rebus

155 2947 480 3013 presentibus
521 2946 782 3004 inﬁrmari
825 2949 999 3004 voluit
1037 2956 1095 3005 et
1132 2951 1413 3006 naturam?
1459 2949 1598 3006 Hinc
1641 2958 1726 3006 est

151 3036 271 3105 quod
295 3037 320 3076 ι’
354 3053 548 3096 sensus
575 3039 631 3095 in
660 3039 839 3096 littera
870 3039 1035 3108 latet,
1063 3042 1366 3098 occultatur
1391 3041 1630 3098 divinum
1667 3043 1722 3098 in

152 3129 362 3187 hunano
417 3146 671 3188 sermone
713 3134 1065 3205 mysterium;
1105 3141 1164 3189 ut
1210 3149 1331 3205 quae
1380 3135 1724 3194 credentibus

154 3221 301 3279 adhuc
353 3222 536 3280 futura
571 3224 685 3294 jam
712 3233 918 3297 patent,
949 3224 1168 3297 perﬁdis
1205 3235 1262 3284 et
1308 3244 1417 3284 non
1455 3229 1723 3286 credenti-

1826 2041 1972 2112 quod
1992 2042 2322 2112 poposcerit,
2357 2052 2382 2090 ε
2413 2042 2562 2097 audit
2584 2057 2704 2098 esse
2730 2041 3109 2112 praestandum.
3143 2039 3249 2096 Sed
3285 2056 3426 2096 non-

1827 2134 1961 2188 nulli
1983 2134 2083 2188 sub
2111 2135 2290 2203 Specie
2319 2133 2464 2199 ﬁdei,
2482 2141 2822 2204 contemptus
2849 2133 2932 2187 sui
2957 2146 3216 2188 excusare
3241 2131 3426 2186 nitun-

1826 2232 1915 2279 tur
1941 2223 2244 2294 ignaviam;
2292 2232 2353 2279 ut
2393 2224 2640 2293 neglecto
2671 2222 2962 2278 venerandi
2995 2229 3166 2278 cintus
3207 2227 3264 2275 et
3294 2235 3429 2275 con-

1824 2315 2154 2384 gregationis
2175 2315 2388 2381 ardore,
2421 2314 2551 2369 illud
2571 2329 2630 2369 se
2653 2321 2865 2383 tempus
2885 2311 3119 2368 orationi
3137 2311 3430 2381 deputasse

1823 2405 2150 2476 conﬁngant,
2184 2407 2329 2476 quod
2356 2405 2669 2462 domesticis
2696 2405 2945 2461 dederint
2978 2411 3034 2459 et
3061 2402 3429 2474 impenderint

1825 2501 2008 2566 curis;
2041 2509 2096 2555 et
2131 2500 2260 2556 dum
2302 2500 2534 2571 propriis
2570 2499 2853 2555 desideriis
2890 2497 3300 2569 mancipantur,
3344 2495 3429 2551 di-

1824 2592 1951 2647 vina
1999 2599 2352 2648 contemnunt
2397 2600 2454 2648 et
2498 2591 2803 2662 despiciunt
2848 2591 3113 2645 instituta.
3156 2587 3249 2644 Isti
3298 2593 3428 2643 sunt

1825 2684 1920 2752 qui
1956 2699 2153 2754 corpus
2199 2682 2400 2738 Christi
2427 2681 2717 2753 dissipant,
2759 2682 3004 2736 membra
3050 2679 3363 2750 dispergunt
3410 2695 3424 2729 :

1825 2791 1929 2831 nec
1956 2775 2024 2830 ad
2051 2775 2305 2831 decorem
2354 2790 2512 2830 suum
2555 2773 2836 2844 patiuntur
2883 2772 3110 2831 formam
3158 2767 3426 2826 Dominici

1825 2867 2041 2924 habitus
2083 2867 2398 2938 pervenire,
2429 2882 2591 2936 quam
2636 2865 2900 2936 propheta
2944 2879 3067 2920 cum
3104 2861 3327 2917 vidisset
3371 2861 3427 2916 in

1827 2960 2038 3030 spiritu,
2069 2959 2149 3014 sic
2169 2959 2397 3014 canebat
2425 2976 2438 3010 :
2472 2957 2746 3029 Speciosus
2769 2958 2940 3028 {arma
2967 2972 3078 3026 pra:
3103 2952 3227 3026 ﬁliis
3256 2953 3426 3008 homi-

1826 3069 1951 3106 num
1997 3049 2169 3122 (Psal.
2199 3050 2368 3121 xuv).
2409 3049 2625 3104 Habent
2662 3048 2882 3118 quidem
2928 3045 3136 3115 singula
3180 3044 3424 3100 membra

1825 3143 2104 3216 proprium
2150 3142 2234 3198 sui
2261 3157 2454 3197 munus
2482 3138 2678 3206 ofﬁcii,
2722 3139 2868 3210 quod
2916 3148 3094 3194 tamen
3150 3144 3279 3192 tunc
3325 3137 3428 3192 im-

1826 3235 1978 3307 plere
2015 3241 2290 3305 poterunt,
2321 3233 2368 3288 si
2396 3247 2640 3288 connexa
2670 3231 2771 3288 sibi
2799 3237 2855 3285 et
2901 3229 3278 3299 compaginata
3298 3242 3426 3299 per-

155 3311 236 3366 bus
257 3313 630 3391 obscurentur,
663 3331 728 3373 ac
754 3317 801 3372 si
829 3315 1123 3374 inﬁdelium
1151 3334 1310 3390 poena
1348 3319 1584 3375 ﬁdelium
1631 3335 1722 3376 re-
1752 3341 1797 3403 ρ
1828 3325 1957 3382 fecti
1983 3325 2227 3396 corporis
2253 3324 2574 3394 perveniant
2611 3322 2679 3377 ad
2715 3322 2987 3377 decorem.
3021 3318 3137 3375 Hoc
3176 3333 3306 3387 ergo
3341 3318 3416 3374 in-

154 3406 328 3462 dundet
353 3407 426 3464 ad
445 3409 693 3478 gloriam.
717 3409 838 3466 Non
865 3411 1010 3466 enim
1030 3412 1182 3482 parvi
1211 3420 1294 3468 est
1319 3413 1589 3469 cruciatus
1609 3415 1724 3469 visa

159 3514 244 3554 non
282 3516 535 3570 cernere,
567 3502 748 3559 audita
777 3504 988 3560 nescire
1009 3546 1024 3572 ,
1055 3505 1330 3561 salutifera
1373 3506 1522 3562 velut
1561 3508 1726 3564 noxia

156 3589 418 3660 declinare,
447 3594 678 3650 virtutes
696 3595 851 3665 quasi
879 3595 1008 3650 vitia
1034 3596 1113 3652 sic
1135 3612 1350 3661 cavere,
1367 3597 1581 3655 dicente
1605 3599 1724 3671 ipso

156 3681 358 3740 Domino
389 3704 403 3738 :
437 3684 506 3740 In
527 3687 791 3758 parabolis
811 3687 1010 3762 loquor,
1041 3696 1099 3742 ut
1126 3688 1352 3745 uidentes
1373 3707 1477 3745 non
1498 3689 1722 3760 videant,

156 3784 196 3827 et
211 3777 464 3832 audientes
486 3794 592 3833 nou
611 3779 831 3833 audiant
853 3779 1047 3852 (Marc.
1069 3797 1149 3848 tv;
1175 3780 1303 3836 Luc.
1327 3783 1471 3853 vni);
1494 3793 1550 3837 et
1569 3783 1638 3838 ad
1663 3783 1727 3836 li-

154 3867 318 3925 deles:
357 3869 520 3926 Vobis
558 3881 730 3926 autem
773 3871 952 3927 datum
990 3882 1068 3928 est
1095 3890 1244 3930 nosse
1289 3875 1590 3945 mysterium
1626 3875 1726 3931 Dei

157 3960 344 4030 (Matth.
381 3964 520 4036 xm).
545 3963 687 4020 Nulli
719 3979 870 4034 ergo,
898 3965 1112 4034 fratres,
1139 3967 1482 4038 simplicitate
1508 3983 1603 4023 sua
1631 3977 1727 4024 aut

152 4057 430 4113 communis
455 4063 551 4112 aut
570 4057 692 4112 vilis
719 4072 899 4114 sermo
919 4058 1262 4128 evangelicus
1279 4058 1559 4124 habeatur,
1589 4075 1727 4130 pra:-

153 4148 316 4202 sertim
353 4163 479 4203 cum
526 4148 641 4219 ipsa
693 4158 716 4187 ο
767 4163 1066 4219 personans
1109 4149 1433 4218 evangelicae
1480 4149 1726 4205 lectionis

156 4235 262 4290 tuba
296 4237 436 4294 bene
472 4238 782 4309 petentibus
819 4245 876 4294 et
913 4238 1005 4310 pie
1040 4238 1380 4310 cupientibus
1418 4240 1728 4310 prmdixerit

152 4328 529 4401 denegandum,
560 4331 790 4387 dicendo
825 4350 837 4384 :
870 4330 898 4368 ἀ
931 4329 1065 4396 Quia
1102 4333 1150 4387 si
1177 4332 1276 4388 duo
1317 4350 1383 4388 ea:
1414 4332 1554 4388 vobis
1597 4349 1724 4387 con-

153 4427 354 4479 venerint
375 4441 533 4495 super
565 4433 776 4490 terram,
808 4424 872 4479 de
891 4427 1033 4480 omni
1063 4443 1138 4489 re,
1170 4443 1538 4498 quamcumque
1565 4429 1726 4497 petie-

154 4515 259 4578 rint,
297 4517 384 4587 ﬁet
426 4516 534 4571 illis
562 4534 592 4570 α
636 4515 800 4570 Patre
842 4533 955 4571 meo
997 4515 1210 4588 (Matth.
1261 4516 1434 4589 xvm).
1486 4517 1726 4573 Audistis

153 4619 386 4676 quantum
414 4610 588 4682 possit
615 4618 672 4665 et
691 4611 980 4681 praevaleat
1006 4617 1210 4667 sanctae
1236 4611 1515 4681 petitionis
1543 4625 1726 4665 assen-

1830 3426 2000 3474 terest
2038 3418 2180 3474 inter
2206 3415 2642 3486 congregationis
2679 3413 3068 3485 plenitudinem
3110 3411 3427 3479 gloriosam.

1830 3519 1889 3566 et
1913 3509 2270 3580 separationis
2297 3515 2680 3579 praesumptam
2708 3505 2776 3561 de
2817 3503 3122 3574 ignorantia
3143 3510 3236 3557 aut
3261 3500 3430 3570 negli-

1829 3603 2011 3673 gentia
2039 3602 2367 3668 vanitatem;
2398 3599 2544 3670 quod
2590 3599 2645 3653 in
2673 3598 2849 3653 salute
2893 3605 2950 3652 et
2975 3596 3187 3651 honore
3235 3592 3431 3661 integri

1830 3693 2076 3764 corporis
2099 3692 2307 3762 species
2333 3698 2418 3746 est
2443 3690 2622 3746 unitas
2642 3687 3012 3744 membrorum
3032 3692 3088 3740 et
3117 3685 3169 3738 in
3205 3697 3429 3753 separa-

1828 3789 1979 3846 tione
2004 3788 2273 3843 viscerum
2294 3793 2378 3841 est
2418 3785 2578 3850 foeda,
2613 3782 2829 3838 lethalis
2855 3788 2911 3836 et
2947 3777 3216 3835 horrenda
3244 3776 3430 3847 perni-

1830 3881 1963 3936 cies.
1996 3878 2190 3944 Homo,
2222 3878 2351 3948 quid
2373 3876 2518 3932 aliud
2547 3883 2601 3931 te
2633 3874 2818 3930 docuit
2842 3873 2898 3927 in
2921 3880 3014 3926 tuo
3053 3884 3303 3940 corpore,
3335 3875 3432 3923 aut

1829 3971 1910 4025 sic
1945 3969 2115 4024 divisa
2145 3967 2475 4038 conjunctio,
2508 3973 2602 4020 aut
2630 3973 2740 4019 tam
2762 3963 3051 4032 conjuncta
3074 3961 3294 4024 divisio,
3326 3959 3432 4015 nisi

1831 4069 1893 4116 ut
1919 4076 1987 4117 ex
2027 4060 2210 4114 multis
2239 4075 2394 4126 unus,
2438 4066 2494 4112 et
2541 4072 2679 4112 unus
2726 4057 2780 4110 in
2828 4055 3014 4110 multis
3059 4052 3308 4106 viveres?
3333 4049 3435 4106 Est

1831 4151 2198 4206 membrorum
2244 4149 2572 4205 commercio
2612 4146 2833 4202 salutari
2879 4145 3150 4216 pretiosus
3203 4142 3426 4206 oculus,

1829 4243 1924 4298 sed
1947 4243 1994 4297 si
2021 4248 2332 4313 perseverat
2358 4241 2412 4294 in
2437 4253 2698 4308 corpore;
2728 4235 2930 4306 alioqui
2951 4235 3043 4290 ubi
3071 4233 3289 4305 corpori
3327 4232 3429 4288 de-

1828 4334 2008 4399 fuerit,
2037 4333 2138 4388 sibi
2182 4347 2292 4387 non
2329 4330 2546 4386 aderit:
2590 4329 2791 4384 debent
2837 4327 2915 4382 illi
2957 4325 3199 4381 membra
3245 4323 3426 4379 omnia

1829 4442 1943 4482 suae
1989 4426 2124 4481 lucis
2151 4425 2500 4494 obsequium;
2533 4421 2626 4477 sed
2655 4429 2709 4476 et
2747 4421 2862 4490 ipse
2890 4418 3080 4474 oculus
3118 4416 3282 4472 sentit
3308 4430 3430 4472 cor-

1831 4518 1950 4590 pori
1972 4533 2032 4573 se
2053 4517 2252 4572 debere
2279 4515 2424 4584 quod
2453 4515 2546 4569 lux
2573 4521 2677 4576 est,
2701 4512 2794 4582 qui
2808 4511 2996 4580 utique
3024 4525 3145 4565 cum
3176 4509 3430 4563 omnibus

1832 4610 2090 4666 membris
2117 4606 2148 4646 ιι
2175 4608 2532 4663 ministerium
2560 4607 2926 4661 membrorum
2954 4601 3256 4674 provideat,
3289 4599 3434 4655 evul-

154 4713 232 4754 sus
253 4717 266 4752 :
289 4717 392 4756 non
421 4700 559 4756 dixit
586 4701 718 4757 illud
743 4710 839 4756 aut
866 4701 1018 4770 illud,
1049 4701 1145 4758 sed
1174 4709 1346 4758 totum
1375 4717 1435 4758 se
1460 4702 1727 4773 promittit
1753 4727 1808 4788 ι)
1831 4719 1924 4758 sus
1952 4718 1983 4756 a
2003 4715 2233 4772 corpore
2249 4715 2348 4755 nec
2374 4698 2541 4754 videt.
2574 4695 2830 4766 Quisquis
2851 4695 2942 4750 ille
2968 4700 3053 4749 est
3071 4692 3433 4788 quise—putat.

155 4791 385 4861 quidquid
429 4791 612 4847 unitas
650 4792 1029 4863 postulationis
1055 4793 1404 4864 concupierit,
1436 4800 1723 4864 praestatu-

155 4899 277 4950 rum,
313 4902 436 4942 cum
461 4886 593 4942 dicit
623 4905 636 4939 :
669 4885 750 4942 De
776 4888 918 4941 omni
956 4903 1029 4952 re,
1056 4903 1429 4959 quamcumque
1454 4886 1719 4957 petierint,

155 4975 233 5043 ﬁet
256 4979 371 5035 illis.
403 4978 568 5036 Salva
595 4987 775 5036 tamen
812 4994 878 5034 ea
899 4978 1109 5033 cautela
1150 4984 1206 5032 et
1231 4976 1564 5044 reverentia,
1594 4983 1656 5032 ut
1692 4991 1725 5030 a

157 5066 271 5135 Deo,
298 5087 414 5141 quae
442 5071 556 5128 Deo
597 5081 620 5109 ε
650 5071 811 5141 digna
853 5078 998 5134 sunt,
1031 5070 1400 5142 postulentur;
1440 5069 1533 5138 qui
1579 5068 1725 5124 enim

157 5158 277 5214 mala
301 5176 330 5216 a
349 5161 464 5218 Deo
485 5162 744 5232 postulat,
775 5161 944 5216 Deum
974 5161 1102 5216 mali
1120 5161 1328 5231 iudicat
1356 5168 1412 5216 et
1439 5161 1604 5216 sentit
1631 5175 1729 5214 au—

220 5370 243 5435 f
277 5362 622 5435 Imperfectus
647 5365 791 5420 enim
817 5373 918 5430 est,
949 5373 1004 5420 et
1037 5381 1143 5420 non
1184 5371 1267 5420 est
1291 5365 1611 5434 completus.
1644 5363 1724 5418 Ex

160 5431 424 5490 Aristotele
450 5451 488 5490 ιι
516 5445 571 5492 et
598 5450 655 5490 ιιι
675 5436 742 5492 de
769 5435 1025 5493 Generat.
1056 5435 1218 5491 ΜιτΑ.

223 5501 249 5542 δ
279 5505 389 5560 Soli
421 5505 630 5561 homini
658 5507 782 5561 vitae
818 5522 1008 5562 cursus
1035 5507 1087 5561 in
1126 5508 1312 5562 labore
1338 5506 1724 5572 praescribitur,

159 5580 216 5628 ut
249 5575 562 5648 rationabile
591 5577 755 5648 quod
776 5579 985 5648 accepit
1025 5586 1296 5648 exerceat.
1326 5575 1389 5632 D.
1416 5576 1730 5632 Ambrosius

163 5644 343 5718 optime
370 5647 425 5702 in
467 5644 675 5716 praefat.
717 5644 996 5717 Evangelii
1043 5647 1228 5714 Lucae,
1260 5663 1430 5718 prope
1472 5648 1726 5714 medium,

164 5659 343 5769 ogtime
370 5663 425 5702 in
467 5659 675 5716 prtem.
717 5659 996 5717 Evangelii
1043 5659 1228 5714 Luae,
1260 5663 1430 5718 prone
1472 5664 1503 5702 ιι

164 5727 193 5767 ιι
230 5724 320 5798 tet
342 5719 747 5798 congruentiam
776 5719 1000 5798 hujusce
1027 5720 1105 5774 rei
1127 5718 1299 5798 affert.
1342 5719 1503 5798 Mira.

230 5796 250 5822 ε
285 5785 360 5841 Ex
383 5785 607 5843 edition.
641 5785 964 5853 Bononia),
995 5800 1049 5844 et
1077 5805 1144 5844 ex
1167 5788 1315 5844 Mita.
1349 5790 1499 5853 Aliae,
1531 5804 1729 5860 perpe—

169 5868 286 5921 ram,
313 5873 423 5938 cum
453 5860 571 5930 ipsa
598 5862 815 5930 praemia
841 5861 1150 5933 evangelica:
1181 5862 1414 5916 lectionis
1444 5860 1594 5923 nihil,
1622 5867 1727 5916 etc.

229 5921 253 5960 ‘
285 5923 424 5981 Miris
443 5929 617 5981 modis
648 5931 760 5981 haec
778 5933 939 5981 verba
964 5948 991 5981 a
1015 5931 1261 5981 Palribus
1290 5939 1648 5981 exponuntur.
1673 5937 1727 5981 ut

333 5929 424 5984 iris
443 5929 617 5986 modis
648 5931 760 5988 haec
778 5933 940 5988 verba
964 5929 992 5987 εἰ
1015 5931 1261 5988 Patribus
1290 5939 1648 6001 exponuntur,
1673 5937 1732 5985 ut

1839 4809 1961 4851 esse
1989 4791 2206 4862 aliquid,
2239 4791 2334 4845 tali
2361 4790 2638 4846 institutus
2657 4787 2907 4858 exemplo
2936 4790 3152 4840 maneat
3171 4783 3226 4837 in
3245 4780 3432 4837 Eccle-

1831 4885 1933 4952 sia,
1965 4890 2026 4939 ut
2056 4884 2126 4940 sit
2164 4881 2400 4951 aliquid;
2431 4879 2634 4949 alioqui
2658 4879 2752 4935 ubi
2791 4877 3022 4934 defuerit
3043 4875 3138 4934 illi.
3181 4873 3282 4928 sibi
3310 4887 3434 4928 esse

1838 4993 1968 5032 mox
2005 4973 2207 5030 deﬁnit.
2245 4973 2400 5040 Quod
2427 4972 2520 5043 qui
2548 4971 2760 5043 plenius
2779 4984 2941 5025 nosse
2969 4967 3259 5032 desiderat,
3280 4963 3432 5036 Apo-

1835 5068 1962 5122 stoli
1989 5066 2057 5122 de
2085 5081 2315 5136 corpore
2345 5062 2545 5118 Christi
2589 5061 2860 5132 loquentis
2892 5059 3135 5130 perlegat
3163 5056 3428 5116 instituta,

1834 5160 1959 5215 cuia
2004 5173 2103 5214 nos
2149 5159 2239 5213 illa
2290 5171 2607 5228 percurrere
2656 5151 2926 5210 sermonis
2968 5149 3206 5204 brevitas
3257 5146 3434 5202 amica

1834 5375 1918 5420 est
1932 5366 2074 5436 apud
2089 5364 2380 5420 Maldonat.
2405 5365 2460 5420 in
2482 5364 2588 5420 hoc
2607 5369 2759 5418 textu
2775 5360 2963 5436 Matth.
2978 5374 3130 5436 _xvnt,
3151 5355 3238 5412 l9.
3263 5355 3430 5436 bitri-

1913 5448 1935 5474 ο
1967 5428 2088 5493 Ἱειο.
2113 5454 2184 5502 iv,
2218 5437 2252 5490 5
2285 5455 2297 5489 :
2330 5437 2537 5501 Petitis,
2569 5443 2619 5489 et
2647 5451 2750 5488 non
2779 5432 3036 5503 accipitis,
3060 5447 3120 5484 eo
3141 5428 3276 5502 quod
3298 5429 3438 5482 male

1873 5509 2029 5562 etitis.

1873 5525 1962 5561 ειι
2016 5549 2029 5561 .

1837 5525 1870 5578 ρ
1913 5527 1939 5616 ἶ
1966 5525 2330 5633 ³ἴδιοιιιίδείοιιὶ
2367 5576 2501 5649 huic
2541 5573 3248 5649 nilitur__l‘_3_cclesi:c__noslrtc
3277 5567 3433 5649 ﬁdes.

1837 5664 1958 5718 quae
1987 5649 2220 5704 ﬁdelium
2249 5648 2482 5704 ccetibus
2509 5654 2562 5702 et
2591 5645 2862 5708 conciliis,
2890 5643 3251 5718 omnibusque
3277 5639 3432 5704 locis,

1837 5713 1890 5774 in
1920 5720 2114 5789 quibus
2141 5719 2440 5775 catholicus
2467 5721 2997 5789 grexpcongregatur,
3029 5713 3291 5784 Spiritum
3311 5724 3438 5766 san-

1838 5785 1984 5845 ctum
2014 5805 2246 5860 praeesse
2271 5785 2707 5860 constantissime
2736 5785 2927 5860 credit.

1912 5870 1938 5934 β
1977 5855 2056 5934 ξι
2086 5876 2184 5915 ms.
2219 5859 2423 5934 Cinsen.
2457 5860 2509 5913 in
2535 5859 2830 5934 impressis,
2851 5855 3034 5934 pudet.
3117 5924 3127 5934 ο
3174 5924 3185 5933 .

1910 5929 1938 5968 ιι
1976 5931 2056 5985 Ex
2086 5946 2212 5986 mss.
2246 5929 2451 5985 Caesen.
2487 5938 2540 5984 et
2573 5926 2814 5984 Vatican.
2849 5926 3025 5990 Editi,
3059 5926 3410 5979 ministratum
