  <div class='ocr_page' id='page_1' title='image "/cluster/home/n/w/nwhite01/storage/ocr_20150623/52/hvd.32044015706419/286.png"; bbox 0 0 3878 6368; ppageno 0'>
   <div class='ocr_carea' id='block_1_1' title="bbox 187 353 296 424">
    <p class='ocr_par' dir='ltr' id='par_1_1' title="bbox 187 353 296 424">
     <span class='ocr_line' id='line_1_1' title="bbox 187 353 296 424; baseline 0 0"><span class='ocrx_word' id='word_1_1' title='bbox 187 353 296 424; x_wconf 57' lang='lat'><strong>885</strong></span> 
     </span>
    </p>
   </div>
   <div class='ocr_carea' id='block_1_2' title="bbox 1553 347 2086 418">
    <p class='ocr_par' dir='ltr' id='par_1_2' title="bbox 1553 347 2086 418">
     <span class='ocr_line' id='line_1_2' title="bbox 1553 347 2086 418; baseline -0.008 0"><span class='ocrx_word' id='word_1_2' title='bbox 1553 347 1789 418; x_wconf 71' lang='lat' dir='ltr'><strong>SERMO</strong></span> <span class='ocrx_word' id='word_1_3' title='bbox 1823 355 2086 418; x_wconf 72' lang='lat' dir='ltr'><strong>CXXXV.</strong></span> 
     </span>
    </p>
   </div>
   <div class='ocr_carea' id='block_1_3' title="bbox 3353 363 3472 422">
    <p class='ocr_par' dir='ltr' id='par_1_3' title="bbox 3353 363 3472 422">
     <span class='ocr_line' id='line_1_3' title="bbox 3353 363 3472 422; baseline -0.008 0"><span class='ocrx_word' id='word_1_4' title='bbox 3353 363 3472 422; x_wconf 60' lang='lat'><strong>366</strong></span> 
     </span>
    </p>
   </div>
   <div class='ocr_carea' id='block_1_4' title="bbox 199 473 3471 552">
    <p class='ocr_par' dir='ltr' id='par_1_4' title="bbox 199 473 3471 552">
     <span class='ocr_line' id='line_1_4' title="bbox 199 473 3471 552; baseline -0.002 -12"><span class='ocrx_word' id='word_1_5' title='bbox 199 481 331 542; x_wconf 81' lang='lat' dir='ltr'><strong>initia</strong></span> <span class='ocrx_word' id='word_1_6' title='bbox 357 485 563 536; x_wconf 87' lang='lat' dir='ltr'><strong>sacrata</strong></span> <span class='ocrx_word' id='word_1_7' title='bbox 590 476 820 546; x_wconf 77' lang='lat' dir='ltr'><strong>gestavit</strong></span> <span class='ocrx_word' id='word_1_8' title='bbox 850 475 1051 552; x_wconf 77' lang='lat' dir='ltr'><strong>(Exod.</strong></span> <span class='ocrx_word' id='word_1_9' title='bbox 1085 473 1248 548; x_wconf 86' lang='lat' dir='ltr'><strong>xxv);</strong></span> <span class='ocrx_word' id='word_1_10' title='bbox 1279 484 1335 532; x_wconf 89' lang='lat' dir='ltr'><strong>et</strong></span> <span class='ocrx_word' id='word_1_11' title='bbox 1361 483 1422 532; x_wconf 93' lang='lat' dir='ltr'><strong>ut</strong></span> <span class='ocrx_word' id='word_1_12' title='bbox 1449 473 1540 530; x_wconf 85' lang='lat' dir='ltr'><strong>illa</strong></span> <span class='ocrx_word' id='word_1_13' title='bbox 1578 473 1766 543; x_wconf 83' lang='lat' dir='ltr'><strong>verbo,</strong></span> <span class='ocrx_word' id='word_1_14' title='bbox 1797 489 1852 552; x_wconf 74' lang='grc' dir='ltr'><strong>Α</strong></span> <span class='ocrx_word' id='word_1_15' title='bbox 1873 476 2138 546; x_wconf 84' lang='lat' dir='ltr'><strong>sequeris.</strong></span> <span class='ocrx_word' id='word_1_16' title='bbox 2181 473 2334 533; x_wconf 87' lang='lat' dir='ltr'><strong>Tunc</strong></span> <span class='ocrx_word' id='word_1_17' title='bbox 2355 475 2446 532; x_wconf 85' lang='lat' dir='ltr'><strong>ille</strong></span> <span class='ocrx_word' id='word_1_18' title='bbox 2471 475 2678 531; x_wconf 77' lang='lat' dir='ltr'><strong>ehihlta</strong></span> <span class='ocrx_word' id='word_1_19' title='bbox 2703 475 3013 546; x_wconf 77' lang='lat' dir='ltr'><strong>prophetia,</strong></span> <span class='ocrx_word' id='word_1_20' title='bbox 3038 473 3340 546; x_wconf 73' lang='lat' dir='ltr'><strong>jamcorde</strong></span> <span class='ocrx_word' id='word_1_21' title='bbox 3361 486 3471 548; x_wconf 88' lang='lat' dir='ltr'><strong>pa-</strong></span> 
     </span>
    </p>
   </div>
   <div class='ocr_carea' id='block_1_5' title="bbox 193 557 1773 640">
    <p class='ocr_par' dir='ltr' id='par_1_5' title="bbox 193 557 1773 640">
     <span class='ocr_line' id='line_1_5' title="bbox 193 557 1773 640; baseline -0.006 -8"><span class='ocrx_word' id='word_1_22' title='bbox 193 561 265 632; x_wconf 60' lang='grc' dir='ltr'><strong>τω</strong></span> <span class='ocrx_word' id='word_1_23' title='bbox 287 557 402 626; x_wconf 57' lang='lat' dir='ltr'><strong>haec</strong></span> <span class='ocrx_word' id='word_1_24' title='bbox 427 569 645 625; x_wconf 71' lang='lat' dir='ltr'><strong>doceret</strong></span> <span class='ocrx_word' id='word_1_25' title='bbox 671 569 938 640; x_wconf 88' lang='lat' dir='ltr'><strong>exemplo.</strong></span> <span class='ocrx_word' id='word_1_26' title='bbox 961 567 1080 624; x_wconf 82' lang='lat' dir='ltr'><strong>Jam</strong></span> <span class='ocrx_word' id='word_1_27' title='bbox 1105 575 1230 624; x_wconf 91' lang='lat' dir='ltr'><strong>tunc</strong></span> <span class='ocrx_word' id='word_1_28' title='bbox 1251 581 1366 636; x_wconf 89' lang='lat' dir='ltr'><strong>eos,</strong></span> <span class='ocrx_word' id='word_1_29' title='bbox 1394 565 1602 634; x_wconf 78' lang='lat' dir='ltr'><strong>fratres,</strong></span> <span class='ocrx_word' id='word_1_30' title='bbox 1629 581 1773 623; x_wconf 90' lang='lat' dir='ltr'><strong>mar—</strong></span> 
     </span>
    </p>
   </div>
   <div class='ocr_carea' id='block_1_6' title="bbox 199 658 1771 738">
    <p class='ocr_par' dir='ltr' id='par_1_6' title="bbox 199 658 1771 738">
     <span class='ocr_line' id='line_1_6' title="bbox 199 658 1771 738; baseline -0.005 -18"><span class='ocrx_word' id='word_1_31' title='bbox 199 673 331 738; x_wconf 79' lang='lat' dir='ltr'><strong>tyres</strong></span> <span class='ocrx_word' id='word_1_32' title='bbox 357 662 574 731; x_wconf 91' lang='lat' dir='ltr'><strong>genuit,</strong></span> <span class='ocrx_word' id='word_1_33' title='bbox 606 659 822 730; x_wconf 81' lang='lat' dir='ltr'><strong>quando</strong></span> <span class='ocrx_word' id='word_1_34' title='bbox 851 675 948 716; x_wconf 92' lang='lat' dir='ltr'><strong>eos</strong></span> <span class='ocrx_word' id='word_1_35' title='bbox 975 668 1162 731; x_wconf 89' lang='lat' dir='ltr'><strong>partus</strong></span> <span class='ocrx_word' id='word_1_36' title='bbox 1200 659 1282 715; x_wconf 91' lang='lat' dir='ltr'><strong>sui</strong></span> <span class='ocrx_word' id='word_1_37' title='bbox 1321 658 1631 729; x_wconf 77' lang='lat' dir='ltr'><strong>septenario</strong></span> <span class='ocrx_word' id='word_1_38' title='bbox 1667 673 1771 713; x_wconf 91' lang='lat' dir='ltr'><strong>nu-</strong></span> 
     </span>
    </p>
   </div>
   <div class='ocr_carea' id='block_1_7' title="bbox 195 747 1771 824">
    <p class='ocr_par' dir='ltr' id='par_1_7' title="bbox 195 747 1771 824">
     <span class='ocr_line' id='line_1_7' title="bbox 195 747 1771 824; baseline -0.006 -12"><span class='ocrx_word' id='word_1_39' title='bbox 195 761 334 812; x_wconf 82' lang='lat' dir='ltr'><strong>t’nero</strong></span> <span class='ocrx_word' id='word_1_40' title='bbox 363 751 698 810; x_wconf 75' lang='lat' dir='ltr'><strong>consecravit</strong></span> <span class='ocrx_word' id='word_1_41' title='bbox 726 759 782 808; x_wconf 90' lang='lat' dir='ltr'><strong>et</strong></span> <span class='ocrx_word' id='word_1_42' title='bbox 803 752 1050 824; x_wconf 87' lang='lat' dir='ltr'><strong>mystico.</strong></span> <span class='ocrx_word' id='word_1_43' title='bbox 1084 750 1219 815; x_wconf 82' lang='lat' dir='ltr'><strong>Huc,</strong></span> <span class='ocrx_word' id='word_1_44' title='bbox 1253 752 1356 805; x_wconf 90' lang='lat' dir='ltr'><strong>huc</strong></span> <span class='ocrx_word' id='word_1_45' title='bbox 1383 757 1603 806; x_wconf 91' lang='lat' dir='ltr'><strong>sanctus</strong></span> <span class='ocrx_word' id='word_1_46' title='bbox 1629 747 1771 804; x_wconf 88' lang='lat' dir='ltr'><strong>Pau-</strong></span> 
     </span>
    </p>
   </div>
   <div class='ocr_carea' id='block_1_8' title="bbox 195 829 1774 916">
    <p class='ocr_par' dir='ltr' id='par_1_8' title="bbox 195 829 1774 916">
     <span class='ocr_line' id='line_1_8' title="bbox 195 829 1774 916; baseline -0.003 -12"><span class='ocrx_word' id='word_1_47' title='bbox 195 829 269 904; x_wconf 80' lang='lat' dir='ltr'><strong>lus</strong></span> <span class='ocrx_word' id='word_1_48' title='bbox 294 847 491 912; x_wconf 89' lang='lat' dir='ltr'><strong>veniat,</strong></span> <span class='ocrx_word' id='word_1_49' title='bbox 523 843 614 916; x_wconf 90' lang='lat' dir='ltr'><strong>qui</strong></span> <span class='ocrx_word' id='word_1_50' title='bbox 644 845 820 900; x_wconf 87' lang='lat' dir='ltr'><strong>adhuc</strong></span> <span class='ocrx_word' id='word_1_51' title='bbox 851 843 1081 915; x_wconf 89' lang='lat' dir='ltr'><strong>parturit</strong></span> <span class='ocrx_word' id='word_1_52' title='bbox 1106 844 1280 900; x_wconf 87' lang='lat' dir='ltr'><strong>donec</strong></span> <span class='ocrx_word' id='word_1_53' title='bbox 1307 843 1550 899; x_wconf 86' lang='lat' dir='ltr'><strong>Christus</strong></span> <span class='ocrx_word' id='word_1_54' title='bbox 1578 842 1774 900; x_wconf 85' lang='lat' dir='ltr'><strong>forme-</strong></span> 
     </span>
    </p>
   </div>
   <div class='ocr_carea' id='block_1_9' title="bbox 195 935 1776 1008">
    <p class='ocr_par' dir='ltr' id='par_1_9' title="bbox 195 935 1776 1008">
     <span class='ocr_line' id='line_1_9' title="bbox 195 935 1776 1008; baseline -0.001 -16"><span class='ocrx_word' id='word_1_55' title='bbox 195 937 273 994; x_wconf 41' lang='lat' dir='ltr'><strong>‘tar</strong></span> <span class='ocrx_word' id='word_1_56' title='bbox 298 937 348 992; x_wconf 91' lang='lat' dir='ltr'><strong>in</strong></span> <span class='ocrx_word' id='word_1_57' title='bbox 377 937 598 992; x_wconf 85' lang='lat' dir='ltr'><strong>homine</strong></span> <span class='ocrx_word' id='word_1_58' title='bbox 623 935 820 1008; x_wconf 84' lang='lat' dir='ltr'><strong>(Gatat.</strong></span> <span class='ocrx_word' id='word_1_59' title='bbox 851 936 948 1006; x_wconf 86' lang='lat' dir='ltr'><strong>tv).</strong></span> <span class='ocrx_word' id='word_1_60' title='bbox 982 935 1124 992; x_wconf 88' lang='lat' dir='ltr'><strong>Ecce</strong></span> <span class='ocrx_word' id='word_1_61' title='bbox 1157 935 1350 990; x_wconf 85' lang='lat' dir='ltr'><strong>mulier</strong></span> <span class='ocrx_word' id='word_1_62' title='bbox 1387 935 1580 992; x_wconf 84' lang='lat' dir='ltr'><strong>iterum</strong></span> <span class='ocrx_word' id='word_1_63' title='bbox 1612 944 1776 1005; x_wconf 90' lang='lat' dir='ltr'><strong>atque</strong></span> 
     </span>
    </p>
   </div>
   <div class='ocr_carea' id='block_1_10' title="bbox 198 1027 1774 1099">
    <p class='ocr_par' dir='ltr' id='par_1_10' title="bbox 198 1027 1774 1099">
     <span class='ocr_line' id='line_1_10' title="bbox 198 1027 1774 1099; baseline -0.003 -13"><span class='ocrx_word' id='word_1_64' title='bbox 198 1032 372 1086; x_wconf 86' lang='lat' dir='ltr'><strong>iterum</strong></span> <span class='ocrx_word' id='word_1_65' title='bbox 414 1029 675 1099; x_wconf 89' lang='lat' dir='ltr'><strong>parturit,</strong></span> <span class='ocrx_word' id='word_1_66' title='bbox 706 1027 882 1083; x_wconf 89' lang='lat' dir='ltr'><strong>donec</strong></span> <span class='ocrx_word' id='word_1_67' title='bbox 911 1027 963 1082; x_wconf 90' lang='lat' dir='ltr'><strong>in</strong></span> <span class='ocrx_word' id='word_1_68' title='bbox 997 1027 1247 1082; x_wconf 86' lang='lat' dir='ltr'><strong>virtutem</strong></span> <span class='ocrx_word' id='word_1_69' title='bbox 1277 1035 1516 1082; x_wconf 88' lang='lat' dir='ltr'><strong>mutetur</strong></span> <span class='ocrx_word' id='word_1_70' title='bbox 1547 1027 1774 1082; x_wconf 90' lang='lat' dir='ltr'><strong>inﬁrmi-</strong></span> 
     </span>
    </p>
   </div>
   <div class='ocr_carea' id='block_1_11' title="bbox 197 1117 1778 1190">
    <p class='ocr_par' dir='ltr' id='par_1_11' title="bbox 197 1117 1778 1190">
     <span class='ocr_line' id='line_1_11' title="bbox 197 1117 1778 1190; baseline -0.003 -13"><span class='ocrx_word' id='word_1_71' title='bbox 197 1129 286 1185; x_wconf 85' lang='lat' dir='ltr'><strong>tas,</strong></span> <span class='ocrx_word' id='word_1_72' title='bbox 315 1129 442 1176; x_wconf 82' lang='lat' dir='ltr'><strong>‘caro</strong></span> <span class='ocrx_word' id='word_1_73' title='bbox 476 1119 821 1176; x_wconf 90' lang='lat' dir='ltr'><strong>transcendat</strong></span> <span class='ocrx_word' id='word_1_74' title='bbox 851 1119 904 1174; x_wconf 91' lang='lat' dir='ltr'><strong>in</strong></span> <span class='ocrx_word' id='word_1_75' title='bbox 939 1118 1218 1190; x_wconf 81' lang='lat' dir='ltr'><strong>spiritum,</strong></span> <span class='ocrx_word' id='word_1_76' title='bbox 1251 1126 1393 1174; x_wconf 89' lang='lat' dir='ltr'><strong>terra</strong></span> <span class='ocrx_word' id='word_1_77' title='bbox 1426 1117 1778 1174; x_wconf 76' lang='lat' dir='ltr'><strong>transferatur</strong></span> 
     </span>
    </p>
   </div>
   <div class='ocr_carea' id='block_1_12' title="bbox 196 1209 1780 1278">
    <p class='ocr_par' dir='ltr' id='par_1_12' title="bbox 196 1209 1780 1278">
     <span class='ocr_line' id='line_1_12' title="bbox 196 1209 1780 1278; baseline -0.002 -10"><span class='ocrx_word' id='word_1_78' title='bbox 196 1213 241 1268; x_wconf 91' lang='lat' dir='ltr'><strong>in</strong></span> <span class='ocrx_word' id='word_1_79' title='bbox 267 1211 479 1269; x_wconf 68' lang='lat' dir='ltr'><strong>coelum.</strong></span> <span class='ocrx_word' id='word_1_80' title='bbox 511 1211 766 1278; x_wconf 83' lang='lat' dir='ltr'><strong>Ardebat,</strong></span> <span class='ocrx_word' id='word_1_81' title='bbox 801 1209 1107 1274; x_wconf 85' lang='lat' dir='ltr'><strong>anhelabat,</strong></span> <span class='ocrx_word' id='word_1_82' title='bbox 1131 1218 1192 1264; x_wconf 92' lang='lat' dir='ltr'><strong>ut</strong></span> <span class='ocrx_word' id='word_1_83' title='bbox 1210 1223 1307 1266; x_wconf 86' lang='lat' dir='ltr'><strong>eos</strong></span> <span class='ocrx_word' id='word_1_84' title='bbox 1339 1225 1448 1265; x_wconf 92' lang='lat' dir='ltr'><strong>uno</strong></span> <span class='ocrx_word' id='word_1_85' title='bbox 1481 1211 1568 1265; x_wconf 86' lang='lat' dir='ltr'><strong>die</strong></span> <span class='ocrx_word' id='word_1_86' title='bbox 1596 1225 1780 1265; x_wconf 90' lang='lat' dir='ltr'><strong>sacros</strong></span> 
     </span>
    </p>
   </div>
   <div class='ocr_carea' id='block_1_13' title="bbox 196 1301 1779 1375">
    <p class='ocr_par' dir='ltr' id='par_1_13' title="bbox 196 1301 1779 1375">
     <span class='ocr_line' id='line_1_13' title="bbox 196 1301 1779 1375; baseline -0.004 -15"><span class='ocrx_word' id='word_1_87' title='bbox 196 1311 442 1375; x_wconf 83' lang='lat' dir='ltr'><strong>martyres</strong></span> <span class='ocrx_word' id='word_1_88' title='bbox 491 1311 728 1374; x_wconf 86' lang='lat' dir='ltr'><strong>pareret.</strong></span> <span class='ocrx_word' id='word_1_89' title='bbox 771 1317 909 1372; x_wconf 90' lang='lat' dir='ltr'><strong>quos</strong></span> <span class='ocrx_word' id='word_1_90' title='bbox 949 1302 1038 1357; x_wconf 85' lang='lat' dir='ltr'><strong>vix</strong></span> <span class='ocrx_word' id='word_1_91' title='bbox 1075 1301 1331 1372; x_wconf 87' lang='lat' dir='ltr'><strong>parvulos</strong></span> <span class='ocrx_word' id='word_1_92' title='bbox 1371 1316 1473 1372; x_wconf 91' lang='lat' dir='ltr'><strong>per</strong></span> <span class='ocrx_word' id='word_1_93' title='bbox 1513 1313 1779 1356; x_wconf 87' lang='lat' dir='ltr'><strong>annorum</strong></span> 
     </span>
    </p>
   </div>
   <div class='ocr_carea' id='block_1_14' title="bbox 191 1393 1780 1464">
    <p class='ocr_par' dir='ltr' id='par_1_14' title="bbox 191 1393 1780 1464">
     <span class='ocr_line' id='line_1_14' title="bbox 191 1393 1780 1464; baseline -0.005 -10"><span class='ocrx_word' id='word_1_94' title='bbox 191 1394 440 1454; x_wconf 75' lang='lat' dir='ltr'><strong>curricula</strong></span> <span class='ocrx_word' id='word_1_95' title='bbox 474 1395 787 1464; x_wconf 89' lang='lat' dir='ltr'><strong>generabat.</strong></span> <span class='ocrx_word' id='word_1_96' title='bbox 821 1393 964 1450; x_wconf 85' lang='lat' dir='ltr'><strong>Ecce</strong></span> <span class='ocrx_word' id='word_1_97' title='bbox 1001 1395 1215 1459; x_wconf 85' lang='lat' dir='ltr'><strong>mulier,</strong></span> <span class='ocrx_word' id='word_1_98' title='bbox 1247 1407 1374 1450; x_wconf 88' lang='lat' dir='ltr'><strong>ecce</strong></span> <span class='ocrx_word' id='word_1_99' title='bbox 1401 1401 1592 1458; x_wconf 89' lang='lat' dir='ltr'><strong>mater,</strong></span> <span class='ocrx_word' id='word_1_100' title='bbox 1616 1407 1780 1463; x_wconf 90' lang='lat' dir='ltr'><strong>quam</strong></span> 
     </span>
    </p>
   </div>
   <div class='ocr_carea' id='block_1_15' title="bbox 195 1483 1781 1553">
    <p class='ocr_par' dir='ltr' id='par_1_15' title="bbox 195 1483 1781 1553">
     <span class='ocr_line' id='line_1_15' title="bbox 195 1483 1781 1553; baseline -0.003 -8"><span class='ocrx_word' id='word_1_101' title='bbox 195 1490 287 1546; x_wconf 89' lang='lat' dir='ltr'><strong>vita</strong></span> <span class='ocrx_word' id='word_1_102' title='bbox 315 1485 551 1542; x_wconf 86' lang='lat' dir='ltr'><strong>ﬁliorum</strong></span> <span class='ocrx_word' id='word_1_103' title='bbox 580 1487 708 1544; x_wconf 90' lang='lat' dir='ltr'><strong>fecit</strong></span> <span class='ocrx_word' id='word_1_104' title='bbox 728 1488 964 1550; x_wconf 80' lang='lat' dir='ltr'><strong>anxiam,</strong></span> <span class='ocrx_word' id='word_1_105' title='bbox 999 1503 1144 1542; x_wconf 92' lang='lat' dir='ltr'><strong>mors</strong></span> <span class='ocrx_word' id='word_1_106' title='bbox 1168 1499 1435 1544; x_wconf 89' lang='lat' dir='ltr'><strong>securam.</strong></span> <span class='ocrx_word' id='word_1_107' title='bbox 1469 1483 1632 1541; x_wconf 87' lang='lat' dir='ltr'><strong>Beata</strong></span> <span class='ocrx_word' id='word_1_108' title='bbox 1650 1527 1666 1553; x_wconf 89' lang='lat'><strong>,</strong></span> <span class='ocrx_word' id='word_1_109' title='bbox 1693 1485 1781 1541; x_wconf 90' lang='lat' dir='ltr'><strong>cui</strong></span> 
     </span>
    </p>
   </div>
   <div class='ocr_carea' id='block_1_16' title="bbox 193 1579 1778 1662">
    <p class='ocr_par' dir='ltr' id='par_1_16' title="bbox 193 1579 1778 1662">
     <span class='ocr_line' id='line_1_16' title="bbox 193 1579 1778 1662; baseline -0.003 -24"><span class='ocrx_word' id='word_1_110' title='bbox 193 1583 239 1662; x_wconf 84' lang='lat' dir='ltr'><strong>in</strong></span> <span class='ocrx_word' id='word_1_111' title='bbox 267 1582 436 1638; x_wconf 84' lang='lat' dir='ltr'><strong>futura</strong></span> <span class='ocrx_word' id='word_1_112' title='bbox 471 1582 642 1652; x_wconf 82' lang='lat' dir='ltr'><strong>gloria</strong></span> <span class='ocrx_word' id='word_1_113' title='bbox 667 1589 748 1637; x_wconf 93' lang='lat' dir='ltr'><strong>tot</strong></span> <span class='ocrx_word' id='word_1_114' title='bbox 775 1588 953 1636; x_wconf 90' lang='lat' dir='ltr'><strong>astant</strong></span> <span class='ocrx_word' id='word_1_115' title='bbox 981 1579 1326 1647; x_wconf 85' lang='lat' dir='ltr'><strong>candelabra,</strong></span> <span class='ocrx_word' id='word_1_116' title='bbox 1354 1587 1488 1650; x_wconf 85' lang='lat' dir='ltr'><strong>quot</strong></span> <span class='ocrx_word' id='word_1_117' title='bbox 1507 1579 1778 1648; x_wconf 80' lang='lat' dir='ltr'><strong>germina;</strong></span> 
     </span>
    </p>
   </div>
   <div class='ocr_carea' id='block_1_17' title="bbox 191 1671 1782 1745">
    <p class='ocr_par' dir='ltr' id='par_1_17' title="bbox 191 1671 1782 1745">
     <span class='ocr_line' id='line_1_17' title="bbox 191 1671 1782 1745; baseline -0.005 -13"><span class='ocrx_word' id='word_1_118' title='bbox 191 1673 354 1739; x_wconf 80' lang='lat' dir='ltr'><strong>beata,</strong></span> <span class='ocrx_word' id='word_1_119' title='bbox 397 1689 525 1744; x_wconf 68' lang='lat' dir='ltr'><strong>qum</strong></span> <span class='ocrx_word' id='word_1_120' title='bbox 567 1687 650 1729; x_wconf 87' lang='lat' dir='ltr'><strong>tot</strong></span> <span class='ocrx_word' id='word_1_121' title='bbox 676 1675 937 1745; x_wconf 72' lang='lat' dir='ltr'><strong>prmmisit</strong></span> <span class='ocrx_word' id='word_1_122' title='bbox 979 1672 1047 1728; x_wconf 88' lang='lat' dir='ltr'><strong>ad</strong></span> <span class='ocrx_word' id='word_1_123' title='bbox 1083 1686 1340 1742; x_wconf 84' lang='lat' dir='ltr'><strong>regnum;</strong></span> <span class='ocrx_word' id='word_1_124' title='bbox 1383 1671 1612 1734; x_wconf 77' lang='lat' dir='ltr'><strong>beatior,</strong></span> <span class='ocrx_word' id='word_1_125' title='bbox 1662 1684 1782 1740; x_wconf 75' lang='lat' dir='ltr'><strong>qua:</strong></span> 
     </span>
    </p>
   </div>
   <div class='ocr_carea' id='block_1_18' title="bbox 194 1761 1784 1826">
    <p class='ocr_par' dir='ltr' id='par_1_18' title="bbox 194 1761 1784 1826">
     <span class='ocr_line' id='line_1_18' title="bbox 194 1761 1784 1826; baseline -0.006 0"><span class='ocrx_word' id='word_1_126' title='bbox 194 1785 330 1826; x_wconf 81' lang='lat' dir='ltr'><strong>suum</strong></span> <span class='ocrx_word' id='word_1_127' title='bbox 357 1769 410 1823; x_wconf 88' lang='lat' dir='ltr'><strong>in</strong></span> <span class='ocrx_word' id='word_1_128' title='bbox 441 1765 643 1824; x_wconf 70' lang='lat' dir='ltr'><strong>seculo</strong></span> <span class='ocrx_word' id='word_1_129' title='bbox 672 1775 696 1804; x_wconf 78' lang='grc' dir='ltr'>ι</span> <span class='ocrx_word' id='word_1_130' title='bbox 728 1766 802 1822; x_wconf 90' lang='lat' dir='ltr'><strong>nil</strong></span> <span class='ocrx_word' id='word_1_131' title='bbox 834 1767 1030 1821; x_wconf 89' lang='lat' dir='ltr'><strong>amisit.</strong></span> <span class='ocrx_word' id='word_1_132' title='bbox 1061 1764 1092 1803; x_wconf 70' lang='grc' dir='ltr'>δ</span> <span class='ocrx_word' id='word_1_133' title='bbox 1114 1763 1458 1820; x_wconf 88' lang='lat' dir='ltr'><strong>Discurrebat</strong></span> <span class='ocrx_word' id='word_1_134' title='bbox 1495 1761 1668 1817; x_wconf 68' lang='lat' dir='ltr'><strong>iratior</strong></span> <span class='ocrx_word' id='word_1_135' title='bbox 1699 1762 1784 1817; x_wconf 89' lang='lat' dir='ltr'><strong>ln-</strong></span> 
     </span>
    </p>
   </div>
   <div class='ocr_carea' id='block_1_19' title="bbox 1873 566 3475 640">
    <p class='ocr_par' dir='ltr' id='par_1_19' title="bbox 1873 566 3475 640">
     <span class='ocr_line' id='line_1_19' title="bbox 1873 566 3475 640; baseline 0.002 -17"><span class='ocrx_word' id='word_1_136' title='bbox 1873 567 2194 635; x_wconf 79' lang='lat' dir='ltr'><strong>ratissimus,</strong></span> <span class='ocrx_word' id='word_1_137' title='bbox 2235 583 2307 624; x_wconf 88' lang='lat' dir='ltr'><strong>ex</strong></span> <span class='ocrx_word' id='word_1_138' title='bbox 2343 569 2537 640; x_wconf 82' lang='lat' dir='ltr'><strong>spiritu</strong></span> <span class='ocrx_word' id='word_1_139' title='bbox 2573 568 2778 632; x_wconf 90' lang='lat' dir='ltr'><strong>ebrius,</strong></span> <span class='ocrx_word' id='word_1_140' title='bbox 2819 575 3028 624; x_wconf 88' lang='lat' dir='ltr'><strong>certum</strong></span> <span class='ocrx_word' id='word_1_141' title='bbox 3064 569 3303 639; x_wconf 76' lang='lat' dir='ltr'><strong>speravit</strong></span> <span class='ocrx_word' id='word_1_142' title='bbox 3327 566 3475 626; x_wconf 78' lang='lat' dir='ltr'><strong>futu-</strong></span> 
     </span>
    </p>
   </div>
   <div class='ocr_carea' id='block_1_20' title="bbox 1872 660 3475 734">
    <p class='ocr_par' dir='ltr' id='par_1_20' title="bbox 1872 660 3475 734">
     <span class='ocr_line' id='line_1_20' title="bbox 1872 660 3475 734; baseline 0.001 -16"><span class='ocrx_word' id='word_1_143' title='bbox 1872 675 1993 718; x_wconf 84' lang='lat' dir='ltr'><strong>rum</strong></span> <span class='ocrx_word' id='word_1_144' title='bbox 2033 661 2179 732; x_wconf 87' lang='lat' dir='ltr'><strong>quod</strong></span> <span class='ocrx_word' id='word_1_145' title='bbox 2217 661 2542 733; x_wconf 65' lang='lat' dir='ltr'><strong>praedixerat</strong></span> <span class='ocrx_word' id='word_1_146' title='bbox 2587 662 2678 718; x_wconf 89' lang='lat' dir='ltr'><strong>ille</strong></span> <span class='ocrx_word' id='word_1_147' title='bbox 2720 661 2811 731; x_wconf 88' lang='lat' dir='ltr'><strong>qui</strong></span> <span class='ocrx_word' id='word_1_148' title='bbox 2853 668 3103 717; x_wconf 85' lang='lat' dir='ltr'><strong>noverat.</strong></span> <span class='ocrx_word' id='word_1_149' title='bbox 3143 660 3349 718; x_wconf 85' lang='lat' dir='ltr'><strong>Deinde</strong></span> <span class='ocrx_word' id='word_1_150' title='bbox 3375 675 3475 734; x_wconf 85' lang='lat' dir='ltr'><strong>ap-</strong></span> 
     </span>
    </p>
   </div>
   <div class='ocr_carea' id='block_1_21' title="bbox 1871 751 3474 828">
    <p class='ocr_par' dir='ltr' id='par_1_21' title="bbox 1871 751 3474 828">
     <span class='ocr_line' id='line_1_21' title="bbox 1871 751 3474 828; baseline 0 -18"><span class='ocrx_word' id='word_1_151' title='bbox 1871 755 2205 828; x_wconf 84' lang='lat' dir='ltr'><strong>prehensus,</strong></span> <span class='ocrx_word' id='word_1_152' title='bbox 2249 764 2333 810; x_wconf 89' lang='lat' dir='ltr'><strong>est</strong></span> <span class='ocrx_word' id='word_1_153' title='bbox 2367 751 2661 810; x_wconf 87' lang='lat' dir='ltr'><strong>adductus:</strong></span> <span class='ocrx_word' id='word_1_154' title='bbox 2693 762 2751 809; x_wconf 91' lang='lat' dir='ltr'><strong>et</strong></span> <span class='ocrx_word' id='word_1_155' title='bbox 2777 753 3034 823; x_wconf 86' lang='lat' dir='ltr'><strong>quoniam</strong></span> <span class='ocrx_word' id='word_1_156' title='bbox 3059 759 3178 808; x_wconf 85' lang='lat' dir='ltr'><strong>erat</strong></span> <span class='ocrx_word' id='word_1_157' title='bbox 3201 753 3474 810; x_wconf 86' lang='lat' dir='ltr'><strong>archidia-</strong></span> 
     </span>
    </p>
   </div>
   <div class='ocr_carea' id='block_1_22' title="bbox 1874 845 3533 921">
    <p class='ocr_par' dir='ltr' id='par_1_22' title="bbox 1874 845 3533 921">
     <span class='ocr_line' id='line_1_22' title="bbox 1874 845 3533 921; baseline -0.001 -18"><span class='ocrx_word' id='word_1_158' title='bbox 1874 863 2077 912; x_wconf 89' lang='lat' dir='ltr'><strong>conus,</strong></span> <span class='ocrx_word' id='word_1_159' title='bbox 2129 845 2273 918; x_wconf 89' lang='lat' dir='ltr'><strong>apud</strong></span> <span class='ocrx_word' id='word_1_160' title='bbox 2319 846 2466 900; x_wconf 92' lang='lat' dir='ltr'><strong>illum</strong></span> <span class='ocrx_word' id='word_1_161' title='bbox 2506 859 2625 901; x_wconf 89' lang='lat' dir='ltr'><strong>esse</strong></span> <span class='ocrx_word' id='word_1_162' title='bbox 2663 847 2852 914; x_wconf 87' lang='lat' dir='ltr'><strong>utique</strong></span> <span class='ocrx_word' id='word_1_163' title='bbox 2887 868 2915 907; x_wconf 71' lang='grc' dir='ltr'>ε</span> <span class='ocrx_word' id='word_1_164' title='bbox 2953 845 3314 901; x_wconf 84' lang='lat' dir='ltr'><strong>credebantur</strong></span> <span class='ocrx_word' id='word_1_165' title='bbox 3341 861 3476 916; x_wconf 90' lang='lat' dir='ltr'><strong>opes</strong></span> <span class='ocrx_word' id='word_1_166' title='bbox 3531 919 3533 921; x_wconf 17' lang='grc' dir='ltr'><strong><em>ι</em></strong></span> 
     </span>
    </p>
   </div>
   <div class='ocr_carea' id='block_1_23' title="bbox 1875 937 3479 1008">
    <p class='ocr_par' dir='ltr' id='par_1_23' title="bbox 1875 937 3479 1008">
     <span class='ocr_line' id='line_1_23' title="bbox 1875 937 3479 1008; baseline -0.001 -14"><span class='ocrx_word' id='word_1_167' title='bbox 1875 937 2149 1004; x_wconf 71' lang='lat' dir='ltr'><strong>Ecclesite,</strong></span> <span class='ocrx_word' id='word_1_168' title='bbox 2181 953 2318 1008; x_wconf 90' lang='lat' dir='ltr'><strong>quas</strong></span> <span class='ocrx_word' id='word_1_169' title='bbox 2348 937 2689 994; x_wconf 82' lang='lat' dir='ltr'><strong>desiderabat</strong></span> <span class='ocrx_word' id='word_1_170' title='bbox 2718 946 3051 1008; x_wconf 84' lang='lat' dir='ltr'><strong>persecutor,</strong></span> <span class='ocrx_word' id='word_1_171' title='bbox 3073 953 3185 993; x_wconf 88' lang='lat' dir='ltr'><strong>non</strong></span> <span class='ocrx_word' id='word_1_172' title='bbox 3216 946 3324 992; x_wconf 90' lang='lat' dir='ltr'><strong>tam</strong></span> <span class='ocrx_word' id='word_1_173' title='bbox 3355 953 3479 993; x_wconf 83' lang='lat' dir='ltr'><strong>ava-</strong></span> 
     </span>
    </p>
   </div>
   <div class='ocr_carea' id='block_1_24' title="bbox 1873 1026 3476 1100">
    <p class='ocr_par' dir='ltr' id='par_1_24' title="bbox 1873 1026 3476 1100">
     <span class='ocr_line' id='line_1_24' title="bbox 1873 1026 3476 1100; baseline -0.001 -15"><span class='ocrx_word' id='word_1_174' title='bbox 1873 1045 1971 1085; x_wconf 88' lang='lat' dir='ltr'><strong>rus</strong></span> <span class='ocrx_word' id='word_1_175' title='bbox 1999 1044 2159 1100; x_wconf 90' lang='lat' dir='ltr'><strong>quam</strong></span> <span class='ocrx_word' id='word_1_176' title='bbox 2185 1029 2433 1084; x_wconf 82' lang='lat' dir='ltr'><strong>furiosus.</strong></span> <span class='ocrx_word' id='word_1_177' title='bbox 2455 1026 2656 1084; x_wconf 83' lang='lat' dir='ltr'><strong>Oderat</strong></span> <span class='ocrx_word' id='word_1_178' title='bbox 2679 1043 2837 1098; x_wconf 90' lang='lat' dir='ltr'><strong>quem</strong></span> <span class='ocrx_word' id='word_1_179' title='bbox 2857 1028 3170 1084; x_wconf 81' lang='lat' dir='ltr'><strong>occidebat:</strong></span> <span class='ocrx_word' id='word_1_180' title='bbox 3197 1028 3296 1085; x_wconf 84' lang='lat' dir='ltr'><strong>sed</strong></span> <span class='ocrx_word' id='word_1_181' title='bbox 3325 1045 3476 1084; x_wconf 87' lang='lat' dir='ltr'><strong>ama-</strong></span> 
     </span>
    </p>
   </div>
   <div class='ocr_carea' id='block_1_25' title="bbox 1877 1121 3476 1193">
    <p class='ocr_par' dir='ltr' id='par_1_25' title="bbox 1877 1121 3476 1193">
     <span class='ocr_line' id='line_1_25' title="bbox 1877 1121 3476 1193; baseline -0.003 -13"><span class='ocrx_word' id='word_1_182' title='bbox 1877 1124 1970 1180; x_wconf 90' lang='lat' dir='ltr'><strong>bat</strong></span> <span class='ocrx_word' id='word_1_183' title='bbox 1997 1122 2140 1193; x_wconf 90' lang='lat' dir='ltr'><strong>apud</strong></span> <span class='ocrx_word' id='word_1_184' title='bbox 2181 1137 2304 1178; x_wconf 91' lang='lat' dir='ltr'><strong>eum</strong></span> <span class='ocrx_word' id='word_1_185' title='bbox 2345 1123 2490 1192; x_wconf 91' lang='lat' dir='ltr'><strong>quod</strong></span> <span class='ocrx_word' id='word_1_186' title='bbox 2531 1121 2620 1178; x_wconf 88' lang='lat' dir='ltr'><strong>ille</strong></span> <span class='ocrx_word' id='word_1_187' title='bbox 2659 1122 3061 1178; x_wconf 83' lang='lat' dir='ltr'><strong>contemnebat.</strong></span> <span class='ocrx_word' id='word_1_188' title='bbox 3119 1121 3254 1177; x_wconf 85' lang='lat' dir='ltr'><strong>Erat</strong></span> <span class='ocrx_word' id='word_1_189' title='bbox 3292 1130 3476 1177; x_wconf 85' lang='lat' dir='ltr'><strong>autem</strong></span> 
     </span>
    </p>
   </div>
   <div class='ocr_carea' id='block_1_26' title="bbox 1877 1213 3476 1285">
    <p class='ocr_par' dir='ltr' id='par_1_26' title="bbox 1877 1213 3476 1285">
     <span class='ocr_line' id='line_1_26' title="bbox 1877 1213 3476 1285; baseline -0.001 -15"><span class='ocrx_word' id='word_1_190' title='bbox 1877 1223 2098 1270; x_wconf 86' lang='lat' dir='ltr'><strong>sanctus</strong></span> <span class='ocrx_word' id='word_1_191' title='bbox 2127 1213 2449 1270; x_wconf 86' lang='lat' dir='ltr'><strong>Laurentius</strong></span> <span class='ocrx_word' id='word_1_192' title='bbox 2485 1215 2956 1285; x_wconf 83' lang='lat' dir='ltr'><strong>pauper&#39;Opibus,</strong></span> <span class='ocrx_word' id='word_1_193' title='bbox 2997 1214 3152 1272; x_wconf 76' lang='lat' dir='ltr'><strong>dives</strong></span> <span class='ocrx_word' id='word_1_194' title='bbox 3189 1214 3432 1270; x_wconf 89' lang='lat' dir='ltr'><strong>moribus</strong></span> <span class='ocrx_word' id='word_1_195' title='bbox 3461 1232 3476 1267; x_wconf 92' lang='lat'><strong>:</strong></span> 
     </span>
    </p>
   </div>
   <div class='ocr_carea' id='block_1_27' title="bbox 1882 1305 3480 1377">
    <p class='ocr_par' dir='ltr' id='par_1_27' title="bbox 1882 1305 3480 1377">
     <span class='ocr_line' id='line_1_27' title="bbox 1882 1305 3480 1377; baseline -0.001 -15"><span class='ocrx_word' id='word_1_196' title='bbox 1882 1321 1991 1362; x_wconf 90' lang='lat' dir='ltr'><strong>non</strong></span> <span class='ocrx_word' id='word_1_197' title='bbox 2015 1322 2076 1363; x_wconf 90' lang='lat' dir='ltr'><strong>se</strong></span> <span class='ocrx_word' id='word_1_198' title='bbox 2103 1308 2320 1377; x_wconf 75' lang='lat' dir='ltr'><strong>negavit</strong></span> <span class='ocrx_word' id='word_1_199' title='bbox 2356 1307 2612 1363; x_wconf 64' lang='grc' dir='ltr'><strong>Εοειρείιθ</strong></span> <span class='ocrx_word' id='word_1_200' title='bbox 2651 1306 2853 1362; x_wconf 89' lang='lat' dir='ltr'><strong>habere</strong></span> <span class='ocrx_word' id='word_1_201' title='bbox 2892 1305 3142 1374; x_wconf 86' lang='lat' dir='ltr'><strong>divitias,</strong></span> <span class='ocrx_word' id='word_1_202' title='bbox 3171 1305 3268 1361; x_wconf 83' lang='lat' dir='ltr'><strong>sed</strong></span> <span class='ocrx_word' id='word_1_203' title='bbox 3295 1315 3357 1361; x_wconf 92' lang='lat' dir='ltr'><strong>ut</strong></span> <span class='ocrx_word' id='word_1_204' title='bbox 3385 1321 3480 1361; x_wconf 90' lang='lat' dir='ltr'><strong>eas</strong></span> 
     </span>
    </p>
   </div>
   <div class='ocr_carea' id='block_1_28' title="bbox 1883 1397 3479 1470">
    <p class='ocr_par' dir='ltr' id='par_1_28' title="bbox 1883 1397 3479 1470">
     <span class='ocr_line' id='line_1_28' title="bbox 1883 1397 3479 1470; baseline -0.002 -13"><span class='ocrx_word' id='word_1_205' title='bbox 1883 1403 2221 1468; x_wconf 86' lang='lat' dir='ltr'><strong>ostenderet,</strong></span> <span class='ocrx_word' id='word_1_206' title='bbox 2265 1401 2425 1456; x_wconf 89' lang='lat' dir='ltr'><strong>tridui</strong></span> <span class='ocrx_word' id='word_1_207' title='bbox 2453 1400 2766 1455; x_wconf 87' lang='lat' dir='ltr'><strong>dilationem</strong></span> <span class='ocrx_word' id='word_1_208' title='bbox 2795 1400 2982 1470; x_wconf 81' lang='lat' dir='ltr'><strong>petiit,</strong></span> <span class='ocrx_word' id='word_1_209' title='bbox 3025 1399 3222 1454; x_wconf 87' lang='lat' dir='ltr'><strong>deinde</strong></span> <span class='ocrx_word' id='word_1_210' title='bbox 3250 1397 3479 1454; x_wconf 85' lang='lat' dir='ltr'><strong>manda-</strong></span> 
     </span>
    </p>
   </div>
   <div class='ocr_carea' id='block_1_29' title="bbox 1880 1489 3479 1563">
    <p class='ocr_par' dir='ltr' id='par_1_29' title="bbox 1880 1489 3479 1563">
     <span class='ocr_line' id='line_1_29' title="bbox 1880 1489 3479 1563; baseline -0.002 -13"><span class='ocrx_word' id='word_1_211' title='bbox 1880 1493 1961 1550; x_wconf 85' lang='lat' dir='ltr'><strong>vit</strong></span> <span class='ocrx_word' id='word_1_212' title='bbox 1988 1493 2306 1563; x_wconf 88' lang='lat' dir='ltr'><strong>congregari</strong></span> <span class='ocrx_word' id='word_1_213' title='bbox 2336 1493 2548 1562; x_wconf 87' lang='lat' dir='ltr'><strong>agmina</strong></span> <span class='ocrx_word' id='word_1_214' title='bbox 2586 1506 2904 1563; x_wconf 89' lang='lat' dir='ltr'><strong>pauperum.</strong></span> <span class='ocrx_word' id='word_1_215' title='bbox 2947 1489 3099 1545; x_wconf 82' lang='lat' dir='ltr'><strong>Tunc</strong></span> <span class='ocrx_word' id='word_1_216' title='bbox 3138 1490 3333 1546; x_wconf 88' lang='lat' dir='ltr'><strong>deinde</strong></span> <span class='ocrx_word' id='word_1_217' title='bbox 3359 1490 3479 1560; x_wconf 89' lang='lat' dir='ltr'><strong>ipso</strong></span> 
     </span>
    </p>
   </div>
   <div class='ocr_carea' id='block_1_30' title="bbox 1883 1579 3482 1654">
    <p class='ocr_par' dir='ltr' id='par_1_30' title="bbox 1883 1579 3482 1654">
     <span class='ocr_line' id='line_1_30' title="bbox 1883 1579 3482 1654; baseline -0.004 -11"><span class='ocrx_word' id='word_1_218' title='bbox 1883 1585 1971 1643; x_wconf 88' lang='lat' dir='ltr'><strong>die</strong></span> <span class='ocrx_word' id='word_1_219' title='bbox 2011 1601 2228 1642; x_wconf 72' lang='lat' dir='ltr'><strong>corona:</strong></span> <span class='ocrx_word' id='word_1_220' title='bbox 2261 1600 2371 1641; x_wconf 65' lang='lat' dir='ltr'><strong>suae</strong></span> <span class='ocrx_word' id='word_1_221' title='bbox 2407 1591 2762 1654; x_wconf 67' lang='lat' dir='ltr'><strong>praesentatus</strong></span> <span class='ocrx_word' id='word_1_222' title='bbox 2790 1581 3046 1648; x_wconf 80' lang='lat' dir='ltr'><strong>examini,</strong></span> <span class='ocrx_word' id='word_1_223' title='bbox 3075 1579 3482 1650; x_wconf 84' lang='lat' dir='ltr'><strong>tamquamde-</strong></span> 
     </span>
    </p>
   </div>
   <div class='ocr_carea' id='block_1_31' title="bbox 1884 1671 3484 1750">
    <p class='ocr_par' dir='ltr' id='par_1_31' title="bbox 1884 1671 3484 1750">
     <span class='ocr_line' id='line_1_31' title="bbox 1884 1671 3484 1750; baseline -0.004 -15"><span class='ocrx_word' id='word_1_224' title='bbox 1884 1687 2285 1735; x_wconf 90' lang='lat' dir='ltr'><strong>monstraturus</strong></span> <span class='ocrx_word' id='word_1_225' title='bbox 2311 1679 2456 1750; x_wconf 90' lang='lat' dir='ltr'><strong>quod</strong></span> <span class='ocrx_word' id='word_1_226' title='bbox 2479 1678 2568 1732; x_wconf 91' lang='lat' dir='ltr'><strong>ille</strong></span> <span class='ocrx_word' id='word_1_227' title='bbox 2589 1677 2884 1746; x_wconf 69' lang='lat' dir='ltr'><strong>qumrebat,</strong></span> <span class='ocrx_word' id='word_1_228' title='bbox 2917 1674 3307 1730; x_wconf 81' lang='lat' dir='ltr'><strong>demonstravit</strong></span> <span class='ocrx_word' id='word_1_229' title='bbox 3333 1671 3484 1742; x_wconf 87' lang='lat' dir='ltr'><strong>quod</strong></span> 
     </span>
    </p>
   </div>
   <div class='ocr_carea' id='block_1_32' title="bbox 1883 1763 3484 1839">
    <p class='ocr_par' dir='ltr' id='par_1_32' title="bbox 1883 1763 3484 1839">
     <span class='ocr_line' id='line_1_32' title="bbox 1883 1763 3484 1839; baseline -0.006 -12"><span class='ocrx_word' id='word_1_230' title='bbox 1883 1772 2137 1828; x_wconf 89' lang='lat' dir='ltr'><strong>habebat.</strong></span> <span class='ocrx_word' id='word_1_231' title='bbox 2181 1771 2331 1825; x_wconf 90' lang='lat' dir='ltr'><strong>Tunc</strong></span> <span class='ocrx_word' id='word_1_232' title='bbox 2359 1770 2435 1824; x_wconf 89' lang='lat' dir='ltr'><strong>ait</strong></span> <span class='ocrx_word' id='word_1_233' title='bbox 2465 1776 2811 1839; x_wconf 85' lang='lat' dir='ltr'><strong>persecutor:</strong></span> <span class='ocrx_word' id='word_1_234' title='bbox 2847 1765 2947 1822; x_wconf 92' lang='lat' dir='ltr'><strong>Ubi</strong></span> <span class='ocrx_word' id='word_1_235' title='bbox 2977 1775 3103 1822; x_wconf 90' lang='lat' dir='ltr'><strong>sunt</strong></span> <span class='ocrx_word' id='word_1_236' title='bbox 3131 1765 3387 1821; x_wconf 81' lang='lat' dir='ltr'><strong>Ecclesia:</strong></span> <span class='ocrx_word' id='word_1_237' title='bbox 3413 1763 3484 1818; x_wconf 85' lang='lat' dir='ltr'><strong>fa-</strong></span> 
     </span>
    </p>
   </div>
   <div class='ocr_carea' id='block_1_33' title="bbox 194 1853 3485 1962">
    <p class='ocr_par' dir='ltr' id='par_1_33' title="bbox 194 1853 3485 1962">
     <span class='ocr_line' id='line_1_33' title="bbox 194 1853 3485 1962; baseline -0.003 -42"><span class='ocrx_word' id='word_1_238' title='bbox 194 1869 265 1916; x_wconf 79' lang='lat' dir='ltr'><strong>ter</strong></span> <span class='ocrx_word' id='word_1_239' title='bbox 299 1858 553 1916; x_wconf 70' lang='lat' dir='ltr'><strong>confossa</strong></span> <span class='ocrx_word' id='word_1_240' title='bbox 595 1857 860 1915; x_wconf 76' lang='lat' dir='ltr'><strong>cadavera</strong></span> <span class='ocrx_word' id='word_1_241' title='bbox 907 1873 1067 1928; x_wconf 81' lang='lat' dir='ltr'><strong>quam</strong></span> <span class='ocrx_word' id='word_1_242' title='bbox 1113 1857 1256 1912; x_wconf 67' lang='lat' dir='ltr'><strong>inter</strong></span> <span class='ocrx_word' id='word_1_243' title='bbox 1309 1853 1575 1911; x_wconf 71' lang='lat' dir='ltr'><strong>Cllllablﬂa</strong></span> <span class='ocrx_word' id='word_1_244' title='bbox 1617 1853 1780 1909; x_wconf 69' lang='lat' dir='ltr'><strong>Chal‘a</strong></span> <span class='ocrx_word' id='word_1_245' title='bbox 1817 1899 1864 1962; x_wconf 76' lang='grc' dir='ltr'><strong>Β</strong></span> <span class='ocrx_word' id='word_1_246' title='bbox 1887 1864 2121 1918; x_wconf 91' lang='lat' dir='ltr'><strong>cultates</strong></span> <span class='ocrx_word' id='word_1_247' title='bbox 2143 1865 2167 1917; x_wconf 85' lang='lat'><strong>?</strong></span> <span class='ocrx_word' id='word_1_248' title='bbox 2189 1862 2257 1916; x_wconf 86' lang='lat' dir='ltr'><strong>At</strong></span> <span class='ocrx_word' id='word_1_249' title='bbox 2286 1861 2375 1915; x_wconf 88' lang='lat' dir='ltr'><strong>ille</strong></span> <span class='ocrx_word' id='word_1_250' title='bbox 2399 1875 2616 1914; x_wconf 90' lang='lat' dir='ltr'><strong>manum</strong></span> <span class='ocrx_word' id='word_1_251' title='bbox 2645 1858 2944 1914; x_wconf 82' lang='lat' dir='ltr'><strong>extendens</strong></span> <span class='ocrx_word' id='word_1_252' title='bbox 2971 1858 3025 1912; x_wconf 89' lang='lat' dir='ltr'><strong>in</strong></span> <span class='ocrx_word' id='word_1_253' title='bbox 3055 1871 3360 1928; x_wconf 89' lang='lat' dir='ltr'><strong>pauperes:</strong></span> <span class='ocrx_word' id='word_1_254' title='bbox 3389 1853 3485 1910; x_wconf 74' lang='lat' dir='ltr'><strong>lite</strong></span> 
     </span>
    </p>
   </div>
   <div class='ocr_carea' id='block_1_34' title="bbox 195 1944 1784 2020">
    <p class='ocr_par' dir='ltr' id='par_1_34' title="bbox 195 1944 1784 2020">
     <span class='ocr_line' id='line_1_34' title="bbox 195 1944 1784 2020; baseline -0.005 -14"><span class='ocrx_word' id='word_1_255' title='bbox 195 1949 436 2013; x_wconf 87' lang='lat' dir='ltr'><strong>ﬁliorum,</strong></span> <span class='ocrx_word' id='word_1_256' title='bbox 491 1950 620 2020; x_wconf 84' lang='lat' dir='ltr'><strong>quia</strong></span> <span class='ocrx_word' id='word_1_257' title='bbox 666 1949 896 2005; x_wconf 87' lang='lat' dir='ltr'><strong>internis</strong></span> <span class='ocrx_word' id='word_1_258' title='bbox 943 1947 1112 2003; x_wconf 90' lang='lat' dir='ltr'><strong>oculis</strong></span> <span class='ocrx_word' id='word_1_259' title='bbox 1167 1953 1251 2002; x_wconf 92' lang='lat' dir='ltr'><strong>tot</strong></span> <span class='ocrx_word' id='word_1_260' title='bbox 1300 1947 1558 2002; x_wconf 89' lang='lat' dir='ltr'><strong>cernebat</strong></span> <span class='ocrx_word' id='word_1_261' title='bbox 1603 1944 1784 1999; x_wconf 81' lang='lat' dir='ltr'><strong>bravia</strong></span> 
     </span>
    </p>
   </div>
   <div class='ocr_carea' id='block_1_35' title="bbox 194 2037 1790 2112">
    <p class='ocr_par' dir='ltr' id='par_1_35' title="bbox 194 2037 1790 2112">
     <span class='ocr_line' id='line_1_35' title="bbox 194 2037 1790 2112; baseline -0.004 -14"><span class='ocrx_word' id='word_1_262' title='bbox 194 2047 312 2112; x_wconf 85' lang='lat' dir='ltr'><strong>quot</strong></span> <span class='ocrx_word' id='word_1_263' title='bbox 336 2041 602 2108; x_wconf 83' lang='lat' dir='ltr'><strong>vulnera;</strong></span> <span class='ocrx_word' id='word_1_264' title='bbox 632 2049 766 2110; x_wconf 85' lang='lat' dir='ltr'><strong>quot</strong></span> <span class='ocrx_word' id='word_1_265' title='bbox 787 2048 1077 2105; x_wconf 88' lang='lat' dir='ltr'><strong>tormenta,</strong></span> <span class='ocrx_word' id='word_1_266' title='bbox 1107 2048 1186 2095; x_wconf 91' lang='lat' dir='ltr'><strong>tot</strong></span> <span class='ocrx_word' id='word_1_267' title='bbox 1201 2040 1460 2110; x_wconf 77' lang='lat' dir='ltr'><strong>prannia;</strong></span> <span class='ocrx_word' id='word_1_268' title='bbox 1491 2047 1625 2108; x_wconf 87' lang='lat' dir='ltr'><strong>quot</strong></span> <span class='ocrx_word' id='word_1_269' title='bbox 1643 2037 1790 2093; x_wconf 83' lang='lat' dir='ltr'><strong>victi-</strong></span> 
     </span>
    </p>
   </div>
   <div class='ocr_carea' id='block_1_36' title="bbox 195 2132 1784 2204">
    <p class='ocr_par' dir='ltr' id='par_1_36' title="bbox 195 2132 1784 2204">
     <span class='ocr_line' id='line_1_36' title="bbox 195 2132 1784 2204; baseline -0.004 -14"><span class='ocrx_word' id='word_1_270' title='bbox 195 2150 321 2199; x_wconf 81' lang='lat' dir='ltr'><strong>mas,</strong></span> <span class='ocrx_word' id='word_1_271' title='bbox 352 2137 442 2190; x_wconf 77' lang='lat' dir='ltr'><strong>tot</strong></span> <span class='ocrx_word' id='word_1_272' title='bbox 481 2147 736 2191; x_wconf 82' lang='lat' dir='ltr'><strong>coronas.</strong></span> <span class='ocrx_word' id='word_1_273' title='bbox 773 2134 842 2188; x_wconf 87' lang='lat' dir='ltr'><strong>Et</strong></span> <span class='ocrx_word' id='word_1_274' title='bbox 877 2134 1006 2204; x_wconf 92' lang='lat' dir='ltr'><strong>quid</strong></span> <span class='ocrx_word' id='word_1_275' title='bbox 1034 2135 1218 2204; x_wconf 87' lang='lat' dir='ltr'><strong>plura,</strong></span> <span class='ocrx_word' id='word_1_276' title='bbox 1253 2133 1492 2188; x_wconf 74' lang='lat' dir='ltr'><strong>fratres?</strong></span> <span class='ocrx_word' id='word_1_277' title='bbox 1522 2132 1640 2188; x_wconf 86' lang='lat' dir='ltr'><strong>Non</strong></span> <span class='ocrx_word' id='word_1_278' title='bbox 1680 2138 1784 2199; x_wconf 84' lang='lat' dir='ltr'><strong>est,</strong></span> 
     </span>
    </p>
   </div>
   <div class='ocr_carea' id='block_1_37' title="bbox 193 2224 1650 2297">
    <p class='ocr_par' dir='ltr' id='par_1_37' title="bbox 193 2224 1650 2297">
     <span class='ocr_line' id='line_1_37' title="bbox 193 2224 1650 2297; baseline -0.004 -14"><span class='ocrx_word' id='word_1_279' title='bbox 193 2239 290 2283; x_wconf 76' lang='lat' dir='ltr'><strong>noti</strong></span> <span class='ocrx_word' id='word_1_280' title='bbox 307 2233 395 2283; x_wconf 80' lang='lat' dir='ltr'><strong>est</strong></span> <span class='ocrx_word' id='word_1_281' title='bbox 420 2241 562 2283; x_wconf 78' lang='lat' dir='ltr'><strong>vera</strong></span> <span class='ocrx_word' id='word_1_282' title='bbox 588 2236 783 2294; x_wconf 76' lang='lat' dir='ltr'><strong>mater,</strong></span> <span class='ocrx_word' id='word_1_283' title='bbox 813 2241 934 2297; x_wconf 84' lang='lat' dir='ltr'><strong>quae</strong></span> <span class='ocrx_word' id='word_1_284' title='bbox 972 2226 1144 2282; x_wconf 89' lang='lat' dir='ltr'><strong>nescit</strong></span> <span class='ocrx_word' id='word_1_285' title='bbox 1159 2224 1311 2282; x_wconf 71' lang='lat' dir='ltr'><strong>ﬁlios</strong></span> <span class='ocrx_word' id='word_1_286' title='bbox 1337 2226 1419 2281; x_wconf 89' lang='lat' dir='ltr'><strong>sic</strong></span> <span class='ocrx_word' id='word_1_287' title='bbox 1445 2237 1650 2279; x_wconf 76' lang='lat' dir='ltr'><strong>amare.</strong></span> 
     </span>
    </p>
   </div>
   <div class='ocr_carea' id='block_1_38' title="bbox 697 2360 1268 2420">
    <p class='ocr_par' dir='ltr' id='par_1_38' title="bbox 697 2360 1268 2420">
     <span class='ocr_line' id='line_1_38' title="bbox 697 2360 1268 2420; baseline -0.007 0"><span class='ocrx_word' id='word_1_288' title='bbox 697 2375 718 2403; x_wconf 75' lang='grc' dir='ltr'><strong>ε</strong></span> <span class='ocrx_word' id='word_1_289' title='bbox 743 2361 975 2420; x_wconf 81' lang='lat' dir='ltr'><strong>SERMO</strong></span> <span class='ocrx_word' id='word_1_290' title='bbox 1009 2360 1268 2418; x_wconf 87' lang='lat' dir='ltr'><strong>CXXXV.</strong></span> 
     </span>
    </p>
   </div>
   <div class='ocr_carea' id='block_1_39' title="bbox 709 2477 1261 2535">
    <p class='ocr_par' dir='ltr' id='par_1_39' title="bbox 709 2477 1261 2535">
     <span class='ocr_line' id='line_1_39' title="bbox 709 2477 1261 2535; baseline -0.009 0"><span class='ocrx_word' id='word_1_291' title='bbox 709 2479 780 2535; x_wconf 66' lang='lat' dir='ltr'><strong>In</strong></span> <span class='ocrx_word' id='word_1_292' title='bbox 805 2478 876 2534; x_wconf 89' lang='lat' dir='ltr'><strong>D.</strong></span> <span class='ocrx_word' id='word_1_293' title='bbox 900 2477 1261 2534; x_wconf 77' lang='lat' dir='ltr'><strong>Laurentium.</strong></span> 
     </span>
    </p>
   </div>
   <div class='ocr_carea' id='block_1_40' title="bbox 252 2588 1786 2664">
    <p class='ocr_par' dir='ltr' id='par_1_40' title="bbox 252 2588 1786 2664">
     <span class='ocr_line' id='line_1_40' title="bbox 252 2588 1786 2664; baseline -0.005 -13"><span class='ocrx_word' id='word_1_294' title='bbox 252 2593 564 2651; x_wconf 74' lang='lat' dir='ltr'><strong>Hodiernus</strong></span> <span class='ocrx_word' id='word_1_295' title='bbox 591 2593 618 2632; x_wconf 68' lang='grc' dir='ltr'><em>δ</em></span> <span class='ocrx_word' id='word_1_296' title='bbox 649 2593 764 2650; x_wconf 85' lang='lat' dir='ltr'><strong>dies</strong></span> <span class='ocrx_word' id='word_1_297' title='bbox 790 2593 1044 2664; x_wconf 89' lang='lat' dir='ltr'><strong>baptismi</strong></span> <span class='ocrx_word' id='word_1_298' title='bbox 1075 2591 1334 2664; x_wconf 80' lang='lat' dir='ltr'><strong>martyris</strong></span> <span class='ocrx_word' id='word_1_299' title='bbox 1375 2588 1651 2644; x_wconf 87' lang='lat' dir='ltr'><strong>Laurentii</strong></span> <span class='ocrx_word' id='word_1_300' title='bbox 1687 2603 1786 2644; x_wconf 91' lang='lat' dir='ltr'><strong>co-</strong></span> 
     </span>
    </p>
   </div>
   <div class='ocr_carea' id='block_1_41' title="bbox 191 2679 1786 2756">
    <p class='ocr_par' dir='ltr' id='par_1_41' title="bbox 191 2679 1786 2756">
     <span class='ocr_line' id='line_1_41' title="bbox 191 2679 1786 2756; baseline -0.008 -10"><span class='ocrx_word' id='word_1_301' title='bbox 191 2703 310 2746; x_wconf 87' lang='lat' dir='ltr'><strong>rona</strong></span> <span class='ocrx_word' id='word_1_302' title='bbox 329 2687 656 2754; x_wconf 87' lang='lat' dir='ltr'><strong>illustratur,</strong></span> <span class='ocrx_word' id='word_1_303' title='bbox 681 2687 832 2756; x_wconf 85' lang='lat' dir='ltr'><strong>cujus</strong></span> <span class='ocrx_word' id='word_1_304' title='bbox 865 2685 1066 2756; x_wconf 75' lang='lat' dir='ltr'><strong>egregii</strong></span> <span class='ocrx_word' id='word_1_305' title='bbox 1089 2684 1341 2756; x_wconf 86' lang='lat' dir='ltr'><strong>martyris</strong></span> <span class='ocrx_word' id='word_1_306' title='bbox 1361 2682 1554 2737; x_wconf 89' lang='lat' dir='ltr'><strong>merita</strong></span> <span class='ocrx_word' id='word_1_307' title='bbox 1586 2691 1610 2718; x_wconf 80' lang='grc' dir='ltr'><strong><em>ο</em></strong></span> <span class='ocrx_word' id='word_1_308' title='bbox 1641 2679 1786 2735; x_wconf 86' lang='lat' dir='ltr'><strong>nulla</strong></span> 
     </span>
    </p>
   </div>
   <div class='ocr_carea' id='block_1_42' title="bbox 193 2774 1786 2854">
    <p class='ocr_par' dir='ltr' id='par_1_42' title="bbox 193 2774 1786 2854">
     <span class='ocr_line' id='line_1_42' title="bbox 193 2774 1786 2854; baseline -0.006 -18"><span class='ocrx_word' id='word_1_309' title='bbox 193 2795 307 2854; x_wconf 83' lang='lat' dir='ltr'><strong>pars</strong></span> <span class='ocrx_word' id='word_1_310' title='bbox 339 2779 582 2835; x_wconf 81' lang='lat' dir='ltr'><strong>Romani</strong></span> <span class='ocrx_word' id='word_1_311' title='bbox 627 2779 775 2835; x_wconf 87' lang='lat' dir='ltr'><strong>orbis</strong></span> <span class='ocrx_word' id='word_1_312' title='bbox 819 2780 1051 2847; x_wconf 79' lang='lat' dir='ltr'><strong>ignorat.</strong></span> <span class='ocrx_word' id='word_1_313' title='bbox 1111 2774 1311 2832; x_wconf 88' lang='lat' dir='ltr'><strong>Passus</strong></span> <span class='ocrx_word' id='word_1_314' title='bbox 1338 2783 1422 2831; x_wconf 89' lang='lat' dir='ltr'><strong>est</strong></span> <span class='ocrx_word' id='word_1_315' title='bbox 1451 2775 1504 2829; x_wconf 93' lang='lat' dir='ltr'><strong>in</strong></span> <span class='ocrx_word' id='word_1_316' title='bbox 1546 2775 1664 2843; x_wconf 86' lang='lat' dir='ltr'><strong>ipso</strong></span> <span class='ocrx_word' id='word_1_317' title='bbox 1693 2788 1786 2828; x_wconf 86' lang='lat' dir='ltr'><strong>ca-</strong></span> 
     </span>
    </p>
   </div>
   <div class='ocr_carea' id='block_1_43' title="bbox 193 2865 1786 2946">
    <p class='ocr_par' dir='ltr' id='par_1_43' title="bbox 193 2865 1786 2946">
     <span class='ocr_line' id='line_1_43' title="bbox 193 2865 1786 2946; baseline -0.005 -18"><span class='ocrx_word' id='word_1_318' title='bbox 193 2874 291 2946; x_wconf 82' lang='lat' dir='ltr'><strong>pite</strong></span> <span class='ocrx_word' id='word_1_319' title='bbox 313 2873 585 2943; x_wconf 86' lang='lat' dir='ltr'><strong>gentium,</strong></span> <span class='ocrx_word' id='word_1_320' title='bbox 618 2871 671 2927; x_wconf 87' lang='lat' dir='ltr'><strong>id</strong></span> <span class='ocrx_word' id='word_1_321' title='bbox 700 2879 802 2937; x_wconf 91' lang='lat' dir='ltr'><strong>est,</strong></span> <span class='ocrx_word' id='word_1_322' title='bbox 833 2871 890 2926; x_wconf 90' lang='lat' dir='ltr'><strong>in</strong></span> <span class='ocrx_word' id='word_1_323' title='bbox 919 2870 1034 2941; x_wconf 91' lang='lat' dir='ltr'><strong>ipsa</strong></span> <span class='ocrx_word' id='word_1_324' title='bbox 1061 2869 1197 2925; x_wconf 88' lang='lat' dir='ltr'><strong>urbe</strong></span> <span class='ocrx_word' id='word_1_325' title='bbox 1229 2869 1491 2923; x_wconf 81' lang='lat' dir='ltr'><strong>Romana.</strong></span> <span class='ocrx_word' id='word_1_326' title='bbox 1531 2865 1614 2922; x_wconf 85' lang='lat' dir='ltr'><strong>lbi</strong></span> <span class='ocrx_word' id='word_1_327' title='bbox 1641 2865 1786 2920; x_wconf 89' lang='lat' dir='ltr'><strong>enim</strong></span> 
     </span>
    </p>
   </div>
   <div class='ocr_carea' id='block_1_44' title="bbox 195 2959 1788 3034">
    <p class='ocr_par' dir='ltr' id='par_1_44' title="bbox 195 2959 1788 3034">
     <span class='ocr_line' id='line_1_44' title="bbox 195 2959 1788 3034; baseline -0.005 -12"><span class='ocrx_word' id='word_1_328' title='bbox 195 2963 439 3022; x_wconf 81' lang='lat' dir='ltr'><strong>diaconus</strong></span> <span class='ocrx_word' id='word_1_329' title='bbox 469 2965 798 3021; x_wconf 82' lang='lat' dir='ltr'><strong>ministravit</strong></span> <span class='ocrx_word' id='word_1_330' title='bbox 822 3006 838 3030; x_wconf 92' lang='lat'><strong>,</strong></span> <span class='ocrx_word' id='word_1_331' title='bbox 885 2969 940 3020; x_wconf 90' lang='lat' dir='ltr'><strong>et</strong></span> <span class='ocrx_word' id='word_1_332' title='bbox 962 2964 1012 3018; x_wconf 91' lang='lat' dir='ltr'><strong>in</strong></span> <span class='ocrx_word' id='word_1_333' title='bbox 1042 2963 1161 3034; x_wconf 89' lang='lat' dir='ltr'><strong>ipso</strong></span> <span class='ocrx_word' id='word_1_334' title='bbox 1185 2960 1485 3032; x_wconf 75' lang='lat' dir='ltr'><strong>iuventutis</strong></span> <span class='ocrx_word' id='word_1_335' title='bbox 1513 2975 1626 3015; x_wconf 74' lang='lat' dir='ltr'><strong>sum</strong></span> <span class='ocrx_word' id='word_1_336' title='bbox 1655 2959 1788 3014; x_wconf 87' lang='lat' dir='ltr'><strong>ﬂore</strong></span> 
     </span>
    </p>
   </div>
   <div class='ocr_carea' id='block_1_45' title="bbox 194 3049 1786 3126">
    <p class='ocr_par' dir='ltr' id='par_1_45' title="bbox 194 3049 1786 3126">
     <span class='ocr_line' id='line_1_45' title="bbox 194 3049 1786 3126; baseline -0.004 -14"><span class='ocrx_word' id='word_1_337' title='bbox 194 3055 432 3114; x_wconf 85' lang='lat' dir='ltr'><strong>decorem</strong></span> <span class='ocrx_word' id='word_1_338' title='bbox 461 3057 762 3126; x_wconf 72' lang='lat' dir='ltr'><strong>iuventutis</strong></span> <span class='ocrx_word' id='word_1_339' title='bbox 791 3069 898 3110; x_wconf 70' lang='lat' dir='ltr'><strong>sure</strong></span> <span class='ocrx_word' id='word_1_340' title='bbox 925 3055 1190 3124; x_wconf 79' lang='lat' dir='ltr'><strong>sanguine</strong></span> <span class='ocrx_word' id='word_1_341' title='bbox 1220 3052 1558 3124; x_wconf 84' lang='lat' dir='ltr'><strong>purpuravit.</strong></span> <span class='ocrx_word' id='word_1_342' title='bbox 1600 3049 1786 3106; x_wconf 88' lang='lat' dir='ltr'><strong>Passio</strong></span> 
     </span>
    </p>
   </div>
   <div class='ocr_carea' id='block_1_46' title="bbox 194 3144 1787 3220">
    <p class='ocr_par' dir='ltr' id='par_1_46' title="bbox 194 3144 1787 3220">
     <span class='ocr_line' id='line_1_46' title="bbox 194 3144 1787 3220; baseline -0.004 -15"><span class='ocrx_word' id='word_1_343' title='bbox 194 3147 296 3220; x_wconf 79' lang='lat' dir='ltr'><strong>eius</strong></span> <span class='ocrx_word' id='word_1_344' title='bbox 319 3150 552 3220; x_wconf 85' lang='lat' dir='ltr'><strong>insignis</strong></span> <span class='ocrx_word' id='word_1_345' title='bbox 572 3156 688 3214; x_wconf 92' lang='lat' dir='ltr'><strong>est,</strong></span> <span class='ocrx_word' id='word_1_346' title='bbox 718 3148 1056 3218; x_wconf 90' lang='lat' dir='ltr'><strong>multumque</strong></span> <span class='ocrx_word' id='word_1_347' title='bbox 1086 3145 1345 3202; x_wconf 86' lang='lat' dir='ltr'><strong>mirabilis</strong></span> <span class='ocrx_word' id='word_1_348' title='bbox 1379 3165 1391 3198; x_wconf 94' lang='lat'><strong>:</strong></span> <span class='ocrx_word' id='word_1_349' title='bbox 1429 3147 1578 3201; x_wconf 84' lang='lat' dir='ltr'><strong>banc</strong></span> <span class='ocrx_word' id='word_1_350' title='bbox 1605 3144 1787 3200; x_wconf 85' lang='lat' dir='ltr'><strong>brevi-</strong></span> 
     </span>
    </p>
   </div>
   <div class='ocr_carea' id='block_1_47' title="bbox 193 3237 1784 3310">
    <p class='ocr_par' dir='ltr' id='par_1_47' title="bbox 193 3237 1784 3310">
     <span class='ocr_line' id='line_1_47' title="bbox 193 3237 1784 3310; baseline -0.002 -13"><span class='ocrx_word' id='word_1_351' title='bbox 193 3249 283 3307; x_wconf 81' lang='lat' dir='ltr'><strong>ter,</strong></span> <span class='ocrx_word' id='word_1_352' title='bbox 322 3241 564 3298; x_wconf 88' lang='lat' dir='ltr'><strong>Domino</strong></span> <span class='ocrx_word' id='word_1_353' title='bbox 605 3239 910 3310; x_wconf 71' lang='lat' dir='ltr'><strong>adiuvante,</strong></span> <span class='ocrx_word' id='word_1_354' title='bbox 956 3241 1208 3295; x_wconf 90' lang='lat' dir='ltr'><strong>narrabo.</strong></span> <span class='ocrx_word' id='word_1_355' title='bbox 1249 3240 1267 3278; x_wconf 71' lang='grc' dir='ltr'><em>τ</em></span> <span class='ocrx_word' id='word_1_356' title='bbox 1316 3237 1416 3294; x_wconf 83' lang='lat' dir='ltr'><strong>Illo</strong></span> <span class='ocrx_word' id='word_1_357' title='bbox 1446 3248 1577 3294; x_wconf 91' lang='lat' dir='ltr'><strong>tunc</strong></span> <span class='ocrx_word' id='word_1_358' title='bbox 1604 3240 1784 3294; x_wconf 86' lang='lat' dir='ltr'><strong>archi-</strong></span> 
     </span>
    </p>
   </div>
   <div class='ocr_carea' id='block_1_48' title="bbox 195 3330 1784 3402">
    <p class='ocr_par' dir='ltr' id='par_1_48' title="bbox 195 3330 1784 3402">
     <span class='ocr_line' id='line_1_48' title="bbox 195 3330 1784 3402; baseline -0.003 -13"><span class='ocrx_word' id='word_1_359' title='bbox 195 3331 412 3390; x_wconf 83' lang='lat' dir='ltr'><strong>diacono</strong></span> <span class='ocrx_word' id='word_1_360' title='bbox 443 3331 640 3388; x_wconf 88' lang='lat' dir='ltr'><strong>beatus</strong></span> <span class='ocrx_word' id='word_1_361' title='bbox 665 3331 855 3388; x_wconf 90' lang='lat' dir='ltr'><strong>Sixtus</strong></span> <span class='ocrx_word' id='word_1_362' title='bbox 891 3340 1011 3388; x_wconf 90' lang='lat' dir='ltr'><strong>erat</strong></span> <span class='ocrx_word' id='word_1_363' title='bbox 1051 3332 1367 3402; x_wconf 90' lang='lat' dir='ltr'><strong>episc0pus,</strong></span> <span class='ocrx_word' id='word_1_364' title='bbox 1410 3330 1564 3398; x_wconf 89' lang='lat' dir='ltr'><strong>cujus</strong></span> <span class='ocrx_word' id='word_1_365' title='bbox 1595 3331 1784 3384; x_wconf 92' lang='lat' dir='ltr'><strong>trium-</strong></span> 
     </span>
    </p>
   </div>
   <div class='ocr_carea' id='block_1_49' title="bbox 195 3422 1785 3497">
    <p class='ocr_par' dir='ltr' id='par_1_49' title="bbox 195 3422 1785 3497">
     <span class='ocr_line' id='line_1_49' title="bbox 195 3422 1785 3497; baseline -0.001 -17"><span class='ocrx_word' id='word_1_366' title='bbox 195 3425 316 3497; x_wconf 82' lang='lat' dir='ltr'><strong>phus</strong></span> <span class='ocrx_word' id='word_1_367' title='bbox 343 3425 596 3497; x_wconf 83' lang='lat' dir='ltr'><strong>martyrii</strong></span> <span class='ocrx_word' id='word_1_368' title='bbox 637 3433 764 3480; x_wconf 90' lang='lat' dir='ltr'><strong>ante</strong></span> <span class='ocrx_word' id='word_1_369' title='bbox 807 3425 1044 3480; x_wconf 89' lang='lat' dir='ltr'><strong>triduum</strong></span> <span class='ocrx_word' id='word_1_370' title='bbox 1087 3424 1204 3480; x_wconf 89' lang='lat' dir='ltr'><strong>fuit.</strong></span> <span class='ocrx_word' id='word_1_371' title='bbox 1247 3422 1383 3479; x_wconf 91' lang='lat' dir='ltr'><strong>Cum</strong></span> <span class='ocrx_word' id='word_1_372' title='bbox 1412 3437 1542 3492; x_wconf 88' lang='lat' dir='ltr'><strong>ergo</strong></span> <span class='ocrx_word' id='word_1_373' title='bbox 1565 3429 1785 3478; x_wconf 89' lang='lat' dir='ltr'><strong>sanctus</strong></span> 
     </span>
    </p>
   </div>
   <div class='ocr_carea' id='block_1_50' title="bbox 195 3511 1786 3588">
    <p class='ocr_par' dir='ltr' id='par_1_50' title="bbox 195 3511 1786 3588">
     <span class='ocr_line' id='line_1_50' title="bbox 195 3511 1786 3588; baseline -0.001 -17"><span class='ocrx_word' id='word_1_374' title='bbox 195 3511 511 3574; x_wconf 71' lang='lat' dir='ltr'><strong>hurentius</strong></span> <span class='ocrx_word' id='word_1_375' title='bbox 553 3518 866 3588; x_wconf 89' lang='lat' dir='ltr'><strong>episcopum</strong></span> <span class='ocrx_word' id='word_1_376' title='bbox 904 3533 1063 3572; x_wconf 91' lang='lat' dir='ltr'><strong>suum</strong></span> <span class='ocrx_word' id='word_1_377' title='bbox 1101 3514 1312 3571; x_wconf 86' lang='lat' dir='ltr'><strong>Sixtum</strong></span> <span class='ocrx_word' id='word_1_378' title='bbox 1359 3524 1674 3586; x_wconf 82' lang='lat' dir='ltr'><strong>pergentem</strong></span> <span class='ocrx_word' id='word_1_379' title='bbox 1716 3515 1786 3570; x_wconf 91' lang='lat' dir='ltr'><strong>ad</strong></span> 
     </span>
    </p>
   </div>
   <div class='ocr_carea' id='block_1_51' title="bbox 195 3607 1786 3681">
    <p class='ocr_par' dir='ltr' id='par_1_51' title="bbox 195 3607 1786 3681">
     <span class='ocr_line' id='line_1_51' title="bbox 195 3607 1786 3681; baseline 0 -19"><span class='ocrx_word' id='word_1_380' title='bbox 195 3610 503 3681; x_wconf 84' lang='lat' dir='ltr'><strong>martyrium</strong></span> <span class='ocrx_word' id='word_1_381' title='bbox 533 3618 870 3679; x_wconf 84' lang='lat' dir='ltr'><strong>sequeretur,</strong></span> <span class='ocrx_word' id='word_1_382' title='bbox 897 3607 1002 3665; x_wconf 88' lang='lat' dir='ltr'><strong>ﬁde</strong></span> <span class='ocrx_word' id='word_1_383' title='bbox 1023 3608 1207 3674; x_wconf 82' lang='lat' dir='ltr'><strong>fultus,</strong></span> <span class='ocrx_word' id='word_1_384' title='bbox 1240 3609 1407 3662; x_wconf 89' lang='lat' dir='ltr'><strong>tristis</strong></span> <span class='ocrx_word' id='word_1_385' title='bbox 1429 3607 1644 3673; x_wconf 67' lang='lat' dir='ltr'><strong>adiectu,</strong></span> <span class='ocrx_word' id='word_1_386' title='bbox 1676 3623 1786 3663; x_wconf 89' lang='lat' dir='ltr'><strong>non</strong></span> 
     </span>
    </p>
   </div>
   <div class='ocr_carea' id='block_1_52' title="bbox 195 3699 1788 3773">
    <p class='ocr_par' dir='ltr' id='par_1_52' title="bbox 195 3699 1788 3773">
     <span class='ocr_line' id='line_1_52' title="bbox 195 3699 1788 3773; baseline 0 -18"><span class='ocrx_word' id='word_1_387' title='bbox 195 3701 306 3770; x_wconf 79' lang='lat' dir='ltr'><strong>quia</strong></span> <span class='ocrx_word' id='word_1_388' title='bbox 333 3701 431 3757; x_wconf 82' lang='lat' dir='ltr'><strong>ille</strong></span> <span class='ocrx_word' id='word_1_389' title='bbox 462 3701 790 3773; x_wconf 90' lang='lat' dir='ltr'><strong>patiebatur,</strong></span> <span class='ocrx_word' id='word_1_390' title='bbox 827 3703 924 3758; x_wconf 89' lang='lat' dir='ltr'><strong>sed</strong></span> <span class='ocrx_word' id='word_1_391' title='bbox 953 3702 1078 3772; x_wconf 90' lang='lat' dir='ltr'><strong>quia</strong></span> <span class='ocrx_word' id='word_1_392' title='bbox 1108 3702 1176 3757; x_wconf 90' lang='lat' dir='ltr'><strong>ab</strong></span> <span class='ocrx_word' id='word_1_393' title='bbox 1215 3701 1308 3758; x_wconf 94' lang='lat' dir='ltr'><strong>illo</strong></span> <span class='ocrx_word' id='word_1_394' title='bbox 1347 3702 1462 3771; x_wconf 90' lang='lat' dir='ltr'><strong>ipse</strong></span> <span class='ocrx_word' id='word_1_395' title='bbox 1498 3699 1788 3756; x_wconf 87' lang='lat' dir='ltr'><strong>desereba-</strong></span> 
     </span>
    </p>
   </div>
   <div class='ocr_carea' id='block_1_53' title="bbox 195 3791 1780 3863">
    <p class='ocr_par' dir='ltr' id='par_1_53' title="bbox 195 3791 1780 3863">
     <span class='ocr_line' id='line_1_53' title="bbox 195 3791 1780 3863; baseline 0.001 -17"><span class='ocrx_word' id='word_1_396' title='bbox 195 3799 288 3856; x_wconf 83' lang='lat' dir='ltr'><strong>tur,</strong></span> <span class='ocrx_word' id='word_1_397' title='bbox 315 3793 564 3863; x_wconf 83' lang='lat' dir='ltr'><strong>respexit</strong></span> <span class='ocrx_word' id='word_1_398' title='bbox 581 3792 908 3848; x_wconf 90' lang='lat' dir='ltr'><strong>venerabilis</strong></span> <span class='ocrx_word' id='word_1_399' title='bbox 931 3807 1096 3848; x_wconf 80' lang='lat' dir='ltr'><strong>senex</strong></span> <span class='ocrx_word' id='word_1_400' title='bbox 1118 3791 1481 3848; x_wconf 87' lang='lat' dir='ltr'><strong>venerabilem</strong></span> <span class='ocrx_word' id='word_1_401' title='bbox 1507 3792 1780 3861; x_wconf 86' lang='lat' dir='ltr'><strong>juvenem,</strong></span> 
     </span>
    </p>
   </div>
   <div class='ocr_carea' id='block_1_54' title="bbox 195 3881 1784 3956">
    <p class='ocr_par' dir='ltr' id='par_1_54' title="bbox 195 3881 1784 3956">
     <span class='ocr_line' id='line_1_54' title="bbox 195 3881 1784 3956; baseline 0.003 -19"><span class='ocrx_word' id='word_1_402' title='bbox 195 3887 244 3938; x_wconf 79' lang='lat' dir='ltr'><strong>’et</strong></span> <span class='ocrx_word' id='word_1_403' title='bbox 267 3885 339 3939; x_wconf 88' lang='lat' dir='ltr'><strong>ait</strong></span> <span class='ocrx_word' id='word_1_404' title='bbox 365 3885 490 3940; x_wconf 89' lang='lat' dir='ltr'><strong>illi:</strong></span> <span class='ocrx_word' id='word_1_405' title='bbox 537 3881 661 3941; x_wconf 78' lang='lat' dir='ltr'><strong>Noli</strong></span> <span class='ocrx_word' id='word_1_406' title='bbox 691 3900 810 3941; x_wconf 90' lang='lat' dir='ltr'><strong>esse</strong></span> <span class='ocrx_word' id='word_1_407' title='bbox 851 3885 1051 3952; x_wconf 88' lang='lat' dir='ltr'><strong>tristis,</strong></span> <span class='ocrx_word' id='word_1_408' title='bbox 1104 3885 1211 3949; x_wconf 90' lang='lat' dir='ltr'><strong>ﬁli,</strong></span> <span class='ocrx_word' id='word_1_409' title='bbox 1263 3895 1386 3956; x_wconf 90' lang='lat' dir='ltr'><strong>post</strong></span> <span class='ocrx_word' id='word_1_410' title='bbox 1415 3883 1654 3940; x_wconf 91' lang='lat' dir='ltr'><strong>triduum</strong></span> <span class='ocrx_word' id='word_1_411' title='bbox 1697 3901 1784 3941; x_wconf 90' lang='lat' dir='ltr'><strong>me</strong></span> 
     </span>
    </p>
   </div>
   <div class='ocr_carea' id='block_1_55' title="bbox 185 4017 1782 4091">
    <p class='ocr_par' dir='ltr' id='par_1_55' title="bbox 185 4017 1782 4091">
     <span class='ocr_line' id='line_1_55' title="bbox 185 4017 1782 4091; baseline 0.001 -18"><span class='ocrx_word' id='word_1_412' title='bbox 185 4019 366 4091; x_wconf 66' lang='lat' dir='ltr'><strong>nebat.</strong></span> <span class='ocrx_word' id='word_1_413' title='bbox 393 4019 607 4091; x_wconf 72' lang='lat' dir='ltr'><strong>Scribit</strong></span> <span class='ocrx_word' id='word_1_414' title='bbox 632 4020 877 4091; x_wconf 83' lang='lat' dir='ltr'><strong>Joseph.,</strong></span> <span class='ocrx_word' id='word_1_415' title='bbox 906 4020 974 4076; x_wconf 89' lang='lat' dir='ltr'><strong>de</strong></span> <span class='ocrx_word' id='word_1_416' title='bbox 1003 4019 1266 4088; x_wconf 83' lang='lat' dir='ltr'><strong>Antiquit.</strong></span> <span class='ocrx_word' id='word_1_417' title='bbox 1297 4017 1420 4077; x_wconf 77' lang='lat' dir='ltr'><strong>Jud.</strong></span> <span class='ocrx_word' id='word_1_418' title='bbox 1455 4019 1548 4075; x_wconf 90' lang='lat' dir='ltr'><strong>lib.</strong></span> <span class='ocrx_word' id='word_1_419' title='bbox 1581 4037 1635 4076; x_wconf 89' lang='lat' dir='ltr'><strong>tv</strong></span> <span class='ocrx_word' id='word_1_420' title='bbox 1663 4035 1782 4090; x_wconf 88' lang='lat' dir='ltr'><strong>cap.</strong></span> 
     </span>
    </p>
   </div>
   <div class='ocr_carea' id='block_1_56' title="bbox 197 4085 1789 4161">
    <p class='ocr_par' dir='ltr' id='par_1_56' title="bbox 197 4085 1789 4161">
     <span class='ocr_line' id='line_1_56' title="bbox 197 4085 1789 4161; baseline 0.002 -19"><span class='ocrx_word' id='word_1_421' title='bbox 197 4085 244 4153; x_wconf 88' lang='lat'><strong>8,</strong></span> <span class='ocrx_word' id='word_1_422' title='bbox 267 4085 411 4159; x_wconf 84' lang='lat' dir='ltr'><strong>quod</strong></span> <span class='ocrx_word' id='word_1_423' title='bbox 433 4093 613 4147; x_wconf 86' lang='lat' dir='ltr'><strong>stabat</strong></span> <span class='ocrx_word' id='word_1_424' title='bbox 641 4085 778 4146; x_wconf 78' lang='lat' dir='ltr'><strong>liber</strong></span> <span class='ocrx_word' id='word_1_425' title='bbox 798 4085 930 4161; x_wconf 74' lang='lat' dir='ltr'><strong>legis</strong></span> <span class='ocrx_word' id='word_1_426' title='bbox 959 4107 1127 4161; x_wconf 87' lang='lat' dir='ltr'><strong>prope</strong></span> <span class='ocrx_word' id='word_1_427' title='bbox 1151 4085 1288 4145; x_wconf 84' lang='lat' dir='ltr'><strong>latus</strong></span> <span class='ocrx_word' id='word_1_428' title='bbox 1318 4104 1486 4156; x_wconf 66' lang='lat' dir='ltr'><strong>arcte,</strong></span> <span class='ocrx_word' id='word_1_429' title='bbox 1512 4091 1604 4145; x_wconf 88' lang='lat' dir='ltr'><strong>sed</strong></span> <span class='ocrx_word' id='word_1_430' title='bbox 1637 4085 1789 4146; x_wconf 77' lang='lat' dir='ltr'><strong>extra</strong></span> 
     </span>
    </p>
   </div>
   <div class='ocr_carea' id='block_1_57' title="bbox 197 4161 1791 4232">
    <p class='ocr_par' dir='ltr' id='par_1_57' title="bbox 197 4161 1791 4232">
     <span class='ocr_line' id='line_1_57' title="bbox 197 4161 1791 4232; baseline 0.001 -18"><span class='ocrx_word' id='word_1_431' title='bbox 197 4169 246 4215; x_wconf 85' lang='lat' dir='ltr'><strong>et</strong></span> <span class='ocrx_word' id='word_1_432' title='bbox 272 4161 557 4231; x_wconf 83' lang='lat' dir='ltr'><strong>legebatur</strong></span> <span class='ocrx_word' id='word_1_433' title='bbox 587 4163 818 4232; x_wconf 89' lang='lat' dir='ltr'><strong>septimo</strong></span> <span class='ocrx_word' id='word_1_434' title='bbox 839 4175 1058 4232; x_wconf 86' lang='lat' dir='ltr'><strong>quoque</strong></span> <span class='ocrx_word' id='word_1_435' title='bbox 1101 4177 1243 4214; x_wconf 86' lang='lat' dir='ltr'><strong>anno</strong></span> <span class='ocrx_word' id='word_1_436' title='bbox 1275 4161 1326 4214; x_wconf 90' lang='lat' dir='ltr'><strong>in</strong></span> <span class='ocrx_word' id='word_1_437' title='bbox 1355 4161 1492 4214; x_wconf 82' lang='lat' dir='ltr'><strong>festo</strong></span> <span class='ocrx_word' id='word_1_438' title='bbox 1514 4161 1791 4232; x_wconf 90' lang='lat' dir='ltr'><strong>Taberna-</strong></span> 
     </span>
    </p>
   </div>
   <div class='ocr_carea' id='block_1_58' title="bbox 193 4231 1788 4316">
    <p class='ocr_par' dir='ltr' id='par_1_58' title="bbox 193 4231 1788 4316">
     <span class='ocr_line' id='line_1_58' title="bbox 193 4231 1788 4316; baseline 0 -30"><span class='ocrx_word' id='word_1_439' title='bbox 193 4232 435 4288; x_wconf 81' lang='lat' dir='ltr'><strong>culorum</strong></span> <span class='ocrx_word' id='word_1_440' title='bbox 457 4249 490 4288; x_wconf 85' lang='lat' dir='ltr'><strong>a</strong></span> <span class='ocrx_word' id='word_1_441' title='bbox 509 4231 730 4316; x_wconf 68' lang='lat' dir='ltr'><strong>summa</strong></span> <span class='ocrx_word' id='word_1_442' title='bbox 765 4231 1066 4316; x_wconf 51' lang='lat' dir='ltr'><strong>sacgrdOte.</strong></span> <span class='ocrx_word' id='word_1_443' title='bbox 1102 4233 1260 4314; x_wconf 66' lang='lat' dir='ltr'><strong>Vide,</strong></span> <span class='ocrx_word' id='word_1_444' title='bbox 1286 4233 1551 4316; x_wconf 68' lang='lat' dir='ltr'><strong>siplacet,</strong></span> <span class='ocrx_word' id='word_1_445' title='bbox 1575 4231 1631 4287; x_wconf 89' lang='lat' dir='ltr'><strong>S.</strong></span> <span class='ocrx_word' id='word_1_446' title='bbox 1659 4232 1788 4287; x_wconf 86' lang='lat' dir='ltr'><strong>Hie-</strong></span> 
     </span>
    </p>
   </div>
   <div class='ocr_carea' id='block_1_59' title="bbox 189 4301 1789 4444">
    <p class='ocr_par' dir='ltr' id='par_1_59' title="bbox 189 4301 1789 4444">
     <span class='ocr_line' id='line_1_59' title="bbox 189 4301 1482 4375; baseline -0.001 -18"><span class='ocrx_word' id='word_1_447' title='bbox 189 4317 477 4375; x_wconf 71' lang='lat' dir='ltr'><strong>ronymum</strong></span> <span class='ocrx_word' id='word_1_448' title='bbox 505 4306 560 4360; x_wconf 90' lang='lat' dir='ltr'><strong>in</strong></span> <span class='ocrx_word' id='word_1_449' title='bbox 591 4303 833 4374; x_wconf 86' lang='lat' dir='ltr'><strong>Exposit.</strong></span> <span class='ocrx_word' id='word_1_450' title='bbox 861 4303 1284 4358; x_wconf 85' lang='lat' dir='ltr'><strong>Deuternnomii.</strong></span> <span class='ocrx_word' id='word_1_451' title='bbox 1319 4301 1482 4358; x_wconf 79' lang='lat' dir='ltr'><strong>Mm.</strong></span> 
     </span>
     <span class='ocr_line' id='line_1_60' title="bbox 264 4371 1789 4444; baseline 0.001 -16"><span class='ocrx_word' id='word_1_452' title='bbox 264 4382 286 4409; x_wconf 80' lang='grc'><strong><em>³·</em></strong></span> <span class='ocrx_word' id='word_1_453' title='bbox 323 4371 495 4430; x_wconf 82' lang='lat' dir='ltr'><strong>Filios</strong></span> <span class='ocrx_word' id='word_1_454' title='bbox 515 4376 658 4430; x_wconf 89' lang='lat' dir='ltr'><strong>enim</strong></span> <span class='ocrx_word' id='word_1_455' title='bbox 692 4392 800 4444; x_wconf 84' lang='lat' dir='ltr'><strong>non</strong></span> <span class='ocrx_word' id='word_1_456' title='bbox 826 4376 1042 4440; x_wconf 89' lang='lat' dir='ltr'><strong>amisit,</strong></span> <span class='ocrx_word' id='word_1_457' title='bbox 1076 4374 1170 4428; x_wconf 88' lang='lat' dir='ltr'><strong>sed</strong></span> <span class='ocrx_word' id='word_1_458' title='bbox 1199 4375 1416 4444; x_wconf 80' lang='lat' dir='ltr'><strong>pignora</strong></span> <span class='ocrx_word' id='word_1_459' title='bbox 1446 4374 1699 4444; x_wconf 81' lang='lat' dir='ltr'><strong>prtemisit</strong></span> <span class='ocrx_word' id='word_1_460' title='bbox 1720 4374 1789 4429; x_wconf 87' lang='lat' dir='ltr'><strong>ad</strong></span> 
     </span>
    </p>
   </div>
   <div class='ocr_carea' id='block_1_60' title="bbox 198 4443 1582 4514">
    <p class='ocr_par' dir='ltr' id='par_1_60' title="bbox 198 4443 1582 4514">
     <span class='ocr_line' id='line_1_61' title="bbox 198 4443 1582 4514; baseline 0 -17"><span class='ocrx_word' id='word_1_461' title='bbox 198 4444 408 4514; x_wconf 80' lang='lat' dir='ltr'><strong>ctelttm,</strong></span> <span class='ocrx_word' id='word_1_462' title='bbox 443 4455 503 4500; x_wconf 89' lang='lat' dir='ltr'><strong>ut</strong></span> <span class='ocrx_word' id='word_1_463' title='bbox 530 4446 602 4500; x_wconf 88' lang='lat' dir='ltr'><strong>ait</strong></span> <span class='ocrx_word' id='word_1_464' title='bbox 626 4445 686 4499; x_wconf 90' lang='grc' dir='ltr'><strong>Β.</strong></span> <span class='ocrx_word' id='word_1_465' title='bbox 717 4443 1009 4514; x_wconf 83' lang='lat' dir='ltr'><strong>Gregorius</strong></span> <span class='ocrx_word' id='word_1_466' title='bbox 1030 4446 1082 4500; x_wconf 91' lang='lat' dir='ltr'><strong>in</strong></span> <span class='ocrx_word' id='word_1_467' title='bbox 1105 4443 1318 4498; x_wconf 83' lang='lat' dir='ltr'><strong>laudata</strong></span> <span class='ocrx_word' id='word_1_468' title='bbox 1343 4444 1582 4497; x_wconf 88' lang='lat' dir='ltr'><strong>bomilia.</strong></span> 
     </span>
    </p>
   </div>
   <div class='ocr_carea' id='block_1_61' title="bbox 263 4513 1789 4585">
    <p class='ocr_par' dir='ltr' id='par_1_61' title="bbox 263 4513 1789 4585">
     <span class='ocr_line' id='line_1_62' title="bbox 263 4513 1789 4585; baseline 0.001 -16"><span class='ocrx_word' id='word_1_469' title='bbox 263 4513 289 4552; x_wconf 66' lang='grc' dir='ltr'>δ</span> <span class='ocrx_word' id='word_1_470' title='bbox 327 4514 540 4570; x_wconf 87' lang='lat' dir='ltr'><strong>Laudat</strong></span> <span class='ocrx_word' id='word_1_471' title='bbox 588 4517 751 4571; x_wconf 90' lang='lat' dir='ltr'><strong>verba</strong></span> <span class='ocrx_word' id='word_1_472' title='bbox 780 4513 894 4572; x_wconf 70' lang='lat' dir='ltr'><strong>hanc</strong></span> <span class='ocrx_word' id='word_1_473' title='bbox 935 4515 1246 4572; x_wconf 81' lang='lat' dir='ltr'><strong>Ruinartius</strong></span> <span class='ocrx_word' id='word_1_474' title='bbox 1274 4514 1394 4570; x_wconf 85' lang='lat' dir='ltr'><strong>loco</strong></span> <span class='ocrx_word' id='word_1_475' title='bbox 1435 4515 1681 4585; x_wconf 89' lang='lat' dir='ltr'><strong>superius</strong></span> <span class='ocrx_word' id='word_1_476' title='bbox 1708 4515 1789 4572; x_wconf 93' lang='lat' dir='ltr'><strong>ci-</strong></span> 
     </span>
    </p>
   </div>
   <div class='ocr_carea' id='block_1_62' title="bbox 175 4585 600 4658">
    <p class='ocr_par' dir='ltr' id='par_1_62' title="bbox 175 4585 600 4658">
     <span class='ocr_line' id='line_1_63' title="bbox 175 4585 600 4658; baseline -0.009 -16"><span class='ocrx_word' id='word_1_477' title='bbox 175 4643 180 4646; x_wconf 79' lang='grc'><strong>,</strong></span> <span class='ocrx_word' id='word_1_478' title='bbox 199 4591 482 4658; x_wconf 43' lang='grc' dir='ltr'><strong>ιβιοηρδς.</strong></span> <span class='ocrx_word' id='word_1_479' title='bbox 512 4585 600 4658; x_wconf 47' lang='lat'><strong>9.5:</strong></span> 
     </span>
    </p>
   </div>
   <div class='ocr_carea' id='block_1_63' title="bbox 269 4655 918 4712">
    <p class='ocr_par' dir='ltr' id='par_1_63' title="bbox 269 4655 918 4712">
     <span class='ocr_line' id='line_1_64' title="bbox 269 4655 918 4712; baseline 0 0"><span class='ocrx_word' id='word_1_480' title='bbox 269 4667 290 4694; x_wconf 73' lang='grc' dir='ltr'>ε</span> <span class='ocrx_word' id='word_1_481' title='bbox 331 4655 470 4712; x_wconf 80' lang='lat' dir='ltr'><strong>Vide</strong></span> <span class='ocrx_word' id='word_1_482' title='bbox 493 4658 546 4711; x_wconf 90' lang='lat' dir='ltr'><strong>in</strong></span> <span class='ocrx_word' id='word_1_483' title='bbox 575 4655 918 4712; x_wconf 69' lang='lat' dir='ltr'><strong>Prasfatione.</strong></span> 
     </span>
    </p>
   </div>
   <div class='ocr_carea' id='block_1_64' title="bbox 266 4725 1789 4799">
    <p class='ocr_par' dir='ltr' id='par_1_64' title="bbox 266 4725 1789 4799">
     <span class='ocr_line' id='line_1_65' title="bbox 266 4725 1789 4799; baseline -0.001 -18"><span class='ocrx_word' id='word_1_484' title='bbox 266 4725 290 4762; x_wconf 68' lang='grc' dir='ltr'><strong>θ</strong></span> <span class='ocrx_word' id='word_1_485' title='bbox 331 4727 485 4782; x_wconf 90' lang='lat' dir='ltr'><strong>Diem</strong></span> <span class='ocrx_word' id='word_1_486' title='bbox 517 4729 872 4784; x_wconf 89' lang='lat' dir='ltr'><strong>emortualem</strong></span> <span class='ocrx_word' id='word_1_487' title='bbox 901 4733 1198 4798; x_wconf 83' lang='lat' dir='ltr'><strong>martyrum</strong></span> <span class='ocrx_word' id='word_1_488' title='bbox 1229 4727 1542 4799; x_wconf 82' lang='lat' dir='ltr'><strong>baptismum</strong></span> <span class='ocrx_word' id='word_1_489' title='bbox 1563 4726 1729 4780; x_wconf 90' lang='lat' dir='ltr'><strong>etiam</strong></span> <span class='ocrx_word' id='word_1_490' title='bbox 1758 4741 1789 4780; x_wconf 90' lang='lat' dir='ltr'><strong>a</strong></span> 
     </span>
    </p>
   </div>
   <div class='ocr_carea' id='block_1_65' title="bbox 201 4799 1786 4870">
    <p class='ocr_par' dir='ltr' id='par_1_65' title="bbox 201 4799 1786 4870">
     <span class='ocr_line' id='line_1_66' title="bbox 201 4799 1786 4870; baseline -0.001 -19"><span class='ocrx_word' id='word_1_491' title='bbox 201 4799 472 4870; x_wconf 69' lang='lat' dir='ltr'><strong>veteribus</strong></span> <span class='ocrx_word' id='word_1_492' title='bbox 510 4799 711 4854; x_wconf 90' lang='lat' dir='ltr'><strong>dictum</strong></span> <span class='ocrx_word' id='word_1_493' title='bbox 743 4799 1291 4870; x_wconf 62' lang='lat' dir='ltr'><strong>superiusinpuimus</strong></span> <span class='ocrx_word' id='word_1_494' title='bbox 1325 4799 1375 4852; x_wconf 91' lang='lat' dir='ltr'><strong>in</strong></span> <span class='ocrx_word' id='word_1_495' title='bbox 1410 4805 1593 4870; x_wconf 76' lang='lat' dir='ltr'><strong>nota__°</strong></span> <span class='ocrx_word' id='word_1_496' title='bbox 1625 4812 1786 4870; x_wconf 81' lang='lat' dir='ltr'><strong>scrin.</strong></span> 
     </span>
    </p>
   </div>
   <div class='ocr_carea' id='block_1_66' title="bbox 203 4865 1795 4942">
    <p class='ocr_par' dir='ltr' id='par_1_66' title="bbox 203 4865 1795 4942">
     <span class='ocr_line' id='line_1_67' title="bbox 203 4865 1795 4942; baseline 0.001 -22"><span class='ocrx_word' id='word_1_497' title='bbox 203 4865 321 4942; x_wconf 14' lang='lat'><strong>1373.</strong></span> <span class='ocrx_word' id='word_1_498' title='bbox 350 4865 1024 4942; x_wconf 60' lang='lat' dir='ltr'><strong>Citrysostomus,&#39;b0tttil.</strong></span> <span class='ocrx_word' id='word_1_499' title='bbox 1065 4867 1152 4942; x_wconf 70' lang='lat'><strong>75.</strong></span> <span class='ocrx_word' id='word_1_500' title='bbox 1201 4868 1247 4923; x_wconf 85' lang='lat' dir='ltr'><strong>V</strong></span> <span class='ocrx_word' id='word_1_501' title='bbox 1293 4875 1425 4923; x_wconf 90' lang='lat' dir='ltr'><strong>tom.</strong></span> <span class='ocrx_word' id='word_1_502' title='bbox 1446 4885 1463 4942; x_wconf 64' lang='grc' dir='ltr'>ξ</span> <span class='ocrx_word' id='word_1_503' title='bbox 1516 4865 1601 4920; x_wconf 88' lang='lat' dir='ltr'><strong>Ne</strong></span> <span class='ocrx_word' id='word_1_504' title='bbox 1639 4869 1795 4942; x_wconf 78' lang='lat' dir='ltr'><strong>mire-</strong></span> 
     </span>
    </p>
   </div>
   <div class='ocr_carea' id='block_1_67' title="bbox 202 4939 1797 5011">
    <p class='ocr_par' dir='ltr' id='par_1_67' title="bbox 202 4939 1797 5011">
     <span class='ocr_line' id='line_1_68' title="bbox 202 4939 1797 5011; baseline 0 -19"><span class='ocrx_word' id='word_1_505' title='bbox 202 4941 325 5011; x_wconf 68' lang='lat' dir='ltr'><strong>mini</strong></span> <span class='ocrx_word' id='word_1_506' title='bbox 345 4982 360 5003; x_wconf 94' lang='lat'><strong>,</strong></span> <span class='ocrx_word' id='word_1_507' title='bbox 404 4939 543 5011; x_wconf 81' lang='lat' dir='ltr'><strong>quod</strong></span> <span class='ocrx_word' id='word_1_508' title='bbox 573 4940 884 5009; x_wconf 79' lang='lat' dir='ltr'><strong>baptismum</strong></span> <span class='ocrx_word' id='word_1_509' title='bbox 916 4941 1200 5011; x_wconf 57' lang='lat' dir='ltr'><strong>t&#39;ocatjcrim</strong></span> <span class='ocrx_word' id='word_1_510' title='bbox 1238 4939 1797 5011; x_wconf 12' lang='lat' dir='ltr'><strong>martyrium;7elcnim</strong></span> 
     </span>
    </p>
   </div>
   <div class='ocr_carea' id='block_1_68' title="bbox 204 5008 1794 5093">
    <p class='ocr_par' dir='ltr' id='par_1_68' title="bbox 204 5008 1794 5093">
     <span class='ocr_line' id='line_1_69' title="bbox 204 5008 1794 5093; baseline -0.001 -30"><span class='ocrx_word' id='word_1_511' title='bbox 204 5010 280 5093; x_wconf 77' lang='lat' dir='ltr'><strong>hic</strong></span> <span class='ocrx_word' id='word_1_512' title='bbox 329 5008 554 5093; x_wconf 67' lang='lat' dir='ltr'><strong>spiritus</strong></span> <span class='ocrx_word' id='word_1_513' title='bbox 587 5008 744 5093; x_wconf 66' lang='lat' dir='ltr'><strong>etiam</strong></span> <span class='ocrx_word' id='word_1_514' title='bbox 773 5013 976 5082; x_wconf 77' lang='lat' dir='ltr'><strong>copiose</strong></span> <span class='ocrx_word' id='word_1_515' title='bbox 997 5009 1182 5093; x_wconf 83' lang='lat' dir='ltr'><strong>adest,</strong></span> <span class='ocrx_word' id='word_1_516' title='bbox 1205 5020 1255 5064; x_wconf 89' lang='lat' dir='ltr'><strong>et</strong></span> <span class='ocrx_word' id='word_1_517' title='bbox 1284 5008 1492 5093; x_wconf 71' lang='lat' dir='ltr'><strong>peccata</strong></span> <span class='ocrx_word' id='word_1_518' title='bbox 1526 5008 1794 5093; x_wconf 62' lang='lat' dir='ltr'><strong>(pilantur,</strong></span> 
     </span>
    </p>
   </div>
   <div class='ocr_carea' id='block_1_69' title="bbox 204 5080 1800 5154">
    <p class='ocr_par' dir='ltr' id='par_1_69' title="bbox 204 5080 1800 5154">
     <span class='ocr_line' id='line_1_70' title="bbox 204 5080 1800 5154; baseline 0.001 -21"><span class='ocrx_word' id='word_1_519' title='bbox 204 5091 249 5154; x_wconf 64' lang='lat' dir='ltr'><strong>et</strong></span> <span class='ocrx_word' id='word_1_520' title='bbox 275 5080 454 5154; x_wconf 85' lang='lat' dir='ltr'><strong>anima</strong></span> <span class='ocrx_word' id='word_1_521' title='bbox 483 5082 790 5137; x_wconf 81' lang='lat' dir='ltr'><strong>mirabiliter</strong></span> <span class='ocrx_word' id='word_1_522' title='bbox 818 5080 1104 5152; x_wconf 83' lang='lat' dir='ltr'><strong>purgatur:</strong></span> <span class='ocrx_word' id='word_1_523' title='bbox 1131 5091 1182 5154; x_wconf 86' lang='lat' dir='ltr'><strong>et</strong></span> <span class='ocrx_word' id='word_1_524' title='bbox 1221 5080 1648 5154; x_wconf 83' lang='lat' dir='ltr'><strong>quemadmodum</strong></span> <span class='ocrx_word' id='word_1_525' title='bbox 1667 5121 1681 5144; x_wconf 90' lang='lat'><strong>,</strong></span> <span class='ocrx_word' id='word_1_526' title='bbox 1713 5081 1800 5151; x_wconf 82' lang='lat' dir='ltr'><strong>qui</strong></span> 
     </span>
    </p>
   </div>
   <div class='ocr_carea' id='block_1_70' title="bbox 205 5150 1802 5226">
    <p class='ocr_par' dir='ltr' id='par_1_70' title="bbox 205 5150 1802 5226">
     <span class='ocr_line' id='line_1_71' title="bbox 205 5150 1802 5226; baseline 0.001 -23"><span class='ocrx_word' id='word_1_527' title='bbox 205 5150 533 5226; x_wconf 80' lang='lat' dir='ltr'><strong>baptizantur</strong></span> <span class='ocrx_word' id='word_1_528' title='bbox 554 5155 720 5226; x_wconf 80' lang='lat' dir='ltr'><strong>aquis,</strong></span> <span class='ocrx_word' id='word_1_529' title='bbox 743 5150 826 5208; x_wconf 50' lang='lat' dir='ltr'><strong>ita&#39;</strong></span> <span class='ocrx_word' id='word_1_530' title='bbox 841 5150 930 5225; x_wconf 80' lang='lat' dir='ltr'><strong>qui</strong></span> <span class='ocrx_word' id='word_1_531' title='bbox 948 5150 1454 5226; x_wconf 53' lang='lat' dir='ltr'><strong>martyriicoronam</strong></span> <span class='ocrx_word' id='word_1_532' title='bbox 1481 5150 1802 5222; x_wconf 83' lang='lat' dir='ltr'><strong>consequun-</strong></span> 
     </span>
    </p>
   </div>
   <div class='ocr_carea' id='block_1_71' title="bbox 207 5221 1802 5295">
    <p class='ocr_par' dir='ltr' id='par_1_71' title="bbox 207 5221 1802 5295">
     <span class='ocr_line' id='line_1_72' title="bbox 207 5221 1802 5295; baseline 0.001 -20"><span class='ocrx_word' id='word_1_533' title='bbox 207 5229 285 5295; x_wconf 81' lang='lat' dir='ltr'><strong>tur</strong></span> <span class='ocrx_word' id='word_1_534' title='bbox 312 5225 526 5293; x_wconf 87' lang='lat' dir='ltr'><strong>praprio</strong></span> <span class='ocrx_word' id='word_1_535' title='bbox 555 5221 793 5280; x_wconf 77' lang='lat' dir='ltr'><strong>lavantur</strong></span> <span class='ocrx_word' id='word_1_536' title='bbox 824 5221 1103 5295; x_wconf 67' lang='lat' dir='ltr'><strong>sanguine.</strong></span> <span class='ocrx_word' id='word_1_537' title='bbox 1137 5221 1273 5295; x_wconf 70' lang='lat' dir='ltr'><strong>Hoc</strong></span> <span class='ocrx_word' id='word_1_538' title='bbox 1301 5222 1463 5295; x_wconf 84' lang='lat' dir='ltr'><strong>etiam</strong></span> <span class='ocrx_word' id='word_1_539' title='bbox 1503 5221 1680 5295; x_wconf 63' lang='lat' dir='ltr'><strong>sensu</strong></span> <span class='ocrx_word' id='word_1_540' title='bbox 1697 5237 1802 5276; x_wconf 91' lang='lat' dir='ltr'><strong>vox</strong></span> 
     </span>
    </p>
   </div>
   <div class='ocr_carea' id='block_1_72' title="bbox 207 5289 1800 5368">
    <p class='ocr_par' dir='ltr' id='par_1_72' title="bbox 207 5289 1800 5368">
     <span class='ocr_line' id='line_1_73' title="bbox 207 5289 1800 5368; baseline -0.003 -18"><span class='ocrx_word' id='word_1_541' title='bbox 207 5289 476 5368; x_wconf 56' lang='lat' dir='ltr'><strong>56:15er</strong></span> <span class='ocrx_word' id='word_1_542' title='bbox 496 5296 638 5350; x_wconf 87' lang='lat' dir='ltr'><strong>sumi</strong></span> <span class='ocrx_word' id='word_1_543' title='bbox 658 5289 1150 5368; x_wconf 61' lang='lat' dir='ltr'><strong>detnorte&#39;Christi</strong></span> <span class='ocrx_word' id='word_1_544' title='bbox 1175 5293 1365 5368; x_wconf 74' lang='lat' dir='ltr'><strong>Matth.</strong></span> <span class='ocrx_word' id='word_1_545' title='bbox 1389 5308 1480 5359; x_wconf 89' lang='lat' dir='ltr'><strong>xx,</strong></span> <span class='ocrx_word' id='word_1_546' title='bbox 1504 5289 1602 5358; x_wconf 67' lang='lat'><strong>22;</strong></span> <span class='ocrx_word' id='word_1_547' title='bbox 1631 5290 1800 5368; x_wconf 78' lang='lat' dir='ltr'><strong>Marc.</strong></span> 
     </span>
    </p>
   </div>
   <div class='ocr_carea' id='block_1_73' title="bbox 205 5362 1802 5436">
    <p class='ocr_par' dir='ltr' id='par_1_73' title="bbox 205 5362 1802 5436">
     <span class='ocr_line' id='line_1_74' title="bbox 205 5362 1802 5436; baseline 0 -19"><span class='ocrx_word' id='word_1_548' title='bbox 205 5362 569 5436; x_wconf 22' lang='lat' dir='ltr'><strong>&#39;x,A&#39;58;Lue:e</strong></span> <span class='ocrx_word' id='word_1_549' title='bbox 595 5381 698 5436; x_wconf 84' lang='lat' dir='ltr'><strong>xu,</strong></span> <span class='ocrx_word' id='word_1_550' title='bbox 733 5363 820 5436; x_wconf 50' lang='grc' dir='ltr'><strong>δέ),</strong></span> <span class='ocrx_word' id='word_1_551' title='bbox 855 5374 1007 5420; x_wconf 85' lang='lat' dir='ltr'><strong>notat</strong></span> <span class='ocrx_word' id='word_1_552' title='bbox 1043 5363 1186 5420; x_wconf 90' lang='lat' dir='ltr'><strong>idem</strong></span> <span class='ocrx_word' id='word_1_553' title='bbox 1219 5363 1666 5436; x_wconf 72' lang='lat' dir='ltr'><strong>Chrysostomus,</strong></span> <span class='ocrx_word' id='word_1_554' title='bbox 1698 5362 1802 5436; x_wconf 81' lang='lat' dir='ltr'><strong>lto-</strong></span> 
     </span>
    </p>
   </div>
   <div class='ocr_carea' id='block_1_74' title="bbox 207 5432 1799 5562">
    <p class='ocr_par' dir='ltr' id='par_1_74' title="bbox 207 5432 1799 5562">
     <span class='ocr_line' id='line_1_75' title="bbox 207 5432 1799 5562; baseline -0.003 -71"><span class='ocrx_word' id='word_1_555' title='bbox 207 5434 318 5562; x_wconf 48' lang='grc' dir='ltr'><strong>ῐιξιὲἓ</strong></span> <span class='ocrx_word' id='word_1_556' title='bbox 359 5435 702 5562; x_wconf 37' lang='lat' dir='ltr'><strong>fatum.“</strong></span> <span class='ocrx_word' id='word_1_557' title='bbox 745 5435 1184 5508; x_wconf 87' lang='lat' dir='ltr'><strong>Theophylactus</strong></span> <span class='ocrx_word' id='word_1_558' title='bbox 1223 5434 1278 5490; x_wconf 90' lang='lat' dir='ltr'><strong>in</strong></span> <span class='ocrx_word' id='word_1_559' title='bbox 1322 5432 1445 5506; x_wconf 80' lang='lat' dir='ltr'><strong>cap.</strong></span> <span class='ocrx_word' id='word_1_560' title='bbox 1490 5449 1562 5488; x_wconf 87' lang='lat' dir='ltr'><strong>xx</strong></span> <span class='ocrx_word' id='word_1_561' title='bbox 1610 5432 1799 5488; x_wconf 80' lang='lat' dir='ltr'><strong>Matth.</strong></span> 
     </span>
    </p>
   </div>
   <div class='ocr_carea' id='block_1_75' title="bbox 209 5517 1802 5646">
    <p class='ocr_par' dir='ltr' id='par_1_75' title="bbox 209 5517 1802 5646">
     <span class='ocr_line' id='line_1_76' title="bbox 209 5517 1802 5646; baseline -0.003 -14"><span class='ocrx_word' id='word_1_562' title='bbox 209 5517 580 5635; x_wconf 34' lang='lat' dir='ltr'><strong>mitigant</strong></span> <span class='ocrx_word' id='word_1_563' title='bbox 598 5579 767 5636; x_wconf 89' lang='lat' dir='ltr'><strong>verba</strong></span> <span class='ocrx_word' id='word_1_564' title='bbox 796 5579 912 5635; x_wconf 75' lang='lat' dir='ltr'><strong>hzec</strong></span> <span class='ocrx_word' id='word_1_565' title='bbox 953 5575 1299 5646; x_wconf 82' lang='lat' dir='ltr'><strong>Ruinartius,</strong></span> <span class='ocrx_word' id='word_1_566' title='bbox 1331 5576 1387 5631; x_wconf 91' lang='lat' dir='ltr'><strong>in</strong></span> <span class='ocrx_word' id='word_1_567' title='bbox 1423 5574 1571 5630; x_wconf 82' lang='lat' dir='ltr'><strong>Actis</strong></span> <span class='ocrx_word' id='word_1_568' title='bbox 1597 5533 1802 5646; x_wconf 70' lang='lat' dir='ltr'><strong>Marty-</strong></span> 
     </span>
    </p>
   </div>
   <div class='ocr_carea' id='block_1_76' title="bbox 211 5645 1797 5719">
    <p class='ocr_par' dir='ltr' id='par_1_76' title="bbox 211 5645 1797 5719">
     <span class='ocr_line' id='line_1_77' title="bbox 211 5645 1797 5719; baseline -0.003 -16"><span class='ocrx_word' id='word_1_569' title='bbox 211 5664 349 5719; x_wconf 79' lang='lat' dir='ltr'><strong>rum,</strong></span> <span class='ocrx_word' id='word_1_570' title='bbox 377 5651 441 5707; x_wconf 85' lang='lat' dir='ltr'><strong>de</strong></span> <span class='ocrx_word' id='word_1_571' title='bbox 480 5650 536 5706; x_wconf 90' lang='lat' dir='ltr'><strong>S.</strong></span> <span class='ocrx_word' id='word_1_572' title='bbox 585 5649 898 5712; x_wconf 88' lang='lat' dir='ltr'><strong>Laurentio,</strong></span> <span class='ocrx_word' id='word_1_573' title='bbox 931 5663 1051 5719; x_wconf 86' lang='lat' dir='ltr'><strong>pag.</strong></span> <span class='ocrx_word' id='word_1_574' title='bbox 1087 5645 1210 5702; x_wconf 76' lang='lat'><strong>188.</strong></span> <span class='ocrx_word' id='word_1_575' title='bbox 1276 5646 1606 5719; x_wconf 82' lang='lat' dir='ltr'><strong>Augustinus</strong></span> <span class='ocrx_word' id='word_1_576' title='bbox 1621 5645 1797 5719; x_wconf 83' lang='lat' dir='ltr'><strong>_serm.</strong></span> 
     </span>
    </p>
   </div>
   <div class='ocr_carea' id='block_1_77' title="bbox 211 5715 1800 5791">
    <p class='ocr_par' dir='ltr' id='par_1_77' title="bbox 211 5715 1800 5791">
     <span class='ocr_line' id='line_1_78' title="bbox 211 5715 1800 5791; baseline -0.004 -17"><span class='ocrx_word' id='word_1_577' title='bbox 211 5715 317 5774; x_wconf 76' lang='lat'><strong>305</strong></span> <span class='ocrx_word' id='word_1_578' title='bbox 336 5737 483 5778; x_wconf 71' lang='lat' dir='ltr'><strong>nevze</strong></span> <span class='ocrx_word' id='word_1_579' title='bbox 504 5722 758 5779; x_wconf 89' lang='lat' dir='ltr'><strong>editionis</strong></span> <span class='ocrx_word' id='word_1_580' title='bbox 784 5741 795 5774; x_wconf 94' lang='lat'><strong>:</strong></span> <span class='ocrx_word' id='word_1_581' title='bbox 825 5715 1116 5791; x_wconf 46' lang='lat' dir='ltr'><strong>Qua-utnon</strong></span> <span class='ocrx_word' id='word_1_582' title='bbox 1145 5728 1309 5791; x_wconf 79' lang='lat' dir='ltr'><strong>potest</strong></span> <span class='ocrx_word' id='word_1_583' title='bbox 1340 5715 1584 5791; x_wconf 75' lang='lat' dir='ltr'><strong>abscondi</strong></span> <span class='ocrx_word' id='word_1_584' title='bbox 1613 5715 1800 5791; x_wconf 72' lang='lat' dir='ltr'><strong>Roma,</strong></span> 
     </span>
    </p>
   </div>
   <div class='ocr_carea' id='block_1_78' title="bbox 215 5787 1802 5864">
    <p class='ocr_par' dir='ltr' id='par_1_78' title="bbox 215 5787 1802 5864">
     <span class='ocr_line' id='line_1_79' title="bbox 215 5787 1802 5864; baseline -0.004 -21"><span class='ocrx_word' id='word_1_585' title='bbox 215 5800 323 5844; x_wconf 82' lang='lat' dir='ltr'><strong>tam</strong></span> <span class='ocrx_word' id='word_1_586' title='bbox 357 5808 453 5847; x_wconf 88' lang='lat' dir='ltr'><strong>non</strong></span> <span class='ocrx_word' id='word_1_587' title='bbox 495 5804 660 5864; x_wconf 82' lang='lat' dir='ltr'><strong>potest</strong></span> <span class='ocrx_word' id='word_1_588' title='bbox 701 5792 947 5847; x_wconf 83' lang='lat' dir='ltr'><strong>abscondi</strong></span> <span class='ocrx_word' id='word_1_589' title='bbox 991 5787 1260 5864; x_wconf 80' lang='lat' dir='ltr'><strong>Laurentii</strong></span> <span class='ocrx_word' id='word_1_590' title='bbox 1284 5807 1506 5864; x_wconf 58' lang='lat' dir='ltr'><strong>forona.</strong></span> <span class='ocrx_word' id='word_1_591' title='bbox 1549 5788 1658 5864; x_wconf 73' lang='lat' dir='ltr'><strong>Leo</strong></span> <span class='ocrx_word' id='word_1_592' title='bbox 1689 5787 1802 5840; x_wconf 74' lang='lat' dir='ltr'><strong>Ma-</strong></span> 
     </span>
    </p>
   </div>
   <div class='ocr_carea' id='block_1_79' title="bbox 215 5860 1806 5940">
    <p class='ocr_par' dir='ltr' id='par_1_79' title="bbox 215 5860 1806 5940">
     <span class='ocr_line' id='line_1_80' title="bbox 215 5860 1806 5940; baseline -0.003 -24"><span class='ocrx_word' id='word_1_593' title='bbox 215 5869 367 5940; x_wconf 63' lang='lat' dir='ltr'><strong>gnus,</strong></span> <span class='ocrx_word' id='word_1_594' title='bbox 397 5865 447 5919; x_wconf 91' lang='lat' dir='ltr'><strong>in</strong></span> <span class='ocrx_word' id='word_1_595' title='bbox 469 5860 631 5920; x_wconf 84' lang='lat' dir='ltr'><strong>serm.</strong></span> <span class='ocrx_word' id='word_1_596' title='bbox 667 5864 734 5919; x_wconf 88' lang='lat' dir='ltr'><strong>de</strong></span> <span class='ocrx_word' id='word_1_597' title='bbox 772 5864 874 5918; x_wconf 87' lang='lat' dir='ltr'><strong>hoc</strong></span> <span class='ocrx_word' id='word_1_598' title='bbox 902 5871 1090 5918; x_wconf 84' lang='lat' dir='ltr'><strong>sancto</strong></span> <span class='ocrx_word' id='word_1_599' title='bbox 1127 5863 1232 5917; x_wconf 89' lang='lat' dir='ltr'><strong>ait:</strong></span> <span class='ocrx_word' id='word_1_600' title='bbox 1270 5860 1436 5927; x_wconf 82' lang='lat' dir='ltr'><strong>Quam</strong></span> <span class='ocrx_word' id='word_1_601' title='bbox 1460 5861 1806 5932; x_wconf 79' lang='lat' dir='ltr'><strong>clariﬁcatam</strong></span> 
     </span>
    </p>
   </div>
   <div class='ocr_carea' id='block_1_80' title="bbox 1888 1945 3486 2025">
    <p class='ocr_par' dir='ltr' id='par_1_80' title="bbox 1888 1945 3486 2025">
     <span class='ocr_line' id='line_1_81' title="bbox 1888 1945 3486 2025; baseline -0.006 -14"><span class='ocrx_word' id='word_1_602' title='bbox 1888 1964 2046 2022; x_wconf 87' lang='lat' dir='ltr'><strong>sunt,</strong></span> <span class='ocrx_word' id='word_1_603' title='bbox 2093 1955 2293 2025; x_wconf 90' lang='lat' dir='ltr'><strong>inquit,</strong></span> <span class='ocrx_word' id='word_1_604' title='bbox 2327 1953 2584 2008; x_wconf 82' lang='lat' dir='ltr'><strong>Ecclesiae</strong></span> <span class='ocrx_word' id='word_1_605' title='bbox 2624 1951 2925 2008; x_wconf 78' lang='lat' dir='ltr'><strong>facultates.</strong></span> <span class='ocrx_word' id='word_1_606' title='bbox 2971 1949 3166 2004; x_wconf 84' lang='lat' dir='ltr'><strong>Verum</strong></span> <span class='ocrx_word' id='word_1_607' title='bbox 3191 1948 3356 2012; x_wconf 85' lang='lat' dir='ltr'><strong>dixit,</strong></span> <span class='ocrx_word' id='word_1_608' title='bbox 3387 1945 3486 2002; x_wconf 90' lang='lat' dir='ltr'><strong>sed</strong></span> 
     </span>
    </p>
   </div>
   <div class='ocr_carea' id='block_1_81' title="bbox 1890 2037 3486 2113">
    <p class='ocr_par' dir='ltr' id='par_1_81' title="bbox 1890 2037 3486 2113">
     <span class='ocr_line' id='line_1_82' title="bbox 1890 2037 3486 2113; baseline -0.007 -11"><span class='ocrx_word' id='word_1_609' title='bbox 1890 2063 2156 2104; x_wconf 90' lang='lat' dir='ltr'><strong>amarum.</strong></span> <span class='ocrx_word' id='word_1_610' title='bbox 2186 2045 2325 2113; x_wconf 83' lang='lat' dir='ltr'><strong>Quid</strong></span> <span class='ocrx_word' id='word_1_611' title='bbox 2355 2055 2534 2099; x_wconf 90' lang='lat' dir='ltr'><strong>autem</strong></span> <span class='ocrx_word' id='word_1_612' title='bbox 2562 2043 2778 2108; x_wconf 89' lang='lat' dir='ltr'><strong>mirum,</strong></span> <span class='ocrx_word' id='word_1_613' title='bbox 2799 2044 2846 2097; x_wconf 89' lang='lat' dir='ltr'><strong>si</strong></span> <span class='ocrx_word' id='word_1_614' title='bbox 2871 2042 3076 2096; x_wconf 88' lang='lat' dir='ltr'><strong>veritas</strong></span> <span class='ocrx_word' id='word_1_615' title='bbox 3095 2041 3247 2095; x_wconf 85' lang='lat' dir='ltr'><strong>auxit</strong></span> <span class='ocrx_word' id='word_1_616' title='bbox 3265 2037 3486 2096; x_wconf 74' lang='lat' dir='ltr'><strong>odium?</strong></span> 
     </span>
    </p>
   </div>
   <div class='ocr_carea' id='block_1_82' title="bbox 1885 2127 3487 2208">
    <p class='ocr_par' dir='ltr' id='par_1_82' title="bbox 1885 2127 3487 2208">
     <span class='ocr_line' id='line_1_83' title="bbox 1885 2127 3487 2208; baseline -0.007 -12"><span class='ocrx_word' id='word_1_617' title='bbox 1885 2140 2106 2196; x_wconf 85' lang='lat' dir='ltr'><strong>lrrisnm</strong></span> <span class='ocrx_word' id='word_1_618' title='bbox 2129 2155 2189 2195; x_wconf 90' lang='lat' dir='ltr'><strong>se</strong></span> <span class='ocrx_word' id='word_1_619' title='bbox 2213 2140 2409 2194; x_wconf 89' lang='lat' dir='ltr'><strong>dolens</strong></span> <span class='ocrx_word' id='word_1_620' title='bbox 2436 2137 2671 2192; x_wconf 85' lang='lat' dir='ltr'><strong>crudelis</strong></span> <span class='ocrx_word' id='word_1_621' title='bbox 2698 2144 2959 2208; x_wconf 82' lang='lat' dir='ltr'><strong>tyrannus</strong></span> <span class='ocrx_word' id='word_1_622' title='bbox 2985 2142 3042 2188; x_wconf 90' lang='lat' dir='ltr'><strong>et</strong></span> <span class='ocrx_word' id='word_1_623' title='bbox 3070 2146 3264 2186; x_wconf 88' lang='lat' dir='ltr'><strong>avarus</strong></span> <span class='ocrx_word' id='word_1_624' title='bbox 3302 2127 3487 2185; x_wconf 90' lang='lat' dir='ltr'><strong>inimi-</strong></span> 
     </span>
    </p>
   </div>
   <div class='ocr_carea' id='block_1_83' title="bbox 1889 2219 3486 2301">
    <p class='ocr_par' dir='ltr' id='par_1_83' title="bbox 1889 2219 3486 2301">
     <span class='ocr_line' id='line_1_84' title="bbox 1889 2219 3486 2301; baseline -0.008 -12"><span class='ocrx_word' id='word_1_625' title='bbox 1889 2247 2003 2296; x_wconf 91' lang='lat' dir='ltr'><strong>cus,</strong></span> <span class='ocrx_word' id='word_1_626' title='bbox 2045 2231 2138 2301; x_wconf 89' lang='lat' dir='ltr'><strong>qui</strong></span> <span class='ocrx_word' id='word_1_627' title='bbox 2177 2230 2318 2286; x_wconf 86' lang='lat' dir='ltr'><strong>forte</strong></span> <span class='ocrx_word' id='word_1_628' title='bbox 2365 2230 2636 2284; x_wconf 85' lang='lat' dir='ltr'><strong>mitiorem</strong></span> <span class='ocrx_word' id='word_1_629' title='bbox 2679 2239 2896 2297; x_wconf 68' lang='lat' dir='ltr'><strong>prunam</strong></span> <span class='ocrx_word' id='word_1_630' title='bbox 2934 2224 3296 2292; x_wconf 82' lang='lat' dir='ltr'><strong>cogitaverat,</strong></span> <span class='ocrx_word' id='word_1_631' title='bbox 3341 2219 3486 2277; x_wconf 85' lang='lat' dir='ltr'><strong>ferro</strong></span> 
     </span>
    </p>
   </div>
   <div class='ocr_carea' id='block_1_84' title="bbox 1887 2313 3490 2391">
    <p class='ocr_par' dir='ltr' id='par_1_84' title="bbox 1887 2313 3490 2391">
     <span class='ocr_line' id='line_1_85' title="bbox 1887 2313 3490 2391; baseline -0.009 -10"><span class='ocrx_word' id='word_1_632' title='bbox 1887 2323 2197 2381; x_wconf 89' lang='lat' dir='ltr'><strong>interﬁcere</strong></span> <span class='ocrx_word' id='word_1_633' title='bbox 2247 2321 2613 2377; x_wconf 88' lang='lat' dir='ltr'><strong>venerabilem</strong></span> <span class='ocrx_word' id='word_1_634' title='bbox 2663 2319 2949 2391; x_wconf 85' lang='lat' dir='ltr'><strong>juvenem,</strong></span> <span class='ocrx_word' id='word_1_635' title='bbox 3003 2314 3189 2387; x_wconf 88' lang='lat' dir='ltr'><strong>parari</strong></span> <span class='ocrx_word' id='word_1_636' title='bbox 3243 2313 3490 2368; x_wconf 79' lang='lat' dir='ltr'><strong>ﬂammas</strong></span> 
     </span>
    </p>
   </div>
   <div class='ocr_carea' id='block_1_85' title="bbox 1885 2404 3489 2488">
    <p class='ocr_par' dir='ltr' id='par_1_85' title="bbox 1885 2404 3489 2488">
     <span class='ocr_line' id='line_1_86' title="bbox 1885 2404 3489 2488; baseline -0.007 -16"><span class='ocrx_word' id='word_1_637' title='bbox 1885 2417 2177 2488; x_wconf 74' lang='lat' dir='ltr'><strong>prmcepit;</strong></span> <span class='ocrx_word' id='word_1_638' title='bbox 2233 2415 2356 2486; x_wconf 83' lang='lat' dir='ltr'><strong>plus</strong></span> <span class='ocrx_word' id='word_1_639' title='bbox 2409 2413 2636 2469; x_wconf 85' lang='lat' dir='ltr'><strong>ardebat</strong></span> <span class='ocrx_word' id='word_1_640' title='bbox 2686 2425 2850 2481; x_wconf 92' lang='lat' dir='ltr'><strong>quam</strong></span> <span class='ocrx_word' id='word_1_641' title='bbox 2903 2410 3132 2471; x_wconf 87' lang='lat' dir='ltr'><strong>urebat;</strong></span> <span class='ocrx_word' id='word_1_642' title='bbox 3189 2407 3380 2462; x_wconf 90' lang='lat' dir='ltr'><strong>urebat</strong></span> <span class='ocrx_word' id='word_1_643' title='bbox 3430 2404 3489 2461; x_wconf 91' lang='lat' dir='ltr'><strong>in</strong></span> 
     </span>
    </p>
   </div>
   <div class='ocr_carea' id='block_1_86' title="bbox 1889 2500 3490 2574">
    <p class='ocr_par' dir='ltr' id='par_1_86' title="bbox 1889 2500 3490 2574">
     <span class='ocr_line' id='line_1_87' title="bbox 1889 2500 3490 2574; baseline -0.006 -10"><span class='ocrx_word' id='word_1_644' title='bbox 1889 2523 2073 2573; x_wconf 90' lang='lat' dir='ltr'><strong>carne,</strong></span> <span class='ocrx_word' id='word_1_645' title='bbox 2101 2506 2328 2563; x_wconf 88' lang='lat' dir='ltr'><strong>ardebat</strong></span> <span class='ocrx_word' id='word_1_646' title='bbox 2367 2506 2422 2561; x_wconf 88' lang='lat' dir='ltr'><strong>in</strong></span> <span class='ocrx_word' id='word_1_647' title='bbox 2463 2504 2646 2561; x_wconf 90' lang='lat' dir='ltr'><strong>corde.</strong></span> <span class='ocrx_word' id='word_1_648' title='bbox 2687 2502 3021 2574; x_wconf 88' lang='lat' dir='ltr'><strong>Supplicium</strong></span> <span class='ocrx_word' id='word_1_649' title='bbox 3052 2500 3171 2570; x_wconf 81' lang='lat' dir='ltr'><strong>ejus</strong></span> <span class='ocrx_word' id='word_1_650' title='bbox 3192 2508 3343 2554; x_wconf 89' lang='lat' dir='ltr'><strong>tanta</strong></span> <span class='ocrx_word' id='word_1_651' title='bbox 3370 2505 3490 2555; x_wconf 85' lang='lat' dir='ltr'><strong>erat</strong></span> 
     </span>
    </p>
   </div>
   <div class='ocr_carea' id='block_1_87' title="bbox 1887 2589 3485 2670">
    <p class='ocr_par' dir='ltr' id='par_1_87' title="bbox 1887 2589 3485 2670">
     <span class='ocr_line' id='line_1_88' title="bbox 1887 2589 3485 2670; baseline -0.008 -14"><span class='ocrx_word' id='word_1_652' title='bbox 1887 2601 2138 2670; x_wconf 88' lang='lat' dir='ltr'><strong>gravius,</strong></span> <span class='ocrx_word' id='word_1_653' title='bbox 2183 2608 2386 2670; x_wconf 90' lang='lat' dir='ltr'><strong>quanto</strong></span> <span class='ocrx_word' id='word_1_654' title='bbox 2423 2597 2669 2653; x_wconf 89' lang='lat' dir='ltr'><strong>interius.</strong></span> <span class='ocrx_word' id='word_1_655' title='bbox 2711 2595 2862 2651; x_wconf 88' lang='lat' dir='ltr'><strong>Tunc</strong></span> <span class='ocrx_word' id='word_1_656' title='bbox 2890 2595 3071 2650; x_wconf 87' lang='lat' dir='ltr'><strong>oblata</strong></span> <span class='ocrx_word' id='word_1_657' title='bbox 3100 2601 3184 2648; x_wconf 90' lang='lat' dir='ltr'><strong>est</strong></span> <span class='ocrx_word' id='word_1_658' title='bbox 3211 2589 3485 2657; x_wconf 87' lang='lat' dir='ltr'><strong>torrenda,</strong></span> 
     </span>
    </p>
   </div>
   <div class='ocr_carea' id='block_1_88' title="bbox 1888 2683 3490 2759">
    <p class='ocr_par' dir='ltr' id='par_1_88' title="bbox 1888 2683 3490 2759">
     <span class='ocr_line' id='line_1_89' title="bbox 1888 2683 3490 2759; baseline -0.006 -11"><span class='ocrx_word' id='word_1_659' title='bbox 1888 2701 1945 2748; x_wconf 90' lang='lat' dir='ltr'><strong>et</strong></span> <span class='ocrx_word' id='word_1_660' title='bbox 1971 2699 2031 2747; x_wconf 92' lang='lat' dir='ltr'><strong>ut</strong></span> <span class='ocrx_word' id='word_1_661' title='bbox 2071 2692 2252 2748; x_wconf 89' lang='lat' dir='ltr'><strong>verius</strong></span> <span class='ocrx_word' id='word_1_662' title='bbox 2289 2691 2499 2756; x_wconf 90' lang='lat' dir='ltr'><strong>dicam,</strong></span> <span class='ocrx_word' id='word_1_663' title='bbox 2548 2689 2779 2746; x_wconf 86' lang='lat' dir='ltr'><strong>assanda</strong></span> <span class='ocrx_word' id='word_1_664' title='bbox 2817 2687 3078 2759; x_wconf 82' lang='lat' dir='ltr'><strong>martyrio</strong></span> <span class='ocrx_word' id='word_1_665' title='bbox 3106 2683 3138 2723; x_wconf 74' lang='grc' dir='ltr'>ιι</span> <span class='ocrx_word' id='word_1_666' title='bbox 3163 2683 3360 2739; x_wconf 90' lang='lat' dir='ltr'><strong>nobilis</strong></span> <span class='ocrx_word' id='word_1_667' title='bbox 3395 2683 3490 2739; x_wconf 89' lang='lat' dir='ltr'><strong>illa</strong></span> 
     </span>
    </p>
   </div>
   <div class='ocr_carea' id='block_1_89' title="bbox 1889 2775 3490 2846">
    <p class='ocr_par' dir='ltr' id='par_1_89' title="bbox 1889 2775 3490 2846">
     <span class='ocr_line' id='line_1_90' title="bbox 1889 2775 3490 2846; baseline -0.006 -8"><span class='ocrx_word' id='word_1_668' title='bbox 1889 2783 2166 2846; x_wconf 87' lang='lat' dir='ltr'><strong>Laurentii</strong></span> <span class='ocrx_word' id='word_1_669' title='bbox 2193 2780 2450 2838; x_wconf 90' lang='lat' dir='ltr'><strong>craticula</strong></span> <span class='ocrx_word' id='word_1_670' title='bbox 2483 2799 2497 2836; x_wconf 88' lang='lat'><strong>:</strong></span> <span class='ocrx_word' id='word_1_671' title='bbox 2541 2782 2793 2837; x_wconf 87' lang='lat' dir='ltr'><strong>astrictus</strong></span> <span class='ocrx_word' id='word_1_672' title='bbox 2817 2788 2902 2835; x_wconf 89' lang='lat' dir='ltr'><strong>est</strong></span> <span class='ocrx_word' id='word_1_673' title='bbox 2931 2778 3094 2841; x_wconf 83' lang='lat' dir='ltr'><strong>ferro,</strong></span> <span class='ocrx_word' id='word_1_674' title='bbox 3122 2776 3220 2831; x_wconf 88' lang='lat' dir='ltr'><strong>sed</strong></span> <span class='ocrx_word' id='word_1_675' title='bbox 3250 2775 3339 2830; x_wconf 90' lang='lat' dir='ltr'><strong>ille</strong></span> <span class='ocrx_word' id='word_1_676' title='bbox 3367 2789 3490 2830; x_wconf 90' lang='lat' dir='ltr'><strong>cra-</strong></span> 
     </span>
    </p>
   </div>
   <div class='ocr_carea' id='block_1_90' title="bbox 1887 2867 3489 2946">
    <p class='ocr_par' dir='ltr' id='par_1_90' title="bbox 1887 2867 3489 2946">
     <span class='ocr_line' id='line_1_91' title="bbox 1887 2867 3489 2946; baseline -0.006 -16"><span class='ocrx_word' id='word_1_677' title='bbox 1887 2876 2104 2931; x_wconf 91' lang='lat' dir='ltr'><strong>ticulam</strong></span> <span class='ocrx_word' id='word_1_678' title='bbox 2125 2875 2394 2946; x_wconf 89' lang='lat' dir='ltr'><strong>supplicii,</strong></span> <span class='ocrx_word' id='word_1_679' title='bbox 2426 2874 2622 2930; x_wconf 91' lang='lat' dir='ltr'><strong>lectum</strong></span> <span class='ocrx_word' id='word_1_680' title='bbox 2651 2873 2850 2944; x_wconf 90' lang='lat' dir='ltr'><strong>quietis</strong></span> <span class='ocrx_word' id='word_1_681' title='bbox 2877 2871 3135 2942; x_wconf 87' lang='lat' dir='ltr'><strong>putabat:</strong></span> <span class='ocrx_word' id='word_1_682' title='bbox 3167 2867 3489 2938; x_wconf 86' lang='lat' dir='ltr'><strong>supplicium</strong></span> 
     </span>
    </p>
   </div>
   <div class='ocr_carea' id='block_1_91' title="bbox 1887 2956 3489 3034">
    <p class='ocr_par' dir='ltr' id='par_1_91' title="bbox 1887 2956 3489 3034">
     <span class='ocr_line' id='line_1_92' title="bbox 1887 2956 3489 3034; baseline -0.006 -13"><span class='ocrx_word' id='word_1_683' title='bbox 1887 2965 2019 3029; x_wconf 88' lang='lat' dir='ltr'><strong>dixi,</strong></span> <span class='ocrx_word' id='word_1_684' title='bbox 2051 2965 2348 3021; x_wconf 90' lang='lat' dir='ltr'><strong>secundum</strong></span> <span class='ocrx_word' id='word_1_685' title='bbox 2395 2964 2634 3019; x_wconf 90' lang='lat' dir='ltr'><strong>animum</strong></span> <span class='ocrx_word' id='word_1_686' title='bbox 2678 2961 2988 3034; x_wconf 89' lang='lat' dir='ltr'><strong>punientis,</strong></span> <span class='ocrx_word' id='word_1_687' title='bbox 3030 2975 3138 3014; x_wconf 89' lang='lat' dir='ltr'><strong>non</strong></span> <span class='ocrx_word' id='word_1_688' title='bbox 3187 2956 3489 3014; x_wconf 86' lang='lat' dir='ltr'><strong>secundum</strong></span> 
     </span>
    </p>
   </div>
   <div class='ocr_carea' id='block_1_92' title="bbox 1887 3049 3489 3129">
    <p class='ocr_par' dir='ltr' id='par_1_92' title="bbox 1887 3049 3489 3129">
     <span class='ocr_line' id='line_1_93' title="bbox 1887 3049 3489 3129; baseline -0.007 -14"><span class='ocrx_word' id='word_1_689' title='bbox 1887 3059 2274 3115; x_wconf 87' lang='lat' dir='ltr'><strong>conscientiam</strong></span> <span class='ocrx_word' id='word_1_690' title='bbox 2316 3057 2592 3129; x_wconf 90' lang='lat' dir='ltr'><strong>patientis.</strong></span> <span class='ocrx_word' id='word_1_691' title='bbox 2641 3055 2854 3111; x_wconf 84' lang='lat' dir='ltr'><strong>Nullum</strong></span> <span class='ocrx_word' id='word_1_692' title='bbox 2885 3060 2969 3109; x_wconf 90' lang='lat' dir='ltr'><strong>est</strong></span> <span class='ocrx_word' id='word_1_693' title='bbox 2998 3053 3140 3107; x_wconf 91' lang='lat' dir='ltr'><strong>enim</strong></span> <span class='ocrx_word' id='word_1_694' title='bbox 3167 3049 3489 3120; x_wconf 86' lang='lat' dir='ltr'><strong>supplicium</strong></span> 
     </span>
    </p>
   </div>
   <div class='ocr_carea' id='block_1_93' title="bbox 1886 3142 3486 3220">
    <p class='ocr_par' dir='ltr' id='par_1_93' title="bbox 1886 3142 3486 3220">
     <span class='ocr_line' id='line_1_94' title="bbox 1886 3142 3486 3220; baseline -0.007 -12"><span class='ocrx_word' id='word_1_695' title='bbox 1886 3151 2147 3220; x_wconf 88' lang='lat' dir='ltr'><strong>damnati,</strong></span> <span class='ocrx_word' id='word_1_696' title='bbox 2177 3151 2268 3207; x_wconf 91' lang='lat' dir='ltr'><strong>ubi</strong></span> <span class='ocrx_word' id='word_1_697' title='bbox 2297 3166 2404 3205; x_wconf 90' lang='lat' dir='ltr'><strong>non</strong></span> <span class='ocrx_word' id='word_1_698' title='bbox 2435 3157 2518 3205; x_wconf 90' lang='lat' dir='ltr'><strong>est</strong></span> <span class='ocrx_word' id='word_1_699' title='bbox 2547 3164 2705 3218; x_wconf 70' lang='lat' dir='ltr'><strong>poena</strong></span> <span class='ocrx_word' id='word_1_700' title='bbox 2742 3147 2970 3220; x_wconf 88' lang='lat' dir='ltr'><strong>peccati.</strong></span> <span class='ocrx_word' id='word_1_701' title='bbox 3011 3145 3196 3214; x_wconf 89' lang='lat' dir='ltr'><strong>Itaque</strong></span> <span class='ocrx_word' id='word_1_702' title='bbox 3236 3142 3486 3199; x_wconf 85' lang='lat' dir='ltr'><strong>beatissi-</strong></span> 
     </span>
    </p>
   </div>
   <div class='ocr_carea' id='block_1_94' title="bbox 1885 3235 3486 3318">
    <p class='ocr_par' dir='ltr' id='par_1_94' title="bbox 1885 3235 3486 3318">
     <span class='ocr_line' id='line_1_95' title="bbox 1885 3235 3486 3318; baseline -0.007 -17"><span class='ocrx_word' id='word_1_703' title='bbox 1885 3261 2008 3303; x_wconf 90' lang='lat' dir='ltr'><strong>mus</strong></span> <span class='ocrx_word' id='word_1_704' title='bbox 2045 3254 2252 3318; x_wconf 83' lang='lat' dir='ltr'><strong>martyr</strong></span> <span class='ocrx_word' id='word_1_705' title='bbox 2297 3243 2590 3300; x_wconf 88' lang='lat' dir='ltr'><strong>ostendens</strong></span> <span class='ocrx_word' id='word_1_706' title='bbox 2626 3256 2787 3312; x_wconf 87' lang='lat' dir='ltr'><strong>quam</strong></span> <span class='ocrx_word' id='word_1_707' title='bbox 2833 3241 3016 3310; x_wconf 89' lang='lat' dir='ltr'><strong>quiete</strong></span> <span class='ocrx_word' id='word_1_708' title='bbox 3055 3238 3262 3307; x_wconf 73' lang='lat' dir='ltr'><strong>iaceret</strong></span> <span class='ocrx_word' id='word_1_709' title='bbox 3301 3237 3355 3291; x_wconf 88' lang='lat' dir='ltr'><strong>in</strong></span> <span class='ocrx_word' id='word_1_710' title='bbox 3392 3235 3486 3291; x_wconf 92' lang='lat' dir='ltr'><strong>illo</strong></span> 
     </span>
    </p>
   </div>
   <div class='ocr_carea' id='block_1_95' title="bbox 1887 3330 3483 3408">
    <p class='ocr_par' dir='ltr' id='par_1_95' title="bbox 1887 3330 3483 3408">
     <span class='ocr_line' id='line_1_96' title="bbox 1887 3330 3483 3408; baseline -0.006 -14"><span class='ocrx_word' id='word_1_711' title='bbox 1887 3337 2059 3408; x_wconf 78' lang='lat' dir='ltr'><strong>ignita</strong></span> <span class='ocrx_word' id='word_1_712' title='bbox 2099 3336 2264 3402; x_wconf 88' lang='lat' dir='ltr'><strong>ferro,</strong></span> <span class='ocrx_word' id='word_1_713' title='bbox 2300 3335 2375 3391; x_wconf 90' lang='lat' dir='ltr'><strong>ait</strong></span> <span class='ocrx_word' id='word_1_714' title='bbox 2403 3334 2873 3392; x_wconf 88' lang='lat' dir='ltr'><strong>circumstantibus</strong></span> <span class='ocrx_word' id='word_1_715' title='bbox 2905 3349 2920 3387; x_wconf 90' lang='lat'><strong>:</strong></span> <span class='ocrx_word' id='word_1_716' title='bbox 2959 3330 3080 3387; x_wconf 70' lang='lat' dir='ltr'><strong>iam</strong></span> <span class='ocrx_word' id='word_1_717' title='bbox 3117 3346 3207 3387; x_wconf 91' lang='lat' dir='ltr'><strong>me</strong></span> <span class='ocrx_word' id='word_1_718' title='bbox 3246 3337 3483 3394; x_wconf 84' lang='lat' dir='ltr'><strong>versate.</strong></span> 
     </span>
    </p>
   </div>
   <div class='ocr_carea' id='block_1_96' title="bbox 1895 3422 3492 3500">
    <p class='ocr_par' dir='ltr' id='par_1_96' title="bbox 1895 3422 3492 3500">
     <span class='ocr_line' id='line_1_97' title="bbox 1895 3422 3492 3500; baseline -0.006 -15"><span class='ocrx_word' id='word_1_719' title='bbox 1895 3425 1914 3468; x_wconf 75' lang='grc' dir='ltr'>ι</span> <span class='ocrx_word' id='word_1_720' title='bbox 1941 3438 1997 3486; x_wconf 92' lang='lat' dir='ltr'><strong>et</strong></span> <span class='ocrx_word' id='word_1_721' title='bbox 2016 3429 2062 3484; x_wconf 91' lang='lat' dir='ltr'><strong>si</strong></span> <span class='ocrx_word' id='word_1_722' title='bbox 2085 3443 2188 3483; x_wconf 89' lang='lat' dir='ltr'><strong>una</strong></span> <span class='ocrx_word' id='word_1_723' title='bbox 2220 3443 2345 3500; x_wconf 89' lang='lat' dir='ltr'><strong>pars</strong></span> <span class='ocrx_word' id='word_1_724' title='bbox 2373 3435 2529 3483; x_wconf 88' lang='lat' dir='ltr'><strong>cocta</strong></span> <span class='ocrx_word' id='word_1_725' title='bbox 2570 3435 2658 3482; x_wconf 88' lang='lat' dir='ltr'><strong>est</strong></span> <span class='ocrx_word' id='word_1_726' title='bbox 2678 3464 2694 3489; x_wconf 91' lang='lat'><strong>,</strong></span> <span class='ocrx_word' id='word_1_727' title='bbox 2733 3431 2947 3480; x_wconf 86' lang='lat' dir='ltr'><strong>vorate.</strong></span> <span class='ocrx_word' id='word_1_728' title='bbox 2995 3422 3256 3478; x_wconf 83' lang='lat' dir='ltr'><strong>Miramur</strong></span> <span class='ocrx_word' id='word_1_729' title='bbox 3279 3422 3492 3492; x_wconf 81' lang='lat' dir='ltr'><strong>patien-</strong></span> 
     </span>
    </p>
   </div>
   <div class='ocr_carea' id='block_1_97' title="bbox 1891 3514 3491 3587">
    <p class='ocr_par' dir='ltr' id='par_1_97' title="bbox 1891 3514 3491 3587">
     <span class='ocr_line' id='line_1_98' title="bbox 1891 3514 3491 3587; baseline -0.005 -11"><span class='ocrx_word' id='word_1_730' title='bbox 1891 3523 2044 3587; x_wconf 86' lang='lat' dir='ltr'><strong>tiam,</strong></span> <span class='ocrx_word' id='word_1_731' title='bbox 2078 3521 2281 3576; x_wconf 90' lang='lat' dir='ltr'><strong>donum</strong></span> <span class='ocrx_word' id='word_1_732' title='bbox 2321 3517 2417 3575; x_wconf 87' lang='lat' dir='ltr'><strong>Dei</strong></span> <span class='ocrx_word' id='word_1_733' title='bbox 2445 3520 2723 3574; x_wconf 90' lang='lat' dir='ltr'><strong>miremur.</strong></span> <span class='ocrx_word' id='word_1_734' title='bbox 2765 3517 2841 3573; x_wconf 90' lang='lat' dir='ltr'><strong>lbi</strong></span> <span class='ocrx_word' id='word_1_735' title='bbox 2872 3516 3003 3572; x_wconf 86' lang='lat' dir='ltr'><strong>ﬁdes</strong></span> <span class='ocrx_word' id='word_1_736' title='bbox 3033 3530 3141 3570; x_wconf 89' lang='lat' dir='ltr'><strong>non</strong></span> <span class='ocrx_word' id='word_1_737' title='bbox 3170 3514 3348 3569; x_wconf 89' lang='lat' dir='ltr'><strong>solum</strong></span> <span class='ocrx_word' id='word_1_738' title='bbox 3375 3529 3491 3568; x_wconf 88' lang='lat' dir='ltr'><strong>non</strong></span> 
     </span>
    </p>
   </div>
   <div class='ocr_carea' id='block_1_98' title="bbox 1893 3600 3492 3678">
    <p class='ocr_par' dir='ltr' id='par_1_98' title="bbox 1893 3600 3492 3678">
     <span class='ocr_line' id='line_1_99' title="bbox 1893 3600 3492 3678; baseline -0.006 -9"><span class='ocrx_word' id='word_1_739' title='bbox 1893 3615 2058 3678; x_wconf 86' lang='lat' dir='ltr'><strong>arsit,</strong></span> <span class='ocrx_word' id='word_1_740' title='bbox 2123 3613 2219 3668; x_wconf 90' lang='lat' dir='ltr'><strong>sed</strong></span> <span class='ocrx_word' id='word_1_741' title='bbox 2258 3623 2314 3668; x_wconf 91' lang='lat' dir='ltr'><strong>et</strong></span> <span class='ocrx_word' id='word_1_742' title='bbox 2358 3600 2744 3668; x_wconf 80' lang='lat' dir='ltr'><strong>consolabatur</strong></span> <span class='ocrx_word' id='word_1_743' title='bbox 2788 3609 3090 3665; x_wconf 88' lang='lat' dir='ltr'><strong>ardentem.</strong></span> <span class='ocrx_word' id='word_1_744' title='bbox 3131 3604 3310 3674; x_wconf 83' lang='lat' dir='ltr'><strong>Quare</strong></span> <span class='ocrx_word' id='word_1_745' title='bbox 3357 3603 3492 3661; x_wconf 84' lang='lat' dir='ltr'><strong>ﬁdes</strong></span> 
     </span>
    </p>
   </div>
   <div class='ocr_carea' id='block_1_99' title="bbox 1891 3699 3493 3770">
    <p class='ocr_par' dir='ltr' id='par_1_99' title="bbox 1891 3699 3493 3770">
     <span class='ocr_line' id='line_1_100' title="bbox 1891 3699 3493 3770; baseline -0.007 -8"><span class='ocrx_word' id='word_1_746' title='bbox 1891 3703 2280 3762; x_wconf 89' lang='lat' dir='ltr'><strong>consolabatur</strong></span> <span class='ocrx_word' id='word_1_747' title='bbox 2318 3703 2638 3759; x_wconf 81' lang='lat' dir='ltr'><strong>ardentem?</strong></span> <span class='ocrx_word' id='word_1_748' title='bbox 2681 3700 2820 3770; x_wconf 87' lang='lat' dir='ltr'><strong>Quia</strong></span> <span class='ocrx_word' id='word_1_749' title='bbox 2869 3699 3080 3755; x_wconf 87' lang='lat' dir='ltr'><strong>ﬁdelem</strong></span> <span class='ocrx_word' id='word_1_750' title='bbox 3115 3699 3337 3755; x_wconf 86' lang='lat' dir='ltr'><strong>tenebat</strong></span> <span class='ocrx_word' id='word_1_751' title='bbox 3363 3709 3493 3768; x_wconf 83' lang='lat' dir='ltr'><strong>pro-</strong></span> 
     </span>
    </p>
   </div>
   <div class='ocr_carea' id='block_1_100' title="bbox 1895 3791 3492 3863">
    <p class='ocr_par' dir='ltr' id='par_1_100' title="bbox 1895 3791 3492 3863">
     <span class='ocr_line' id='line_1_101' title="bbox 1895 3791 3492 3863; baseline -0.006 -12"><span class='ocrx_word' id='word_1_752' title='bbox 1895 3796 2220 3852; x_wconf 88' lang='lat' dir='ltr'><strong>mittentem.</strong></span> <span class='ocrx_word' id='word_1_753' title='bbox 2264 3791 2335 3850; x_wconf 88' lang='lat' dir='ltr'><strong>Ut</strong></span> <span class='ocrx_word' id='word_1_754' title='bbox 2357 3791 2490 3850; x_wconf 89' lang='lat' dir='ltr'><strong>ﬁdes</strong></span> <span class='ocrx_word' id='word_1_755' title='bbox 2519 3809 2627 3849; x_wconf 91' lang='lat' dir='ltr'><strong>non</strong></span> <span class='ocrx_word' id='word_1_756' title='bbox 2655 3791 2944 3860; x_wconf 90' lang='lat' dir='ltr'><strong>deﬁceret,</strong></span> <span class='ocrx_word' id='word_1_757' title='bbox 2979 3799 3038 3847; x_wconf 92' lang='lat' dir='ltr'><strong>ut</strong></span> <span class='ocrx_word' id='word_1_758' title='bbox 3061 3803 3185 3863; x_wconf 89' lang='lat' dir='ltr'><strong>spes</strong></span> <span class='ocrx_word' id='word_1_759' title='bbox 3205 3805 3313 3846; x_wconf 89' lang='lat' dir='ltr'><strong>non</strong></span> <span class='ocrx_word' id='word_1_760' title='bbox 3335 3803 3492 3844; x_wconf 86' lang='lat' dir='ltr'><strong>aver-</strong></span> 
     </span>
    </p>
   </div>
   <div class='ocr_carea' id='block_1_101' title="bbox 1890 3879 3492 3958">
    <p class='ocr_par' dir='ltr' id='par_1_101' title="bbox 1890 3879 3492 3958">
     <span class='ocr_line' id='line_1_102' title="bbox 1890 3879 3492 3958; baseline -0.004 -16"><span class='ocrx_word' id='word_1_761' title='bbox 1890 3895 2118 3955; x_wconf 89' lang='lat' dir='ltr'><strong>teretur,</strong></span> <span class='ocrx_word' id='word_1_762' title='bbox 2155 3895 2214 3942; x_wconf 92' lang='lat' dir='ltr'><strong>ut</strong></span> <span class='ocrx_word' id='word_1_763' title='bbox 2259 3885 2496 3942; x_wconf 89' lang='lat' dir='ltr'><strong>cbaritas</strong></span> <span class='ocrx_word' id='word_1_764' title='bbox 2541 3886 2687 3942; x_wconf 91' lang='lat' dir='ltr'><strong>inter</strong></span> <span class='ocrx_word' id='word_1_765' title='bbox 2723 3900 2913 3958; x_wconf 67' lang='lat' dir='ltr'><strong>pinnas</strong></span> <span class='ocrx_word' id='word_1_766' title='bbox 2952 3885 3139 3954; x_wconf 88' lang='lat' dir='ltr'><strong>igneas</strong></span> <span class='ocrx_word' id='word_1_767' title='bbox 3177 3879 3492 3953; x_wconf 85' lang='lat' dir='ltr'><strong>corporales</strong></span> 
     </span>
    </p>
   </div>
   <div class='ocr_carea' id='block_1_102' title="bbox 1893 4019 3491 4104">
    <p class='ocr_par' dir='ltr' id='par_1_102' title="bbox 1893 4019 3491 4104">
     <span class='ocr_line' id='line_1_103' title="bbox 1893 4019 3491 4104; baseline -0.004 -26"><span class='ocrx_word' id='word_1_768' title='bbox 1893 4040 2006 4079; x_wconf 81' lang='lat' dir='ltr'><strong>esse</strong></span> <span class='ocrx_word' id='word_1_769' title='bbox 2031 4021 2415 4104; x_wconf 55' lang='lat' dir='ltr'><strong>Jerosulym&#39;am</strong></span> <span class='ocrx_word' id='word_1_770' title='bbox 2455 4021 2756 4104; x_wconf 82' lang='lat' dir='ltr'><strong>Stephano,</strong></span> <span class='ocrx_word' id='word_1_771' title='bbox 2791 4031 2895 4076; x_wconf 89' lang='lat' dir='ltr'><strong>tam</strong></span> <span class='ocrx_word' id='word_1_772' title='bbox 2929 4021 3184 4076; x_wconf 70' lang='lat' dir='ltr'><strong>illustrat:</strong></span> <span class='ocrx_word' id='word_1_773' title='bbox 3211 4020 3374 4092; x_wconf 72' lang='lat' dir='ltr'><strong>fuisse</strong></span> <span class='ocrx_word' id='word_1_774' title='bbox 3407 4019 3491 4090; x_wconf 78' lang='lat' dir='ltr'><strong>[a-</strong></span> 
     </span>
    </p>
   </div>
   <div class='ocr_carea' id='block_1_103' title="bbox 1895 4089 2608 4148">
    <p class='ocr_par' dir='ltr' id='par_1_103' title="bbox 1895 4089 2608 4148">
     <span class='ocr_line' id='line_1_104' title="bbox 1895 4089 2608 4148; baseline 0 -1"><span class='ocrx_word' id='word_1_775' title='bbox 1895 4103 2031 4148; x_wconf 87' lang='lat' dir='ltr'><strong>ctam</strong></span> <span class='ocrx_word' id='word_1_776' title='bbox 2068 4089 2284 4148; x_wconf 73' lang='lat' dir='ltr'><strong>Romnrn</strong></span> <span class='ocrx_word' id='word_1_777' title='bbox 2308 4089 2608 4147; x_wconf 76' lang='lat' dir='ltr'><strong>Laurentio.</strong></span> 
     </span>
    </p>
   </div>
   <div class='ocr_carea' id='block_1_104' title="bbox 1972 4155 3488 4234">
    <p class='ocr_par' dir='ltr' id='par_1_104' title="bbox 1972 4155 3488 4234">
     <span class='ocr_line' id='line_1_105' title="bbox 1972 4155 3488 4234; baseline -0.003 -15"><span class='ocrx_word' id='word_1_778' title='bbox 1972 4163 1991 4202; x_wconf 71' lang='grc' dir='ltr'>ί</span> <span class='ocrx_word' id='word_1_779' title='bbox 2033 4164 2211 4219; x_wconf 88' lang='lat' dir='ltr'><strong>lnnuit</strong></span> <span class='ocrx_word' id='word_1_780' title='bbox 2240 4163 2344 4216; x_wconf 85' lang='lat' dir='ltr'><strong>boc</strong></span> <span class='ocrx_word' id='word_1_781' title='bbox 2374 4165 2512 4219; x_wconf 90' lang='lat' dir='ltr'><strong>idem</strong></span> <span class='ocrx_word' id='word_1_782' title='bbox 2545 4162 2900 4234; x_wconf 75' lang='lat' dir='ltr'><strong>Prudentius,</strong></span> <span class='ocrx_word' id='word_1_783' title='bbox 2926 4160 3127 4234; x_wconf 87' lang='lat' dir='ltr'><strong>hymno</strong></span> <span class='ocrx_word' id='word_1_784' title='bbox 3154 4157 3224 4216; x_wconf 83' lang='lat' dir='ltr'><strong>de</strong></span> <span class='ocrx_word' id='word_1_785' title='bbox 3255 4155 3314 4215; x_wconf 89' lang='lat' dir='ltr'><strong>S.</strong></span> <span class='ocrx_word' id='word_1_786' title='bbox 3343 4155 3488 4214; x_wconf 82' lang='lat' dir='ltr'><strong>Lau-</strong></span> 
     </span>
    </p>
   </div>
   <div class='ocr_carea' id='block_1_105' title="bbox 1893 4232 2947 4310">
    <p class='ocr_par' dir='ltr' id='par_1_105' title="bbox 1893 4232 2947 4310">
     <span class='ocr_line' id='line_1_106' title="bbox 1893 4232 2947 4310; baseline -0.005 -20"><span class='ocrx_word' id='word_1_787' title='bbox 1893 4236 2091 4299; x_wconf 90' lang='lat' dir='ltr'><strong>rentio,</strong></span> <span class='ocrx_word' id='word_1_788' title='bbox 2126 4237 2243 4291; x_wconf 87' lang='lat' dir='ltr'><strong>libri</strong></span> <span class='ocrx_word' id='word_1_789' title='bbox 2277 4242 2406 4310; x_wconf 74' lang='grc' dir='ltr'><strong>Περὶ</strong></span> <span class='ocrx_word' id='word_1_790' title='bbox 2433 4241 2672 4307; x_wconf 75' lang='grc' dir='ltr'><strong>Στεφάνον</strong></span> <span class='ocrx_word' id='word_1_791' title='bbox 2701 4236 2845 4305; x_wconf 86' lang='lat' dir='ltr'><strong>hym.</strong></span> <span class='ocrx_word' id='word_1_792' title='bbox 2875 4232 2947 4286; x_wconf 61' lang='lat'><strong>2:</strong></span> 
     </span>
    </p>
   </div>
   <div class='ocr_carea' id='block_1_106' title="bbox 2078 4345 2782 4409">
    <p class='ocr_par' dir='ltr' id='par_1_106' title="bbox 2078 4345 2782 4409">
     <span class='ocr_line' id='line_1_107' title="bbox 2078 4345 2782 4409; baseline -0.006 -12"><span class='ocrx_word' id='word_1_793' title='bbox 2078 4346 2171 4397; x_wconf 87' lang='lat' dir='ltr'><strong>llic</strong></span> <span class='ocrx_word' id='word_1_794' title='bbox 2195 4351 2378 4407; x_wconf 84' lang='lat' dir='ltr'><strong>primus</strong></span> <span class='ocrx_word' id='word_1_795' title='bbox 2398 4362 2426 4397; x_wconf 88' lang='lat' dir='ltr'><strong>e</strong></span> <span class='ocrx_word' id='word_1_796' title='bbox 2451 4345 2782 4409; x_wconf 75' lang='lat' dir='ltr'><strong>septemviris,</strong></span> 
     </span>
    </p>
   </div>
   <div class='ocr_carea' id='block_1_107' title="bbox 2085 4409 2813 4469">
    <p class='ocr_par' dir='ltr' id='par_1_107' title="bbox 2085 4409 2813 4469">
     <span class='ocr_line' id='line_1_108' title="bbox 2085 4409 2813 4469; baseline 0 -14"><span class='ocrx_word' id='word_1_797' title='bbox 2085 4412 2175 4466; x_wconf 85' lang='lat' dir='ltr'><strong>()ni</strong></span> <span class='ocrx_word' id='word_1_798' title='bbox 2198 4420 2327 4460; x_wconf 84' lang='lat' dir='ltr'><strong>stant</strong></span> <span class='ocrx_word' id='word_1_799' title='bbox 2345 4414 2403 4459; x_wconf 87' lang='lat' dir='ltr'><strong>ad</strong></span> <span class='ocrx_word' id='word_1_800' title='bbox 2428 4423 2557 4457; x_wconf 86' lang='lat' dir='ltr'><strong>aram</strong></span> <span class='ocrx_word' id='word_1_801' title='bbox 2585 4409 2813 4469; x_wconf 82' lang='lat' dir='ltr'><strong>proximi,</strong></span> 
     </span>
    </p>
   </div>
   <div class='ocr_carea' id='block_1_108' title="bbox 2083 4470 2696 4532">
    <p class='ocr_par' dir='ltr' id='par_1_108' title="bbox 2083 4470 2696 4532">
     <span class='ocr_line' id='line_1_109' title="bbox 2083 4470 2696 4532; baseline -0.01 -9"><span class='ocrx_word' id='word_1_802' title='bbox 2083 4470 2104 4519; x_wconf 84' lang='grc'><strong>1</strong></span> <span class='ocrx_word' id='word_1_803' title='bbox 2128 4483 2254 4522; x_wconf 74' lang='lat' dir='ltr'><strong>evita</strong></span> <span class='ocrx_word' id='word_1_804' title='bbox 2275 4475 2497 4521; x_wconf 87' lang='lat' dir='ltr'><strong>sublimis</strong></span> <span class='ocrx_word' id='word_1_805' title='bbox 2519 4471 2696 4532; x_wconf 71' lang='lat' dir='ltr'><strong>gradu,</strong></span> 
     </span>
    </p>
   </div>
   <div class='ocr_carea' id='block_1_109' title="bbox 2080 4531 2704 4595">
    <p class='ocr_par' dir='ltr' id='par_1_109' title="bbox 2080 4531 2704 4595">
     <span class='ocr_line' id='line_1_110' title="bbox 2080 4531 2704 4595; baseline -0.006 -11"><span class='ocrx_word' id='word_1_806' title='bbox 2080 4531 2144 4584; x_wconf 80' lang='lat' dir='ltr'><strong>Et</strong></span> <span class='ocrx_word' id='word_1_807' title='bbox 2167 4537 2364 4586; x_wconf 68' lang='lat' dir='ltr'><strong>cameris</strong></span> <span class='ocrx_word' id='word_1_808' title='bbox 2382 4531 2704 4595; x_wconf 68' lang='lat' dir='ltr'><strong>praestantior.</strong></span> 
     </span>
    </p>
   </div>
   <div class='ocr_carea' id='block_1_110' title="bbox 1971 4630 3178 4693">
    <p class='ocr_par' dir='ltr' id='par_1_110' title="bbox 1971 4630 3178 4693">
     <span class='ocr_line' id='line_1_111' title="bbox 1971 4630 3178 4693; baseline -0.007 0"><span class='ocrx_word' id='word_1_809' title='bbox 1971 4647 1996 4686; x_wconf 73' lang='grc' dir='ltr'>ε</span> <span class='ocrx_word' id='word_1_810' title='bbox 2037 4636 2153 4693; x_wconf 83' lang='lat' dir='ltr'><strong>Hoc</strong></span> <span class='ocrx_word' id='word_1_811' title='bbox 2172 4636 2678 4693; x_wconf 85' lang='lat' dir='ltr'><strong>archidiaconon</strong></span> <span class='ocrx_word' id='word_1_812' title='bbox 2703 4649 2918 4690; x_wconf 90' lang='lat' dir='ltr'><strong>munus.</strong></span> <span class='ocrx_word' id='word_1_813' title='bbox 2943 4630 3178 4690; x_wconf 80' lang='lat' dir='ltr'><strong>ibidem:</strong></span> 
     </span>
    </p>
   </div>
   <div class='ocr_carea' id='block_1_111' title="bbox 2086 4753 2866 4809">
    <p class='ocr_par' dir='ltr' id='par_1_111' title="bbox 2086 4753 2866 4809">
     <span class='ocr_line' id='line_1_112' title="bbox 2086 4753 2866 4809; baseline 0 -5"><span class='ocrx_word' id='word_1_814' title='bbox 2086 4753 2321 4804; x_wconf 86' lang='lat' dir='ltr'><strong>Claustris</strong></span> <span class='ocrx_word' id='word_1_815' title='bbox 2345 4766 2590 4803; x_wconf 84' lang='lat' dir='ltr'><strong>sacrorum</strong></span> <span class='ocrx_word' id='word_1_816' title='bbox 2615 4756 2829 4809; x_wconf 65' lang='lat' dir='ltr'><strong>praeerat</strong></span> <span class='ocrx_word' id='word_1_817' title='bbox 2851 4766 2866 4804; x_wconf 87' lang='lat'><strong>:</strong></span> 
     </span>
    </p>
   </div>
   <div class='ocr_carea' id='block_1_112' title="bbox 2087 4815 2758 4867">
    <p class='ocr_par' dir='ltr' id='par_1_112' title="bbox 2087 4815 2758 4867">
     <span class='ocr_line' id='line_1_113' title="bbox 2087 4815 2758 4867; baseline -0.01 0"><span class='ocrx_word' id='word_1_818' title='bbox 2087 4815 2312 4867; x_wconf 63' lang='lat' dir='ltr'><strong>Cu&#39;lestis</strong></span> <span class='ocrx_word' id='word_1_819' title='bbox 2336 4829 2560 4864; x_wconf 86' lang='lat' dir='ltr'><strong>arcanum</strong></span> <span class='ocrx_word' id='word_1_820' title='bbox 2583 4815 2758 4860; x_wconf 85' lang='lat' dir='ltr'><strong>domus</strong></span> 
     </span>
    </p>
   </div>
   <div class='ocr_carea' id='block_1_113' title="bbox 2089 4875 2785 4936">
    <p class='ocr_par' dir='ltr' id='par_1_113' title="bbox 2089 4875 2785 4936">
     <span class='ocr_line' id='line_1_114' title="bbox 2089 4875 2785 4936; baseline -0.009 -10"><span class='ocrx_word' id='word_1_821' title='bbox 2089 4877 2224 4926; x_wconf 75' lang='lat' dir='ltr'><strong>Fidis</strong></span> <span class='ocrx_word' id='word_1_822' title='bbox 2244 4879 2530 4936; x_wconf 68' lang='lat' dir='ltr'><strong>gubernans</strong></span> <span class='ocrx_word' id='word_1_823' title='bbox 2550 4875 2785 4935; x_wconf 78' lang='lat' dir='ltr'><strong>clavibus,</strong></span> 
     </span>
    </p>
   </div>
   <div class='ocr_carea' id='block_1_114' title="bbox 2091 4937 2798 5002">
    <p class='ocr_par' dir='ltr' id='par_1_114' title="bbox 2091 4937 2798 5002">
     <span class='ocr_line' id='line_1_115' title="bbox 2091 4937 2798 5002; baseline -0.004 -15"><span class='ocrx_word' id='word_1_824' title='bbox 2091 4937 2180 4988; x_wconf 80' lang='lat' dir='ltr'><strong>Vot</strong></span> <span class='ocrx_word' id='word_1_825' title='bbox 2191 4954 2342 5002; x_wconf 82' lang='lat' dir='ltr'><strong>asque</strong></span> <span class='ocrx_word' id='word_1_826' title='bbox 2357 4940 2645 5002; x_wconf 82' lang='lat' dir='ltr'><strong>dispensans</strong></span> <span class='ocrx_word' id='word_1_827' title='bbox 2661 4950 2798 4998; x_wconf 84' lang='lat' dir='ltr'><strong>opes.</strong></span> 
     </span>
    </p>
   </div>
   <div class='ocr_carea' id='block_1_115' title="bbox 1976 5033 3497 5110">
    <p class='ocr_par' dir='ltr' id='par_1_115' title="bbox 1976 5033 3497 5110">
     <span class='ocr_line' id='line_1_116' title="bbox 1976 5033 3497 5110; baseline -0.007 -10"><span class='ocrx_word' id='word_1_828' title='bbox 1976 5041 2006 5083; x_wconf 72' lang='grc' dir='ltr'><strong>ιι</strong></span> <span class='ocrx_word' id='word_1_829' title='bbox 2041 5043 2284 5100; x_wconf 81' lang='lat' dir='ltr'><strong>Celebris</strong></span> <span class='ocrx_word' id='word_1_830' title='bbox 2312 5042 2426 5096; x_wconf 70' lang='lat' dir='ltr'><strong>haec</strong></span> <span class='ocrx_word' id='word_1_831' title='bbox 2450 5041 2561 5110; x_wconf 88' lang='lat' dir='ltr'><strong>jam</strong></span> <span class='ocrx_word' id='word_1_832' title='bbox 2591 5039 2682 5094; x_wconf 88' lang='lat' dir='ltr'><strong>diu</strong></span> <span class='ocrx_word' id='word_1_833' title='bbox 2712 5037 2917 5093; x_wconf 72' lang='lat' dir='ltr'><strong>Romm.</strong></span> <span class='ocrx_word' id='word_1_834' title='bbox 2941 5033 3497 5110; x_wconf 64' lang='lat' dir='ltr'><strong>Gregoriusbiagnus.</strong></span> 
     </span>
    </p>
   </div>
   <div class='ocr_carea' id='block_1_116' title="bbox 1908 5103 3500 5184">
    <p class='ocr_par' dir='ltr' id='par_1_116' title="bbox 1908 5103 3500 5184">
     <span class='ocr_line' id='line_1_117' title="bbox 1908 5103 3500 5184; baseline -0.008 -14"><span class='ocrx_word' id='word_1_835' title='bbox 1908 5115 2092 5170; x_wconf 87' lang='lat' dir='ltr'><strong>indict.</strong></span> <span class='ocrx_word' id='word_1_836' title='bbox 2114 5115 2199 5178; x_wconf 80' lang='lat' dir='ltr'><strong>ii,</strong></span> <span class='ocrx_word' id='word_1_837' title='bbox 2218 5114 2377 5184; x_wconf 81' lang='lat' dir='ltr'><strong>epist.</strong></span> <span class='ocrx_word' id='word_1_838' title='bbox 2394 5103 2468 5167; x_wconf 67' lang='lat'><strong>53</strong></span> <span class='ocrx_word' id='word_1_839' title='bbox 2483 5111 2549 5166; x_wconf 87' lang='lat' dir='ltr'><strong>ad</strong></span> <span class='ocrx_word' id='word_1_840' title='bbox 2572 5110 2894 5184; x_wconf 78' lang='lat' dir='ltr'><strong>Dynamiutu</strong></span> <span class='ocrx_word' id='word_1_841' title='bbox 2908 5106 3191 5184; x_wconf 78' lang='lat' dir='ltr'><strong>patricium</strong></span> <span class='ocrx_word' id='word_1_842' title='bbox 3203 5103 3500 5184; x_wconf 61' lang='lat' dir='ltr'><strong>Galliarum</strong></span> 
     </span>
    </p>
   </div>
   <div class='ocr_carea' id='block_1_117' title="bbox 1909 5173 3502 5252">
    <p class='ocr_par' dir='ltr' id='par_1_117' title="bbox 1909 5173 3502 5252">
     <span class='ocr_line' id='line_1_118' title="bbox 1909 5173 3502 5252; baseline -0.008 -12"><span class='ocrx_word' id='word_1_843' title='bbox 1909 5173 2224 5240; x_wconf 85' lang='lat' dir='ltr'><strong>transmittit</strong></span> <span class='ocrx_word' id='word_1_844' title='bbox 2252 5173 2470 5240; x_wconf 43' lang='lat' dir='ltr'><strong>lcrucem</strong></span> <span class='ocrx_word' id='word_1_845' title='bbox 2501 5173 2787 5252; x_wconf 65' lang='lat' dir='ltr'><strong>paruulum,</strong></span> <span class='ocrx_word' id='word_1_846' title='bbox 2813 5173 2993 5232; x_wconf 33' lang='lat' dir='ltr'><strong>cui’de</strong></span> <span class='ocrx_word' id='word_1_847' title='bbox 3025 5176 3219 5252; x_wconf 75' lang='lat' dir='ltr'><strong>catenis</strong></span> <span class='ocrx_word' id='word_1_848' title='bbox 3356 5173 3502 5228; x_wconf 81' lang='lat' dir='ltr'><strong>Petri</strong></span> 
     </span>
    </p>
   </div>
   <div class='ocr_carea' id='block_1_118' title="bbox 1907 5246 3502 5326">
    <p class='ocr_par' dir='ltr' id='par_1_118' title="bbox 1907 5246 3502 5326">
     <span class='ocr_line' id='line_1_119' title="bbox 1907 5246 3502 5326; baseline -0.009 -16"><span class='ocrx_word' id='word_1_849' title='bbox 1907 5259 2156 5326; x_wconf 78' lang='lat' dir='ltr'><strong>beneﬁcia</strong></span> <span class='ocrx_word' id='word_1_850' title='bbox 2176 5259 2372 5310; x_wconf 85' lang='lat' dir='ltr'><strong>inserta</strong></span> <span class='ocrx_word' id='word_1_851' title='bbox 2392 5246 2581 5308; x_wconf 79' lang='lat' dir='ltr'><strong>sunt...</strong></span> <span class='ocrx_word' id='word_1_852' title='bbox 2602 5261 2676 5326; x_wconf 82' lang='lat' dir='ltr'><strong>_et</strong></span> <span class='ocrx_word' id='word_1_853' title='bbox 2692 5268 2788 5326; x_wconf 78' lang='lat' dir='ltr'><strong>per</strong></span> <span class='ocrx_word' id='word_1_854' title='bbox 2809 5259 3027 5322; x_wconf 87' lang='lat' dir='ltr'><strong>quatuor</strong></span> <span class='ocrx_word' id='word_1_855' title='bbox 3053 5249 3108 5302; x_wconf 90' lang='lat' dir='ltr'><strong>in</strong></span> <span class='ocrx_word' id='word_1_856' title='bbox 3136 5246 3502 5326; x_wconf 34' lang='lat' dir='ltr'><strong>circuitunpar-</strong></span> 
     </span>
    </p>
   </div>
   <div class='ocr_carea' id='block_1_119' title="bbox 1909 5315 3503 5401">
    <p class='ocr_par' dir='ltr' id='par_1_119' title="bbox 1909 5315 3503 5401">
     <span class='ocr_line' id='line_1_120' title="bbox 1909 5315 3503 5401; baseline -0.008 -21"><span class='ocrx_word' id='word_1_857' title='bbox 1909 5337 1982 5401; x_wconf 76' lang='lat' dir='ltr'><strong>(es</strong></span> <span class='ocrx_word' id='word_1_858' title='bbox 2004 5315 2066 5384; x_wconf 75' lang='lat' dir='ltr'><strong>de</strong></span> <span class='ocrx_word' id='word_1_859' title='bbox 2094 5327 2156 5382; x_wconf 83' lang='grc' dir='ltr'><strong>Β.</strong></span> <span class='ocrx_word' id='word_1_860' title='bbox 2183 5326 2454 5401; x_wconf 85' lang='lat' dir='ltr'><strong>Laurentii</strong></span> <span class='ocrx_word' id='word_1_861' title='bbox 2483 5315 2734 5401; x_wconf 67' lang='lat' dir='ltr'><strong>craticula</strong></span> <span class='ocrx_word' id='word_1_862' title='bbox 2753 5322 2806 5375; x_wconf 90' lang='lat' dir='ltr'><strong>in</strong></span> <span class='ocrx_word' id='word_1_863' title='bbox 2822 5315 2932 5401; x_wconf 49' lang='lat' dir='ltr'><strong>&quot;qua</strong></span> <span class='ocrx_word' id='word_1_864' title='bbox 2960 5326 3196 5401; x_wconf 47' lang='lat' dir='ltr'><strong>perust&#39;t‘ts</strong></span> <span class='ocrx_word' id='word_1_865' title='bbox 3215 5326 3312 5401; x_wconf 75' lang='lat' dir='ltr'><strong>est,</strong></span> <span class='ocrx_word' id='word_1_866' title='bbox 3348 5315 3503 5401; x_wconf 43' lang='lat' dir='ltr'><strong>bene:</strong></span> 
     </span>
    </p>
   </div>
   <div class='ocr_carea' id='block_1_120' title="bbox 1907 5385 3503 5468">
    <p class='ocr_par' dir='ltr' id='par_1_120' title="bbox 1907 5385 3503 5468">
     <span class='ocr_line' id='line_1_121' title="bbox 1907 5385 3503 5468; baseline -0.009 -15"><span class='ocrx_word' id='word_1_867' title='bbox 1907 5399 2031 5468; x_wconf 81' lang='lat' dir='ltr'><strong>ﬁcia</strong></span> <span class='ocrx_word' id='word_1_868' title='bbox 2074 5400 2420 5468; x_wconf 74' lang='lat' dir='ltr'><strong>continentur.</strong></span> <span class='ocrx_word' id='word_1_869' title='bbox 2481 5394 2742 5468; x_wconf 58' lang='lat' dir='ltr'><strong>Servatur</strong></span> <span class='ocrx_word' id='word_1_870' title='bbox 2782 5385 3075 5468; x_wconf 68' lang='lat' dir='ltr'><strong>etiamnum</strong></span> <span class='ocrx_word' id='word_1_871' title='bbox 3123 5385 3311 5444; x_wconf 82' lang='lat' dir='ltr'><strong>Roma:</strong></span> <span class='ocrx_word' id='word_1_872' title='bbox 3346 5393 3503 5443; x_wconf 79' lang='lat' dir='ltr'><strong>extra</strong></span> 
     </span>
    </p>
   </div>
   <div class='ocr_carea' id='block_1_121' title="bbox 1907 5461 3130 5531">
    <p class='ocr_par' dir='ltr' id='par_1_121' title="bbox 1907 5461 3130 5531">
     <span class='ocr_line' id='line_1_122' title="bbox 1907 5461 3130 5531; baseline -0.008 -7"><span class='ocrx_word' id='word_1_873' title='bbox 1907 5461 2092 5525; x_wconf 77' lang='lat' dir='ltr'><strong>inuros</strong></span> <span class='ocrx_word' id='word_1_874' title='bbox 2113 5469 2184 5524; x_wconf 90' lang='lat' dir='ltr'><strong>ad</strong></span> <span class='ocrx_word' id='word_1_875' title='bbox 2212 5469 2322 5524; x_wconf 87' lang='lat' dir='ltr'><strong>divi</strong></span> <span class='ocrx_word' id='word_1_876' title='bbox 2351 5464 2628 5521; x_wconf 88' lang='lat' dir='ltr'><strong>Laurentii</strong></span> <span class='ocrx_word' id='word_1_877' title='bbox 2656 5464 2706 5516; x_wconf 91' lang='lat' dir='ltr'><strong>in</strong></span> <span class='ocrx_word' id='word_1_878' title='bbox 2730 5476 2861 5531; x_wconf 89' lang='lat' dir='ltr'><strong>agro</strong></span> <span class='ocrx_word' id='word_1_879' title='bbox 2889 5461 3130 5520; x_wconf 77' lang='lat' dir='ltr'><strong>Verane.</strong></span> 
     </span>
    </p>
   </div>
   <div class='ocr_carea' id='block_1_122' title="bbox 1987 5530 3504 5609">
    <p class='ocr_par' dir='ltr' id='par_1_122' title="bbox 1987 5530 3504 5609">
     <span class='ocr_line' id='line_1_123' title="bbox 1987 5530 3504 5609; baseline -0.006 -16"><span class='ocrx_word' id='word_1_880' title='bbox 1987 5539 2000 5577; x_wconf 73' lang='grc' dir='ltr'>ί</span> <span class='ocrx_word' id='word_1_881' title='bbox 2048 5539 2399 5609; x_wconf 82' lang='lat' dir='ltr'><strong>Augustinus,</strong></span> <span class='ocrx_word' id='word_1_882' title='bbox 2421 5551 2584 5590; x_wconf 86' lang='lat' dir='ltr'><strong>serm.</strong></span> <span class='ocrx_word' id='word_1_883' title='bbox 2618 5530 2931 5609; x_wconf 18' lang='lat' dir='ltr'><strong>503:71am,</strong></span> <span class='ocrx_word' id='word_1_884' title='bbox 2959 5531 3504 5609; x_wconf 45' lang='lat' dir='ltr'><strong>inquit,ﬁcocfum_es¢,&#39;</strong></span> 
     </span>
    </p>
   </div>
   <div class='ocr_carea' id='block_1_123' title="bbox 1911 5596 3508 5681">
    <p class='ocr_par' dir='ltr' id='par_1_123' title="bbox 1911 5596 3508 5681">
     <span class='ocr_line' id='line_1_124' title="bbox 1911 5596 3508 5681; baseline -0.006 -17"><span class='ocrx_word' id='word_1_885' title='bbox 1911 5611 2047 5680; x_wconf 86' lang='lat' dir='ltr'><strong>quod</strong></span> <span class='ocrx_word' id='word_1_886' title='bbox 2065 5596 2319 5681; x_wconf 65' lang='lat' dir='ltr'><strong>superest,</strong></span> <span class='ocrx_word' id='word_1_887' title='bbox 2342 5596 2543 5663; x_wconf 71' lang='lat' dir='ltr'><strong>versate</strong></span> <span class='ocrx_word' id='word_1_888' title='bbox 2560 5622 2663 5674; x_wconf 85' lang='lat' dir='ltr'><strong>me,</strong></span> <span class='ocrx_word' id='word_1_889' title='bbox 2691 5612 2744 5659; x_wconf 87' lang='lat' dir='ltr'><strong>et</strong></span> <span class='ocrx_word' id='word_1_890' title='bbox 2769 5596 3100 5659; x_wconf 73' lang='lat' dir='ltr'><strong>manducata.</strong></span> <span class='ocrx_word' id='word_1_891' title='bbox 3141 5596 3469 5655; x_wconf 78' lang='lat' dir='ltr'><strong>Prudentius</strong></span> <span class='ocrx_word' id='word_1_892' title='bbox 3492 5617 3508 5654; x_wconf 91' lang='lat'><strong>:</strong></span> 
     </span>
    </p>
   </div>
   <div class='ocr_carea' id='block_1_124' title="bbox 2099 5731 2943 5794">
    <p class='ocr_par' dir='ltr' id='par_1_124' title="bbox 2099 5731 2943 5794">
     <span class='ocr_line' id='line_1_125' title="bbox 2099 5731 2943 5794; baseline -0.008 -9"><span class='ocrx_word' id='word_1_893' title='bbox 2099 5735 2239 5786; x_wconf 83' lang='lat' dir='ltr'><strong>&#39;I‘unc</strong></span> <span class='ocrx_word' id='word_1_894' title='bbox 2263 5735 2347 5785; x_wconf 89' lang='lat' dir='ltr'><strong>ille</strong></span> <span class='ocrx_word' id='word_1_895' title='bbox 2373 5737 2591 5784; x_wconf 83' lang='lat' dir='ltr'><strong>:coctum</strong></span> <span class='ocrx_word' id='word_1_896' title='bbox 2617 5737 2713 5794; x_wconf 86' lang='lat' dir='ltr'><strong>est,</strong></span> <span class='ocrx_word' id='word_1_897' title='bbox 2739 5731 2943 5792; x_wconf 77' lang='lat' dir='ltr'><strong>devora,</strong></span> 
     </span>
    </p>
   </div>
   <div class='ocr_carea' id='block_1_125' title="bbox 2102 5799 2724 5858">
    <p class='ocr_par' dir='ltr' id='par_1_125' title="bbox 2102 5799 2724 5858">
     <span class='ocr_line' id='line_1_126' title="bbox 2102 5799 2724 5858; baseline -0.016 -7"><span class='ocrx_word' id='word_1_898' title='bbox 2102 5799 2156 5850; x_wconf 86' lang='lat' dir='ltr'><strong>Et</strong></span> <span class='ocrx_word' id='word_1_899' title='bbox 2184 5813 2243 5846; x_wconf 80' lang='lat' dir='ltr'><strong>ex</strong></span> <span class='ocrx_word' id='word_1_900' title='bbox 2255 5800 2579 5858; x_wconf 77' lang='lat' dir='ltr'><strong>perimentum</strong></span> <span class='ocrx_word' id='word_1_901' title='bbox 2604 5809 2724 5856; x_wconf 81' lang='lat' dir='ltr'><strong>cape.</strong></span> 
     </span>
    </p>
   </div>
   <div class='ocr_carea' id='block_1_126' title="bbox 2103 5857 2900 5910">
    <p class='ocr_par' dir='ltr' id='par_1_126' title="bbox 2103 5857 2900 5910">
     <span class='ocr_line' id='line_1_127' title="bbox 2103 5857 2900 5910; baseline -0.008 0"><span class='ocrx_word' id='word_1_902' title='bbox 2103 5861 2179 5910; x_wconf 83' lang='lat' dir='ltr'><strong>Sit</strong></span> <span class='ocrx_word' id='word_1_903' title='bbox 2198 5857 2400 5910; x_wconf 86' lang='lat' dir='ltr'><strong>crudum</strong></span> <span class='ocrx_word' id='word_1_904' title='bbox 2426 5871 2482 5906; x_wconf 89' lang='lat' dir='ltr'><strong>au</strong></span> <span class='ocrx_word' id='word_1_905' title='bbox 2506 5871 2665 5906; x_wconf 84' lang='lat' dir='ltr'><strong>assum</strong></span> <span class='ocrx_word' id='word_1_906' title='bbox 2687 5857 2900 5906; x_wconf 72' lang='lat' dir='ltr'><strong>suavius.</strong></span> 
     </span>
    </p>
   </div>
  </div>
