3930 6354
439 354 551 414 38⁵1

1694 337 1750 394 S.
1790 331 1996 391 PETRI
2030 324 2468 388 CHRYSOLOGI

583 464 986 527 accenderetur,
1017 458 1113 514 Dei
1139 409 1294 512 dona;
1309 416 1485 510 erant.
1523 448 1744 547 Fratres
1767 447 1906 547 mei:
1935 460 2034 501 ne-
2062 445 2115 505 Α
2140 439 2348 547 Ειιιοε,
2365 434 2548 547 .lllioli:
2575 433 2722 547 (ιιιοά
2748 429 3294 547 habuimus,‘deld.isse
3318 445 3428 486 non

443 539 537 621 ino
566 566 782 630 arroget
811 554 1067 628 potentiae
1112 564 1223 606 sua:
1269 544 1417 617 quod
1454 558 1563 599 non
1605 541 1698 596 dat
1739 540 1841 595 nisi
1869 539 2028 594 Deus.

446 657 640 717 Merito
667 649 958 724 Apostolus
989 645 1268 712 alloquens
1297 645 1594 711 martyres,
1628 635 1769 724 utin
1791 631 2034 724 Epistola

445 747 563 816 ejus
602 722 762 800 hodie
801 755 923 796 cum
962 737 1252 806 legeretur,
1296 729 1560 785 audistis:
1618 723 1788 785 Vobis.
1841 722 2030 791 inquit,

445 839 694 894 donatum
706 841 784 888 est
802 846 896 902 pro
915 828 1142 891 Christo,
1160 841 1265 880 non
1287 821 1455 878 solum
1484 828 1542 874 ut
1578 817 1799 874 credatis
1820 817 1876 870 in
1896 830 2030 878 eum,

441 928 534 984 sed
572 928 727 981 etiam
764 931 824 977 ut
849 920 1122 994 patiamini
1162 933 1257 987 pro
1284 931 1344 970 eo
1368 911 1534 986 (Phil.
1559 909 1620 981 ι).
1662 907 1806 977 Ergo
1834 913 2036 977 marty-

445 1034 563 1075 rum
586 1016 778 1072 merita
811 1013 960 1070 velut
980 1011 1077 1066 Dei
1099 1010 1241 1064 dona
1271 1005 1580 1068 laudemus,
1613 1015 1875 1064 amemus,
1908 1011 2033 1052 ore-

445 1124 596 1172 mus,
643 1101 1039 1161 subinferamus
1081 1099 1415 1154 voluntatem
1465 1098 1722 1149 nostram.
1774 1089 2037 1145 Voluntas

379 1223 381 1226 ·
447 1199 591 1253 enim
623 1195 887 1265 sequitur,
930 1208 1039 1248 non
1078 1188 1356 1261 przevenit.
1407 1184 1512 1240 Sed
1541 1191 1721 1238 tamen
1753 1196 1858 1236 non
1886 1179 2038 1236 deest

447 1291 717 1352 charitas.
770 1288 818 1343 si
865 1301 973 1341 non
1011 1283 1150 1340 desit
1187 1281 1469 1344 voluntas;
1501 1277 1615 1348 ipsa
1655 1275 1797 1331 enim
1843 1273 2039 1329 ardens

447 1383 699 1438 voluntas
715 1385 942 1436 vocatur
961 1375 1213 1432 charitas.
1239 1371 1372 1440 Quis
1391 1378 1475 1426 est
1492 1369 1583 1439 qui
1607 1369 1792 1423 timeat
1812 1366 2036 1422 volens?

446 1475 567 1544 quis
607 1481 691 1528 est
725 1472 818 1543 qui
857 1477 1002 1526 amet
1029 1467 1252 1524 nolens?
1280 1465 1484 1521 ferveat
1511 1463 1718 1526 oratio,
1760 1468 1815 1516 et
1839 1460 2036 1516 festum

448 1566 700 1637 martyris
722 1563 1058 1619 celebretur:
1088 1559 1184 1614 sed
1215 1565 1274 1612 ut
1310 1571 1416 1612 non
1457 1555 1528 1609 sit
1568 1553 1740 1608 inanis
1769 1552 1863 1621 qui
1903 1550 2039 1607 cele-

449 1661 589 1722 brat’
624 1661 883 1712 imm”
937 1736 962 1763 ει
991 1723 1222 1781 suum
1261 1717 1542 1776 cxxxvr.

872 1817 939 1872 In
971 1815 1260 1887 Adelphum
1289 1813 1600 1884 episcopum.

521 1932 694 1987 Habet
718 1933 825 1986 hoc
856 1928 883 1969 δ
914 1928 1142 1998 Adelphi
1180 1926 1435 1982 antistitis
1462 1928 1682 1979 sanctus
1710 1920 1952 1981 animus,
1985 1924 2041 1972 et

447 2024 606 2095 plena
655 2022 854 2093 pietate
898 2020 1156 2090 dignatio,
1181 2026 1239 2072 ut
1270 2018 1419 2072 dives
1451 2013 1704 2086 pauperis
1743 2011 1908 2066 intret
1935 2010 2038 2064 ho-

449 2117 687 2186 spitium,
715 2114 966 2184 pauperis
985 2127 1044 2167 se
1071 2117 1238 2182 ponat
1267 2110 1334 2165 ad
1372 2123 1647 2174 mensam,
1679 2115 1734 2162 et
1753 2103 2042 2160 humilibus

449 2224 510 2263 se
539 2206 699 2261 faciat
738 2221 857 2262 esse
899 2219 1242 2262 communem
1265 2242 1282 2271 ,
1312 2217 1472 2272 quem
1500 2199 1700 2256 divitia:
1721 2239 1737 2266 ,
1778 2205 2036 2269 potestas,

452 2302 629 2356 honor
667 2299 792 2354 fecit
828 2308 884 2354 et
929 2298 1161 2353 reddidit
1197 2283 1543 2366 singularem.
1595 2294 1740 2348 Inter
1778 2293 2041 2359 maximas

451 2394 596 2448 enim
616 2393 844 2446 virtutes
867 2389 1198 2446 numeranda
1227 2397 1313 2444 est
1337 2389 1439 2443 ista
1469 2387 1738 2450 voluntas,
1770 2400 1890 2455 qua:
1910 2399 2042 2440 oon-

452 2492 657 2554 tempto
686 2483 933 2552 obsequii
961 2482 1042 2537 sui
1065 2481 1223 2547 fastu,
1256 2481 1512 2551 despecta
1533 2478 1830 2548 magniﬁcte
1849 2477 2041 2532 domus

451 2581 785 2645 reverentia,
818 2578 1027 2634 calcato
1057 2578 1218 2632 etiam
1248 2591 1358 2631 sua:
1386 2574 1600 2644 fastigio
1633 2573 1942 2644 potestatis,
1985 2578 2043 2625 et

450 2669 661 2740 abjecla
683 2685 847 2739 opum
886 2683 1104 2722 suarum
1134 2667 1344 2722 interna
1374 2666 1740 2729 conscientia,
1784 2663 1926 2718 unde
1953 2670 2040 2717 tu-

450 2777 572 2815 mor
603 2760 868 2814 maximus
908 2759 1157 2813 humanis
1182 2772 1396 2828 semper
1422 2756 1732 2811 dominatur
1763 2755 1816 2809 in
1845 2753 2040 2810 menti-

451 2852 553 2906 bus
576 2892 591 2916 ,
643 2849 708 2904 ad
733 2850 1016 2905 vilissimas
1045 2849 1218 2918 inopis
1246 2864 1305 2903 se
1340 2847 1618 2902 inclinavit
1645 2846 1948 2914 angustias,
1981 2851 2041 2898 ut

449 2955 550 2994 suo
571 2953 864 3009 pauperem
890 2938 1246 2994 contubernio
1279 2937 1611 2991 sublimaret.
1654 2935 1853 2990 Beatus
1880 2934 2040 3004 plane

449 3031 554 3087 iste
576 3031 819 3096 animus,
855 3037 911 3085 et
938 3031 1006 3084 ab
1028 3029 1176 3085 omni
1204 3028 1393 3083 morbo
1422 3028 1743 3096 arrogantia:
1776 3034 2035 3090 remotus,

449 3123 542 3193 qui
585 3122 656 3177 ad
701 3123 805 3178 hoc
846 3121 1098 3192 pauperis
1144 3120 1497 3175 diversorium
1535 3119 1682 3189 prius
1721 3117 1942 3174 intravit
1979 3123 2040 3171 ut

2132 532 2258 602 quia
2279 530 2383 587 etsi
2403 544 2502 585 nos
2522 526 2720 584 factum
2733 525 3076 582 conturbavit
3095 523 3161 578 ad
3183 530 3418 594 tempus,
3447 523 3658 580 relevat
3675 531 3730 580 et

2133 624 2341 681 solatur
2366 620 2694 692 exemplum.
2716 617 2839 674 Cito
2859 619 2926 674 ad
2951 618 3170 672 verbum
3193 615 3350 686 hujus
3367 616 3463 672 Dei
3490 617 3730 674 hominis

2135 715 2399 785 exiguitas
2439 713 2640 784 ingenii
2669 710 2840 768 nostri
2857 751 2872 775 ,
2904 718 2964 767 ut
2992 711 3164 766 viduae
3192 710 3335 765 illius
3369 717 3556 781 pastus
3573 750 3594 776 ,
3621 724 3730 767 ca-

2135 808 2254 864 lesti
2302 806 2550 878 proficiet
2593 805 2962 869 incremento;
3012 818 3078 858 ac
3115 802 3372 872 deinceps
3413 817 3447 856 a
3487 801 3728 872 reposito

2135 901 2314 958 sordis
2353 899 2524 956 nostri
2569 914 2679 956 non
2716 898 2841 954 vita:
2881 896 3182 952 substantia
3208 893 3455 961 deficiet,
3489 892 3589 949 sed
3620 893 3727 964 ipsa

2135 991 2317 1063 inopia
2354 990 2660 1047 abolebitur
2686 997 2742 1044 et
2769 987 3028 1044 defectus.
3070 985 3222 1041 Felix
3247 1000 3386 1041 vena
3407 1024 3423 1049 ,
3469 999 3600 1054 qua:
3637 1000 3730 1039 suo

2137 1083 2339 1140 ditatur
2371 1083 2594 1153 irriguo,
2637 1087 2694 1137 et
2726 1079 2927 1136 ﬂuenta
2956 1077 3105 1150 putei
3131 1077 3216 1133 sui
3243 1083 3359 1132 tota
3385 1074 3631 1145 acquirit
3657 1082 3729 1129 at-

2137 1188 2244 1245 que
2271 1174 2492 1229 attrahit
2523 1183 2546 1211 °
2576 1174 2841 1228 ubertate.
2876 1169 3020 1226 Ecce
3045 1169 3221 1235 venit,
3259 1175 3316 1224 et
3345 1167 3615 1223 sublimes
3643 1181 3730 1221 ve-

2137 1274 2281 1321 stros
2308 1262 2784 1320 animosctelestis
2815 1260 2988 1316 imber
3015 1258 3238 1316 infudit:
3271 1266 3498 1328 totoque
3526 1257 3732 1327 impetu

2139 1356 2359 1428 superni
2387 1354 2641 1421 ﬂuminis,
2673 1368 2793 1426 quae
2814 1353 2870 1408 in
2900 1351 3052 1407 vobis
3078 1359 3182 1415 est,
3213 1350 3485 1406 civitatem
3514 1349 3622 1404 Dei
3641 1364 3731 1404 suo

2139 1447 2334 1518 rigavit
2368 1447 2560 1518 illapsu
2584 1488 2600 1514 ,
2643 1453 2705 1502 ut
2729 1453 2874 1500 terra
2916 1449 3103 1498 nostra
3141 1441 3324 1498 divino
3362 1455 3490 1496 rore
3518 1439 3732 1495 madida

2139 1541 2494 1598 centesimum
2531 1553 2702 1610 usque
2748 1536 3068 1593 fecundetur
3106 1534 3174 1590 ad
3219 1535 3469 1589 fructum.
3511 1529 3733 1603 Aperite

2139 1649 2359 1698 sensus,
2408 1632 2573 1690 corda
2613 1631 2867 1698 dilatate,
2911 1637 2968 1686 et
3005 1628 3269 1698 gremium
3305 1634 3498 1682 vestr-te
3536 1627 3733 1682 mentis

2141 1725 2456 1781 cxtendite:
2500 1731 2561 1779 ut
2598 1721 2857 1793 quidquid
2885 1721 2954 1776 de
2981 1719 3290 1776 cmlestibus
3333 1718 3433 1774 iste
3464 1716 3732 1773 thesauris

2064 1825 2114 1886 Β
2139 1819 2291 1874 vobis
2315 1815 2335 1856 ⁸
2363 1818 2584 1887 largiter
2611 1814 2880 1880 effuderit,
2911 1813 2979 1869 ad
3000 1822 3256 1869 aeternam
3278 1812 3503 1882 gloriam
3530 1819 3594 1866 et
3617 1824 3731 1866 ceu-

2138 1925 2259 1966 sum
2279 1917 2557 1982 perpetem
2587 1907 2864 1978 possidere
2885 1905 3122 1977 possitis.

2637 2016 2869 2074 SERMO
2905 2015 3210 2072 CXXXVII.

2381 2111 2463 2168 De
2481 2112 2853 2185 pradicatione
2879 2110 2950 2166 D.
2969 2109 3195 2166 Joannis
3225 2108 3493 2182 Baptistae.

2211 2204 2570 2274 Posteaquam
2616 2204 2750 2273 legis
2788 2217 3010 2258 vomere
3037 2210 3097 2257 et
3117 2200 3235 2271 jugi
3275 2201 3422 2256 cultu
3456 2198 3728 2256 exinanita

2138 2295 2344 2353 Judaici
2373 2297 2592 2368 ceSpitis
2619 2303 2703 2353 est
2740 2296 2979 2361 ubertas,
3010 2295 3202 2350 beatus
3228 2291 3462 2348 Joannes
3491 2293 3726 2363 gentium

2139 2387 2434 2443 convolans
2480 2386 2550 2441 ad
2602 2385 2876 2442 desertum
2899 2427 2914 2452 ,
2959 2393 3143 2440 sentes
3179 2382 3463 2439 criminum
3514 2382 3726 2452 spiritus

2141 2476 2263 2545 igne
2291 2474 2644 2540 succendens,
2669 2473 3031 2530 infructuosas
3051 2473 3274 2528 arbores
3294 2471 3553 2527 excidens
3574 2471 3723 2525 ultio.

2141 2565 2226 2619 nis
2244 2564 2438 2631 securi,
2461 2563 2812 2634 complanans
2832 2578 3056 2634 asperos
3075 2561 3340 2634 superbia:
3359 2561 3549 2626 colles,
3573 2560 3726 2616 humi-

2139 2654 2308 2710 litatis
2361 2654 2635 2710 convalles
2687 2655 2900 2723 erigeus
2946 2651 3280 2723 exmquando
3303 2693 3319 2719 ,
3350 2659 3406 2707 et
3451 2650 3722 2721 planitiem

2141 2754 2300 2801 terrae
2321 2751 2491 2800 totam
2522 2745 2784 2814 (gramine
2804 2744 3036 2816 perdito)
3058 2751 3271 2814 aptans,
3296 2742 3596 2798 nutricibus
3615 2742 3724 2798 sub-

2139 2836 2361 2891 mittens
2388 2835 2589 2904 irrigua
2633 2833 2884 2890 Jordanis
2917 2852 2929 2888 :
2962 2850 3025 2890 ac
3064 2834 3144 2890 sic
3186 2832 3512 2903 Evangelico
3541 2832 3718 2888 semini

2141 2930 2353 2986 novalia
2375 2928 2563 2985 diil‘usa
2587 2937 2872 3000 praeparat,
2911 2927 3139 2984 fecunda
3167 2926 3457 2997 componit.
3511 2923 3720 2979 Factam

2141 3031 2233 3086 est,
2266 3020 2456 3091 inquit,
2479 3020 2686 3074 verbum
2723 3018 2935 3074 Domini
2963 3036 3116 3090 super
3156 3018 3417 3072 Joannem
3461 3016 3721 3070 Zacharic

2140 3113 2382 3185 ﬁliumin
2410 3111 2610 3168 deserto
2636 3110 2785 3182 (Luc.
2811 3110 2912 3182 ιιι).
2954 3111 3177 3166 Verbum
3202 3127 3325 3164 caro
3349 3112 3540 3182 factum
3560 3117 3649 3171 est,
3671 3117 3719 3161 et

449 3222 576 3268 ante
623 3213 974 3268 humanitatis
1013 3211 1227 3266 debitor
1253 3226 1414 3280 quam
1442 3211 1667 3278 largitor
1703 3221 1725 3249 ε
1758 3210 2035 3265 existeret.
2065 3198 2114 3265 Ο
2142 3205 2390 3260 habitavit
2428 3206 2483 3258 in
2520 3205 2669 3260 nobis
2697 3203 2876 3276 (Joan.
2902 3204 2970 3277 ι).
3007 3203 3176 3276 Super
3223 3203 3478 3257 Joannem
3499 3203 3526 3254 .’
3549 3200 3720 3268 Quare

447 3303 654 3358 Imitari
679 3303 847 3358 Deum
876 3301 1155 3356 evidenter
1191 3301 1293 3354 iste
1340 3301 1590 3370 gestivit,
1621 3301 1713 3369 qui
1761 3307 1887 3354 ante
1935 3299 2040 3354 hu-

447 3409 608 3451 mana
655 3394 706 3448 in
747 3407 977 3463 corpore
1022 3393 1259 3462 suscepit
1286 3391 1566 3461 obsequia,
1589 3406 1751 3460 quam
1778 3391 2040 3446 beneﬁcia

447 3484 656 3540 homini
676 3483 856 3538 divina
876 3482 1220 3538 concederet.
1261 3479 1413 3548 Quod
1436 3481 1748 3552 pontiﬁcem
1777 3481 1873 3536 Dei
1895 3497 2040 3538 sum-

447 3576 522 3630 mi
549 3583 869 3645 praesentem
917 3573 1216 3643 Adelphum
1259 3572 1450 3628 fecisse
1496 3571 1897 3642 conspicimus:
1947 3573 2041 3642 qui

447 3684 574 3723 cum
600 3669 671 3723 sit
699 3668 865 3722 verbo
890 3667 1057 3730 dives,
1088 3666 1315 3721 scientia
1334 3665 1606 3736 copiosus,
1636 3679 1860 3734 magnus
1889 3665 2039 3734 inge-

448 3760 562 3826 nio,
589 3758 616 3795 ιι
646 3759 769 3814 loco
798 3757 1020 3827 primus,
1052 3756 1208 3826 egeni
1230 3772 1420 3812 sensus
1440 3766 1496 3812 et
1517 3757 1804 3813 mediocris
1833 3756 2033 3826 eloquii

449 3850 621 3906 nostri
651 3848 981 3903 audientiam
1009 3848 1344 3917 concupivit,
1385 3849 1526 3903 illius
1554 3851 1829 3919 prophetae
1865 3849 2036 3903 instar

446 3940 541 4011 qui
569 3939 710 3994 illius
738 3939 910 3993 vidua:
933 3939 1131 3993 victum
1152 3939 1372 3992 esurivit
1406 3947 1724 4004 extremum,
1755 3948 1810 3996 et
1835 3955 2035 4010 parvu—

445 4032 619 4088 lorum
659 4031 777 4101 ejus
796 4046 893 4086 sua
932 4030 1073 4086 fame
1099 4030 1314 4084 vexavit
1342 4031 1632 4100 angustias,
1659 4049 1856 4088 novum
1885 4033 2036 4089 diffe-

444 4139 572 4181 rens
597 4140 694 4180 sua
734 4123 996 4194 petitione
1023 4121 1382 4176 ministerium
1405 4164 1420 4187 ,
1467 4132 1525 4178 ut
1565 4125 1797 4193 petendo
1827 4125 2033 4180 tribue-

443 4224 560 4282 ret,
595 4215 884 4270 esuriendo
912 4221 1211 4277 saturaret,
1246 4220 1300 4267 et
1329 4214 1700 4270 exhauriendo
1733 4214 2033 4270 deﬁcienti-

444 4307 546 4362 bus
565 4307 820 4362 horreum
839 4306 1018 4361 divina
1039 4306 1287 4374 largitate
1309 4305 1610 4360 cumularet
1627 4305 1715 4376 (ΠΙ
1730 4305 1857 4379 Reg.
1874 4307 2026 4378 xvu).

520 4495 547 4522 ι
584 4484 772 4540 Sermo
801 4489 978 4538 autem
1007 4485 1095 4539 hic
1116 4484 1168 4538 in
1190 4499 1292 4538 ms.
1325 4482 1560 4538 Ctesenae
1590 4485 1930 4538 inscribitur:
1953 4481 2035 4538 De

448 4555 600 4636 laude
707 4555 925 4636 Adelphi
958 4556 1201 4636 episcopi.
1243 4553 1454 4636 Scimus
1483 4555 1624 4636 enim
1661 4555 1801 4636 apud
1823 4563 2035 4608 veteres

448 4626 747 4680 obtinuisse
768 4623 1050 4693 episcopos
1067 4666 1081 4689 ,
1114 4623 1166 4678 in
1189 4623 1458 4692 quoddam
1491 4625 1630 4678 inter
1662 4623 1721 4679 se
1743 4625 2036 4679 observan-

448 4697 539 4751 tia:
559 4697 830 4778 specimen
850 4695 940 4778 ,_si
970 4693 1111 4778 forte.
1135 4695 1353 4749 alterius
1391 4694 1532 4778 sedis
1570 4694 1809 4778 episcopi
1845 4709 2032 4774 eorum

449 4763 797 4822 concionibus
827 4764 1065 4829 aderant,
1099 4765 1150 4818 in
1180 4780 1364 4819 eorum
1396 4765 1579 4820 laudes
1606 4763 1841 4832 digredi;
1877 4763 2034 4831 cujus

448 4839 528 4894 rei
557 4837 712 4891 obvia
742 4843 867 4888 sunt
893 4835 1155 4904 exempla.
1181 4835 1406 4904 illustre
1441 4834 1710 4904 quoddam
1741 4835 1888 4904 apud,
1922 4834 2032 4904 En-

2144 3316 2254 3355 non
2279 3300 2347 3355 ad
2370 3298 2654 3365 Joannem,
2680 3299 2773 3354 sed
2793 3316 2948 3371 super
2967 3297 3268 3353 Joannem?
3289 3296 3426 3364 Quia
3454 3294 3586 3364 quod
3612 3291 3715 3347 de-

2143 3407 2354 3446 sursum
2375 3399 2477 3458 est,
2505 3407 2668 3461 super
2687 3407 2875 3447 omnes
2903 3399 3004 3446 est.
3051 3388 3276 3444 Factum
3294 3399 3375 3444 est
3396 3387 3586 3443 verbum
3603 3385 3715 3440 Do-

2142 3486 2269 3538 mini
2308 3501 2462 3556 super
2503 3483 2780 3539 Joannem.
2831 3483 2965 3552 Quia
3010 3483 3246 3539 Joannes
3285 3499 3395 3538 vox
3431 3490 3537 3546 est,
3583 3480 3716 3535 Deus

2145 3574 2398 3630 Verbum.
2465 3573 2689 3630 Factum
2739 3584 2814 3630 est
2862 3574 3066 3629 verbum
3120 3572 3338 3629 Domini
3375 3590 3525 3645 super
3559 3571 3711 3626 Joan-

2144 3681 2280 3719 nem.
2341 3665 2484 3720 Deus
2541 3682 2702 3737 super
2759 3665 3059 3732 Joannem,
3122 3680 3286 3735 super
3346 3679 3556 3720 servum
3611 3662 3708 3717 Do-

2139 3756 2355 3822 minus,
2413 3771 2575 3827 super
2632 3771 2820 3813 vocem
2879 3757 3120 3811 verbum.
3181 3754 3289 3810 Sed
3353 3754 3485 3810 dicis
3536 3753 3707 3807 mihi:

2140 3849 2298 3916 Quid,
2321 3850 2468 3920 quod
2497 3867 2600 3905 vox
2622 3848 2876 3921 praecedit
2903 3849 3162 3904 verbum?
3187 3847 3475 3909 Prtecedit,
3504 3845 3589 3902 sed
3606 3860 3710 3900 non

2143 3942 2400 4011 prtecellit
2431 3961 2443 3995 :
2477 3941 2746 3997 antecedit
2767 3940 2835 3996 ad
2861 3940 3134 4010 sequentis
3155 3939 3490 4008 obsequium,
3522 3951 3615 3992 non
3645 3933 3708 3989 ad

2142 4035 2376 4104 propriae
2402 4034 2689 4104 potestatis
2711 4033 2984 4088 indicium.
3013 4032 3133 4088 Vox
3153 4048 3258 4088 non
3289 4040 3376 4086 est
3402 4033 3512 4102 ipsa
3534 4028 3704 4099 iudex,

2143 4126 2237 4180 sed
2266 4133 2348 4181 est
2369 4127 2555 4181 nuntia
2575 4125 2867 4195 judicantis
2895 4144 2906 4178 :
2938 4126 3160 4180 verbum
3177 4123 3404 4194 iudicat,
3436 4139 3536 4179 vox
3576 4135 3709 4191 pra-

2140 4225 2294 4273 tonat
2327 4237 2339 4272 :
2367 4218 2645 4287 jubentem
2691 4227 2932 4291 potestas
2974 4220 3210 4288 resyicit,
3244 4236 3355 4274 non
3384 4219 3704 4276 clamantem.

2137 4307 2247 4366 Sed
2289 4309 2395 4366 hoc
2435 4310 2685 4378 fateatur,
2727 4318 2974 4376 testetur,
2999 4320 3206 4367 asserat
3251 4327 3361 4367 vox
3390 4313 3522 4382 ipsa,
3545 4308 3706 4381 prino

2141 4483 2305 4550 stillo,
2336 4500 2485 4540 num.
2517 4485 2568 4538 7.

2218 4567 2237 4592 ε
2275 4553 2510 4620 Varians
2538 4554 2719 4619 lectio,
2750 4557 3022 4610 exstiterit.

2210 4621 2238 4661 δ
2275 4622 2639 4697 Chrysologus
2693 4626 2782 4697 hic
2835 4626 3174 4697 apertissime
3229 4627 3411 4682 innuit
3452 4627 3508 4683 S.
3555 4625 3698 4697 Adel-

2140 4695 2337 4765 phum,
2381 4695 2624 4764 quisquis
2639 4695 2872 4766 tandem
2890 4698 2935 4750 is
2972 4695 3160 4762 fuerit,
3209 4697 3433 4763 ordine,
3464 4706 3518 4754 et
3554 4696 3700 4766 gradu

2139 4766 2237 4820 sibi
2266 4767 2599 4835 superiorem
2628 4765 2808 4821 fuisse.
2851 4765 3152 4836 Antequam
3179 4765 3700 4836 RavennatensisEcr

2140 4836 2311 4917 clesia;
2319 4837 2440 4904 jure
2462 4837 2859 4917 metroirolitico
2877 4835 3188 4917 donaretur,
3210 4839 3418 4917 nullu_n_1
3441 4841 3590 4917 alium
3609 4835 3698 4892 sibi

450 4908 690 4978 nodium,
723 4906 850 4961 dict.
874 4904 927 4968 2,
958 4899 1089 4978 toni.
1122 4899 1696 4978 [Opqr'uni_Sirmondi
1726 4899 1846 4978 pag.
1872 4903 2027 4978 @055,
2058 4899 2112 4958 D
2135 4899 2469 4978 superiorem
2514 4899 2806 4975 agnoverat
2846 4908 2898 4978 in
2939 4907 3088 4962 italia
3112 4949 3126 4974 ,
3158 4899 3318 4978 quam
3359 4909 3696 4966 Mediolanen-

447 4980 539 5034 ubi
568 4977 889 5033 Laurentius
915 4977 1197 5045 episcopus
1227 4975 1665 5038 Mediolanensis,
1702 4976 1793 5044 qui
1824 4975 2028 5041 aderat,

451 5049 694 5120 pluribus
723 5045 1203 5120 lautlatur:_Quam
1239 5057 1419 5120 tamen
1449 5045 1765 5100 concionem
1795 5061 2034 5120 pronun:

449 5116 599 5174 tiavit
627 5118 933 5173 Honoratus
972 5116 1215 5172 Novarue
1255 5117 1540 5186 episcopus
1570 5125 1626 5169 ut
1657 5131 1841 5181 suam,
1885 5117 2032 5184 quod

451 5191 579 5244 olim
611 5189 950 5243 consuevisse
994 5196 1143 5241 notat
1189 5186 1466 5241 Ferrarius
1503 5187 1570 5241 de
1613 5186 1870 5241 Concion.
1904 5201 2025 5254 pag.

448 5259 570 5314 £03.
605 5259 978 5328 Nazianzenus,
995 5267 1132 5312 orat.
1164 5256 1215 5319 6,
1242 5264 1557 5328 praesentem
1585 5256 2028 5328 Nyssenumlau-

450 5331 567 5394 dat;
604 5339 657 5384 et
687 5337 823 5383 orat.
853 5329 937 5392 l7,
970 5325 1259 5392 Basiliam;
1295 5335 1350 5381 et
1378 5325 1648 5381 Eulaliuni
1671 5336 1806 5382 orat.
1845 5326 1944 5393 30;
1975 5335 2032 5380 et

450 5409 665 5455 uentum
693 5399 1074 5469 quinquaginta
1095 5399 1378 5469 episcopos
1400 5406 1536 5452 orat.
1566 5397 1650 5452 52.
1679 5397 2022 5469 Augustinus,

451 5473 639 5537 nsalm.
669 5467 791 5532 xc",
825 5467 1141 5538 episcopum
1163 5467 1669 5536 Carthaginensem;
1699 5467 2028 5524 Gaudentius

453 5542 741 5596 Brixiensis
765 5540 1102 5594 Ambrosium
1134 5538 1603 5604 Mediolanensem,
1637 5547 1740 5594 etc.

526 5613 548 5690 ξι
587 5611 751 5690 Cujus
791 5611 932 5665 sedis
976 5608 1133 5690 fuerit
1173 5611 1454 5690 episcppus
1491 5609 1763 5690 Adelphus
1787 5610 2027 5690 ignotum

455 5682 650 5752 adhuc.
673 5681 796 5752 .‘dila
823 5697 944 5736 eum
971 5679 1265 5752 episcopum
1286 5679 1567 5736 Metensem
1592 5679 1753 5752 dicit;
1786 5680 2028 5752 sed_nul-

458 5753 524 5806 lis
573 5751 657 5804 vel
703 5751 941 5805 futilibus
988 5750 1312 5821 superfultus
1357 5750 1703 5821 argumentis,
1750 5750 1823 5821 ait
1867 5750 2030 5821 Tille-

457 5821 708 5876 montius.
766 5821 894 5876 Vide
934 5817 1090 5876 notas
1137 5822 1202 5875 ad
1245 5817 1439 5875 Vitam'
1463 5820 1779 5891 Chrysologi
1821 5835 1886 5877 ex
1926 5817 2029 5875 Ca-

2137 4976 2288 5042 sein,
2321 4977 2405 5032 vel
2448 4976 2675 5046 fortasse
2722 4977 3118 5046 Aquileiensem
3172 4976 3491 5035 antistitem.
3537 4978 3697 5035 Nullus

2137 5047 2472 5121 temporibus
2489 5045 2884 5121 Qhrysologiin
2903 5048 3224 5121 bissedibus
3247 5049 3545 5121 Adelphus.
3567 5047 3697 5104 Unde

2137 5116 2291 5173 facile
2320 5126 2402 5172 est
2435 5116 2743 5186 huiusmodi
2765 5116 2953 5172 virum
2981 5119 3048 5174 de
3081 5135 3188 5186 quo
3219 5120 3308 5175 hic
3350 5116 3573 5176 habetur
3593 5133 3693 5173 ser-

2136 5203 2246 5268 mo,
2275 5189 2602 5268 episcopum
2627 5196 2840 5268 tantum
2878 5189 3038 5244 luisse
3063 5187 3403 5268 Chrysologo
3430 5193 3693 5268 seniorem.

2137 5257 2288 5313 Licet
2315 5257 2458 5313 enim
2477 5257 2774 5313 Ecclesiam
2801 5257 3199 5327 Ravennatem,
3224 5257 3358 5315 dum
3384 5263 3438 5317 in
3465 5277 3525 5316 ea
3557 5257 3693 5314 sede-

2134 5327 2988 5402 bat_Chrysologi_prtedecessor,
3020 5331 3490 5402 metropolitanam
3523 5331 3694 5385 factata

2129 5399 2352 5454 credant
2379 5399 2659 5465 nonnulli,
2697 5399 2750 5453 id
2788 5406 2969 5455 tamen
2998 5416 3099 5456 nec
3130 5399 3277 5457 certe
3304 5419 3406 5458 nec
3442 5411 3549 5457 tute
3565 5412 3691 5454 asse-

2129 5469 2284 5524 ritur.
2328 5468 2480 5525 Unde
2508 5485 2616 5524 non
2653 5485 2795 5538 vero
2824 5470 3067 5526 absimile
3096 5481 3206 5538 est,
3239 5488 3308 5528 ex
3344 5473 3689 5529 Ravennatum

2134 5539 2431 5613 antistitum
2471 5555 2722 5613 numero,
2772 5537 3159 5613 Chrysologum
3196 5537 3437 5613 primum
3477 5544 3568 5598 hac
3605 5553 3690 5593 au-

2135 5609 2466 5680 ctumifuisse
2493 5611 2769 5680 dignitate.

2211 5691 2234 5717 ο
2272 5679 2602 5750 Corrigimus
2629 5697 2699 5736 ex
2717 5697 2816 5737 ms.
2842 5680 3014 5737 Vatic.
3047 5692 3102 5738 et
3130 5683 3360 5740 Latinio.
3390 5683 3521 5739 Editi
3547 5695 3686 5736 men-

2137 5751 2286 5814 dose,
2315 5752 2550 5807 libertate

2213 5793 2624 5891 ?”’A}3}££€le
2671 5824 2753 5879 his
2805 5840 2914 5881 non
2955 5816 3203 5893 obscure,
3249 5835 3305 5883 et
3350 5827 3514 5896 ipsum
3552 5817 3673 5876 Mal
