3878 6368
191 359 292 422 573

1037 401 1040 406 .
1507 340 1736 402 SERIO
1765 340 2059 400 CXXXIX.

652 479 669 518 :
692 468 750 524 et
767 460 892 546 ideo
918 459 1130 530 quoties
1149 455 1602 522 Domioicanobis
1629 455 1738 518 elo-
1758 454 2240 552 Anitasadtuam
2256 455 2481 552 gloriam
2496 462 2768 552 recurrat,
2795 455 2942 516 iuius
2967 454 3128 518 mi.
3151 464 3306 516 tum
3327 476 3415 519 τε,

3303 343 3414 414 ml

229 525 622 632 Ἑώῶὦ,
642 525 1044 622 mwsevigi-m’
1067 549 1275 610 animus
1296 547 1556 615 Nam,
1579 548 1738 612 ηιίη.
1833 543 2037 608 ,ἀωιιιθι
2064 545 2131 602 ad
2156 525 2452 616 praemium.
2483 545 2547 604 Si
2567 549 2880 618 peccauerit,
2907 549 2999 620 inq
3039 549 3098 616 it,
3120 551 3175 608 in
3197 553 3417 624 tetram

233 647 412 708 ﬂectus
445 643 621 718 possit
655 641 902 706 scientiae
928 639 1165 698 caelestis
1204 642 1405 698 intrare
1445 647 1733 702 secretum.

1839 645 1973 710 tuus,
2011 639 2224 710 increpa
2251 639 2427 704 illum;
2450 639 2495 694 si
2509 641 2865 710 paenitentiam
2884 644 3062 718 egerit,
3085 643 3282 709 dimitte
3315 645 3421 706 illi.

365 729 617 792 Dominus
637 731 810 804 ,hodie
845 733 924 789 sic
950 733 1191 804 emperit,
1222 729 1522 786 audiamus.
1552 731 1734 792 Atten-
1837 720 2005 786 Nemo
2028 730 2128 786 ista
2154 729 2375 792 audiens
2402 747 2682 792 censuram
2710 734 2810 792 sibi
2846 736 3124 800 remittens
3156 747 3416 805 assumat,

191 811 299 895 ita,
325 825 515 902 inquit,
544 818 683 880 vobis
713 819 874 898 (Luc.
915 821 1067 896 xvu).
1100 819 1238 892 Quid
1270 823 1368 878 sibi
1391 821 1494 877 ista
1525 821 1738 878 novitas

197 903 513 996 elocutionis?
539 913 656 988 Quo
675 917 779 972 ista
801 917 971 973 tendit
998 913 1292 971 admonitio
1318 921 1514 987 printer
1543 913 1736 969 usum?

195 1001 434 1082 dimittite,
455 1007 646 1080 inquit,
662 1009 822 1066 vobis.
845 1007 940 1065 Ille
964 1007 1192 1063 attendit
1217 1007 1337 1076 sibi,
1354 1006 1445 1078 qui
1468 1021 1574 1061 non
1603 1003 1736 1060 alie-

195 1091 260 1160 nis
284 1103 474 1159 actibus
501 1103 856 1176 importunus,
887 1100 1185 1172 impudens,
1214 1099 1460 1156 curiosus
1487 1095 1732 1152 intendit.

183 1193 432 1260 .Attettdite,
464 1193 652 1262 inquit,
682 1191 842 1252 vobis.
882 1185 1060 1260 Vagus
1092 1186 1307 1258 oculus,
1346 1197 1373 1227 ι
1399 1187 1631 1243 lascivus
1651 1186 1737 1242 in—

192 1289 346 1351 tuitus,
376 1283 648 1354 improbus
687 1291 955 1354 aspectus,
984 1298 1111 1338 suas
1139 1298 1246 1338 non
1275 1279 1490 1352 reSpicit
1521 1278 1588 1334 ad
1620 1278 1735 1332 rui-

191 1393 286 1446 nas,
308 1375 498 1431 alienos
520 1375 708 1443 currit,
740 1382 797 1430 et
823 1374 1060 1430 decurrit
1086 1372 1154 1428 ad
1185 1373 1394 1445 lapsus;
1437 1386 1534 1426 sua
1561 1384 1735 1426 caecus

191 1470 244 1527 ad
259 1467 480 1533 crimina,
504 1468 574 1522 ad
608 1467 782 1526 aliena
809 1475 987 1523 errata
1024 1467 1292 1540 perlucet;
1320 1465 1585 1522 malorum
1609 1478 1736 1519 suo-

189 1573 283 1614 rum
301 1557 517 1622 nescius,
551 1557 848 1614 alienorum
875 1565 959 1612 est
987 1567 1268 1614 accusator
1293 1563 1349 1611 et
1376 1555 1556 1621 testis;
1577 1568 1734 1609 suum

187 1651 365 1721 tepidus
389 1647 452 1704 ad
473 1657 707 1717 reatum,
731 1648 799 1705 ad
828 1649 1048 1706 alterius
1077 1657 1134 1704 et
1171 1649 1470 1704 innocentis
1496 1643 1735 1700 flairima-

189 1751 257 1797 tur
272 1747 320 1797 et
350 1740 694 1806 excandescit
732 1756 978 1797 examen.
1003 1739 1069 1795 Et
1107 1756 1176 1796 ne
1200 1741 1398 1807 multis,
1441 1739 1580 1795 sicut
1598 1737 1734 1792 dixit

1837 830 1893 878 et
1917 824 2160 895 imponat
2184 821 2336 879 fratri
2351 823 2679 894 delinquenti
2698 842 2762 882 va
2771 843 2836 884 na
2849 831 3269 901 praesumptione
3289 847 3417 903 per-

1837 930 2026 976 sonam
2070 934 2084 970 :
2116 932 2180 972 ac
2219 917 2299 978 sic
2335 917 2525 974 durum
2565 929 2720 991 putet
2767 923 3041 980 remittere
3089 924 3304 1002 delicta.
3344 925 3416 983 Se

1833 1016 2196 1082 peccatorem,
2227 1021 2572 1084 peccaturum
2612 1031 2671 1072 se
2715 1017 2879 1076 homo
2907 1019 3146 1088 cogitet:
3196 1029 3252 1076 et
3289 1030 3416 1077 tunc

1836 1099 2023 1172 incipit
2075 1117 2256 1159 amare
2301 1104 2542 1174 veniam,
2594 1121 2702 1172 non
2749 1123 2935 1166 amare
2971 1111 3417 1168 viudictam.Au-

1835 1189 1918 1245 dis
1952 1199 2006 1245 tu
2046 1191 2171 1261 quia
2204 1193 2480 1249 remittere
2520 1194 2749 1265 debeas,
2793 1201 2849 1252 et
2897 1199 3023 1268 quia
3057 1201 3159 1264 ,tibi
3213 1203 3416 1260 remitti

1834 1277 2025 1342 debeat
2049 1298 2156 1337 non
2184 1283 2354 1339 audis.
2379 1281 2636 1345 Peccabis
2663 1295 2716 1341 et
2739 1295 2794 1346 tu
2814 1287 2888 1344 illi
2917 1291 3161 1362 cras,_qui
3186 1291 3279 1348 tibi
3315 1291 3415 1348 ho-

1834 1371 1921 1429 die
1949 1374 2222 1445 peccavit;
2253 1384 2309 1431 et
2328 1376 2431 1432 erit
2442 1375 2732 1446 tibijudex,
2757 1380 2848 1448 qui
2866 1381 2959 1438 tibi
2987 1390 3104 1438 erat
3124 1398 3248 1439 reus
3266 1393 3412 1450 ante,

1834 1471 1891 1519 et
1916 1465 2105 1522 reddet
2137 1466 2229 1522 tibi
2256 1468 2501 1536 veniam,
2533 1469 2578 1524 si
2600 1469 2794 1528 dedisti
2826 1488 2839 1525 :
2871 1473 2916 1528 si
2947 1474 3291 1540 non-dedisti,
3323 1483 3416 1532 aut

1834 1555 2052 1628 negabit
2079 1559 2311 1627 veniam,
2345 1567 2439 1616 aut
2465 1559 2511 1618 si
2543 1554 2785 1629 dederit,
2819 1561 2845 1601 δ
2874 1563 3161 1636 imputabit
3185 1566 3416 1637 amplius

1833 1663 1994 1719 quam
2014 1649 2252 1706 donabit.
2293 1641 2524 1708 Remitte
2549 1653 2826 1724 peccanti,
2857 1655 3070 1710 remitte
3109 1656 3412 1726 poenitenti,

1834 1749 1894 1796 ut
1915 1758 2036 1796 cum
2063 1750 2120 1798 tu
2145 1744 2470 1814 peccaveris,
2500 1753 2816 1816 repensettir
2833 1747 2886 1806 in
2917 1747 3090 1815 venia,
3121 1763 3228 1804 non
3256 1747 3414 1803 done-

187 1827 403 1888 Dominus
434 1849 448 1885 :
475 1829 678 1888 Oculus
717 1831 773 1887 iu-
799 1847 859 1888 se
903 1816 1109 1888 trabem
1139 1847 1246 1888 non
1268 1830 1486 1894 videns,
1507 1827 1654 1882 videt
1678 1828 1736 1882 in
1765 1832 1812 1893 Β
1837 1840 1943 1887 tur.
1963 1829 2116 1890 Bona
2144 1849 2356 1904 semper
2381 1837 2558 1898 venia,
2584 1837 2675 1893 sed
2700 1844 2824 1896 tunc
2851 1837 3156 1900 dulcissima
3171 1855 3292 1894 cum
3320 1840 3416 1896 de-

185 1927 268 1982 alio
291 1925 544 1982 festucam
573 1925 785 2000 (Matth.
823 1925 937 1998 vn).
972 1925 1162 1981 Nonne
1194 1925 1382 1982 oculus
1414 1924 1732 1996 praevarica-

185 2016 316 2073 tionis
337 2027 415 2072 est
440 2019 672 2072 auctor?
699 2015 769 2072 Et
791 2018 936 2084 uidit,
967 2018 1156 2086 inquit,
1181 2017 1364 2072 mulier
1383 2016 1518 2088 quod
1545 2016 1732 2069 bonum

184 2117 287 2162 esset
314 2108 500 2179 lignum
536 2103 605 2161 ad
633 2107 1067 2172 manducandum,
1108 2117 1158 2162 et
1187 2105 1323 2180 quod
1341 2115 1546 2178 gratum
1572 2104 1732 2172 oculis;

185 2197 238 2252 ad
258 2197 512 2252 ridendum
545 2194 695 2270 (Gen.
726 2197 827 2270 ιιι).
865 2197 1052 2253 Mortis
1074 2197 1259 2268 janua,
1292 2197 1503 2254 invidia:
1530 2197 1637 2263 tax,
1669 2196 1735 2251 li-

182 2290 298 2344 voris
315 2287 574 2355 caminus,
606 2277 723 2344 toto
757 2289 1066 2359 cupiditatis
1094 2287 1342 2344 incendio
1363 2287 1602 2342 velocius
1636 2301 1736 2358 per

182 2377 323 2434 aliena
337 2381 622 2451 percurrit,
649 2395 806 2452 quam
835 2381 1003 2436 currit
1047 2381 1184 2450 ignis
1223 2381 1370 2435 arida
1417 2387 1475 2435 et
1520 2388 1735 2434 terrena
1767 2444 1769 2446 η

181 2487 258 2542 per
273 2472 520 2541 gramina.
545 2471 639 2528 Dei
661 2473 902 2542 estquod
930 2475 1117 2528 oculus
1137 2473 1188 2526 in
1205 2474 1390 2528 orbem
1418 2472 1497 2528 sic
1516 2479 1735 2548 apertus

181 2570 378 2616 arctatur
403 2563 814 2632 augustissimus
843 2563 897 2618 in
925 2565 1206 2636 pupillam,
1236 2573 1504 2634 quatenus
1541 2566 1732 2619 mode-

180 2664 271 2711 rate
291 2656 454 2712 visum
471 2658 680 2725 videat,
709 2673 819 2714 non
845 2659 1110 2726 invideat;
1141 2659 1449 2731 praevideat,
1479 2673 1584 2714 non
1608 2673 1736 2730 pro-

181 2744 336 2816 ripiat;
367 2749 694 2822 prospiciat,
733 2764 845 2806 non
885 2749 1148 2821 despiciat
1177 2767 1192 2804 :
1223 2751 1411 2806 oculus
1441 2749 1512 2807 sit
1541 2750 1734 2804 animae

181 2835 404 2908 fenestra,
447 2843 732 2913 speculum
769 2843 842 2898 sit
868 2843 1092 2910 mentis,
1133 2843 1202 2898 sit
1241 2843 1420 2899 lumen
1467 2844 1730 2914 corporis,

181 2931 503 2987 membrorum
552 2933 662 2988 dux
686 2933 774 3000 sit,
799 2949 910 2989 non
939 2934 1192 2990 introitus
1217 2935 1488 2990 vitiorum.
1532 2931 1637 2988 Sed
1666 2933 1736 2989 ad

179 3019 358 3092 pmfata
377 3024 686 3100 redeamus.
711 3025 988 3095 Attendite,
1013 3027 1202 3097 inquit,
1234 3026 1390 3082 vobis.
1425 3025 1599 3093 Vobis,
1624 3041 1734 3081 non

180 3109 287 3166 dixit
305 3111 406 3178 tibi,
423 3115 559 3184 quia
585 3113 843 3186 quidquid
871 3117 961 3172 alii
990 3117 1280 3172 attenderit
1298 3117 1481 3183 homo,
1506 3116 1734 3172 attendit

1832 1923 2006 1979 betur.
2037 1921 2178 1979 Vicit
2205 1940 2438 1995 pmnam,
2479 1925 2715 1996 judicem
2752 1929 3036 2000 prtevenit,
3069 1930 3239 1984 evasit
3265 1929 3414 2001 judi-

1833 2015 1991 2080 cium,
2011 2015 2102 2086 qui
2124 2015 2444 2072 remittendo
2459 2026 2583 2074 ante
2606 2019 2706 2078 sibi
2723 2021 2931 2076 veniam
2952 2035 3115 2089 quam
3139 2020 3416 2091 delinque-

1833 2115 1917 2160 ret
1931 2106 2044 2176 jam
2070 2107 2322 2177 providit.
2347 2105 2418 2161 Et
2442 2109 2489 2163 si
2517 2111 2722 2182 septies,
2746 2110 2936 2180 inquit,
2959 2111 3014 2165 in
3035 2110 3116 2165 die
3134 2107 3417 2183 peccaverit

1831 2197 1888 2250 in
1917 2207 1981 2264 te,
2012 2208 2060 2252 et
2086 2201 2271 2270 septies
2309 2201 2363 2254 in
2393 2199 2477 2255 die
2521 2217 2787 2256 conuersus
2817 2203 2970 2273 fuerit
2996 2202 3066 2256 ad
3094 2210 3170 2268 te,
3195 2203 3367 2258 dicens
3397 2220 3415 2257 :

1834 2288 2060 2344 Paenitet
2085 2306 2184 2356 me,
2204 2291 2543 2346 dimittes
2565 2289 2748 2358 Quare
2774 2291 2987 2348 veniam
3015 2292 3134 2362 lege
3159 2293 3418 2348 constrin-

1835 2383 1931 2450 git,
1963 2391 2210 2452 angustat
2239 2398 2481 2450 numero,
2507 2382 2611 2439 line
2640 2383 2927 2448 concludit,
2959 2399 3118 2454 quam
3135 2385 3216 2441 sic
3241 2385 3419 2456 pulsat

1831 2487 1932 2544 per
1957 2473 2399 2542 misericordiam,
2441 2491 2539 2546 per
2565 2477 2790 2545 gratiam
2820 2476 2900 2531 sic
2926 2476 3169 2532 relaxat:
3207 2489 3227 2516 ε
3259 2477 3306 2536 si
3333 2493 3420 2536 se-

1831 2569 1992 2642 pties,
2015 2568 2059 2622 si
2087 2569 2292 2624 octies‘t
2314 2569 2479 2624 vincit
2509 2584 2758 2626 numerus
2777 2569 3041 2636 gratiam?
3066 2569 3294 2624 bonitati
3314 2569 3419 2625 cal-

1833 2659 1984 2714 culus
2014 2658 2260 2714 obsistit?
2282 2665 2337 2713 et
2365 2659 2558 2714 addicit
2578 2675 2682 2714 una
2711 2659 2866 2730 culpa
2890 2673 3062 2730 paenae
3085 2673 3249 2730 quem
3272 2674 3418 2716 com-

1833 2750 1995 2803 missa
2009 2761 2222 2819 septem
2247 2749 2417 2804 venite
2449 2747 2562 2819 jam
2591 2750 2893 2806 dederunt?
2925 2750 3094 2806 Absit.
3122 2749 3255 2806 Nam
3282 2751 3419 2807 sicut

1829 2839 1960 2896 felix
1985 2839 2074 2895 ille
2101 2841 2193 2911 qui
2220 2841 2419 2911 septies
2433 2839 2658 2905 remisit,
2673 2841 2746 2894 ita
2778 2840 2982 2898 felicior
2994 2850 3079 2898 est
3095 2843 3197 2898 iste
3211 2850 3420 2914 septua—

1829 2932 1946 3008 gies
1979 2932 2180 3003 septies
2211 2932 2304 3000 qui
2344 2933 2568 2989 remisit.
2612 2931 2802 2988 Petrus
2847 2933 3084 2990 mandati
3137 2934 3422 2992 immemor

1831 3019 1990 3092 hujus
2019 3023 2315 3092 interrogat
2343 3023 2647 3091 Dominum,
2692 3023 2878 3078 dicens
2909 3040 2924 3076 ε
2959 3022 3022 3078 Si
3049 3026 3334 3096 peccaverit
3362 3026 3420 3079 in

1833 3129 1914 3168 me
1935 3116 2100 3186 frater
2117 3130 2258 3169 meus
2277 3155 2290 3180 ,
2315 3115 2506 3188 quoties
2539 3115 2796 3168 remittam
2824 3113 2940 3172 illi?
2965 3115 3150 3186 septies
3191 3113 3416 3186 (Matth.

177 3203 282 3272 tibi;
308 3213 644 3284 etquamum
665 3209 867 3264 videbit
886 3209 1000 3281 ipse
1029 3209 1203 3286 alteri,
1225 3210 1426 3272 videbit
1452 3209 1589 3264 alter
1611 3210 1729 3282 ipsi,
1757 3197 1804 3261 C
1836 3221 1962 3260 xvnt
1981 3205 2040 3277 )7
2068 3201 2355 3278 Respondit
2381 3203 2634 3260 Dominus
2668 3222 2686 3259 :
2729 3200 2854 3260 Non
2893 3203 3058 3275 solum
3084 3206 3299 3277 septies,
3329 3203 3420 3260 sed

177 3295 285 3352 sicut
307 3311 368 3354 ex
387 3300 744 3370 sequentibus
780 3301 1066 3357 elucescit:
1096 3301 1158 3359 Si
1193 3305 1508 3375 peccaverit,
1541 3303 1730 3373 inquit,

175 3388 220 3442 is
238 3395 284 3444 te
307 3391 462 3463 frater
481 3400 624 3460 tuus,
655 3393 867 3465 inerepa
893 3394 1074 3466 illum;
1103 3404 1153 3448 et
1179 3396 1224 3449 si
1251 3395 1601 3466 ptenitentiam
1619 3411 1736 3467 ege-

179 3483 244 3548 rit,
263 3484 444 3539 dimitte
484 3486 591 3541 illi.
624 3487 756 3556 Age,
788 3486 972 3553 homo,
1004 3487 1292 3542 mandante
1324 3487 1455 3553 Deo,
1503 3487 1730 3556 dimitte,

177 3570 350 3632 dimitte
392 3584 623 3649 peccata
655 3595 668 3631 :
712 3584 831 3633 esto
857 3577 1186 3633 misericors-
1219 3577 1288 3632 ad
1323 3575 1550 3641 delicta,
1596 3578 1650 3632 iu
1680 3586 1735 3635 te

174 3663 559 3722 commissorum
577 3673 638 3720 tu
665 3666 924 3722 remissor
954 3674 1072 3722 esto
1099 3673 1466 3738 peccatorum,
1485 3671 1546 3720 tu
1573 3665 1734 3728 modo

173 3766 230 3810 ne
257 3756 439 3830 perdas
457 3756 518 3814 in
545 3763 599 3814 te
621 3756 814 3813 divina:
839 3756 1035 3813 infulas
1059 3756 1372 3829 potestatis;
1399 3756 1660 3827 quidquid
1677 3755 1735 3814 in

175 3841 259 3898 alio
275 3851 328 3902 tu
349 3861 458 3906 non
494 3847 796 3914 remiseris,
822 3847 919 3904 tibi
945 3847 1001 3904 in
1025 3847 1136 3902 alio
1160 3856 1218 3902 tu
1243 3847 1485 3916 negabis.
1527 3845 1592 3901 Si
1611 3859 1732 3920 pec-

173 3938 474 3994 merittu-tc
512 3941 682 4011 frater
705 3947 841 4005 tuus,
871 3939 1061 4010 inquit,
1091 3941 1302 4014 increpa
1320 3940 1484 3995 illum.
1511 3939 1734 4014 lncrepa

172 4025 394 4098 utjudex,
424 4038 486 4088 ut
515 4033 688 4088 frater
719 4032 968 4096 remitte,
999 4031 1127 4103 quia
1150 4031 1337 4103 juncta
1357 4032 1588 4088 libertati
1608 4033 1734 4090 cha-

173 4115 292 4183 ritas,
309 4121 562 4178 charitati
580 4123 746 4177 mixta
767 4123 1009 4190 libertas,
1033 4131 1089 4180 et
1109 4132 1380 4180 terrorem
1407 4125 1730 4196 comprimit,

169 4215 215 4260 et
232 4213 438 4268 suscitat
451 4212 685 4268 fratrem
704 4231 723 4267 -ε
755 4214 925 4269 frater
948 4222 1032 4268 est
1059 4215 1112 4268 in
1141 4214 1291 4270 febre
1311 4230 1436 4269 cum
1466 4215 1626 4282 laidit,
1650 4225 1734 4272 est

169 4297 214 4353 in
232 4299 392 4360 furore
412 4305 674 4377 proximo
696 4321 818 4362 cum
847 4305 1141 4376 delinquit,
1166 4313 1250 4364 est
1277 4308 1359 4366 sui
1394 4309 1620 4376 nescius,
1651 4318 1734 4368 est

170 4386 486 4453 humanitatis
527 4404 823 4452 extraneus
853 4415 866 4450 :
899 4397 1024 4452 huic
1051 4397 1144 4467 qui
1183 4413 1280 4468 per
1306 4399 1734 4469 compassionem

167 4495 260 4536 non
275 4486 538 4555 subvenit,
563 4488 710 4544 hunc
723 4489 820 4558 qui
841 4503 940 4558 per
955 4490 1267 4560 patientiam
1298 4506 1404 4547 non
1428 4501 1599 4559 curat,
1623 4508 1733 4549 non

1835 3297 2124 3368 septuagies
2143 3297 2348 3367 septies.
2379 3292 2730 3366 Praescriptus
2757 3293 2887 3365 ergo
2917 3309 3168 3352 numerus
3191 3311 3296 3350 non
3324 3310 3421 3356 an-

1833 3393 2014 3456 gustat
2038 3385 2284 3449 veniam,
2311 3385 2407 3441 sed
2439 3385 2647 3450 dilatat,
2679 3393 2736 3440 et
2772 3384 2920 3455 quod
2959 3392 3230 3458 praecepto
3269 3383 3416 3452 linit,

1834 3479 1952 3534 sine
1980 3477 2084 3534 line
2110 3478 2364 3547 relinquit
2403 3479 2658 3545 arbitrio;
2699 3486 2759 3534 ut
2791 3475 2818 3515 ά
2847 3478 2894 3534 si
2919 3486 3178 3548 quantum
3200 3478 3421 3548 jusserit

1833 3569 2125 3640 remiseris,
2143 3577 2200 3626 et
2227 3575 2433 3624 tantum
2451 3571 2524 3626 sit
2535 3569 2871 3634 obedientiac,
2888 3570 2959 3624 sit
2975 3569 3202 3642 praemii.
3219 3567 3420 3639 Verum

1833 3662 2095 3732 septimus
2116 3675 2388 3726 numerus,
2415 3661 2508 3732 qui
2528 3676 2780 3718 numerus
2807 3661 3016 3718 videtur
3033 3675 3250 3732 parvus,
3273 3661 3422 3718 inve-

1833 3755 1981 3812 nitur
2005 3753 2368 3826 amplissimus
2386 3760 2764 3810 sacramento:
2795 3768 2920 3809 nam
2937 3753 3207 3824 septimus
3231 3767 3422 3811 nume-

1833 3863 1928 3904 rus
1954 3863 2054 3919 per
2079 3847 2196 3903 dies
2221 3847 2471 3918 gradiens
2495 3845 2780 3900 sabbatum
2804 3845 2948 3911 facit,
2971 3845 3125 3916 quod
3147 3845 3422 3908 benedixit

1825 3937 2096 3998 Dominus
2121 3979 2137 4008 ,
2185 3947 2242 3996 et
2277 3939 2552 4011 deputavit
2581 3938 2649 3993 ad
2675 3939 2950 4008 requiem,
2987 3945 3095 3994 tam
3127 3938 3209 3996 sui
3243 3938 3421 4010 operis

1833 4048 1996 4103 quam
2018 4031 2221 4087 laboris
2235 4031 2475 4086 humani.
2497 4028 2770 4101 Septimus
2790 4045 3042 4086 numerus
3065 4040 3088 4066 ε
3105 4044 3209 4100 per
3223 4028 3420 4097 ogdoa-

1831 4123 1931 4179 das
1957 4136 2198 4187 currens,
2227 4121 2307 4176 sic
2325 4121 2699 4191 septemplicat
2717 4120 3062 4192 septimanas,
3087 4126 3147 4173 ut
3159 4117 3420 4173 Penteco-

1829 4224 1954 4273 sten
1983 4215 2140 4271 nobis
2175 4214 2449 4284 impletam
2472 4212 2715 4284 mysterii
2743 4213 3084 4286 solemnitate
3110 4209 3414 4283 concludat,

1834 4316 2115 4377 totumque
2143 4305 2317 4362 sancti
2361 4301 2592 4375 Spiritus
2629 4303 2854 4358 imbrem
2899 4302 2954 4357 in
3000 4300 3418 4358 ecclesiasticam

1831 4409 2073 4470 segetem
2100 4399 2308 4456 uelesti
2345 4397 2527 4456 sonitu
2557 4405 2687 4452 tunc
2725 4394 2980 4452 effundat.
3017 4395 3288 4467 Septimus
3319 4411 3420 4449 uu-

1831 4507 2034 4558 merus,
2057 4505 2179 4548 cum
2205 4505 2306 4561 per
2334 4503 2547 4550 menses
2567 4493 2839 4559 properat,
2871 4486 3086 4559 septimi
3111 4485 3312 4544 mensis
3339 4483 3419 4540 fe~

165 4583 248 4642 per
272 4576 475 4631 veniam
495 4587 676 4644 sanat,
701 4591 865 4636 sanus
875 4593 983 4634 non
1013 4587 1114 4646 est,
1138 4588 1380 4652 aegrotat,
1411 4581 1728 4650 infirmatur,
1755 4577 1810 4638 D
1833 4592 1917 4650 sta
1929 4590 2211 4642 consecrat
2224 4588 2342 4638 tota
2356 4580 2511 4637 nobis
2517 4579 2712 4650 jejunii
2733 4579 3020 4661 sanctitate
3034 4576 3220 4650 (Leuit.
3243 4573 3416 4646 xxtu).

170 4665 346 4723 Viscera
383 4686 496 4726 non
524 4671 708 4736 habet,
741 4677 798 4727 et
824 4671 892 4726 ab
939 4667 1176 4727 humano
1214 4687 1377 4728 sensu
1402 4685 1733 4734 monstratur

165 4754 541 4820 alienus.Furit
560 4760 747 4826 frater,
777 4761 989 4824 ascribe
1013 4763 1334 4832 iegritmh'ni,
1360 4773 1420 4820 tu
1439 4765 1588 4820 illum
1604 4767 1731 4835 juva

171 4857 217 4903 ut
237 4848 421 4920 frater;
451 4853 669 4910 ascribe
695 4861 773 4921 tu,
801 4853 1052 4925 quod'sic
1074 4856 1297 4924 geritur,
1328 4855 1484 4925 febri,
1507 4867 1563 4913 et
1582 4855 1734 4914 fratri

168 4951 256 4994 non
290 4942 498 5012 poteris
523 4942 794 5014 imputare
825 4943 1204 5012 commissnm;
1233 4936 1492 5018 dabisque
1520 4958 1578 5004 tu
1604 4965 1734 5023 pru-

165 5030 334 5102 ὀῳωτ
354 5036 664 5108 inﬁrmitati
689 5038 923 5110 cttlpam,
954 5037 1106 5094 fratri
1131 5041 1374 5109 veniant;
1398 5050 1458 5098 ut
1484 5043 1623 5139 illius
1641 5061 1731 5101 sa-

163 5231 376 5363 ὴὲξέ
404 5231 729 5312 Camenae:
753 5235 782 5292 ι
1023 5236 1234 5300 Βοιιοιι.
1259 5237 1468 5298 habent
1497 5242 1728 5313 passiam

451 5375 648 5460 tibi.“
673 5376 941 5460 rationem
958 5378 1210 5447 παίδων,
1232 5377 1301 5435 ad
1320 5385 1469 5436 tuum
1488 5379 1726 5438 debitum

353 5445 521 5515 quam
547 5445 787 5506 donabit.
811 5447 975 5531 Mira.
1195 5445 1203 5447 “
1354 5519 1366 5533 ο

165 5589 250 5646 pm
279 5517 1729 5646 sé‘iﬂiirﬁuiiiiiiﬁaiiimmﬂi":

159 5589 250 5724 ire
279 5589 490 5644 incerto
517 5597 823 5660 usurpatur.
845 5589 980 5646 Vide
1016 5589 1399 5664 Maldonatum,
1429 5591 1642 5650 observ.
1671 5592 1729 5648 in

212 5657 333 5724 sub.
364 5674 501 5716 nun
525 5675 670 5722 num.
701 5659 762 5714 21
797 5659 961 5718 θι22.

270 5723 400 5806 ,μορ
426 5736 530 5796 est,
557 5730 770 5806 Domini
811 5738 1142 5806 praeceptum
1178 5739 1263 5789 est
1297 5729 1449 5787 fratri
1483 5732 1730 5806 peccanﬁ

165 5799 449 5866 Mittere,
472 5808 574 5858 etc.
606 5799 731 5869 Sed,
764 5799 903 5870 esto,
927 5799 1221 5858 lit'tantum
1248 5818 1418 5880 usque
1445 5799 1514 5860 ad
1542 5817 1729 5872 nume-

1827 4673 2104 4746 Septimus
2129 4688 2389 4734 numerus
2414 4687 2538 4728 cum
2572 4672 2722 4728 vadit
2749 4687 2847 4742 per
2873 4685 3064 4734 annos,
3091 4667 3420 4740 septimanas

1833 4766 1982 4834 facit,
2006 4765 2136 4822 facit
2159 4778 2362 4820 annum
2389 4763 2483 4834 qui
2508 4763 2749 4833 requiem
2769 4763 2862 4816 dat
2889 4771 3073 4827 term,
3102 4773 3272 4815 nexus
3299 4771 3418 4814 om-

1837 4873 1936 4914 nes
1967 4857 2218 4914 fraternte
2248 4855 2592 4926 obligationis
2622 4853 2851 4909 absolvit
2880 4851 3066 4924 (Deut.
3096 4845 3210 4922 xv).
3241 4847 3419 4920 Septi—

1838 4965 1959 5008 mus
1983 4963 2238 5006 numerus
2263 4961 2529 5002 annorum
2555 4961 2678 5001 cum
2717 4943 2909 5000 circuit
2941 4942 3288 5015 septi-manas,
3324 4954 3419 4995 an-

1829 5059 1969 5100 num
1999 5040 2518 5112 qmnquagesimum,
2547 5037 2641 5107 qui
2661 5036 2912 5108 jubilzeus
2937 5043 3181 5102 vocatur,
3207 5033 3278 5090 ad
3302 5032 3418 5104 ple-

1827 5255 1960 5317 rum
1985 5237 2350 5317 septenarium
2393 5233 2712 5317 {usquead
2739 5233 2896 5316 illum.
2907 5245 3190 5317 numerum
3209 5231 3416 5317 quire-

1823 5302 2067 5374 miserit,’
2081 5307 2362 5378 praemium
2389 5302 2706 5378 obedientiaa
2732 5303 2983 5378 recipiet;
3006 5303 3098 5372 qui
3127 5317 3256 5358 vero
3277 5302 3416 5378 ultra

1827 5372 2278 5454 huncnumerum
2297 5375 2680 5454 continuaverit
2696 5372 2916 5454 pmio
2928 5372 3416 5454 supereregationis

1827 5449 2140 5518 donabitur,
2178 5447 2325 5518 quod
2349 5446 2641 5502 maximum
2667 5453 2751 5508 est
2783 5459 2947 5518 supra
2983 5444 3262 5518 puerilium
3286 5444 3416 5500 obe-

1831 5515 2080 5603 ἀίίῗιὲιίωί
2109 5515 2311 5603 “illi”
2337 5518 2386 5603 εί
2422 5518 2762 5603 “Pili”.
2779 5515 3338 5603 βενθίὶδίάίξηὲἓὲἓτθ]
3355 5521 3416 5603 95

2559 5585 3043 5741 animus
3072 5584 3239 5647 ίτειετ
3280 5598 3417 5658 ονυ·

1909 5742 1934 5772 ο
1971 5729 2217 5789 Latinius
2234 5729 2400 5800 legit:
2430 5745 2525 5802 per
2549 5725 2914 5794 hebdomadas.
