3930 6354
433 417 541 474 575

1685 404 1743 459 8.
1784 401 1990 458 PETRI
2027 397 2460 457 CHRYSOLOGI

3617 402 3736 468 576

433 530 730 589 nitudinem
745 535 912 586 totam
939 524 1109 582 veniae
1137 529 1192 578 et
1213 517 1545 577 remissionis
1564 516 1781 572 adducit
1809 515 1828 589 (
1850 514 2016 570 Levit.
2045 521 2096 583 Α
2120 513 2320 569 veritas
2333 513 2630 573 manifestis
2643 515 2878 588 ipsarum
2889 531 3073 574 rerum
3082 518 3474 590 comprobetur
3485 517 3730 579 indiciis.

433 640 468 679 v
483 623 504 696 )
520 641 535 691 ;
558 631 617 679 ut
645 622 866 677 tollatur
879 616 1128 680 servitus,
1153 614 1343 672 redeat
1359 613 1578 668 libertas
1595 629 1610 678 ;
1641 618 1701 665 ut
1714 609 2023 666 canticum

431 719 759 775 documenta
781 722 837 770 et
855 717 1203 768 monumenta
1226 715 1573 779 rumpantur;
1603 711 1850 773 resurgat
1874 701 2026 756 debi-

425 822 530 878 tor,
569 809 805 866 debitum
845 807 916 862 sit
941 804 1237 876 sepultum;
1269 802 1456 858 redeat
1483 808 1542 855 ut
1587 813 1714 869 ager
1751 795 2021 868 pauperis,

402 883 483 973 int
517 907 705 973 pereat
725 898 907 956 divitis
934 906 1082 954 totus
1109 896 1177 952 de
1205 895 1498 966 cupiditate
1525 897 1852 948 contractus.
1881 886 1949 941 Et
1980 887 2027 942 si

401 983 518 1094 3:01)
529 994 692 1048 timus
715 1005 970 1046 numerus
990 987 1429 1060 septemplicatus
1457 999 1556 1057 per
1592 983 1726 1047 dies,
1759 995 1856 1052 per
1876 995 2028 1035 men-

425 1103 532 1151 ses,
567 1101 668 1158 per
695 1099 888 1149 annos,
922 1091 1094 1138 totum
1125 1080 1354 1138 contulit
1379 1076 1714 1134 remissionis
1739 1083 1795 1130 et
1833 1074 2024 1141 venite,

427 1177 875 1249 septemplicatus
914 1174 1222 1246 septuagies
1249 1173 1448 1242 septies
1476 1170 1736 1240 septimus
1775 1181 2031 1222 numerus

429 1268 555 1338 quid
586 1265 780 1324 afferre
805 1265 1008 1338 possit,
1040 1263 1378 1320 Christianus
1423 1263 1653 1318 aestimet
1693 1267 1748 1314 et
1785 1259 2031 1314 advertat

431 1363 665 1419 auditor.
704 1360 856 1416 Tunc
883 1374 1012 1415 vere
1040 1357 1275 1413 cessabit
1303 1355 1492 1412 crediti
1522 1359 1829 1410 contractus
1854 1359 1909 1406 et
1935 1350 2032 1406 de-

431 1453 548 1518 biti,
595 1461 724 1508 tunc
768 1467 900 1507 vere
939 1449 1245 1505 abolebitur
1293 1454 1407 1503 tota
1453 1446 1692 1502 conditio
1735 1443 2026 1509 servitutis,

432 1556 564 1602 tunc
597 1547 708 1612 illa,
740 1546 831 1601 illa
859 1544 1039 1600 veniet
1073 1543 1190 1598 sine
1222 1541 1330 1597 fine
1363 1541 1603 1603 libertas,
1645 1545 1773 1593 tunc
1798 1544 2033 1592 aeternus

437 1652 565 1707 ager
593 1637 832 1692 victurus
851 1649 1067 1704 semper
1093 1631 1376 1688 remeabit.
1399 1629 1609 1696 Veniet,
1641 1628 1824 1683 veniet
1850 1624 2034 1680 remis-

433 1729 512 1784 sio
561 1736 687 1783 tunc
731 1741 876 1791 vera,
909 1724 1123 1796 quando
1167 1723 1470 1779 abolebitur
1516 1721 1680 1777 etiam
1727 1718 2026 1798 necessitas

434 1829 551 1890 ipsa
597 1818 894 1890 peccandi,
945 1816 1163 1888 quando
1209 1822 1472 1886 pereunte
1520 1812 1858 1868 immunditia
1908 1824 2035 1866 vere

2126 606 2320 663 Missus
2348 617 2445 673 est,
2470 607 2672 679 inquit,
2696 609 2907 682 angelus
2935 610 3007 664 ad
3042 612 3294 684 virginem
3329 609 3731 682 desponsatam.

2126 702 2208 758 Ad
2234 703 2498 772 virginem
2529 702 2671 759 Deus
2704 703 2962 774 aligerum
3000 705 3322 775 portitorem
3348 703 3518 758 mittit
3547 722 3562 757 :
3601 719 3734 761 nam

2127 791 2153 830 δ
2176 793 2269 849 dat
2295 794 2531 861 arrham,
2562 793 2746 850 dotem
2766 795 3008 866 suscipit,
3040 795 3134 864 qui
3155 792 3260 850 fert
3281 791 3542 863 gratiam;
3565 792 3734 851 ﬁdem

2126 885 2310 956 refert,
2353 895 2409 943 et
2436 887 2602 944 tradit
2640 903 2865 944 munera
2909 888 3146 955 virtutis,
3185 887 3279 958 qui
3323 902 3455 944 mox
3501 887 3736 956 virginei

2129 996 2426 1036 consensus
2457 990 2480 1018 θ
2519 981 2743 1037 resolvit
2761 979 3128 1051 sponsionem.
3174 977 3428 1036 Pervolat
3465 979 3536 1035 ad
3563 993 3736 1050 spon-

2130 1088 2244 1129 sam
2267 1071 2493 1128 festinus
2521 1073 2806 1144 interpres,
2838 1081 2899 1130 ut
2927 1089 2959 1128 a
2991 1073 3090 1129 Dei
3116 1088 3315 1146 sponsa
3352 1073 3614 1128 humana:
3641 1071 3738 1128 de—

2131 1165 2495 1237 sponsationis
2516 1173 2700 1222 arceat
2719 1173 2775 1222 et
2793 1164 3088 1236 suspendat
3115 1164 3388 1231 affectum,
3429 1178 3618 1234 neque
3645 1179 3740 1218 an-

2129 1255 2270 1312 ferat
2288 1273 2319 1311 a
2345 1255 2546 1328 Ioseph
2567 1257 2848 1326 virginem,
2881 1256 2976 1313 sed
2996 1255 3188 1312 reddat
3205 1255 3441 1323 Christo,
3466 1256 3553 1311 cui
3581 1264 3671 1311 est
3688 1255 3741 1310 in

2133 1358 2290 1406 utero
2326 1349 2344 1388 ί
2395 1351 2679 1421 pignorata
2728 1365 2850 1406 cum
2896 1349 3070 1406 ﬁeret.
3116 1349 3363 1408 Christus
3403 1364 3536 1420 ergo
3587 1363 3742 1404 suam

2134 1458 2390 1514 sponsam
2418 1443 2628 1514 recipit,
2661 1457 2769 1498 non
2803 1442 3045 1513 praeripit
3082 1441 3342 1507 alienam;
3374 1455 3476 1497 nec
3516 1454 3742 1511 separa-

2135 1537 2340 1591 tionem
2361 1534 2505 1602 facit,
2541 1545 2566 1584 s
2588 1534 2805 1605 quando
2833 1549 2984 1589 suam
3015 1534 3118 1590 sibi
3140 1540 3310 1589 totam
3325 1532 3506 1604 jungit
3543 1532 3611 1586 in
3639 1546 3742 1586 uno

2135 1643 2366 1699 corpore
2411 1636 2732 1684 creaturam.
2777 1625 2886 1682 Sed
2933 1625 3065 1696 quid
3092 1626 3266 1696 egerit
3302 1624 3524 1694 angelus
3552 1621 3742 1678 audia-

2137 1735 2258 1775 mus
2285 1737 2296 1773 :
2324 1719 2598 1792 Ingressus
2621 1717 2691 1772 ad
2727 1734 2860 1782 eam,
2886 1718 3050 1772 dicit:
3081 1718 3204 1784 Are,
3229 1717 3399 1790 gratia
3421 1715 3614 1788 plena,
3641 1712 3742 1768 Do-

2139 1814 2311 1868 minus
2335 1820 2518 1866 tecum.
2541 1811 2601 1866 In
2630 1810 2733 1866 hac
2750 1825 2887 1865 voce
2908 1809 3111 1865 oblatio
3132 1816 3233 1876 est,
3256 1808 3458 1864 oblatio
3477 1807 3741 1872 muneris,

434 1911 662 1967 mundus
676 1911 790 1981 jam
809 1910 1090 1966 vocabitur
1109 1907 1360 1973 mundus,
1392 1905 1611 1975 quando
1644 1903 1906 1958 redeunte
1925 1903 2036 1958 vita
2065 1918 2114 1980 Β
2142 1903 2169 1942 h
2199 1921 2306 1960 non
2328 1904 2558 1975 simplex
2586 1903 2928 1959 salutationis
2956 1902 3215 1958 officium.
3238 1904 3361 1958 Ave.
3393 1901 3512 1958 Hoc
3541 1909 3642 1958 est
3659 1916 3742 1957 ac-

434 2019 580 2059 mors
608 2019 716 2058 non
742 2002 864 2068 erit,
888 2000 1105 2072 quando
1125 2005 1388 2070 regnante
1415 1996 1633 2051 Christo
1662 1994 2037 2064 diabolusjam

433 2093 648 2165 peribit.
674 2092 856 2159 Orate,
881 2091 1096 2156 fratres,
1121 2099 1177 2146 et
1204 2097 1265 2144 ut
1285 2089 1442 2145 nobis
1461 2088 1722 2143 Dominus
1755 2095 1949 2156 augeat
1970 2084 2034 2138 li-

432 2186 575 2247 dem,
607 2192 872 2254 quatenus
903 2184 1017 2238 haec
1049 2183 1192 2237 bona
1241 2179 1461 2236 credere
1487 2221 1501 2246 ,
1533 2179 1736 2245 videre,
1769 2185 1825 2232 et
1851 2185 2036 2233 tenere

437 2278 722 2348 possimus.

1015 2375 1037 2402 "
1060 2363 1293 2421 SERMO
1313 2361 1469 2418 CXL.

680 2461 756 2516 De
783 2460 1191 2514 Annuntiatione
1218 2457 1288 2512 D.
1322 2457 1512 2511 Maria:
1547 2454 1795 2527 Virginis.

509 2552 652 2608 Satis
690 2551 854 2607 modo
879 2550 950 2606 sit
989 2549 1267 2604 oculorum
1302 2555 1612 2602 nostrorum
1652 2546 1680 2584 δ
1711 2559 1846 2616 pura
1873 2559 2034 2611 acies,

437 2652 496 2698 ut
524 2643 700 2713 possit
739 2642 794 2696 in
823 2640 989 2696 divini
1033 2648 1183 2695 ortus
1224 2638 1504 2693 intendere
1534 2638 1835 2693 claritatem
1869 2655 1881 2690 :
1913 2651 2040 2691 nam

435 2736 481 2790 si
510 2733 782 2790 nascentis
808 2732 970 2803 iubar
996 2731 1128 2787 solis
1149 2731 1429 2787 oculorum
1470 2737 1781 2784 nostrorum
1813 2728 1902 2783 vix
1929 2725 2042 2782 suf-

439 2825 544 2880 fert
564 2825 768 2880 sanitas
797 2831 931 2888 tota,
955 2822 1040 2877 vel
1063 2821 1287 2892 puritas,
1319 2828 1519 2891 quanta
1549 2819 1747 2876 interni
1785 2820 1930 2874 visus
1958 2826 2042 2874 est

439 2918 795 2990 praeparanda
815 2918 1116 2982 sinceritas,
1142 2925 1200 2971 ut
1221 2916 1565 2986 splendorem
1589 2915 1670 2970 sui
1699 2913 1841 2971 ferre
1868 2915 2041 2986 possit

437 3011 664 3066 orientis
696 3018 754 3066 et
787 3009 1047 3064 radiantis
1075 3008 1350 3064 auctoris?
1384 3007 1451 3062 In
1491 3016 1635 3062 sexto
1665 3015 1833 3062 autent
1867 3023 2040 3063 mense

438 3106 624 3159 missus
653 3112 749 3170 est,
774 3103 963 3172 inquit,
1002 3113 1024 3142 ε
1043 3102 1255 3174 angelus
1279 3099 1490 3156 Gabriel
1518 3103 1572 3155 in
1602 3102 1859 3155 civitatem
1888 3097 2038 3154 Gali-

436 3196 553 3252 ltea:
594 3198 677 3250 cui
699 3213 886 3251 nomen
935 3193 1226 3263 Nazareth,
1273 3195 1343 3248 ad
1386 3195 1635 3266 virginem
1677 3194 2040 3266 desponsatam

2139 1997 2259 2068 cipe
2279 1997 2530 2066 gratiam.
2572 1995 2650 2051 Ne
2675 1995 2932 2066 trepides,
2961 2009 3032 2050 ne
3058 1995 3134 2050 sis
3167 1993 3395 2050 sollicita
3422 1993 3493 2049 de
3521 2002 3739 2049 natura.

2140 2085 2322 2141 Gratia
2338 2087 2512 2158 plena.
2531 2083 2669 2153 Quia
2690 2086 2744 2140 in
2765 2085 2884 2141 aliis
2903 2085 3096 2155 gratia,
3120 2085 3175 2140 in
3196 2092 3250 2140 te
3268 2092 3383 2140 tota
3405 2083 3421 2122 ί
3446 2085 3651 2154 gratia:
3664 2099 3741 2156 pa-

2138 2179 2273 2232 riter
2301 2178 2483 2233 veniet
2502 2176 2803 2248 plenitudo.
2836 2175 3090 2231 Dominus
3115 2185 3297 2231 tecum.
3330 2174 3469 2242 Quid
3498 2184 3592 2231 est
3622 2175 3675 2230 in
3697 2184 3740 2231 te

2138 2271 2433 2328 Dominus?
2463 2269 2598 2338 Quia
2629 2269 2696 2324 ad
2729 2278 2780 2324 te
2811 2284 2920 2325 non
2947 2269 3202 2324 visitandi
3230 2268 3407 2324 studio
3445 2269 3626 2336 venit,
3655 2267 3738 2323 sed

2138 2365 2192 2419 in
2223 2372 2277 2418 te
2298 2378 2441 2419 novo
2463 2362 2719 2418 nascendi
2741 2361 2977 2417 illabitur
2996 2369 3356 2417 sacramento.
3388 2360 3612 2431 Adiecit
3627 2377 3738 2417 ωει-

2139 2470 2271 2526 grue
2297 2474 2309 2509 :
2337 2455 2617 2511 Benedicta
2637 2464 2689 2509 tu
2710 2457 2766 2509 in
2801 2451 3117 2508 mulieribus.
3149 2451 3285 2520 Quia
3324 2453 3379 2507 in
3404 2451 3610 2521 quibus
3637 2449 3736 2503 Eva

2140 2547 2426 2603 maledicta
2446 2546 2704 2617 puniebat
2720 2546 2950 2613 viscera,
2975 2554 3103 2601 tunc
3123 2545 3176 2599 in
3197 2543 3302 2599 illis
3325 2542 3549 2613 gaudet,
3581 2542 3735 2598 hono-

2139 2650 2310 2708 ratur,
2352 2641 2641 2712 suspicitur
2668 2640 2835 2696 Maria
2880 2639 3184 2696 benedicta.
3216 2637 3285 2692 Et
3311 2637 3448 2692 facta
3494 2643 3582 2691 est
3617 2651 3734 2690 vere

2140 2751 2284 2791 nunc
2310 2743 2485 2790 mater
2513 2735 2808 2790 viventium
2828 2749 2926 2805 per
2953 2733 3203 2803 gratiam,
3227 2746 3347 2802 quae
3373 2740 3553 2786 mater
3579 2730 3734 2786 exsti—

2140 2826 2206 2881 tit
2233 2826 2579 2882 morientium
2610 2842 2708 2896 per
2725 2834 2994 2881 naturam.
3035 2823 3166 2890 Qua:
3211 2841 3325 2879 cum
3358 2822 3608 2889 audisset,
3631 2832 3731 2876 tur-

2141 2921 2263 2974 bata
2285 2930 2362 2976 est
2381 2921 2436 2975 in
2456 2936 2690 2976 sermone
2717 2921 2848 2991 ejus.
2880 2918 3016 2986 Quid
3048 2927 3130 2974 est
3156 2917 3301 2988 quod
3327 2932 3615 2988 personam
3653 2913 3728 2967 vi-

2139 3011 2250 3078 det,
2275 3019 2330 3066 et
2370 3011 2437 3066 de
2464 3023 2716 3067 sermone
2759 3011 3042 3084 turbatur?
3089 3009 3227 3078 Quia
3263 3016 3491 3065 venerat
3517 3007 3728 3078 angelus

2139 3102 2367 3158 blandus
2395 3102 2447 3156 in
2470 3102 2671 3173 specie,
2700 3103 2714 3153 l
2747 3101 2901 3158 fortis
2929 3102 2986 3157 in
3004 3101 3169 3167 bello,
3196 3101 3344 3156 mitis
3371 3101 3425 3155 in
3452 3100 3658 3161 habitu,
3677 3098 3728 3154 in

2139 3210 2390 3251 sermone
2410 3195 2686 3262 terribilis,
2711 3193 2738 3233 ιι
2760 3195 2993 3250 humana
3016 3193 3319 3265 proferens,
3341 3193 3516 3249 divina
3543 3207 3729 3262 repro-

436 3290 544 3344 riro
575 3291 656 3344 cui
696 3305 882 3344 nomen
905 3296 1016 3344 erat
1035 3288 1227 3361 Joseph
1251 3286 1398 3359 (Luc.
1431 3286 1510 3359 ιι).
1546 3286 1768 3352 Locum,
1803 3294 2034 3358 tempus,
2065 3298 2110 3362 ο
2139 3286 2378 3342 mittens.
2417 3284 2570 3342 Unde
2603 3293 2659 3342 et
2696 3287 2980 3355 virginem,
3002 3299 3164 3356 quam
3193 3285 3388 3342 leviter
3409 3285 3542 3340 visus
3569 3282 3726 3338 solli-

437 3389 744 3448 personam,
768 3387 989 3437 sanctus
1027 3380 1355 3449 evangelista
1389 3379 1653 3448 designat,
1677 3387 1736 3433 ut
1755 3378 2035 3435 relationis

514 3599 538 3627 ι
557 3586 879 3658 Huiusmodi
899 3587 1092 3642 festum
1112 3587 1552 3642 Annnntiationis
1576 3586 1684 3658 jam
1707 3602 1738 3642 a
1759 3586 1957 3658 saeculo
1972 3601 2028 3642 ιιι

440 3663 495 3716 in
523 3657 764 3714 Ecclesia
804 3658 1134 3712 celebratum
1158 3659 1530 3712 demonstrant
1551 3666 1632 3712 tot
1658 3657 1754 3712 SS.
1775 3657 1879 3711 PP.
1911 3672 2030 3713 ser—

439 3744 631 3785 mones
661 3729 715 3782 in
743 3743 809 3782 eo
830 3728 1007 3799 habiti
1052 3745 1074 3799 εγ
1106 3727 1310 3799 scilicet
1350 3727 1748 3799 ab_Epiphanio
1777 3729 2032 3799 episcopo

441 3798 841 3855 Constantiensi
862 3797 1117 3868 ininsula
1137 3796 1326 3868 Cypri,
1345 3813 1375 3852 a
1394 3796 1884 3868 Chrysostom'ofS.
1906 3796 2035 3853 Aca-

440 3871 527 3952 cio
555 3869 811 3952 episcopo
839 3867 1195 3952 Melitinensi,’
1316 3867 1520 3952 Basilio
1541 3869 1798 3952 episcopo
1841 3868 2032 3952 Seleu—

441 3938 628 4006 ciensi,
662 3939 784 4011 Tito
825 3938 1086 4011 episcopo
1123 3939 1428 4011 Bostrensi,
1455 3938 1743 4011 Anastasio
1769 3939 2034 4011 archiepi-

443 4027 607 4082 scopo
647 4009 1010 4082 Antiocheno,
1040 4009 1308 4082 Hesychia
1342 4009 2036 4082 presbytero‘Jerosolymi-

442 4079 590 4147 tano,
615 4081 842 4150 aliisque
862 4079 1043 4150 multis
1062 4122 1075 4145 ,
1101 4079 1168 4136 de
1197 4081 1390 4149 quibus
1418 4079 1637 4136 consule
1657 4079 2037 4136 Combefisium

445 4153 498 4208 in
517 4149 847 4207 Bibliotheca
868 4149 1303 4206 Concionatoria.
1328 4151 1583 4207 lncidisse
1607 4160 1786 4207 autem
1822 4153 1875 4206 in
1896 4152 2040 4207 diem

443 4223 515 4275 ‘25
544 4223 738 4286 Martii,
775 4222 984 4277 eruitur
1002 4239 1030 4276 a
1054 4221 1392 4291 Menologiis,
1427 4230 1482 4276 et
1510 4221 1730 4287 Meneis,
1755 4230 1811 4277 et
1842 4221 2040 4278 Calen-

443 4294 608 4365 dariis
637 4292 892 4365 Ecclesia:
915 4292 1302 4365 Russiensium,
1329 4292 1724 4365 Egyptiﬁorum,
1758 4292 2035 4365 Syrorum,

444 4363 758 4433 Coptorum,
784 4363 1119 4432 aliorumque
1138 4363 1509 4418 Orientalium.
1542 4364 1686 4419 ldem
1715 4363 1917 4419 habent
1944 4380 2040 4418 an-

447 4434 742 4506 tiquissima
789 4433 1167 4506 Martyrologia
1210 4433 1464 4506 Ecclesia:
1511 4433 1746 4506 Latium;
1770 4443 1849 4506 Aet
1892 4434 2038 4506 Bene

446 4502 718 4575 schenius.
749 4502 946 4575 prmter
975 4502 1354 4575 Martyrologia
1373 4513 1531 4560 aetate
1550 4504 1732 4559 Caroli
1758 4502 1927 4571 Calvi,
1959 4505 2038 4559 uti

447 4572 812 4637 Vandalberti,
846 4573 1066 4638 Adonis,
1099 4572 1154 4629 et
1195 4572 1454 4640 Usuardi,
1493 4575 1595 4629 alia
1636 4584 1901 4630 memorat
1933 4576 2039 4631 hoc

447 4644 1174 4728 ι’ςεὶθίιιειιιιέεητῒιοιῐιιιδὶιιιιξ3
1197 4644 1476 4728 delicatis,
1501 4653 1632 4728 tom.
1661 4646 1896 4728 [lulibz‘n
1913 4662 2031 4728 cap.

451 4715 521 4784 l2
546 4729 670 4784 pag.
701 4713 823 4776 299,
848 4715 934 4769 cui
957 4716 1249 4770 assentitur
1269 4715 1549 4770 Baillettus
1580 4717 1634 4770 in
1664 4715 1796 4772 Vitis
1825 4715 1918 4771 SS.
1949 4713 2037 4772 die

448 4783 518 4838 25
547 4783 874 4846 Decembris,
890 4787 1121 4840 aithunc
1148 4785 1289 4840 diem
1309 4784 1381 4839 25
1400 4785 1575 4840 Martii
1594 4795 1853 4842 statutum
1874 4787 2039 4844 fuisse

2142 3380 2422 3446 citaverat,
2465 3379 2691 3435 nimium
2726 3380 2966 3436 turbavit
3020 3378 3266 3446 auditus;
3299 3387 3356 3435 et
3399 3392 3552 3448 quam
3574 3375 3728 3432 missi

2211 3583 2238 3623 δ
2278 3583 2378 3654 Ms.
2409 3581 2642 3650 Caesen.,
2674 3599 2832 3654 purus
2852 3584 3086 3638 intuitus.

2215 3666 2237 3694 ο
2277 3653 2381 3722 Qui
2400 3655 2596 3709 missus
2615 3650 2698 3710 est
2717 3654 2785 3708 ad
2812 3654 3089 3708 Danielem
3116 3659 3172 3708 et
3201 3651 3514 3707 Zachariam

2140 3733 2196 3783 et
2234 3721 2314 3781 ad?
2343 3725 2650 3794 Virginem;
2693 3731 2753 3779 ut
2780 3725 2906 3780 huic
2933 3723 3035 3779 soli
3073 3723 3456 3794 demandatum
3491 3721 3722 3794 videatur

2140 3805 2316 3851 totum
2359 3791 3041 3866 negotiutngannuntiandi
3086 3793 3409 3866 mortalibus
3446 3791 3721 3847 adventum

2140 3866 2360 3922 Christi.
2389 3862 2522 3922 Vide
2549 3866 2607 3922 S.
2631 3864 3149 3936 Gregoriumthom.
3183 3863 3252 3936 54
3274 3864 3331 3936 in
3351 3862 3548 3936 Evang.

2214 3936 2241 3975 ἀ
2281 3936 2666 4001 Nazianzenus,
2698 3931 2838 3992 orat.
2865 3939 2920 3992 in
2958 3933 3160 3994 Christi
3186 3935 3392 3989 Nativit
3423 3951 3435 3986 :
3465 3931 3594 4006 quod
3633 3947 3722 4006 cg-

2142 4018 2243 4064 tem
2271 4007 2428 4080 digna
2456 4017 2845 4080 cognosceretur
2870 4007 3207 4080 sponsalium,
3230 4001 3502 4080 attestatur
3519 4019 3630 4080 cum
3640 4001 3719 4055 di-

2141 4081 2212 4132 cit
2229 4075 2422 4134 θιυίτιιι
2442 4075 2607 4134 enim
2627 4096 2642 4144 ;
2663 4079 2810 4149 quasi
2826 4075 2963 4132 enim
2978 4077 3154 4142 arrha,
3172 4084 3263 4129 aut
3275 4076 3369 4130 dos
3383 4075 3553 4146 sponsi
3565 4082 3725 4128 osten-

2140 4149 2461 4222 ditur,_qttod
2482 4149 2706 4222 fecunda
2723 4150 2804 4222 _sit
2831 4149 3034 4222 gratiis.

2218 4229 2241 4257 ο
2280 4215 2379 4276 Vel
2426 4215 2565 4274 forte
2605 4219 2803 4274 clarius
2832 4215 3082 4290 'resignat
3125 4218 3480 4290 sponsionem;
3518 4215 3721 4290 noceat

2145 4292 2319 4360 aperit
2358 4291 2536 4344 ablato
2564 4290 2719 4359 quasi
2745 4305 2907 4360 nexiu,
2937 4281 3027 4344 vel
3053 4281 3352 4360 patefacit;
3380 4295 3472 4342 aut
3506 4281 3720 4354 virginei

2146 4357 2440 4434 consensus
2460 4357 2948 4434 sporisione_m_D_eo
2972 4357 3167 4434 reddit.
3191 4357 3353 4434 him.
3470 4427 3505 4434 _
3548 4426 3560 4434 _
3679 4422 3694 4434 .

2219 4429 2239 4468 ¹
2265 4431 2344 4486 Ex
2365 4433 2470 4486 hoc
2490 4426 2611 4486 loco
2639 4431 2780 4485 eruit
2807 4429 2934 4483 Mita
2963 4429 3328 4485 testimonium
3351 4443 3451 4499 pro
3470 4426 3718 4499 DeiAgeni-

2147 4502 2295 4557 tricis
2324 4502 2667 4557 immaculata
2696 4502 3053 4571 conceptione
3082 4518 3095 4553 :
3128 4509 3184 4556 et
3214 4500 3334 4554 vult
3353 4493 3529 4571 'sensu
3551 4493 3716 4565 Chry-

2145 4573 2318 4641 sologi
2347 4571 2574 4626 Mariam
2598 4572 2700 4643 dici
2719 4569 2923 4625 Christo
2966 4573 3294 4643 pignoratam
3320 4569 3502 4643 statim
3534 4582 3592 4620 ac
3610 4580 3716 4643 _ca-

2145 4644 2220 4713 pit
2268 4636 2405 4714 fieri,
2457 4659 2522 4696 ne
2573 4642 2682 4696 ullo
2734 4636 2977 4713 tempore
3011 4636 3216 4696 diabolo
3273 4642 3548 4711 pignerata
3590 4636 3718 4689 dice-

2145 4722 2302 4767 retur.

2220 4793 2242 4831 8
2285 4783 2383 4838 Ms.
2406 4781 2660 4846 Caesenae,
2699 4791 2755 4838 et
2794 4782 3058 4850 Vallicel.,
3081 4784 3137 4836 in
3177 4798 3279 4837 uno
3319 4797 3532 4852 corpore
3563 4776 3716 4832 subite

448 4873 477 4909 a
508 4855 786 4922 Patribus,
820 4836 927 4911 non
949 4836 1368 4912 ἧίξῖἐοῖἱιῆἱιῆἰ
2063 4836 2118 4898 Ῑ)
2135 4836 2644 4927 ῥαιιςίίξι-ειιιιιῆἧι.

449 4928 624 4998 ceptio
641 4927 982 4998 Nativitatem
1006 4942 1195 4982 novem
1213 4925 1483 4982 mensibus
1498 4925 1798 4982 antecedat.
1819 4925 2039 4998 Utrum-

448 4996 553 5066 que
601 4997 904 5070 vellicatP.
937 4996 1241 5070 Honoratus
1270 4999 1322 5052 in
1355 4999 1813 5070 Animadversain
1844 4997 2034 5070 Regul.

448 5077 505 5122 et
527 5085 681 5124 usum
701 5067 929 5123 Critices
957 5075 1088 5122 tom.
1121 5067 1162 5121 Il
1193 5083 1314 5138 pag.
1347 5069 1444 5121 271
1479 5077 1536 5123 et
1570 5067 1692 5121 ΤΗ.
1727 5068 1919 5124 Nescio
1933 5067 2039 5125 'au-

451 5145 560 5194 tem
593 5141 639 5194 si
681 5139 923 5209 ejusdem
952 5146 1263 5208 argumenta
1295 5141 1432 5209 tanti
1453 5140 1559 5194 sint
1585 5140 1816 5205 roboris,
1843 5147 1900 5194 ut
1918 5156 2044 5196 con-

449 5211 670 5292 trariam
700 5208 1009 5292 opinionem
1026 5217 1302 5292 evertant.
1334 5208 1634 5292 Concilium
1664 5209 2040 5292 Toletap'um}

450 5280 755 5349 hujusmodi
801 5280 993 5336 festum
1021 5281 1294 5334 transtulit
1322 5281 1388 5335 ad
1428 5289 1677 5335 octavum
1704 5290 1827 5337 ante
1854 5281 2044 5338 Natale

451 5351 662 5422 Domini
686 5351 846 5415 diem,
879 5365 1042 5420 quem
1084 5351 1324 5420 Hispani,
1357 5351 1456 5407 sub
1487 5350 2042 5422 titulogExspectatio-

451 5421 551 5494 nis,
585 5421 853 5494 celebgem
877 5422 1097 5494 habept,
1121 5423 1277 5494 etab
1307 5422 1613 5492 antiphonis
1636 5420 1848 5494 Festum
1868 5423 1912 5476 Ο
1941 5439 2037 5494 ap-

448 5492 698 5560 pellatur.
716 5491 989 5566 _Toletana
1014 5490 1250 5566 Ecclesia
1272 5490 1554 5566 utramque
1566 5493 1765 5548 retinet
1789 5490 2042 5566 solemni-

451 5569 614 5616 tatem
641 5581 652 5614 :
681 5562 908 5617 alteram
936 5562 1132 5618 mense
1156 5563 1375 5629 Martio,
1409 5572 1467 5618 ut
1492 5563 1750 5619 Romanae
1788 5564 2040 5620 Ecclesia:

449 5633 844 5704 sanctissimum
896 5634 1194 5689 institutum
1233 5643 1524 5704 sequatur;
1574 5635 1798 5689 alteram
1846 5641 2037 5690 octavo

451 5703 856 5776 anteNatalem
879 5704 1089 5760 Domini
1129 5705 1290 5760 diem.
1318 5703 1427 5772 Qui
1456 5706 1785 5776 pluracupit
1819 5705 1888 5760 de
1923 5704 2035 5776 An-

451 5773 801 5828 nuntiationis
836 5773 1152 5841 festivitate,
1186 5777 1346 5831 adeat
1374 5773 2039 5832 eminentisstamberti-

451 5841 809 5976 piiurﬁnégnunc
848 5843 1178 5901 Benedictum
1217 5845 1302 5902 XI
1317 5847 1379 5914 γ,
1410 5847 1479 5903 de
1526 5845 1674 5902 festis
1702 5846 1762 5901 Β.
1788 5846 1858 5901 Μ.
1883 5845 1947 5901 V.
1980 5863 2034 5918 p.

2219 4918 2257 4962 δ’
2285 4925 2387 4979 Alii
2425 4941 2456 4980 e
2483 4934 2674 4981 contra
2721 4925 3011 4995 opinantur
3053 4923 3536 4995 hancusimplioem
3572 4918 3718 4972 fuisse

2148 4996 2544 5052 salutationem.
2572 4995 2706 5050 Vide
2729 4993 3091 5064 LigtthOtum
3118 4995 3171 5049 in
3192 4993 3378 5049 Harm.

2227 5065 2242 5104 ί
2286 5067 2361 5121 lta
2393 5067 2548 5122 Arias
2593 5060 2877 5121 Montanus
2924 5083 2990 5121 ex
3021 5081 3160 5121 vers.
3194 5060 3638 5136 SyriacaLArab.
3667 5064 3720 5113 et

2149 5135 2325 5218 Persa
2359 5140 2803 5218 Κεχαριτωμξιεος,
2835 5139 3006 5218 gratia
3033 5134 3390 5218 atquefavore
3417 5134 3584 5218 plena:

2151 5253 2158 5258 .
2189 5278 2198 5280 _
2225 5208 2240 5258 ι
2288 5207 2365 5264 Ita
2396 5199 2578 5280 plures
2602 5199 2870 5280 editiones
2897 5215 2952 5262 et
2980 5199 3456 5280 ms._'Vaticanum_.
3500 5203 3614 5280 Edita
3638 5199 3719 5254 le-

2150 5278 2228 5346 git
2248 5275 2413 5353 fortis-
2424 5281 2481 5334 in
2507 5277 2676 5360 verba.
2707 5277 3019 5360 Lectionem
3047 5278 3312 5333 editorum
3333 5275 3548 5339 retinui,
3569 5285 3719 5393 ιιιὲιὶ-

2151 5359 2235 5393 tm-
2257 5350 2381 5393 illnd
2403 5349 2663 5393 Cmam-Ii
2697 5349 2883 5393 hnmll-
2908 5348 2976 5393 Eu.
3003 5365 3055 5393 In
3087 5348 3216 5393 an-
3246 5356 3380 5393 mm-
3404 5345 3448 5393 11
3470 5340 3621 5393 nam!
3700 5379 3714 5393 .

2151 5340 2384 5425 £91”.in
2403 5349 2668 5425 greSMiiz
2697 5349 2886 5425 1.10.9“:
2908 5348 2976 5403 ’54
3087 5348 3216 5425 ἕλιξετ
3246 5356 3380 5425 ῑίὶῖηξ
3403 5345 3448 5401 Π
3470 5340 3716 5425 Ρδεῃὲδξ

2151 5418 2219 5473 50
2245 5421 2371 5476 edit.
2410 5408 2597 5476 Paris:
2635 5408 2717 5474 Ad
2745 5419 2972 5474 Mariam
3003 5416 3211 5474 Gabriel
3238 5408 3489 5482 mittitur:

2149 5493 2398 5564 fortitudo
2433 5493 2762 5564 nominatur.
2808 5489 2967 5546 Illum
2993 5492 3179 5564 quippe
3225 5480 3474 5564 nuntiare
3505 5480 3717 5541 mw

2147 5560 2232 5644 qui
2263 5563 2333 5616 ad
2360 5561 2692 5644 debellandas
2721 5578 2898 5616 aereas
2926 5560 3201 5633 potestates
3237 5560 3444 5615 humilis
3484 5565 3716 5628 apparere

2148 5632 2200 5685 di
2237 5644 2387 5688 natus
2412 5641 2507 5688 est.
2929 5632 2932 5633 ⁷

2202 5648 2255 5785 εἰ·
2281 5703 2341 5785 in
2367 5705 2562 5785 .lucem
2608 5704 3262 5785 aspectumque_humana
3311 5708 3611 5785 ostentans,
3639 5701 3713 5785 ἐξ

2145 5774 2530 5899 ἴθιὴὶεΜὰἱνίηει
2561 5765 2966 5847 repromittens,
3003 5775 3110 5832 hoc
3146 5781 3250 5840 est,
3281 5790 3342 5830 re
3363 5776 3474 5846 ipsa
3502 5765 3713 5842 promi?

2171 5860 2283 5899 ens.
2370 5862 2476 5899 lTA.

2146 5853 2283 5901 tens.
2317 5853 2476 5900 Mm.
