3878 6368
130 392 217 450 tu
831 395 836 402 ·
902 379 929 390 ”
996 379 1181 426 πἐπ·

1519 370 1750 430 SERMO
1784 361 1967 428 CXLI.

3286 351 3393 418 378

129 502 398 580 praesentia
446 513 636 570 parum
686 505 956 563 moverat,
997 491 1268 551 concussit
1306 499 1422 547 toto
1462 489 1702 560 pondere
1729 493 1782 551 Α
1811 481 2086 551 virginitas
2117 477 2336 580 illibata.
2391 475 2544 580 Unde
2567 518 2581 543 ,
2639 492 2674 532 o
2717 477 2881 532 homo
2904 515 2928 580 ,.
2969 475 3053 530 his
3091 467 3429 580 admonitus

131 595 376 654 mittentis
403 590 716 647 auctoritas.
741 588 807 644 Et
835 586 963 658 quid
990 585 1181 657 plura?
1208 584 1334 640 Mox
1362 583 1533 641 sensit
1553 584 1608 637 in
1647 597 1707 638 se

129 701 404 760 supernum
433 683 635 754 suscipi
661 681 924 748 iudicem,
949 678 1040 734 ubi
1062 686 1186 734 ante
1201 677 1316 748 jam
1335 675 1607 732 cmicstem
1627 674 1708 730 vi-

124 786 192 840 vlit
224 792 276 837 et
311 777 678 848 contemplata
713 785 796 830 est
830 785 855 812 ι
891 780 1229 828 metatorem.
1272 768 1525 837 Quamvis
1563 768 1707 823 enim

129 872 306 932 blando
346 880 524 933 motu,
548 869 741 924 ali'ectu
770 868 880 938 pio,
914 866 1173 935 virginem
1203 863 1303 919 sibi
1332 863 1472 918 Deus
1499 863 1555 916 in
1593 877 1710 916 ma-

131 981 269 1033 trem,
294 979 511 1020 servam
539 961 643 1018 sibi
662 968 899 1016 verteret
918 958 1176 1013 Dominus
1195 956 1250 1010 in
1270 962 1567 1028 parentem,
1597 962 1710 1008 tur-

129 1064 236 1117 bata
253 1063 377 1112 sunt
399 1065 581 1111 tamen
610 1054 838 1118 viscera,
864 1065 1016 1106 mens
1037 1049 1248 1119 refugit,
1279 1049 1392 1118 ipsa
1413 1055 1497 1102 est
1515 1055 1713 1101 treme-

131 1155 254 1208 facta
275 1149 539 1215 conditio,
571 1163 694 1204 cum
723 1147 884 1211 Deus,
913 1158 1074 1214 quem
1107 1151 1218 1198 tota
1233 1149 1478 1196 creatura
1499 1155 1608 1195 non
1629 1153 1713 1193 ca-

131 1247 208 1317 pit,
235 1251 409 1298 totum
439 1257 498 1297 se
533 1241 672 1296 intra
706 1247 898 1309 pectus
930 1235 1136 1307 recepit
1163 1247 1219 1290 et
1259 1233 1498 1289 condidit
1524 1232 1713 1286 huma-

133 1351 259 1392 num.
289 1333 362 1388 Et
393 1332 688 1406 cogitabat,
727 1330 822 1391 ait,
855 1328 1013 1401 Virgo
1034 1343 1146 1400 qua:
1166 1334 1298 1380 esset
1317 1327 1419 1379 ista
1440 1323 1709 1377 salutatio.

135 1429 372 1484 Advertat
409 1435 592 1482 vestra
634 1423 899 1486 Charitas,
953 1428 1011 1476 ut
1061 1420 1294 1475 diximus
1319 1461 1332 1486 ,
1376 1416 1714 1472 consensisse

135 1521 388 1590 Virginem
416 1515 751 1580 salutationi,
784 1530 894 1568 non
925 1512 1210 1567 verborum
1231 1553 1244 1576 ,
1277 1509 1372 1565 sed
1400 1524 1578 1564 rerum
1603 1525 1616 1573 ;
1660 1514 1715 1563 et

136 1628 298 1669 vocem
335 1610 509 1666 fuisse
538 1625 645 1665 non
695 1605 996 1664 communis
1024 1603 1299 1672 obsequii,
1329 1602 1421 1657 sed
1471 1614 1714 1671 superna:

136 1706 224 1759 vim
241 1710 411 1758 totam
451 1700 616 1755 fuisse
654 1699 884 1753 virtutis.
917 1696 945 1734 ιι
967 1695 1181 1765 Cogitat
1212 1707 1341 1763 ergo
1373 1692 1556 1760 Virgo,
1587 1691 1714 1760 quia

137 1799 227 1853 cito
251 1793 585 1866 respondere
625 1799 708 1848 est
736 1789 1007 1846 facilitatis
1034 1788 1299 1852 humanm,
1323 1784 1558 1852 cogitare
1585 1797 1715 1836 vero

1808 575 2087 646 exemplis,
2119 573 2325 629 aestima
2353 571 2474 641 quis
2501 571 2594 637 sis,
2625 578 2857 640 quantus
2885 571 2978 636 sis,
3009 568 3184 638 qualis
3201 569 3307 632 sis,
3339 577 3393 623 et

1808 677 1939 724 tunc
1966 666 2181 722 demum
2209 664 2386 732 cogita
2413 670 2592 717 utrum
2617 661 2793 732 possis
2819 660 3112 716 Dominicac
3146 660 3394 714 nativita-

1809 763 1878 818 tis
1904 770 2191 832 penetrare
2218 764 2506 824 secretum,
2529 763 2708 811 utrum
2733 755 2992 811 merearis
3013 754 3081 810 ad
3109 755 3248 810 illius
3270 769 3396 825 pec-

1809 859 1942 914 toris
1973 856 2279 913 cubiculum
2320 853 2632 925 pervenire,
2673 851 2763 907 ubi
2801 860 2916 907 tota
2955 851 3173 922 superni
3211 850 3391 919 Regis,

1810 956 1924 1004 tota
1970 947 2264 1003 divinitatis
2301 945 2594 1014 requiescit
2647 943 2928 1013 majestas;
2975 951 3154 998 utrum
3200 941 3399 996 debeas

1811 1043 2061 1100 humanis
2089 1042 2289 1108 oculis,
2338 1038 2616 1110 corporeis
2655 1037 2919 1103 sensibus,
2943 1044 3264 1106 conceptum
3290 1034 3398 1089 vir-

1811 1134 1953 1204 ginis
1988 1132 2306 1188 temerarius
2346 1130 2620 1184 discussor
2647 1127 2960 1192 attendere;
3008 1133 3186 1179 utrum
3228 1122 3399 1193 possis

1812 1225 1960 1294 ipsas
2005 1223 2101 1279 Dei
2148 1236 2340 1276 manus
2381 1228 2672 1291 operantes
2713 1225 2958 1273 sanctum
3011 1216 3113 1272 sibi
3160 1213 3400 1286 corporis

1812 1313 2075 1385 templum
2103 1313 2242 1367 intra
2267 1311 2444 1366 alvum
2466 1308 2740 1379 genitricis
2767 1307 2942 1362 audax
2971 1314 3026 1362 et
3051 1306 3294 1361 curiosus
3314 1319 3400 1358 ar-

1813 1405 1956 1460 biter
1981 1401 2206 1469 intueri,
2238 1401 2616 1471 conspectibus
2655 1400 2761 1454 tuis
2796 1397 3166 1453 absconditum
3193 1394 3401 1451 smculis

1816 1498 2020 1552 nudare
2047 1495 2360 1567 mysterium
2378 1533 2392 1557 ,
2425 1493 2665 1548 revelare
2706 1490 2802 1544 tibi
2831 1489 2961 1567 ipsis
2985 1498 3007 1526 ο
3037 1487 3239 1557 angelis
3267 1488 3401 1542 invi-

1816 1589 1972 1644 sibile
2001 1564 2430 1651 sacramentum;
2454 1592 2512 1639 et
2529 1583 2602 1638 ita
2623 1582 2830 1639 caelesti
2853 1564 3065 1635 fabrica:
3092 1579 3397 1650 praesidere,

1817 1688 1878 1736 ut
1905 1678 2278 1750 deprehendas
2307 1677 2508 1746 liquido
2549 1684 2608 1730 tu
2648 1672 2920 1744 quomodo
2955 1672 3098 1727 Deus
3129 1671 3405 1741 penetrale

1817 1771 2014 1827 clausa:
2053 1771 2230 1826 carnis
2266 1767 2566 1834 intraverit,
2597 1765 3049 1836 quemadmodum
3092 1764 3232 1820 sacri
3279 1779 3403 1819 cor-

137 1856 367 1958 ponderis
396 1892 483 1942 est
509 1881 730 1938 maximi
751 1892 807 1936 et
821 1879 1007 1951 judicii
1036 1876 1348 1950 permaturi.
1382 1874 1624 1942 Quantus
1643 1872 1712 1928 sit
1742 1873 1788 1932 Β
1814 1863 1963 1933 Poris
1992 1862 2059 1958 in
2104 1863 2196 1917 ίῙίο
2235 1860 2532 1916 venerabili
2573 1867 2952 1958 Pterolmwr
2992 1856 3226 1958 Virginis
3271 1872 3406 1912 ⁰⁰¹¹··

139 1977 255 2032 Deus
276 1974 414 2029 satis
442 1974 655 2043 ignorat
679 1971 768 2026 ille
788 1971 880 2040 qui
904 1969 1064 2039 hujus
1086 1967 1320 2036 Virginis
1343 1972 1580 2020 mentem
1607 1979 1716 2018 non

137 2076 309 2139 stupet,
334 2067 578 2121 animum
608 2080 716 2119 non
737 2063 966 2116 miratur
997 2079 1009 2115 :
1043 2066 1204 2130 pavet
1231 2057 1448 2118 calum,
1481 2062 1718 2110 tremunt

140 2159 307 2228 angeli,
332 2165 589 2212 creatura
609 2161 718 2210 non
738 2153 984 2217 sustinet,
1012 2158 1202 2205 natura
1233 2163 1340 2203 non
1363 2144 1577 2211 sullicit,
1610 2160 1716 2199 una

142 2249 289 2322 puella
309 2249 394 2304 sic
423 2247 593 2302 Deum
626 2257 648 2284 ε
682 2247 736 2299 in
775 2244 858 2298 sui
879 2243 1114 2313 pectoris
1136 2240 1299 2310 capit,
1332 2237 1543 2308 recipit,
1568 2235 1718 2292 oble-

103 2377 124 2400 .
147 2348 240 2394 rtat
255 2338 512 2409 hospitio,
537 2346 597 2391 ut
614 2350 804 2406 pacem
833 2335 1009 2399 terris,
1040 2333 1191 2388 caelis
1211 2331 1456 2400 gloriam,
1488 2329 1718 2384 salutem

145 2433 365 2504 perditis,
398 2432 566 2487 vitam
599 2427 844 2494 mortuis,
878 2425 1106 2481 terrenis
1133 2439 1256 2479 cum
1283 2422 1590 2478 cmlestibus
1618 2436 1716 2492 pa-

146 2523 406 2588 nntelam,
440 2522 610 2592 ipsius
657 2519 753 2575 Dei
793 2534 916 2574 cum
963 2532 1126 2572 carne
1161 2514 1574 2580 commercium,
1619 2529 1718 2583 pro

146 2620 242 2689 ipsa
267 2616 463 2672 domus
483 2615 665 2684 exigat
690 2613 971 2683 pensione,
995 2626 1094 2680 pro
1116 2609 1282 2679 ipsius
1303 2607 1443 2662 uteri
1470 2605 1719 2661 mercede

145 2709 426 2780 conquirat,
455 2715 511 2762 et
539 2706 761 2777 impleat
781 2704 910 2759 illud
931 2702 1209 2773 prophetae
1233 2718 1246 2752 :
1278 2698 1415 2753 Ecce
1443 2696 1718 2753 luereditas

147 2800 356 2867 Domini,
387 2799 489 2870 ﬁlii
534 2813 726 2853 merces
770 2798 966 2869 [ructus
1007 2794 1194 2850 ventris
1236 2791 1349 2862 (Ps.
1377 2791 1579 2861 cxxvx).
1612 2789 1720 2846 Sed

147 2893 310 2962 jamse
330 2891 626 2949 concludat
653 2905 852 2955 sermo,
873 2897 929 2944 ut
948 2888 1016 2944 de
1034 2894 1192 2958 partu
1212 2885 1462 2954 Virginis,
1485 2884 1720 2940 donante

151 2985 262 3054 Deo,
283 2993 341 3041 et
359 2985 673 3055 indulgente
699 2991 963 3053 tempore,
988 2981 1190 3052 gratius
1214 2979 1616 3051 proloquamur.

693 3139 926 3198 SERMO
972 3139 1151 3195 CXLI.

561 3277 640 3333 De
668 3277 1041 3332 lncarnatione
1073 3272 1283 3330 Christi.

210 3415 472 3483 Quantum
500 3420 769 3470 secretum
795 3410 1026 3468 cubiculi
1053 3410 1124 3464 sit
1151 3408 1366 3478 regalis,
1389 3407 1537 3476 quali
1564 3421 1718 3462 reve-

154 3507 325 3573 rentia,
353 3521 464 3576 quo
486 3513 724 3560 tremore
751 3502 904 3558 locus
930 3501 1212 3566 habeatur,
1255 3499 1346 3552 ubi
1375 3499 1490 3568 ipsa
1518 3497 1718 3568 princi-

155 3598 224 3668 pis
245 3597 534 3667 requiescit
560 3602 800 3666 potestas
821 3635 836 3660 ,
886 3608 1050 3662 quam
1097 3591 1226 3646 nulli
1274 3597 1534 3646 extraneo
1557 3629 1572 3655 ,
1616 3588 1718 3642 im-

156 3690 334 3747 mundo
354 3689 578 3755 nemini,
610 3688 742 3742 nulli
769 3686 972 3742 inﬁdeli
992 3692 1178 3756 pateat
1206 3684 1332 3738 illuc
1360 3689 1414 3737 et
1442 3682 1469 3720 ά
1499 3682 1721 3752 permit-

158 3790 284 3837 tatur
301 3796 578 3846 accessus;
609 3793 772 3849 quam
790 3777 1010 3844 munda,
1034 3791 1195 3847 quam
1215 3783 1382 3842 casta,
1406 3789 1568 3844 quam
1591 3772 1723 3828 lide-

159 3871 240 3938 lia,
267 3872 462 3928 ibidem
493 3871 875 3943 praestolentur
914 3868 1172 3937 obsequia
1195 3909 1210 3934 ,
1254 3866 1545 3937 imperialis
1590 3866 1726 3920 aulae

159 3964 434 4022 manifestis
479 3965 708 4020 docetur
753 3961 1066 4030 insignibus.
1111 3959 1242 4026 Quis
1271 3959 1340 4013 ad
1369 3959 1512 4029 ipsas
1538 3958 1725 4028 palatii

159 4055 285 4111 fores
301 4056 437 4123 vilis,
469 4056 592 4126 quis
618 4054 947 4126 propinquat
975 4051 1259 4121 indignus?
1279 4049 1440 4106 Certe
1462 4051 1530 4106 ad
1553 4051 1725 4105 thala-

161 4161 290 4202 mum
313 4148 498 4219 sponsi
537 4147 639 4202 nisi
664 4148 796 4202 satis
833 4144 1112 4217 proximus
1135 4187 1150 4210 ,
1195 4145 1298 4201 nisi
1325 4145 1456 4200 satis
1481 4145 1720 4211 intimus,

163 4237 249 4292 nisi
273 4238 422 4294 bona:
441 4239 806 4303 conscientiae,
840 4235 942 4291 nisi
963 4235 1245 4290 laudabilis
1268 4234 1442 4300 famae,
1471 4236 1571 4291 nisi
1598 4251 1727 4306 pro-

162 4330 329 4387 babilis
364 4332 490 4388 vita:
520 4331 697 4386 nullus
735 4329 1049 4384 admittitur.
1093 4326 1238 4381 intra
1281 4327 1572 4382 thalamum
1598 4343 1728 4384 vero

166 4421 316 4490 ipsum
347 4423 612 4492 virginem
655 4421 798 4477 Deus
837 4419 982 4490 capit
1027 4418 1230 4483 solam,
1281 4419 1570 4489 suscipitur
1613 4420 1731 4475 sola

1816 1953 2096 2010 scientiam
2157 1954 2480 2009 lineamenta
2539 1951 2805 2023 piuxerit,
2875 1949 3147 2020 quomodo
3209 1956 3405 2019 printer

1817 2046 2172 2116 concipientis
2209 2060 2428 2100 sensum
2463 2058 2714 2098 mansura
2743 2042 2951 2097 saeculis
2987 2057 3108 2096 ossa
3137 2040 3404 2096 solidave-

1816 2137 1916 2201 rit;
1939 2136 2190 2205 qualiter,
2216 2143 2414 2205 praeter
2431 2135 2664 2189 hominis
2683 2134 2947 2198 ordinem,
2971 2133 3204 2188 hominis
3221 2147 3406 2188 veram

1816 2229 2134 2301 produxerit
2159 2227 2416 2294 formam;
2461 2226 2951 2298 quemadmodum,
2993 2233 3189 2295 praeter
3231 2227 3408 2281 carnis

1818 2317 2265 2382 sollicitudinem,
2300 2326 2469 2372 totam
2507 2317 2685 2372 carnis
2713 2316 3063 2386 assumpserit
3087 2315 3406 2378 veritatem;

1819 2425 1925 2479 qua
1947 2411 2176 2476 ratione,
2208 2418 2405 2480 praeter
2432 2417 2678 2464 naturam
2713 2408 2734 2447 ί
2769 2417 2964 2464 nostra:
3009 2409 3218 2475 carnis,
3269 2409 3409 2463 inte-

1818 2515 1970 2570 gram
1998 2501 2298 2571 susceperit
2325 2501 2642 2570 qualitatem
2669 2519 2681 2554 :
2715 2508 2771 2556 et
2811 2501 2856 2554 si
2886 2499 2954 2554 ad
2999 2500 3116 2555 haec
3141 2499 3238 2555 tibi
3276 2499 3411 2553 liber

1819 2607 1929 2647 non
1975 2592 2309 2661 perpatuerit
2353 2606 2604 2647 accessus
2621 2633 2634 2656 ,
2673 2589 2786 2660 jam
2815 2590 2955 2645 Deus
2983 2606 3052 2644 ex
3076 2604 3242 2647 carne
3268 2605 3412 2644 nunc

1820 2699 2096 2739 assumere
2125 2700 2233 2739 non
2261 2684 2458 2754 potuit,
2481 2683 2626 2752 quod
2651 2683 2708 2736 in
2734 2682 3000 2752 principio
3027 2681 3316 2751 assumpsit
3343 2696 3408 2735 ex

1821 2776 1995 2831 limo?
2022 2775 2192 2830 Immo
2221 2776 2348 2845 quia
2379 2782 2552 2830 totum
2579 2775 2692 2829 Deo
2723 2781 2804 2828 est
2824 2773 3080 2847 possibile
3097 2815 3111 2839 ,
3137 2779 3193 2828 et
3221 2771 3317 2826 tibi
3345 2787 3414 2827 ne

1822 2867 1890 2921 ad
1925 2866 2146 2922 minima
2173 2865 2390 2936 quidem
2417 2881 2646 2936 operum
2675 2865 2771 2920 Dei
2799 2865 3053 2935 possibile
3099 2872 3181 2921 est
3216 2879 3411 2935 perve-

1823 2958 1959 3023 nire,
1991 2965 2315 3028 conceptum
2341 2956 2576 3027 Virginis
2615 2957 2725 3013 noli
2767 2956 3067 3023 discutere,
3097 2956 3194 3013 sed
3221 2956 3409 3020 crede;

1823 3049 1993 3104 Deum
2014 3049 2252 3105 voluisse
2277 3049 2426 3104 nasci
2447 3049 2536 3119 pie
2567 3049 2739 3115 senti,
2774 3049 2902 3118 quia
2931 3047 3064 3104 facis
3092 3047 3340 3118 iniuriam
3369 3050 3413 3103 si

1823 3139 2078 3209 requiris;
2108 3152 2363 3211 magnum
2390 3139 2683 3195 Dominiczu
2703 3140 2998 3195 nativitatis
3020 3148 3413 3196 sacramentum

1743 3249 1788 3310 ρ
1823 3231 1929 3286 ﬁde
1954 3231 2193 3302 percipe,
2219 3231 2346 3300 quia
2375 3246 2445 3286 ne
2469 3231 2690 3285 minima
2718 3231 2934 3300 quidem
2958 3246 3182 3301 operum
3212 3231 3307 3286 Dei
3327 3246 3416 3285 as-

1824 3323 1979 3393 sequi
2022 3324 2228 3394 poteris
2270 3324 2388 3378 sine
2435 3322 2560 3388 ﬁde,
2609 3323 2823 3378 dicente
2862 3323 3142 3394 Scriptura
3173 3342 3188 3378 :
3221 3323 3416 3379 Omnia

1827 3431 1984 3485 opera
2010 3415 2120 3486 ejus
2145 3415 2201 3468 in
2228 3414 2334 3485 fide
2363 3413 2537 3486 (Psal.
2570 3413 2759 3487 nm).
2793 3414 2899 3470 Sed
2934 3424 2994 3470 tu
3021 3415 3110 3471 hic
3136 3424 3310 3471 totum
3335 3417 3418 3471 vis

1827 3504 1895 3560 de
1911 3515 1937 3553 κ
1955 3505 2165 3561 ratione
2185 3512 2454 3573 constare,
2478 3506 2570 3561 ubi
2592 3514 2761 3560 totum
2782 3507 3028 3562 consistit
3041 3523 3107 3562 ex
3124 3506 3248 3572 ﬁde,
3272 3510 3418 3578 quod

1827 3604 2008 3652 tamen
2036 3612 2146 3652 non
2166 3597 2284 3652 sine
2302 3598 2514 3654 ratione
2535 3598 2796 3662 subsistit,
2821 3598 2916 3654 sed
2939 3599 3149 3655 ratione
3170 3600 3285 3666 Dei,
3309 3617 3417 3656 non

1828 3695 1942 3752 tua,
1967 3687 2152 3742 homo.
2179 3686 2318 3754 Quid
2348 3696 2459 3742 tam
2481 3689 2829 3756 rationabile,
2861 3689 2965 3744 nisi
2998 3698 3057 3746 ut
3091 3690 3233 3746 Deus
3261 3692 3419 3760 quid-

1832 3777 1961 3847 quid
1991 3778 2223 3834 voluerit
2243 3780 2451 3850 possit?
2472 3778 2576 3846 Qui
2603 3780 2750 3849 quod
2777 3781 2891 3835 vult
2918 3797 3026 3836 non
3047 3790 3255 3852 potest,
3279 3783 3422 3838 Deus

1832 3886 1942 3926 non
1958 3875 2059 3925 est.
2079 3868 2210 3938 Quae
2229 3885 2359 3940 ergo
2381 3870 2603 3926 mandat
2616 3870 2778 3938 Deus,
2797 3868 2826 3908 ιι
2845 3874 3158 3943 exsequitur
3177 3875 3419 3944 angelus,

1832 3961 2019 4031 implet
2040 3961 2290 4032 Spiritus,
2315 3961 2480 4018 efﬁcit
2504 3963 2676 4018 virtus
2699 4005 2713 4029 ,
2758 3963 2922 4033 Virgo
2969 3965 3176 4032 credit,
3229 3976 3421 4022 natura

1832 4053 2075 4124 suscipit,
2100 4054 2222 4110 cmli
2245 4061 2486 4122 narrant,
2504 4054 2789 4108 annuntiat
2810 4053 3224 4122 ﬁrmamentum,
3249 4067 3423 4114 osten-

1831 4143 1966 4199 dunt
1991 4145 2179 4212 stellat,
2211 4145 2352 4213 magi
2379 4145 2707 4215 prtedicant,
2757 4153 3002 4214 pastores
3047 4148 3292 4212 adorant,
3325 4164 3423 4219 pe-

1832 4250 1960 4290 cora
1989 4226 2339 4306 cognoscunt,
2371 4242 2661 4290 attestante
2699 4235 2963 4305 propheta
2997 4255 3010 4289 :
3042 4234 3290 4308 Cognovit
3335 4239 3425 4294 bos

1835 4343 2180 4398 possessorem
2217 4344 2396 4394 suum,
2442 4336 2493 4382 et
2541 4325 2555 4364 ί
2603 4327 2781 4380 asinus
2823 4342 3050 4400 prasepe
3089 4327 3301 4385 Domini
3345 4333 3424 4386 sui

1839 4418 1956 4491 (Isa
1975 4421 2038 4491 ι).
2073 4419 2154 4476 Tu
2182 4421 2346 4477 homo
2368 4462 2384 4489 ,
2416 4421 2464 4476 si
2491 4434 2600 4474 non
2629 4434 2758 4474 mox
2784 4434 2907 4474 cum
2936 4421 3162 4490 angelis,
3193 4436 3426 4492 agnosce

227 4582 252 4649 ξ
284 4572 363 4649 Nil
389 4574 588 4645 aptius.
623 4572 940 4649 hietatorem
979 4571 1230 4649 angelum
1270 4579 1480 4649 vocat;_
1500 4577 1736 4649 metator
1760 4573 1815 4632 D
1974 4572 2142 4649 tilias,
2174 4576 2381 4649 nuntiat
2401 4578 2638 4649 angelus.

166 4643 293 4698 enim
327 4648 374 4700 is
418 4641 504 4700 est
547 4645 640 4712 qui
669 4658 985 4713 praecursor.
1017 4643 1218 4713 Ducem
1249 4641 1585 4713 pratveniens
1613 4641 1731 4696 loca

167 4714 387 4783 designat
414 4715 506 4769 ubi
533 4709 692 4770 sedes
717 4721 774 4769 et
798 4721 974 4769 castra
1001 4711 1228 4768 locanda
1253 4709 1381 4766 sint.
1414 4709 1548 4766 Vide
1577 4719 1734 4767 notas

168 4798 310 4838 serm.
333 4784 394 4838 9i
423 4794 479 4838 et
503 4783 624 4838 127.

168 4798 310 4838 serm.
333 4794 394 4838 9|
423 4794 479 4840 et
503 4794 624 4838 127.

134 4872 146 4892 ε
229 4854 254 4892 δ
286 4853 573 4911 Geometer
610 4855 664 4909 in
689 4853 878 4910 Caten.
922 4854 1228 4910 Gratcorum
1266 4871 1280 4906 :
1321 4853 1515 4907 Audita
1554 4853 1734 4908 latitia

171 4925 340 4998 dictum
366 4927 714 4990 examinavit;
744 4935 794 4998 et
819 4941 982 4998 neque
1010 4926 1283 4998 manifeste
1309 4922 1506 4978 obstitit
1532 4940 1624 4995 per
1648 4925 1732 4978 in-

171 4995 519 5068 credulitatem,
549 5012 643 5051 nec
668 4997 845 5050 statim
873 4995 1018 5068 paret
1043 5013 1109 5068 ea;
1133 4996 1355 5068 levitate.

137 5078 146 5111 ι
210 5077 258 5137 ξ
286 5065 375 5123 Ms.
407 5064 617 5123 Cmsen.
641 5107 656 5132 ,
698 5068 752 5137 in
792 5064 882 5120 sui
912 5067 1131 5137 pectoris
1175 5065 1402 5118 thalamo
1422 5065 1656 5137 recipit,
1689 5074 1738 5118 et

172 5135 391 5262 :szztt
407 5138 652 5261 litospitio.
697 5136 864 5200 Alias,
891 5134 948 5191 in
975 5139 1055 5191 sui
1081 5137 1302 5209 pectoris
1329 5134 1576 5190 scriniolo
1601 5137 1742 5207 capit

239 5223 268 5261 ο
341 5225 368 5262 c
393 5224 425 5260 a
452 5248 467 5262 .

173 5214 218 5258 et
239 5214 467 5262 oblectat.

235 5273 261 5313 (³
295 5276 492 5333 Praesto
521 5279 664 5334 enim
685 5286 842 5333 erant
869 5277 1198 5341 cubicularii,
1226 5285 1286 5330 ut
1311 5275 1562 5344 indignos
1584 5291 1740 5331 arce-

175 5356 296 5414 rent,
315 5351 486 5418 quiet
513 5349 900 5418 armigerorum
940 5349 1086 5403 vices
1121 5346 1443 5418 quandoque
1479 5345 1737 5415 impleve-

175 5427 298 5472 rant.
319 5417 451 5478 Vide
482 5417 821 5474 Ammianum
849 5418 1217 5474 Marcellinum
1238 5417 1331 5470 lib.
1355 5433 1520 5471 xxvii.

180 5557 188 5563 _
243 5500 264 5525 '
289 5490 770 5563 Angelusinaturali
790 5490 991 5563 lumine
1009 5487 1403 5563 incarnationis
1426 5487 1741 5563 mysterium

178 5558 485 5629 incogniium
524 5561 709 5628 habet,
737 5561 830 5616 sed
860 5577 928 5616 ex
951 5560 1048 5616 Dei
1085 5558 1416 5629 revelatione
1442 5558 1735 5629 cognitum.

179 5628 490 5755 ﬁbrosius,
514 5633 583 5688 de
604 5631 719 5688 Fid.
747 5631 817 5686 ad
834 5629 1100 5697 Gratiam;
1114 5629 1360 5698 August.,
1375 5628 1466 5684 lib.
1485 5645 1536 5683 iv
1549 5644 1668 5700 cap.
1686 5628 1734 5683 l.

281 5723 329 5755 Δ.
1677 5752 1687 5755 -

229 5714 329 5757 ΠΛ.

249 5771 266 5808 τ
303 5771 524 5842 Yarians
549 5774 730 5842 lectio,
761 5781 966 5829 natura
995 5782 1203 5828 nostra.

253 5852 274 5892 σ
309 5841 478 5902 Editio
505 5843 530 5899 1
556 5841 789 5912 Bonam,
814 5847 990 5902 niteris
1017 5845 1216 5900 ratione
1245 5854 1498 5900 constare.

1879 4641 1933 4726 ,ί
1977 4643 2057 4698 Ex
2087 4646 2151 4726 iis
2191 4646 2372 4726 verbis
2419 4641 2736 4726 persuasum
2786 4647 3054 4726 nonnullis
3085 4646 3427 4726 _fuit_lsaiat_n

1840 4713 1946 4794 hic,
1973 4730 2080 4769 non
2106 4713 2758 4794 Judmorum'tardiiatern
2775 4759 2789 4778 .
2823 4728 2878 4774 et
2906 4717 3101 4787 ingrati
3139 4719 3304 4794 animi
3343 4717 3427 4773 vi-

1840 4785 1974 4838 tium
2004 4799 2132 4858 erga
2162 4785 2347 4858 Deum,
2380 4801 2567 4842 eorum
2591 4785 3021 4854 benefactorem,
3048 4789 3426 4858 exprobrasse,

1841 4854 2092 4923 exemplo
2116 4855 2266 4910 bovis
2296 4866 2351 4910 et
2377 4858 2513 4912 asini
2543 4859 2836 4914 tardiorum
2878 4854 3217 4925 animalium;
3249 4859 3341 4914 sed
3373 4854 3428 4913 in

1841 4925 2037 4999 bovem
2068 4926 2386 4999 asinumque
2407 4929 2731 4999 singularem
2754 4929 2986 4999 aliquem
3010 4929 3230 4997 digitum
3253 4930 3428 4983 inlen—

1843 4995 2008 5058 disse,
2032 4996 2125 5064 qui
2153 4995 2724 5068 omnium__Dominum,
2758 4995 2954 5068 recens
2973 4999 3024 5052 in
3056 4995 3292 5068 pmsepe
3327 5014 3426 5053 na-

1841 5074 1978 5139 tum,
2014 5067 2350 5139 agnoverint.
2392 5066 2487 5139 llis
2529 5069 2894 5125 accensendus
2925 5066 3328 5139 Chrvsologus,
3371 5079 3431 5123 ut

1841 5138 2010 5192 vides.
2050 5137 2230 5205 Longe
2253 5137 2408 5191 aliter
2431 5138 2605 5192 locum
2630 5142 2772 5194 hunc
2803 5140 2893 5193 alii
2923 5137 3108 5192 Patres
3130 5149 3427 5206 exponunt,

1842 5224 1906 5280 ac
1951 5210 2003 5262 in
2030 5207 2140 5280 illis
2168 5207 2904 5280 disertissimellieronymus
2929 5210 3000 5280 fin
3037 5223 3219 5280 capti
3251 5207 3427 5280 isaia‘.

1841 5278 2147 5350 Obtrudunt
2173 5278 2449 5350 homiliam
2479 5275 2961 5350 5?_Chrysostomi,
2991 5275 3120 5350 tom}
3152 5275 3220 5331 Vl
3241 5275 3426 5350 Oper.,

1841 5349 1924 5404 bis
1951 5349 2148 5404 similia
2171 5348 2478 5404 recinentis.
2513 5347 2888 5403 Nemo‘autem
2912 5348 3169 5418 summis,
3195 5356 3257 5402 ut
3284 5347 3432 5418 loqui

1843 5429 2052 5486 amant,
2084 5420 2326 5474 criticem
2355 5420 2530 5488 attigit
2550 5419 2732 5484 labiis,
2761 5418 2852 5488 qui
2882 5417 3126 5473 eamdem
3154 5415 3432 5488 bomiliam

1849 5489 1986 5562 inter
2033 5490 2248 5562 spurias
2272 5486 2656 5562 _amaudandas
2697 5486 2803 5562 non
2824 5488 3135 5562 censuerit.
3167 5486 3435 5562 Caeterum

1847 5557 2232 5629 ignoscendum
2260 5559 2624 5632 Chrysolggo,
2667 5559 2711 5632 si
2741 5559 3137 5632 eadem‘sensit
3163 5573 3284 5626 quae
3303 5557 3439 5632 *φιδί-

1849 5627 2058 5698 genum,
2091 5627 2454 5702 Ambrosium,
2479 5627 2797 5702 Gjegorium
2827 5627 3218 5702 Nazianzenum
3240 5671 3277 5702 ,7
3302 5629 3438 5702 Nys-

1848 5696 2206 5769 senumitem,
2230 5696 2489 5769 Cyrillum
2517 5696 3093 5769 Hiérosolymitanum,
3130 5696 3433 5768 Paulinum,

1851 5716 2038 5756 senum
2058 5716 2206 5769 item,
2230 5716 2271 5757 ιλ
2339 5716 2489 5758 tuum
2517 5716 2763 5757 merosm
2860 5716 3093 5764 nanum,
3130 5716 3433 5768 raunnum,

1851 5767 2219 5846 Prudentium,
2245 5719 2487 5846 aliosque
2509 5778 2745 5834 sensisse
2767 5716 3018 5846 legimus.
3046 5770 3117 5826 At
3142 5772 3437 5846 sapientio‘

1851 5853 1942 5896 res
1969 5841 2140 5898 critici
2163 5841 2426 5902 noverunt
2451 5848 2636 5906 Patres
2667 5850 2786 5905 illos
2816 5841 3039 5917 ﬁgurate
3066 5850 3122 5899 et
3153 5841 3444 5934 allegoric‘
