3930 6354
433 240 543 306 579

1683 242 1744 301 3.
1782 232 1990 300 PETRI
2027 235 2463 298 CBRYSOLOGI

3632 241 3748 299 580

434 359 524 416 vel
551 348 856 412 tardissime
882 367 1007 412 cum
1027 351 1316 424 jumentis;
1359 366 1429 408 ne
1466 351 1596 407 dum
1622 354 1872 421 moraris,
1905 355 2038 424 ipsis
2061 359 2116 418 Α
2137 353 2291 408 tam?
2337 359 2597 422 quantam
2641 349 2888 423 superius
2925 349 3178 408 dixerat:
3200 351 3440 424 plenam.
3482 352 3559 411 Et
3608 367 3774 416 ναι

431 449 713 523 iumentis,
745 447 939 518 quibus
966 452 1098 502 ante
1117 451 1463 513 comparatus
1489 441 1700 510 fueras,
1734 453 2032 514 postpona.

435 541 534 600 ris.
561 539 702 597 Ecce
717 538 959 610 iumenta
987 535 1274 592 adulantur
1309 534 1524 602 caudis,
1554 535 1904 592 blandiuntur
1930 552 2030 597 au-

434 638 609 704 ribus,
639 632 834 703 linguis
852 630 1098 688 lambunt
1117 669 1133 695 ,
1180 636 1236 684 et
1261 636 1414 686 motu
1453 643 1564 698 quo
1591 639 1819 701 possunt
1845 642 2034 690 aucto-

434 748 553 788 rem
579 743 736 786 suum
762 726 998 782 fatentur
1022 731 1212 782 contra
1250 731 1498 780 naturam
1527 725 1582 780 in
1627 734 1776 782 tuam
1818 728 2031 784 venisse

434 833 717 888 naturam;
765 830 822 876 et
869 827 925 876 tu
971 833 1094 876 cum
1141 817 1344 874 Judaeis
1396 819 1652 886 discutis,
1682 821 1892 892 carpis,
1937 822 2030 891 qui

434 916 781 973 excluserunt
806 929 838 970 a
867 912 1180 970 diversoriis
1207 913 1320 970 suis
1347 912 1638 970 Dominum
1665 929 1841 981 somn,
1865 930 2030 984 quem

427 1008 676 1080 iumenta
712 1008 826 1064 suis
881 1007 933 1063 in
981 1005 1314 1078 pmsepibus
1359 1013 1735 1077 susceperunt.
1780 1004 1934 1062 Unde
1984 1007 2031 1063 si

431 1100 650 1156 tandem
696 1099 783 1156 vel
821 1098 1028 1166 angelis
1067 1112 1130 1154 es
1173 1097 1322 1168 pium
1368 1107 1716 1170 praestaturus
1756 1099 2026 1166 auditum,

431 1206 550 1262 quae
573 1191 644 1247 ab
672 1189 865 1259 angelo
893 1189 1120 1248 dicenda
1147 1198 1309 1257 sunt,
1341 1190 1388 1246 si
1428 1205 1536 1246 non
1576 1190 1802 1252 feliciter
1832 1193 1915 1246 vel
1943 1191 2027 1246 di-

430 1297 663 1356 gnanter
690 1285 915 1342 admitte
940 1302 954 1337 :
977 1284 1121 1354 quod
1145 1297 1244 1340 nos
1267 1285 1426 1340 hodie
1445 1283 1680 1348 differre.
1705 1293 1760 1340 et
1781 1287 2030 1354 sequenti

431 1377 637 1434 referre
657 1391 930 1443 sermone,
955 1385 982 1415 ι
1003 1377 1179 1432 sancti
1203 1375 1414 1442 fratres,
1446 1377 1582 1434 satis
1600 1378 1754 1434 vobis
1774 1391 2028 1435 necessa-

432 1468 546 1525 rius
573 1482 755 1524 sermo
781 1466 1080 1537 compellit.

971 1557 999 1598 δ
1028 1555 1262 1614 SERMO
1284 1556 1469 1612 CXLII

671 1649 754 1706 De
778 1651 1186 1708 Aununtiatione
1213 1648 1283 1703 D.
1315 1649 1512 1706 Μανίαν·
1541 1650 1794 1723 Virginis.

2130 446 2369 518 plenam,
2401 454 2428 492 ι
2455 460 2576 515 qua:
2601 444 2751 514 largo
2780 444 2954 500 imbre
2982 452 3158 504 totam
3182 443 3435 502 funderet
3461 454 3524 504 et
3547 445 3750 504 infun-

2130 541 2286 596 deret
2311 547 2636 596 creaturam.
2669 536 2924 593 Inuenisti
2948 539 3088 594 enim
3114 538 3344 612 gratiam
3363 538 3513 615 apud
3538 537 3750 598 Dan.

2129 635 2258 691 limo
2275 649 2400 691 cum
2423 633 2573 698 dicit,
2597 640 2654 688 et
2673 633 2788 704 ipse
2809 633 3034 704 angelus
3060 633 3290 690 miratur
3306 671 3322 695 .
3348 643 3445 692 aut
3469 631 3742 690 feminam

2129 733 2340 782 tantum
2361 766 2378 792 ,
2409 732 2504 780 aut
2522 739 2714 780 omnes
2741 724 2988 780 homines
3017 723 3186 778 vitam
3213 723 3487 780 meruisse
3515 740 3627 794 per
3655 723 3748 780 fe-

2130 819 2333 876 minam
2348 837 2361 872 :
2375 825 2558 890 stupet
2577 817 2798 887 angelus
2819 824 2992 873 totum
3013 817 3185 872 Deum
3202 819 3393 874 venire
3413 817 3562 872 intra
3588 817 3749 887 virgi-

2129 914 2270 970 nalis
2288 914 2431 970 uteri
2451 912 2746 982 angustias,
2761 911 2850 968 cui
2871 919 2984 967 tota
2995 911 3157 968 simul
3177 918 3407 980 angusta
3419 918 3747 969 mereatu-

2129 1017 2210 1063 ra.
2241 1006 2378 1064 Hinc
2408 1014 2495 1063 est
2511 1005 2660 1076 quod
2681 1003 2710 1043 ¹ι
2731 1012 3038 1062 remoratur
3058 1004 3304 1076 angelus,
3325 1004 3459 1060 hinc
3477 1012 3570 1060 est
3596 1002 3746 1073 quod

2130 1099 2408 1170 Virginem
2440 1109 2601 1157 vocat
2636 1099 2708 1155 de
2737 1101 2967 1164 merito,
3008 1098 3078 1156 de
3108 1099 3288 1168 gratia
3304 1097 3632 1168 compellat,
3659 1097 3746 1151 vix

2131 1209 2347 1249 causam
2358 1193 2540 1264 prodit
2553 1193 2814 1259 audienti,
2827 1206 2959 1248 sane
2974 1198 3033 1246 ut
3043 1207 3261 1248 sensum
3275 1198 3633 1262 promoveat,
3655 1189 3746 1246 vix

2129 1281 2288 1354 longa
2320 1284 2680 1354 trepidatione
2706 1283 3005 1354 componit.
3038 1281 3352 1346 .‘Estimate.
3385 1280 3613 1344 fratres,
3636 1295 3744 1351 qua

2130 1379 2432 1433 reverentia
2457 1419 2471 1445 ,
2521 1393 2630 1447 quo
2653 1385 2890 1433 tremore
2928 1391 3030 1432 nos
3058 1384 3214 1430 tanto
3244 1376 3518 1431 interesse
3547 1373 3742 1430 deceat

2132 1477 2189 1526 et
2229 1471 2518 1527 conveniat
2543 1478 2886 1526 sacramento
2909 1510 2926 1533 ,
2969 1469 3186 1539 quando
3211 1469 3327 1540 ipse
3369 1466 3610 1540 angelus
3635 1483 3742 1523 non

2131 1562 2251 1617 sine
2278 1572 2427 1617 metu
2467 1567 2672 1617 metum
2700 1561 2920 1616 discutit
2959 1560 3247 1615 audientis.
3294 1558 3438 1614 Ecce
3482 1556 3738 1630 concipias

2129 1655 2186 1708 in
2216 1665 2382 1709 utero.
2415 1653 2560 1708 Bene
2587 1653 2893 1724 concipies,
2926 1652 3071 1721 quod
3109 1667 3237 1708 caro
3265 1652 3469 1714 nescit,
3504 1651 3738 1707 conditio

507 1743 745 1803 Audistis
789 1743 978 1807 hodie,
1025 1741 1220 1802 fratres,
1256 1742 1592 1806 chariss-imi,
1625 1745 1874 1814 angelum
1903 1759 2028 1800 cum
2060 1754 2104 1813 Β
2134 1762 2241 1800 non
2280 1747 2484 1809 habet,
2531 1761 2637 1800 non
2668 1745 2904 1800 admittit
2946 1753 3159 1801 natura.
3208 1743 3347 1799 Ecce
3381 1746 3649 1816 concipias
3683 1745 3736 1798 is

435 1834 662 1894 muliere
693 1834 760 1889 de
786 1833 1020 1890 hominis
1047 1833 1397 1902 reparatione.
1419 1842 1760 1890 tractantem.
1789 1835 2030 1890 Audistis

432 1924 542 1994 agi,
577 1934 634 1980 ut
663 1925 830 1979 homo
862 1934 883 1962 ο
915 1924 1159 1984 cursibus
1186 1924 1391 1979 eisdem
1421 1926 1616 1993 quibus
1644 1927 1883 1997 dilapsus
1915 1928 2032 1984 fue-

431 2023 518 2071 rat
541 2015 610 2070 ad
635 2023 888 2078 mortem,
912 2016 1114 2072 rediret
1142 2015 1210 2071 ad
1233 2017 1414 2074 vitam.
1443 2017 1585 2086 Agit,
1626 2020 1735 2087 agit
1762 2035 1883 2075 cum
1911 2019 2028 2075 Ma-

430 2110 510 2164 n'a
537 2109 760 2178 angelus
786 2110 854 2164 de
882 2109 1090 2174 salute,
1133 2110 1258 2178 quia
1290 2126 1412 2166 cum
1458 2110 1567 2166 Eva
1597 2113 1818 2181 angelus
1847 2123 2032 2182 egerat

430 2201 499 2257 de
523 2203 700 2262 ruina.-
744 2201 984 2260 Audistis
1030 2202 1282 2270 angelum
1327 2203 1398 2257 de
1437 2205 1614 2260 carnis
1654 2216 1852 2260 nostr-te
1901 2205 2030 2261 limo

429 2296 694 2367 templum
709 2296 904 2353 divinis
943 2295 1244 2365 majestatis
1276 2303 1393 2350 arte
1423 2295 1678 2352 ineffabili
1708 2307 2028 2353 construen-

427 2397 559 2446 tem.
583 2389 822 2445 Audistis
850 2390 902 2444 in
935 2389 1092 2444 terris
1122 2389 1289 2444 Deum
1307 2427 1322 2452 ,
1367 2389 1420 2443 in
1461 2391 1613 2444 caelis
1643 2391 1914 2445 hominem
1942 2406 2030 2445 sa-

427 2490 710 2539 cramento
737 2471 1272 2552 itmomprehensibili
1299 2483 1572 2538 collocari.
1605 2482 1841 2538 Audistis
1868 2484 2027 2538 inau-

427 2574 543 2630 dita
595 2576 809 2630 ratione
859 2576 910 2629 in
954 2591 1065 2630 uno
1120 2573 1398 2645 corpore‘
1428 2577 1598 2631 Deum
1645 2578 2040 2646 hominemque.

425 2666 660 2722 misceri.
693 2667 932 2721 Audistis
960 2666 1204 2737 fragilem
1232 2675 1431 2722 nostrm
1457 2668 1637 2722 carinis
1667 2677 1914 2723 naturam
1955 2669 2025 2723 ad

425 2759 747 2830 portandum
789 2768 960 2815 totam
999 2759 1218 2816 deitatis
1243 2759 1469 2829 gloriam
1499 2761 1740 2828 angelica
1770 2761 2027 2816 exhorta-

425 2849 580 2904 tione
599 2851 864 2904 roborari.
895 2851 1138 2920 Denique
1167 2866 1235 2905 ne
1255 2860 1408 2906 tanto
1426 2852 1655 2922 ponderi
1679 2853 1916 2908 caelestis
1943 2852 2024 2906 fa-

425 2940 593 2996 bricae
619 2941 674 2995 in
703 2940 901 3008 Maria,
933 2942 1142 2997 subtilis
1182 2943 1352 2998 nostri
1399 2943 1644 3013 corporis
1690 2957 1854 2998 arena
1901 2958 2025 2999 suc-

424 3035 721 3101 cumberet,
757 3044 780 3073 ε
811 3035 948 3088 etin.
971 3035 1176 3105 virgine
1207 3036 1371 3090 totius
1395 3035 1612 3105 generis
1640 3036 1865 3090 humani
1889 3051 2022 3106 por-

2131 1850 2296 1896 utero.
2329 1838 2460 1906 Quis
2483 1847 2610 1895 ante
2636 1839 2704 1894 ad
2735 1838 2967 1894 fructum
2999 1837 3243 1908 pervenit
3276 1853 3448 1907 quam
3479 1835 3737 1896 term-la-

2131 1932 2319 1987 borem
2364 1931 2563 1986 sentiat
2606 1940 2660 1986 et
2700 1930 2993 1985 sudorem?
3038 1929 3170 1998 Quis
3198 1938 3328 1984 ante
3351 1944 3528 2001 poma
3574 1929 3738 2001 carpit

2131 2038 2294 2092 quam
2325 2023 2526 2093 planta:
2571 2037 2726 2076 suam
2754 2021 2956 2076 tribuat
2975 2029 3031 2076 et
3058 2020 3335 2090 impendat
3377 2020 3734 2076 industriam!

2139 2115 2154 2152 ί
2190 2115 2320 2181 Quis
2349 2123 2547 2184 praeter
2573 2114 2715 2168 viam
2757 2113 2826 2168 ad
2854 2114 3018 2168 ullam
3063 2113 3312 2183 pervenit
3352 2113 3734 2169 mansionem?

2132 2207 2264 2274 Quis
2293 2215 2489 2276 praeter
2524 2218 2769 2261 naturam
2802 2216 3010 2261 natum
3037 2205 3263 2276 suscipit
3291 2204 3730 2261 incrementi-tl

2132 2299 2298 2356 Beata
2337 2315 2466 2368 ergo
2494 2308 2550 2355 et
2576 2315 2704 2354 vere
2750 2299 2910 2354 beata
2966 2298 3154 2357 Maria.
3186 2313 3310 2367 quae
3341 2309 3552 2369 praeter
3577 2312 3728 2369 gene-
3771 2346 3796 2368 ,

2131 2391 2285 2446 randi
2317 2405 2493 2455 curas,
2539 2400 2736 2459 praeter
2754 2390 2984 2446 materni
3011 2389 3215 2445 doloris
3245 2389 3466 2444 fastidia
3486 2429 3504 2456 ,
3538 2397 3728 2446 tantam

2131 2483 2390 2551 germinis
2412 2482 2657 2552 pervenit
2685 2482 2751 2537 ad
2784 2481 3032 2550 gloriam.
3062 2482 3259 2547 Beata,
3293 2497 3460 2550 quam
3498 2482 3728 2540 divin-

2131 2574 2325 2645 pignus
2351 2574 2430 2629 sic
2461 2589 2560 2629 suo
2589 2574 2827 2643 suscepit
2855 2581 2910 2629 et
2937 2573 3174 2629 servavit
3202 2575 3255 2628 in
3294 2581 3552 2644 pectore,
3578 2583 3635 2629 ut
3667 2573 3725 2628 il-

2130 2667 2223 2723 lud
2269 2675 2386 2722 tota
2448 2668 2694 2736 corporis
2759 2675 2982 2722 externa
3041 2667 3296 2723 nesciret.
3347 2667 3562 2734 Beata,
3618 2682 3726 2740 qua

2130 2757 2274 2826 quod
2313 2758 2382 2813 de
2415 2759 2664 2828 supernis
2715 2757 2730 2808 i
2777 2758 2972 2827 angelo
3001 2757 3274 2814 relerente
3308 2767 3630 2830 susceperat
3653 2760 3724 2818 tis

2128 2849 2298 2903 menti
2327 2864 2437 2904 sum
2480 2849 2610 2904 solae
2634 2849 2903 2906 commisit
2931 2857 2987 2904 et
3032 2849 3278 2906 credidit.
3323 2849 3474 2906 Intra
3516 2851 3737 2913 donum:

2128 2937 2362 3007 Virginis
2384 2939 2657 3009 negotium
2687 2939 2907 2997 omleste
2935 2940 3014 2996 sic
3040 2941 3264 3010 geritur,
3299 2949 3359 2996 ut
3387 2942 3734 3001 manentibur

2129 3030 2398 3096 claustris,
2444 3032 2558 3101 ipsa
2588 3031 2781 3086 domus
2809 3039 2958 3102 septa
2996 3047 3101 3086 non
3145 3033 3405 3087 sentiant.
3438 3030 3713 3104 Concipia,

424 3132 603 3180 tatm'a
634 3123 866 3182 fructum
888 3127 1037 3196 virga
1059 3128 1235 3181 tenuis
1265 3127 1618 3196 frangeretur,
1645 3127 1890 3196 fbgatura
1914 3143 2029 3183 me-
2053 3132 2100 3195 (ζ
2131 3131 2183 3177 et
2210 3125 2380 3194 paries
2410 3125 2596 3194 ﬁlium.
2644 3123 2746 3191 Qui
2790 3124 3087 3192 ingreditur
3118 3132 3175 3179 et
3219 3125 3515 3194 egreditur,
3560 3135 3612 3180 et
3637 3126 3714 3180 in-

423 3225 540 3271 tum
575 3233 681 3272 vox
709 3218 886 3287 angeli
920 3234 1048 3273 mox
1082 3219 1387 3288 praecessit,
1427 3218 1614 3274 dicens
1647 3237 1660 3273 :
1699 3218 1785 3274 N‘e
1823 3221 2022 3288 timeas,

422 3305 606 3362 Maria
631 3306 781 3380 (Luc.
815 3308 876 3380 l).
906 3308 1047 3364 Ante
1072 3324 1290 3364 causam
1316 3310 1549 3378 dignitas
1569 3309 1792 3379 virginis
1813 3326 2028 3365 annun-

422 3399 590 3454 tiatur
607 3414 678 3455 ex
697 3401 917 3455 nomine
942 3418 956 3454 :
985 3415 1108 3455 nam
1133 3400 1344 3456 Mariat
1369 3402 1598 3458 Hebraeo
1618 3417 1890 3469 sermone,
1918 3402 2022 3458 La-

422 3489 558 3555 tine,
588 3489 806 3546 domina
836 3501 1179 3563 nuncupatur
1204 3511 1217 3546 :
1251 3501 1410 3549 vocat
1438 3508 1568 3563 ergo
1594 3495 1816 3563 angelus
1841 3495 2021 3550 domi-

422 3595 584 3642 nam,
629 3588 690 3634 ut
728 3580 1083 3638 dominatoris
1122 3585 1436 3652 genitricem
1467 3586 1757 3657 trepidatio
1804 3587 2022 3640 deserat

423 3671 703 3725 servitutis
725 3711 742 3736 ,
771 3686 940 3740 quam
975 3676 1154 3742 nasci,
1187 3685 1244 3730 et
1269 3677 1452 3732 vocari
1485 3678 1758 3731 dominam
1793 3678 1907 3747 ipsa
1937 3678 2022 3734 sui

422 3761 682 3830 germinis
707 3759 836 3817 fecit
875 3771 932 3818 et
976 3765 1286 3836 impetravit
1330 3768 1642 3823 auctoritas.
1694 3767 1780 3822 Ne
1817 3770 2017 3834 timeas,

422 3850 620 3918 Maria,
649 3854 890 3911 invenisti
915 3859 1052 3912 enim
1081 3861 1328 3930 gratiam.
1367 3859 1565 3914 Verum
1603 3869 1712 3926 est,
1762 3861 1887 3930 quia
1925 3861 2019 3931 qui

422 3943 630 4001 invenit
642 3948 890 4016 gratiam,
910 3950 1084 4004 nescit
1100 3950 1311 4005 timere.
1335 3949 1582 4005 I'nveuisti
1599 3953 1842 4023 gratiam.
1864 3951 2018 4023 Apud

420 4040 622 4108 quem?
649 4041 802 4112 Apud
828 4040 1015 4097 Deum.
1048 4041 1214 4097 Beata
1244 4058 1372 4112 quas
1395 4044 1536 4099 inter
1559 4045 1805 4100 homines
1829 4045 2020 4101 audire

415 4129 540 4185 sola
577 4132 776 4188 meruit
814 4147 926 4204 prae
952 4134 1221 4190 omnibus.
1267 4133 1518 4190 Inuenisti
1556 4137 1799 4208 gratiam.
1839 4134 2018 4202 Qua-n-

421 4326 630 4400 locutos
658 4329 851 4394 fuisse,
883 4344 1061 4400 eoque
1101 4331 1344 4386 bovis‘et
1371 4332 1508 4386 asini
1547 4332 1856 4387 animalium
1887 4334 2013 4386 sub;

421 4397 678 4474 iugalium
709 4397 994 4474 symbolo}
1025 4413 1280 4474 pastores
1319 4418 1521 4472 genere
1549 4414 1604 4458 et
1631 4403 1892 4472 religione
1919 4402 2014 4456 Ju-

421 4467 588 4539 daeos,
619 4467 840 4526 ferendo
871 4467 1118 4526 Mosaicm
1151 4474 1278 4539 legis
1323 4467 1475 4528 oneri
1524 4467 1771 4529 assuetos
1794 4515 1809 4538 ,
1853 4473 2014 4528 intel-

2133 3216 2329 3269 troitus
2357 3216 2439 3269 sui
2475 3223 2530 3270 et
2559 3216 2737 3271 exitus
2764 3217 2909 3270 nulla
2935 3217 3164 3285 vestigia
3191 3218 3483 3288 relinquit,
3513 3218 3714 3274 divinus

2131 3305 2406 3363 habitator
2451 3315 2571 3374 est,
2612 3324 2720 3362 non
2750 3308 3053 3375 humanus;
3085 3317 3140 3363 et
3185 3308 3278 3378 qui
3320 3317 3572 3379 conceptu
3611 3323 3710 3363 suo

2130 3400 2392 3468 virginem
2421 3407 2621 3466 servat,
2653 3407 2709 3455 et
2736 3408 2860 3455 ortu
2887 3416 2987 3455 suo
3015 3401 3274 3470 relinquit
3304 3401 3579 3471 virginem,
3604 3413 3712 3456 mn

2127 3500 2378 3548 terrenus
2405 3492 2570 3547 homo
2599 3500 2712 3557 est,
2745 3492 2839 3547 sed
2865 3493 3120 3549 ccelestis.
3153 3491 3364 3549 Nostris
3393 3507 3524 3563 ergo
3547 3491 3714 3549 carni!

2128 3584 2264 3641 ordo
2291 3584 2542 3651 secedat;
2563 3585 2651 3641 hlc
2679 3585 2782 3640 sibi
2811 3593 3004 3639 natura
3032 3592 3218 3640 nostra
3243 3585 3320 3640 nil
3350 3584 3600 3651 vindicet,
3628 3582 3712 3640 ubi

2127 3676 2196 3732 ad
2223 3675 2460 3730 divinam
2503 3676 2818 3746 progeniem
2863 3676 3100 3732 omlestis
3128 3675 3264 3732 ordo
3301 3675 3538 3732 divinam
3563 3675 3708 3732 insti-

2127 3768 2299 3823 tuitur
2337 3768 2392 3822 in
2437 3775 2702 3822 naturam.
2745 3765 3054 3838 Conceptus
3081 3775 3140 3822 et
3165 3775 3356 3838 partus
3400 3781 3582 3823 sema
3617 3777 3705 3821 su-

2127 3858 2323 3914 dlentis
2346 3859 2581 3913 animum
2603 3874 2709 3914 non
2734 3857 2939 3928 fatiget,
2971 3873 3074 3915 nec
3102 3859 3297 3914 leviter
3317 3874 3536 3915 sensum
3556 3858 3585 3898 ¹ι
3599 3874 3704 3914 mo-

2123 3957 2251 4005 veat
2278 3949 2603 4017 Christiani,
2636 3951 2727 4005 ubi
2757 3951 2824 4005 ad
2852 3935 3132 4007 caelestem
3157 3952 3480 4022 progeniem
3501 3949 3526 3992 ³
3555 3950 3700 4006 virts-

2121 4044 2191 4098 tis
2219 4043 2316 4098 Dei
2345 4043 2523 4098 divina
2546 4051 2878 4113 peraguntur
2906 4044 3152 4114 insignia.
3189 4043 3468 4118 Concipies
3481 4045 3710 4118 et-paria'

2119 4136 2305 4206 ﬁlium.
2338 4135 2457 4190 Non
2486 4135 2622 4190 dixit
2647 4135 2771 4203 tibi,
2803 4136 2940 4192 dixit
2966 4146 3139 4191 tuum.
3184 4136 3410 4204 Quare?
3435 4137 3570 4205 Quia
3589 4151 3695 4192 su-

2118 4331 2486 4404 Videsimilia
2507 4332 2646 4402 apud
2671 4331 2952 4404 Hilarium,
2981 4333 3175 4404 psalm.
3205 4349 3278 4399 vt,
3328 4351 3478 4391 num.
3530 4333 3606 4400 12,
3645 4339 3691 4389 et

2119 4403 2215 4457 lib.
2247 4403 2316 4458 de
2345 4403 2560 4468 Trinit.,
2593 4419 2741 4457 num.
2775 4403 2862 4456 Η.

2194 4483 2216 4555 ξ
2375 4471 2643 4555 .Crcsenzc,
2669 4475 2898 4555 virginea
2921 4475 3083 4555 virga:

422 4536 800 4627 legisseaqui‘,‘
821 4558 887 4596 ex
915 4543 1041 4627 dato
1070 4543 1170 4597 sibi
1199 4536 1353 4612 signo
1372 4544 1440 4599 ab
1461 4544 1674 4613 angelo,
1698 4536 1888 4600 natum
1909 4544 2014 4599 Do-
2042 4564 2098 4626 D
2151 4614 2163 4627 θ
2195 4542 2214 4582 ί
2245 4543 2438 4627 Elaris:
2469 4536 2786 4627 nomenalii
2819 4558 2849 4596 a
2884 4536 3018 4599 voce
3047 4543 3270 4616 Syriaca
3297 4561 3430 4627 gum

423 4608 632 4664 minum
654 4608 1056 4666 intellexerunt.

497 4689 525 4718 ι
566 4677 680 4736 Hoc
709 4682 837 4736 olim
870 4683 1085 4736 nomine
1114 4683 1512 4739 decorabantur
1542 4683 1745 4740 fideles.

493 4749 521 4789 δ
561 4750 754 4806 Sermo
796 4752 882 4806 hic
911 4751 1218 4808 inscribitur
1251 4772 1263 4806 :
1299 4755 1363 4808 de
1407 4757 1816 4810 Annuntiatione
1854 4755 2018 4811 beata

422 4816 614 4893 ῌαήω
652 4820 880 4893 Virginis
904 4838 927 4893 ί
952 4820 1104 4890 cujus
1135 4821 1438 4879 festivitatis
1470 4827 1780 4881 meminisse
1804 4826 2019 4882 videtur

421 4890 643 4962 Sergius
673 4890 809 4962 papa
841 4910 854 4946 :
888 4890 1180 4959 Constituit,
1213 4905 1268 4947 ut
1304 4897 1357 4949 in
1386 4894 1561 4950 diebus
1593 4897 2018 4951 Annunliationis

422 4960 656 5029 Domini,
673 4960 1011 5028 Nulivitatis,
1036 4973 1164 5028 etc.,
1194 4967 1280 5020 ubi
1306 4967 1618 5021 Rosweidus
1647 4969 1928 5023 contendit
1949 4968 2018 5024 de

423 5031 716 5106 Nativitate
745 5035 959 5106 Domini
989 5035 1246 5104 intelligi,
1291 5052 1396 5090 non
1423 5037 1491 5091 «le
1519 5037 1686 5106 ipsius
1723 5035 2014 5093 Genitsicis

422 5117 522 5176 per
544 5105 790 5174 angelum
815 5104 1256 5168 Annuntiationc,
1287 5108 1337 5160 in
1367 5123 1474 5176 quo
1497 5104 1620 5162 eum
1660 5109 1894 5176 graviter
1923 5107 2015 5173 fa:-

424 5173 600 5242 deque
627 5176 918 5246 cespitasse
959 5185 1150 5231 notant
1186 5177 1296 5231 alii.
1328 5173 1616 5246 Gregorius
1655 5173 2014 5234 Thaumatur-

423 5254 542 5310 gus,
571 5255 707 5300 orat.
725 5243 771 5298 Ε).
796 5247 848 5300 in
880 5247 1116 5300 Annunt.
1150 5249 1398 5303 omnibus
1429 5243 1548 5304 aliis
1580 5250 2016 5305 solemnitatibus

424 5327 545 5368 eam
567 5317 835 5372 anteferre
866 5317 1093 5372 videtur.
1147 5318 1213 5372 At
1259 5319 1326 5374 de
1353 5321 1524 5375 tribus
1566 5321 1648 5374 his
1677 5321 2015 5376 orationibus

426 5385 830 5510 iulggigudicii
847 5388 944 5442 viri
963 5389 1122 5457 pleno
1138 5391 1261 5459 jure
1280 5390 1543 5448 dubitant.
1563 5391 1682 5446 Vid.
1706 5407 1870 5448 serm.
1887 5390 2009 5458 140,

429 5469 612 5510 notam
638 5470 684 5511 ⁴¹.

503 5536 525 5600 f
566 5527 730 5600 Alias,
753 5529 942 5584 eisdem
971 5528 1236 5600 gradibus.

498 5591 525 5632 ἀ
563 5591 762 5672 Contra
793 5591 1085 5672 Eutychen,
1121 5613 1176 5655 ut
1201 5601 1399 5670 pluries
1428 5602 1774 5660 observatum
1801 5609 1921 5664 est.
1953 5609 2011 5657 et

429 5677 643 5724 errores
669 5671 958 5734 Valentini,
989 5671 1213 5735 Maeotis
1237 5711 1250 5734 ,
1283 5682 1338 5726 et
1367 5672 1691 5740 Apollinaris
1715 5712 1729 5735 ,
1777 5687 2009 5740 quorum

429 5747 595 5796 nemo
633 5744 877 5798 humans:
905 5743 1082 5798 carnis
1107 5744 1392 5800 veritatem
1419 5744 1476 5798 in
1515 5741 1734 5798 Christo
1768 5743 2004 5800 admisit.

2119 4613 2422 4684 signiﬁcat;
2453 4614 2545 4668 alii
2574 4615 2643 4669 ab
2673 4615 2886 4669 hehrmo
2915 4613 3138 4676 marum,
3167 4613 3426 4685 quod—est
3446 4619 3690 4674 exesliens

2119 4694 2176 4740 et
2199 4685 2429 4740 sublime
2452 4725 2467 4751 ,
2519 4685 2806 4740 deductum
2837 4685 3042 4740 volunt.
3075 4685 3210 4741 Vide
3236 4685 3522 4743 Snieernm
3546 4688 3684 4742 Thes.

2117 4755 2326 4812 Eccles.
2361 4764 2494 4810 tom.
2525 4753 2566 4808 ll
2593 4769 2714 4825 pag.
2747 4754 2869 4810 505.

2192 4835 2219 4898 9
2259 4826 2423 4898 Alias.
2451 4825 2594 4897 apud
2620 4842 2795 4898 qum-

2191 4894 2223 4934 ιι
2260 4897 2338 4970 [Ve
2374 4894 2526 4970 dicas
2535 4894 2679 4970 vero
2707 4897 2776 4951 ad
2817 4897 3010 4970 horam
3036 4911 3454 4970 usque‘ngnsm

2119 4975 2234 5040 tum
2257 4966 2420 5040 fuisse
2445 4966 2774 5040 colloquium
2799 4985 2813 5020 :
2845 4968 2989 5036 quod
3017 4967 3237 5040 Antonii
3262 4966 3580 5040 Belingeri,
3609 4968 3683 5040 lib.

2118 5037 2190 5093 de
2218 5038 2423 5107 Angelo
2446 5035 2684 5093 Custode
2711 5035 3076 5093 commentum
3101 5037 3218 5092 fuit.
3242 5038 3313 5092 At
3338 5035 3510 5096 umlio
3537 5037 3683 5105 magis

2115 5106 2372 5164 ridendus
2398 5106 2628 5162 Rutilius
2651 5107 2970 5173 Benzonius,
2995 5110 3094 5178 qui.
3116 5107 3503 5164 Gabrielesn—in
3529 5107 3686 5178 Isti:

2116 5179 2445 5251 salutatione
2486 5180 2862 5251 suavissimum
2887 5177 3161 5251 hymnum
3213 5195 3564 5251 carmenque»
3581 5177 3681 5251 lon-

2153 5249 2417 5331 iusculum
2460 5251 2669 5331 musice
2717 5247 3048 5304 modulatum
3089 5251 3362 5307 cecinisse
3401 5247 3674 5306 somniavit.

2165 5338 2212 5429 θξ
3101 5391 3164 5446 ί.
3186 5365 3470 5448 in...“
3467 5381 3675 5446 in.

2116 5469 2249 5518 tom.
2283 5461 2348 5522 ll,
2380 5475 2506 5531 pag.
2531 5459 2655 5527 415,
2688 5463 2742 5516 in
2772 5462 2895 5517 line.

2191 5532 2206 5602 l
2247 5533 2396 5586 Alias
2417 5571 2434 5591 .
2458 5532 2741 5602 deferente.

2186 5601 2215 5640 ι
2245 5603 2410 5665 Alias,
2443 5598 2817 5659 Christianum.

2189 5672 2210 5710 ι
2244 5672 2410 5740 Alias,
2450 5671 2668 5728 Virtutis
2697 5673 2885 5729 divina:
2906 5684 3221 5748 peraguntur
3245 5673 3490 5748 insignia.
