3878 6368
1491 305 1730 374 εειωα
1760 305 1985 380 CXLIII.

3267 307 3380 385 tm

114 379 236 484 (tum
577 419 762 488 ﬁlius.
790 419 910 478 Dei.
957 417 1122 490 Virgo
1170 427 1222 482 te
1261 421 1435 490 gratia
1464 430 1694 479 matrem
1718 427 1774 486 Δ
1797 422 1895 478 sed
1933 422 2160 495 Spiritus
2186 433 2397 490 sancti"
2437 423 2758 500 superueniet
2785 430 2842 485 in
2870 440 2934 486 te.
2978 433 3112 501 Quia
3139 434 3277 508 quod

111 516 384 590 paean“,
411 530 528 584 non
559 521 785 581 natura;
829 512 1146 584 genitricem
1176 520 1233 568 te
1255 513 1364 571 dici
1387 514 1563 588 pietas
1589 530 1690 572 vo-

111 613 212 676 luit,
242 622 416 678 quam
457 622 568 664 non
592 606 804 662 sinebat
828 605 1139 674 integritas;
1185 605 1244 662 in
1269 615 1363 662 tuo
1390 615 1688 679 conceptu,

110 705 152 755 in
181 711 270 756 tuo
299 705 468 770 partu
487 699 660 754 crevit
681 696 877 768 pudor,
909 703 1066 754 aucta
1091 703 1176 752 est
1193 697 1432 765 castitas,
1471 698 1694 768 integri-

108 805 180 848 ius
205 792 470 852 roborata
497 798 602 854 est.
626 799 710 848 est
736 799 764 828 ι
788 788 1018 845 solidata
1043 787 1340 858 virginitas,
1359 806 1694 862 omnesper-

110 898 420 940 severavere
444 883 698 940 virtutes.
727 880 923 952 Virgo,
959 881 1008 938 si
1038 881 1135 942 tibi
1161 883 1308 938 salva
1335 893 1461 940 sunt
1487 883 1688 950 omnia,

109 975 222 1045 quid
247 975 492 1036 dedisti?
529 972 589 1031 Si
627 989 808 1045 virgo,
839 973 1116 1044 quomodo
1139 975 1350 1030 mater?
1387 973 1445 1030 Si
1472 991 1688 1046 sponsa,

111 1068 329 1136 geniti-ix
365 1067 689 1137 quomodo?
715 1067 810 1122 Ille
826 1106 843 1133 ,
883 1080 994 1136 quo
1016 1065 1114 1122 tibi
1151 1074 1312 1122 aucta
1336 1074 1462 1122 sunt
1489 1068 1689 1135 omnia,

112 1161 174 1214 nil
207 1159 424 1226 minuit,
469 1160 654 1229 Virgo.
689 1159 874 1230 Virgo,
913 1159 1216 1230 concipitur
1255 1175 1324 1214 ex
1361 1167 1415 1214 te
1443 1158 1471 1198 ι)
1505 1169 1695 1218 auctor

114 1263 240 1312 tuus,
271 1259 366 1306 tua
399 1265 472 1310 ex
503 1257 555 1306 te
583 1249 757 1306 oritur
776 1251 950 1319 origo,
981 1260 1005 1288 ο
1037 1251 1091 1304 in
1117 1258 1210 1304 tuo
1231 1251 1472 1320 germine
1499 1259 1582 1307 est
1608 1265 1696 1320 ge-

115 1344 239 1408 nitor
264 1351 412 1409 tuus,
447 1343 506 1397 in
535 1351 626 1398 tua
653 1358 818 1400 carne
846 1351 930 1399 est
957 1343 1100 1398 Deus
1129 1351 1272 1411 tuus,
1300 1353 1356 1402 et
1383 1345 1496 1416 ipse
1517 1346 1696 1404 lucem

114 1433 278 1490 niundi
304 1431 331 1471 ά
368 1449 476 1504 per
495 1441 552 1492 te
577 1436 784 1506 recepit
806 1435 900 1505 qui
929 1435 1104 1492 lucem
1133 1436 1336 1494 mundo
1364 1437 1529 1492 dedit.
1571 1437 1691 1494 Mo-

114 1531 206 1586 nita
245 1541 376 1598 ergo
405 1544 510 1600 per
547 1518 824 1598 angelum,
858 1529 1041 1598 Virgo,
1075 1538 1099 1567 ο
1130 1545 1198 1586 ne
1227 1545 1521 1599 prtesumas
1549 1531 1692 1588 hunc

116 1636 290 1680 vocare
332 1619 510 1684 ﬁlium
550 1629 701 1682 tuum
724 1660 740 1686 ,
785 1621 880 1678 sed
919 1637 1048 1678 mox
1091 1628 1149 1678 ut
1176 1623 1428 1692 genueris
1451 1663 1466 1688 ,
1501 1623 1692 1680 invoca

114 1713 428 1768 salvatorem
475 1711 646 1792 :quia
691 1712 972 1781 virginitas
1015 1728 1126 1768 non
1165 1713 1268 1770 sibi
1313 1713 1454 1784 parit
1500 1712 1686 1780 lilium,

1793 529 1950 568 carne
1975 524 2153 570 natum
2181 525 2287 584 est,
2319 534 2443 576 caro
2480 529 2592 586 est;
2620 529 2671 576 et
2697 522 2834 594 quod
2872 522 2935 578 de
2963 523 3186 594 Spiritu,
3225 530 3380 600 ψὲνῦ

1793 612 1876 660 tuo
1913 615 1990 662 est
2021 605 2199 680 (Joan.
2229 607 2330 681 ut).
2363 608 2468 680 Qui
2490 626 2620 682 ergo
2645 613 2713 669 de
2741 612 2940 686 Spiritu
2969 619 3232 688 nascitur,
3263 622 3382 678 sine

1791 701 2161 764 controversia
2189 701 2331 759 Deus
2358 712 2460 772 est,
2487 706 2612 775 quia
2639 705 2870 778 Spiritus
2899 718 2982 766 est
3003 709 3162 769 Deus.
3209 713 3380 786 Spiri-

1794 797 1874 844 tus
1900 801 2108 848 sanctus
2135 796 2453 864 superveniet
2480 797 2533 852 in
2564 807 2630 865 te,
2661 809 2712 853 et
2732 800 2892 856 virtus
2917 801 3176 858 Altissimi
3202 803 3380 861 obum-

1794 879 1962 942 brabit
1989 881 2098 938 tibi.
2129 881 2422 940 Obumbrat
2448 885 2545 950 Dei
2572 889 2764 958 virtus,
2791 908 2858 948 ne
2878 899 3160 966 portatura
3189 896 3377 961 Deum,

1795 981 1823 1019 s
1871 972 2126 1043 fragilitas
2173 974 2407 1032 humana
2455 981 2784 1036 succumbat.
2820 979 2888 1036 Et
2924 985 3083 1040 virtus
3129 981 3382 1044 ditissimi

1797 1053 2118 1119 obumbrabit
2148 1065 2255 1121 tibi.
2287 1063 2316 1104 ιι
2338 1067 2524 1125 Ᾱῑειυε
2553 1073 2722 1128 nostri
2751 1076 2994 1145 corporis
3026 1078 3197 1134 nescit
3219 1093 3382 1149 quam

1797 1154 1990 1214 divinat
2030 1160 2264 1228 protegit
2292 1161 2479 1218 umbra
2508 1164 2720 1221 virtutis
2737 1185 2756 1238 ;_
2801 1182 2904 1236 nec
2929 1178 3200 1236 secretum
3228 1185 3383 1226 mun-

1793 1246 1947 1304 danae
1975 1249 2324 1312 habitationis
2351 1253 2612 1324 inquirit,
2654 1271 2775 1326 qua:
2821 1273 2880 1314 se
2914 1268 3122 1330 septam
3163 1265 3384 1333 superni

1793 1341 2094 1412 splendoris
2139 1345 2498 1416 circumspicit
2537 1349 2863 1406 velamento.
2915 1350 3202 1430 Propterea
3245 1357 3386 1430 quod

1794 1442 2035 1488 nascetur
2061 1451 2126 1489 ex
2165 1443 2212 1488 te
2268 1447 2532 1504 sanctum,
2563 1438 2824 1495 vocabitur
2857 1439 3028 1499 Filius
3065 1443 3182 1501 Dei.
3213 1445 3383 1503 Nemo

1792 1523 1882 1580 hic
1909 1527 2266 1582 communiter
2305 1529 2534 1600 accipiat
2562 1541 2822 1600 sanctum,
2855 1535 2950 1601 sed
2983 1535 3072 1591 illa
3101 1537 3383 1608 singulari-

1793 1622 1905 1669 tate
1935 1631 2038 1686 qua
2073 1617 2336 1672 clamatur
2365 1619 2416 1672 in
2446 1620 2754 1690 caelestibus
2787 1641 2798 1676 :
2837 1622 3097 1694 Sanctus,
3133 1625 3378 1697 Sanctus,

1793 1704 2050 1772 Sanctus,
2075 1705 2350 1764 'Donu'nus
2379 1707 2517 1766 Deus
2558 1710 2790 1768 Sabaoth
2824 1713 2980 1788 (Isai.
3023 1717 3120 1788 VI).
3152 1715 3382 1774 Mittitur

115 1802 192 1858 sed
227 1802 366 1872 pari:
408 1803 609 1872 pignus
635 1803 888 1869 auctoris,
931 1809 987 1860 ει
1024 1803 1307 1873 integritas
1334 1820 1490 1860 suum
1515 1811 1691 1874 gestat
1720 1814 1770 1892 Β
1793 1809 1974 1854 autem
2001 1797 2170 1855 Maria
2199 1801 2267 1855 ad
2299 1797 2593 1870 Elisabeth,
2618 1805 2770 1873 virgo
2811 1805 2878 1860 ad
2904 1808 3174 1876 sterilem,
3205 1808 3382 1866 infans

115 1893 388 1959 dominum,
423 1909 532 1950 non
555 1893 849 1959 alumnum,
874 1894 1089 1950 dicente
1117 1895 1310 1964 angelo
1341 1913 1355 1949 :
1387 1894 1458 1950 Et
1485 1895 1689 1952 vocabis

113 1998 270 2038 nomen
309 1983 432 2054 ejus
467 1981 666 2047 Iesum,
708 1983 853 2055 quod
899 1983 1151 2040 Salvator
1204 1983 1397 2041 Latino
1420 1987 1687 2042 vocabulo

117 2084 454 2144 nuncupatur.
502 2074 654 2132 Dixit
699 2087 867 2131 autem
909 2075 1085 2130 Maria
1113 2077 1182 2131 ad
1227 2078 1468 2149 angelum
1495 2119 1510 2144 ,
1547 2075 1690 2142 Quo-

114 2168 241 2224 modo
271 2169 363 2239 ﬁet
393 2169 576 2226 istud?
620 2167 763 2225 Ecce
808 2169 976 2226 Maria
1017 2170 1315 2240 interrogat
1355 2187 1370 2224 :
1421 2179 1476 2226 et
1521 2171 1567 2226 si
1594 2172 1688 2242 qui

117 2260 416 2329 interrogat,
442 2259 674 2326 dubitat,
703 2276 802 2316 cur
829 2261 978 2316 solus
1003 2259 1288 2318 Zacharias
1315 2262 1465 2318 velut
1489 2277 1689 2332 queru-

116 2349 181 2404 lus
205 2359 586 2420 percunctator
626 2350 888 2406 incurrit?
934 2349 1072 2418 Quia
1118 2359 1399 2422 pectorum
1439 2354 1688 2422 cognitor

117 2457 204 2496 non
239 2442 430 2508 verba,
461 2443 558 2498 sed
600 2443 766 2498 corda
805 2444 1069 2514 pervidit;
1112 2460 1224 2500 non
1263 2445 1390 2516 quid
1415 2445 1681 2512 dixerint,

116 2533 190 2589 sed
213 2535 335 2604 quid
362 2535 671 2602 senserint,
697 2535 990 2606 judicavit;
1021 2547 1138 2592 erat
1165 2539 1311 2594 enim
1343 2538 1684 2608 interrogan-

120 2624 226 2682 tium
249 2641 416 2690 causa
453 2625 750 2695 dissimilis,
781 2628 992 2698 species
1023 2628 1307 2698 perdivisa.
1339 2629 1468 2686 Haec
1494 2640 1688 2688 contra

118 2727 330 2774 naturam
359 2720 623 2786 credidit,
656 2721 745 2778 ille
768 2721 978 2788 dubitat
1018 2737 1118 2792 pro
1156 2731 1381 2789 natura;
1411 2724 1684 2780 haccinte-

117 2824 204 2879 εγω
225 2811 298 2867 rei
319 2810 568 2872 ordinem
592 2813 804 2882 qumrit,
837 2813 926 2870 ille
954 2829 1075 2883 quae
1097 2813 1236 2870 Deus
1257 2815 1412 2884 jubet
1434 2815 1550 2871 ﬁeri
1572 2831 1686 2884 non

117 2918 248 2973 posse
271 2905 600 2975 perscribit;
627 2906 719 2960 ille
740 2905 1141 2978 impellentibus
1163 2907 1423 2977 exemplis
1460 2924 1567 2964 non
1598 2924 1684 2964 ac-

118 2992 233 3050 cedit
257 2993 322 3060 ad
347 2993 532 3062 ﬁdem,
557 2995 672 3056 haec
691 2995 809 3062 sine
833 2995 1084 3066 exemplo
1105 2997 1371 3066 percurrit
1392 2998 1458 3052 ad
1487 2996 1680 3067 tidem;

118 3084 211 3142 hate
239 3088 466 3154 miratur
494 3087 562 3143 de
590 3095 750 3160 partu
775 3088 1030 3156 virginis,
1063 3088 1152 3143 ille
1181 3088 1247 3143 de
1275 3099 1540 3160 conceptu
1568 3091 1680 3146 dis-

1793 1887 1861 1942 ad
1887 1906 2048 1944 anum
2073 1931 2086 1955 ,
2140 1898 2198 1945 ut
2225 1895 2520 1948 certamine
2553 1895 2643 1966 pio
2692 1904 2906 1951 sumant
2946 1899 3153 1964 ambae,
3205 1903 3382 1972 perci-

1791 1981 1941 2053 piant
1967 1984 2186 2053 pariter,
2219 1985 2386 2040 altera
2415 1985 2481 2040 de
2512 1987 2748 2043 novitate
2778 1989 2954 2055 fidem,
2988 1990 3157 2056 altera
3185 1992 3252 2048 de
3282 2005 3381 2056 ne-

1791 2074 2043 2129 cessitate
2085 2075 2360 2130 virtutem.
2409 2075 2504 2132 His
2546 2079 2778 2146 auditis,
2837 2080 3114 2150 respondit
3159 2079 3375 2150 Maria:

1790 2161 1927 2218 Ecce
1949 2165 2142 2219 ancilla
2164 2165 2397 2234 Domini,
2420 2168 2516 2238 ﬁat
2536 2169 2662 2223 mihi
2691 2169 2967 2226 secundum
2989 2171 3191 2226 verbum
3214 2182 3377 2238 tuum.-

1790 2253 1918 2321 Quae
1955 2265 2181 2311 vocatur
2217 2258 2284 2312 ab
2322 2258 2514 2328 angelo
2559 2259 2806 2324 domina,
2846 2261 2962 2332 ipsa
3003 2277 3061 2318 se
3104 2266 3380 2334 cognoscit

1789 2352 1845 2400 et
1872 2345 2160 2404 confitetur
2187 2347 2455 2412 ancillam.
2489 2347 2626 2417 Quia
2671 2350 2897 2408 devotus
2943 2353 3156 2420 animus
3185 2353 3202 2393 ί
3236 2355 3380 2411 infu-

1788 2435 1854 2490 lis
1901 2434 2288 2494 beneﬁciorum
2315 2441 2510 2496 crescit
2551 2442 2618 2496 ad
2646 2443 2964 2513 obsequium
2997 2463 3010 2500 :
3059 2455 3286 2517 augetur
3312 2445 3380 2504 ad

1786 2529 2034 2596 gratiam,
2068 2545 2175 2584 non
2205 2530 2271 2584 ad
2295 2532 2657 2600 arrogantiam
2686 2535 2914 2605 prosilit,
2958 2553 3067 2605 non
3090 2535 3157 2592 ad
3187 2552 3380 2609 super-

1785 2618 1930 2673 biam
1961 2621 2327 2690 pertumescit.
2362 2619 2488 2676 Fiat
2513 2623 2639 2678 mihi
2664 2625 2944 2681 secundum
2980 2625 3185 2696 verbum
3213 2637 3374 2686 tuum.

1789 2711 1806 2762 i
1846 2710 1975 2778 Quae
2013 2713 2186 2768 credit
2222 2715 2421 2782 verbo,
2472 2717 2666 2772 merito
2705 2719 2939 2788 concipit
2979 2717 3218 2775 Verbum
3250 2738 3264 2776 :
3309 2721 3378 2777 In

1782 2805 2040 2880 principio
2075 2815 2190 2860 erat
2231 2805 2473 2874 Verbum,
2513 2818 2563 2862 et
2606 2808 2828 2865 Verbum
2859 2819 2973 2865 erat
3009 2811 3148 2884 apud
3183 2811 3372 2883 Deum,

1785 2903 1836 2950 et
1878 2893 2018 2951 Deus
2063 2907 2177 2950 erat
2232 2895 2454 2953 Verbum
2496 2897 2676 2972 (Joan.
2720 2902 2794 2972 t);
2843 2910 2898 2958 et
2942 2902 3010 2959 ad
3051 2912 3221 2960 totam
3264 2921 3380 2962 rem

1786 2988 2068 3057 pervenit,
2117 3004 2238 3058 qua:
2288 2999 2558 3046 secretum
2608 2989 2636 3030 Ιι
2689 2991 2813 3048 ﬁdei
2858 2996 3128 3051 consentit
3170 2997 3376 3053 auditu.

1785 3080 2056 3148 Quantum
2102 3091 2290 3154 peccat
2335 3083 2655 3152 haereticus,
2699 3086 2791 3156 qui
2837 3095 2960 3157 post
3002 3101 3220 3144 causam
3267 3103 3379 3146 non

119 3186 242 3248 putat
263 3179 556 3250 conjugali.
591 3179 782 3236 Merito
803 3195 933 3252 ergo
955 3181 1069 3238 haec
1097 3181 1352 3252 loquitur,
1375 3183 1490 3240 haec
1513 3185 1681 3263 Deum
1709 3197 1756 3261 (Ξ
1786 3172 1957 3227 credit
1982 3214 1998 3241 ν
2047 3188 2170 3236 cum
2215 3181 2426 3232 tantum
2471 3173 2613 3233 hanc
2639 3177 2931 3248 credidisse
2957 3180 3224 3252 εοηερίοίῑ
3249 3190 3380 3250 3le

119 3283 198 3326 suo
232 3272 513 3340 cognoscit
557 3279 614 3328 et
659 3270 951 3328 cantitetur
978 3273 1032 3327 in
1079 3289 1342 3344 corpore;
1392 3275 1481 3330 ille
1521 3285 1686 3345 tacet,

120 3359 263 3422 donec
299 3360 572 3430 Joannem
611 3379 774 3436 quem
823 3365 1091 3434 negabat,
1139 3365 1420 3422 convictus
1463 3369 1687 3438 proprio

118 3452 331 3516 redderet
373 3471 446 3520 ex
493 3470 742 3527 corpore.
793 3454 1062 3522 Quomodo
1111 3458 1200 3528 ﬁet
1242 3459 1421 3514 istud?
1467 3459 1686 3530 Quare?

121 3537 228 3606 Quid
259 3545 426 3601 virum
463 3563 570 3604 non
602 3563 877 3620 cognosco.
907 3547 1118 3611 Mulier,
1153 3564 1313 3618 quem
1337 3551 1509 3606 virum
1537 3566 1686 3621 qua}-

118 3634 365 3707 ris‘lquem
384 3639 516 3702 tuin
537 3639 793 3696 Paradiso
810 3641 1127 3711 perdidisti?
1149 3640 1333 3698 Redde
1353 3644 1544 3709 virum,
1563 3661 1684 3700 mu...

119 3723 210 3792 lier,
237 3727 398 3792 redde
434 3729 742 3801 depositum
784 3731 901 3800 Dei,
934 3733 1100 3789 redde
1129 3747 1196 3789 ex
1226 3741 1280 3789 te
1307 3749 1465 3804 quem
1496 3736 1680 3806 perdi-

119 3816 215 3874 disti
253 3835 346 3890 per
392 3830 448 3890 te
491 3841 505 3876 :
551 3825 905 3894 przetermitte
940 3835 1152 3882 naturae
1191 3825 1435 3882 ordinem
1461 3869 1476 3894 ,
1526 3845 1682 3888 reco-

118 3920 280 3975 gnosce
318 3911 568 3982 ordinem
595 3911 894 3971 Creatoris.
937 3915 1031 3972 Ille
1060 3933 1130 3973 ex
1170 3926 1226 3974 te
1251 3928 1489 3974 assumet
1515 3929 1569 3976 et
1603 3919 1684 3974 fa-

121 3997 202 4066 ciet
223 3999 410 4066 virum,
442 4001 536 4073 qui
576 4003 630 4058 in
661 4005 926 4077 principio
968 4015 1023 4062 te
1049 4009 1178 4064 fecit
1204 4017 1260 4064 et
1287 4011 1575 4081 assumpsit
1613 4027 1683 4067 ex

119 4087 236 4158 viro;
263 4109 328 4147 ne
356 4109 571 4164 qumras
597 4096 773 4152 virum
797 4138 811 4164 ,
863 4109 1040 4154 cesset
1067 4115 1202 4170 opus
1243 4101 1507 4165 hominis,
1547 4101 1676 4172 quia

121 4176 170 4232 ad
192 4185 573 4253 reparationem
595 4186 829 4245 hominis
855 4188 1050 4246 sufﬁcit
1075 4208 1162 4246 ars
1191 4192 1390 4248 divina.
1428 4191 1566 4248 Hinc
1591 4201 1673 4248 est

118 4271 232 4337 quod
272 4274 422 4331 Deus.
451 4276 570 4347 ipse
613 4278 680 4333 ad
729 4286 782 4336 te
828 4281 995 4349 venit,
1038 4283 1164 4352 quia
1213 4291 1268 4340 te
1306 4281 1557 4356 pmnituit
1603 4283 1673 4339 ad

119 4359 348 4424 hominem
393 4371 710 4440 pervenisse
755 4372 801 4428 ί.
847 4371 960 4430 Nec
980 4375 1098 4445 jam
1141 4391 1269 4434 caro
1311 4375 1379 4432 ad
1407 4391 1667 4442 carnem;

1788 3279 2008 3326 causam
2023 3265 2048 3320 i

2310 3358 2329 3399 1
2362 3359 2595 3432 SERMO
2630 3359 2857 3424 CXLIII.

2425 3450 2508 3510 De
2533 3452 2732 3514 eadem.

1857 3541 2094 3600 Debetur
2156 3543 2375 3614 quidem
2438 3544 2590 3604 vobis
2653 3544 2928 3608 natalitius
2982 3553 3166 3614 sermo
3192 3586 3209 3612 ,
3279 3543 3388 3614 sed

1784 3632 2055 3688 ineffabile
2082 3631 2388 3690 Nativitatis
2414 3633 2707 3691 Dominicae
2732 3645 3128 3700 sacramentum
3155 3636 3382 3694 credere

1783 3725 1955 3796 magis
1983 3727 2236 3784 convenit
2281 3743 2444 3798 quam
2489 3727 2714 3784 referre.
2757 3729 2921 3800 Virgo
2957 3732 3187 3802 peperit.
3220 3705 3412 3800 ριισιΓ

1783 3825 1974 3872 natura
2004 3833 2112 3874 non
2141 3818 2330 3884 habet,
2363 3834 2492 3874 usus
2522 3821 2729 3888 nescit,
2776 3821 2989 3891 ignorat
3013 3825 3153 3879 ratio
3175 3866 3191 3892 ,
3222 3833 3376 3888 mens

1783 3923 1892 3963 non
1922 3909 2095 3980 capit,
2127 3918 2289 3980 pavet
2327 3911 2522 3966 coelum
2545 3953 2560 3978 ,
2593 3919 2774 3983 stupet
2799 3922 2962 3982 terra,
2993 3924 3241 3972 creatura
3270 3917 3375 3980 mi-

1781 4010 1933 4056 ratur
1953 4041 1968 4067 ,
2016 4001 2290 4071 quomodo
2318 4017 2497 4058 sermo
2537 4005 2776 4060 narrabit
2803 4006 3109 4062 humanus?
3130 4007 3376 4078 Denique

1782 4092 2111 4162 evangelista
2168 4102 2489 4162 conceptum
2543 4092 2813 4164 Virginis,
2871 4093 3106 4166 Virginis
3159 4106 3374 4168 partum

1778 4186 1918 4242 sicut
1952 4186 2186 4241 humano
2226 4201 2475 4241 sermone
2500 4187 2703 4256 pandit,
2730 4187 2802 4241 ita
2837 4187 3018 4243 divino
3047 4189 3248 4248 claudit
3285 4205 3374 4245 ar-

1779 4295 1916 4336 cano
1949 4298 1963 4334 :
2007 4287 2063 4334 et
2100 4279 2204 4334 hoc
2251 4277 2378 4334 facit
2408 4285 2465 4336 ut
2491 4279 2654 4334 homo
2679 4322 2693 4348 ,
2737 4279 2883 4350 quod
2922 4281 3145 4339 credere
3187 4282 3372 4353 jussus

1777 4380 1860 4432 est
1883 4415 1898 4440 ,
1938 4373 2206 4430 discutere
2235 4387 2344 4428 non
2371 4381 2678 4443 praisumat.
2712 4371 2844 4440 Quis
2872 4374 3086 4448 attingit
3112 4389 3370 4444 arcanum

171 4530 196 4559 η
213 4522 916 4602 Communissimaveterum
944 4529 1160 4586 Patrum
1183 4533 1447 4589 sententia
1469 4547 1667 4602 perpe-
1693 4534 1749 4595 D
1773 4529 2113 4602 Salvator-em
2144 4538 2295 4584 tuum
2326 4529 2518 4584 invoca
2548 4531 2939 4602 etdeprecare.

254 4599 854 4686 agnoscit‘riD‘ViIrgjnis
882 4602 1431 4686 integritatemz‘VDide
1470 4599 1665 4686 Hiero-

115 4677 329 4733 nymum,
376 4677 572 4726 contra
601 4669 904 4728 Helvidium
927 4712 943 4736 ,
987 4669 1046 4728 ea
1092 4713 1105 4728 .
1157 4673 1222 4736 9;
1253 4673 1538 4742 Origenem
1562 4715 1575 4738 ,
1609 4675 1666 4730 in

114 4728 215 4813 hic.
238 4736 421 4813 homil.
460 4739 518 4808 7;
563 4737 976 4813 Constantinum
1022 4691 1287 4813 liragnum,
1332 4745 1384 4798 in
1424 4753 1562 4799 orat.
1595 4745 1664 4800 ad

115 4803 209 4884 ξε..
231 4805 454 4884 Cmtum,
505 4803 631 4884 cap.
654 4811 746 4879 I9;
770 4803 1149 4884 Epiphaniuni,
1176 4803 1366 4870 haeres.
1394 4813 1478 4884 78,
1511 4832 1660 4870 num.

1849 4601 1867 4640 ί
1898 4601 2120 4678 Fin-atra
2156 4602 2243 4657 hic
2271 4616 2331 4678 se
2361 4609 2583 4678 torquet
2609 4600 2772 4670 Milia;
2805 4619 2934 4662 nam
2958 4607 3369 4678 AWIOQ‘Iir-

1769 4680 1858 4728 tur
1879 4673 1948 4726 de
1969 4672 2098 4738 Eva,
2133 4687 2240 4726 non
2263 4673 2332 4726 de
2359 4670 2545 4728 Maria.

1841 4754 1866 4792 ις
1911 4741 2071 4813 Juxta
2101 4743 2389 4798 nonnullos
2418 4757 2516 4812 per
2543 4741 2708 4798 verba
2753 4743 2843 4799 illa
2868 4784 2883 4809 ,
2915 4745 3075 4813 virtus
3096 4747 3370 4803 'Altissimi

1767 4812 2118 4886 obumbrabit,
2133 4813 2718 4886 angelusoperationis
2738 4815 2956 4869 modum
2977 4812 3211 4886 explicat
3237 4837 3247 4870 :
3275 4820 3378 4886 qni-

1766 4885 2076 4940 consistitin
2093 4884 2271 4938 divina
2284 4883 2377 4938 Dei
2394 4883 2751 4952 protectione,
2777 4900 2883 4954 qua
2905 4883 3132 4954 remo—ta,
3157 4903 3276 4942 eam
3294 4883 3370 4941 di-

1763 4955 1887 5027 vina
1905 4955 2160 5027 Majestas
2172 4955 2600 5027 consumpsisset
2613 4971 2628 5018 ;
2637 4962 2696 5027 et
2710 4956 2826 5022 hzec
2840 4954 3176 5027 Cill‘jSOlOKb
3187 4973 3360 5025 mens.

1768 5024 1902 5081 Vide
1931 5022 2236 5098 Sy‘nopsim.
2265 5022 2480 5081 Sacrbr.
2515 5022 2700 5080 Critic.
2735 5033 2867 5081 tom.
2902 5022 2970 5081 IV
2998 5022 3133 5098 pag:
3155 5023 3366 5094 '8I7,,in

2147 5165 2410 5247 Thoﬂmam
2451 5181 2638 5247 p._nt,
2666 5173 2874 5247 _qutcs,t.
2907 5165 2996 5234 2.7,
3043 5175 3144 5234 art,
3183 5167 3238 5237 4,
3269 5169 3361 5224 ubi

1764 5237 1923 5294 docet
1950 5237 2010 5291 Β.
2031 5235 2094 5290 V.
2129 5253 2230 5292 nec
2252 5237 2490 5291 fomitem
2519 5237 2792 5292 habuisse.

1840 5305 1858 5345 ί
1892 5305 2111 5370 Fasciis,
2139 5307 2353 5364 funibus
2378 5305 2782 5363 beneﬁciorum.

1836 5381 1853 5430 ι
1888 5378 2034 5434 Alias
2062 5396 2075 5430 :
2107 5380 2227 5434 auia
2252 5378 2432 5432 credit.

1837 5449 1860 5486 ιι
1893 5449 1973 5504 Ad
2012 5446 2305 5520 perfectam
2337 5447 2500 5520 Verbi
2512 5446 2963 5520 incarnationem
2985 5489 3002 5515 ,
3034 5455 3090 5506 et
3115 5447 3213 5506 Dei
3241 5463 3358 5508 ma-

1761 5516 2073 5596 teruitatein
2114 5522 2357 5596 pervenit
2390 5517 2459 5596 _B.
2512 5516 2580 5596 γε
2604 5559 2634 5596 ,_
2671 5519 2795 5588 quia
2846 5518 3031 5596 auditu
3087 5522 3314 5596 proprio.
3335 5562 3372 5596 ,,.,

1761 5591 1916 5718 unuasi
1964 5606 2061 5662 per
2086 5587 2244 5648 scala:
2272 5591 2470 5659 gradus
2513 5587 2637 5644 ﬁdei
2683 5587 3046 5652 summitatem
3087 5587 3360 5662 asceam;

1816 5679 1925 5718 ITA.

1816 5679 1925 5718 ιτΑ.

1839 5731 1857 5772 ι
1885 5731 2122 5794 Consule
2148 5730 2541 5805 prtet'ationem.

116 4875 159 4958 7.;
184 4876 525 4960 _dugustinum
570 4875 637 4954 (si
666 4875 791 5007 ipse.
811 4875 912 4954 esi)
942 4885 1010 4939 de
1037 4875 1237 4966 lintres.
1270 4901 1387 4956 cap.
1535 4886 1664 4941 Hel—

116 4949 212 5002 vnlu
233 4961 602 5007 argumentum
624 4970 681 5007 re
705 4955 818 5007 ellit
848 4955 1159 5007 Basnamus.
1186 4965 1316 5007 tom.
1339 4956 1362 5007 Ι
1391 4971 1510 5007 nae.
1537 4957 1656 5007 106.

114 4948 212 5025 vith
233 4948 610 5025 argumentum
624 4948 818 5025 refellit
848 4948 1159 5024 Basnagius,
1186 4948 1362 5014 tom.l
1391 4971 1510 5025 pag.
1537 4957 1656 5012 106.

114 5015 432 5096 Ῑεηιιῌῇἱιηιιδ
460 5023 553 5078 lib.
583 5024 653 5096 de
679 5024 884 5096 Velam.
919 5015 1156 5096 Virginq'
1177 5027 1253 5081 ait
1281 5015 1662 5083 hoc-censure

112 5087 210 5162 licet
252 5091 455 5150 Ilebion
485 5095 720 5150 resistat.
764 5093 895 5150 Post
931 5087 1230 5152 Helvidium
1263 5107 1318 5152 et
1363 5097 1664 5154 Hebionem

113 5157 202 5216 huc
224 5166 403 5222 eadem
436 5163 675 5222 eﬁ‘utisse
703 5167 903 5222 scimus
928 5165 1294 5222 Jovinianum.

167 5229 189 5270 δ
215 5231 409 5292 Laudat
448 5238 598 5304 htcc,
639 5248 696 5293 et
722 5238 949 5294 aliorum
978 5237 1198 5293 Patrum
1243 5238 1358 5294 fere
1399 5238 1660 5295 similibus

113 5304 253 5380 verbis
272 5304 499 5375 illustrat
523 5307 772 5380 Barthius
797 5309 1020 5364 Advers.
1054 5310 1145 5380 lib.
1169 5325 1346 5380 Lcap:
1364 5309 1395 5362 7
1420 5325 1541 5380 pag.
1569 5308 1653 5364 I4.

114 5368 365 5434 Bucheribs
387 5419 404 5444 ,
435 5379 602 5434 homil
634 5381 685 5435 in
718 5379 1032 5436 Annuntiat.
1061 5379 1122 5434 Β.
1166 5377 1230 5435 V.
1268 5368 1524 5436 ἰοί-αἰτοῖ
1543 5391 1664 5436 tuus-

114 5445 187 5499 m't
206 5445 330 5523 ﬂius
353 5460 486 5516 tuus,
512 5453 598 5523 qui
625 5453 745 5523 fecit
766 5462 814 5507 te
835 5463 1075 5508 nascetur
1093 5469 1158 5506 ea:
1180 5461 1246 5507 te.

169 5526 188 5595 ξ
205 5517 360 5595 ῥηθῇ,
385 5523 442 5595 in
471 5517 556 5577 tuo
584 5517 798 5595 gremio.

167 5585 189 5624 δ
205 5585 472 5649 Nonnullae
497 5585 780 5658 editiones,
813 5593 916 5650 Per
939 5603 986 5650 te
1015 5592 1164 5650 nobis
1193 5592 1352 5649 dedit.

167 5669 186 5696 ε
212 5661 376 5737 Verba
417 5666 533 5721 haec
569 5676 726 5722 caute
757 5666 978 5737 legenda
1001 5705 1016 5730 ,
1060 5676 1116 5722 et
1157 5676 1304 5722 recte
1343 5663 1658 5737 explicanda

117 5727 306 5816 advertit
329 5735 584 5816 Latinius,
615 5727 837 5796 scilicet
853 5756 866 5791 :
899 5753 967 5793 ne
993 5727 1431 5816 praesumaseuni
1456 5735 1659 5816 habere

117 5798 170 5858 ad
201 5805 354 5864 instar
382 5799 472 5866 lilii
509 5798 744 5867 humano
784 5825 938 5867 more
976 5798 1174 5880 geniti;
1205 5809 1302 5865 sed
1339 5822 1465 5864 eum
1492 5804 1658 5863 veluti
