3930 6354
455 373 563 436 885

1705 357 1765 414 S.
1805 353 2011 414 PETRI
2047 347 2482 412 CHRYSOI.OGI

3629 350 3746 416 ια

458 496 586 564 Dei,
643 499 857 564 partum
904 483 1164 556 Virginis,
1219 494 1398 536 rerum
1445 490 1636 532 causas
1655 516 1669 541 ,
1720 473 2039 529 saeculorum
2068 479 2116 536 Α
2144 473 2338 543 partita
2367 467 2648 525 stillicidiis
2671 477 2912 540 tempora
2937 467 3060 524 ﬁdei
3081 470 3316 540 rigarent
3338 473 3606 540 germina,
3631 489 3745 530 non

460 589 733 659 negotium
751 627 766 655 ,
811 579 1192 640 commercium
1220 573 1516 630 divinitatis
1536 580 1593 626 et
1619 567 1798 625 carnis
1819 610 1835 636 ,
1869 566 2043 622 homi-

461 699 585 738 nem
628 681 902 747 Deumque
947 687 1112 729 unum
1153 669 1360 724 Deum?
1401 663 1743 732 Evangelista
1792 661 1870 715 sic
1908 660 1984 713 ait
2028 677 2040 712 :

459 772 651 829 Missus
681 778 757 824 est
794 765 1006 838 angelus
1051 759 1263 817 Gabriel
1302 776 1334 812 a
1371 757 1484 812 Deo
1515 757 1571 810 in
1613 755 1866 809 civitatem
1895 748 2044 804 Gali-

459 868 570 923 ιωω
596 865 678 918 cui
704 876 889 916 nomen
919 865 1030 912 erat
1059 852 1349 918 Nazareth,
1385 849 1455 904 ad
1483 849 1731 920 virginem
1759 845 2044 916 desponsa-

460 967 564 1011 tam
578 956 684 1010 viro
706 952 787 1006 cui
807 965 992 1006 nomen
1007 955 1119 1002 erat
1131 943 1344 1015 Ioseph,
1369 951 1418 998 et
1437 955 1624 995 nomen
1645 937 1856 1010 virginis
1874 933 2047 988 Maria

460 1044 610 1118 (Luc.
634 1044 699 1115 ι).
716 1041 909 1097 Missus
931 1045 1014 1095 est
1041 1037 1262 1106 angelus
1287 1050 1318 1089 a
1340 1033 1485 1098 Deo;
1516 1031 1606 1086 ubi
1631 1039 1658 1068 ι
1679 1026 1946 1118 mediator
1965 1032 2050 1079 est

459 1115 682 1205 angelus
707 1171 723 1197 ,
769 1118 1005 1186 hbmana
1051 1134 1228 1182 cesset
1276 1123 1500 1194 opinio;
1548 1119 1637 1174 ubi
1687 1115 1923 1173 caelestis
1967 1120 2053 1168 est

461 1227 682 1282 nuntius
703 1265 719 1290 ,
769 1219 1146 1291 interpretatio
1196 1227 1407 1271 terrena
1454 1212 1704 1284 pellatur.
1754 1205 2052 1264 Curiositas

461 1321 697 1375 humana
731 1320 1006 1386 torpescat
1028 1352 1044 1377 ,
1089 1311 1180 1366 ubi
1208 1323 1473 1379 supernus
1508 1305 1736 1360 habetur
1765 1302 2049 1372 interpres.

461 1410 654 1466 Missus
683 1418 760 1464 est
787 1407 1000 1480 angelus
1029 1422 1062 1458 a
1089 1403 1218 1458 Deo.
1251 1401 1355 1468 Qui
1382 1399 1532 1454 audit
1558 1396 1835 1460 attentius,
1866 1393 1992 1463 quia
2021 1407 2050 1446 a

460 1503 576 1558 Deo
605 1503 802 1556 missus
829 1501 918 1563 sit,
951 1497 1166 1553 deitatis
1193 1493 1389 1563 refugit
1409 1490 1734 1564 perscrutari
1762 1495 2047 1544 secretum.

463 1594 618 1662 Quod
648 1609 748 1665 per
774 1591 1024 1662 angelum
1053 1589 1193 1644 Deus
1222 1585 1460 1652 mandat,
1506 1583 1594 1639 ille
1625 1591 1863 1637 meretur
1891 1579 2050 1644 scire,

463 1685 557 1754 qui
601 1685 756 1738 timet
801 1682 957 1737 scire.
1009 1679 1147 1734 Audi
1194 1677 1478 1733 Dominum
1518 1674 1788 1730 dicentem
1832 1691 1844 1725 :
1887 1670 2056 1742 Super

464 1793 612 1848 quem
644 1775 914 1845 respiciam
961 1773 1062 1826 nisi
1099 1787 1254 1841 super
1293 1769 1568 1832 humilem,
1619 1775 1669 1821 et
1707 1774 2050 1826 mansuetum,

2148 572 2422 620 necarent.
2466 564 2588 630 Ave,
2623 563 2796 634 gratia
2834 565 3006 634 plena,
3041 561 3296 618 Dominus
3325 573 3508 620 uana.
3542 564 3748 622 lim

2148 663 2231 710 est
2259 654 2480 723 angelus
2521 671 2551 708 a
2599 652 2749 719 Deo,
2795 663 2851 709 et
2890 654 3018 725 quid
3060 655 3224 710 dicit?
3251 655 3508 712 Dominus
3553 669 3740 713 teram.

2150 746 2178 786 δ
2206 745 2348 814 Ergo
2378 753 2494 800 erat
2521 762 2643 800 cum
2671 745 2915 815 Virgine,
2948 747 3039 816 qui
3081 747 3147 801 ad
3187 747 3462 818 Virginem
3491 752 3741 809 miserat.

2152 835 2432 893 Praecessit
2479 838 2722 892 nuntium
2767 854 2923 894 suum
2954 839 3113 906 Deus,
3145 840 3242 896 sui
3287 857 3320 896 a
3359 841 3473 898 Deo
3502 859 3619 899 non
3663 861 3747 901 re—

2151 933 2315 988 cessit
2350 950 2362 984 :
2409 932 2579 987 teneri
2621 931 2752 987 locis
2798 947 2905 987 non
2952 942 3168 1004 potest,
3209 935 3301 1003 qui
3342 936 3601 991 omnibus
3649 937 3746 991 ha-

2153 1025 2310 1080 betur
2350 1025 2403 1078 in
2445 1024 2605 1089 locis;
2652 1031 2708 1079 et
2754 1031 2898 1079 totus
2942 1026 3142 1095 ubique
3188 1033 3310 1092 est,
3360 1028 3480 1083 sine
3517 1045 3638 1099 quo
3669 1031 3747 1085 ni-

2151 1117 2227 1172 hil
2281 1126 2364 1172 est
2425 1124 2616 1172 totum.
2686 1115 2962 1171 Benedicta
2994 1128 3044 1171 tu
3080 1120 3215 1173 inter
3278 1121 3538 1175 mulieres.
3611 1120 3748 1179 Vere

2151 1209 2435 1266 benedicta
2461 1210 2632 1279 virgo,
2664 1225 2785 1278 qua:
2811 1219 2867 1265 et
2905 1211 3230 1280 virginitatis
3271 1213 3513 1283 possidet
3543 1214 3743 1281 decus,

2154 1301 2343 1356 matris
2373 1309 2428 1356 et
2468 1301 2690 1372 pertulit
2732 1301 3066 1370 dignitatem.
3107 1303 3246 1358 Vere
3282 1303 3606 1371 benedicta,
3635 1320 3747 1376 qua:

2154 1402 2210 1448 et
2237 1393 2457 1463 superni
2486 1401 2782 1464 conceptus
2803 1394 3000 1449 meruit
3028 1395 3257 1463 gratiam
3279 1437 3293 1461 ,
3324 1404 3380 1450 et
3407 1397 3636 1450 sustulit
3673 1398 3748 1452 in-

2154 1485 2421 1554 tegritatis
2462 1500 2738 1540 coronam.
2773 1484 2911 1540 Vere
2951 1486 3231 1541 benedicta
3257 1528 3270 1552 ,
3312 1501 3434 1556 quze
3483 1497 3538 1542 et
3584 1487 3747 1545 divini

2157 1579 2412 1648 genuinis
2431 1580 2668 1648 suscepit
2688 1579 2932 1648 gloriam,
2960 1586 3015 1633 et
3043 1580 3228 1648 regina
3252 1581 3415 1636 totius
3437 1581 3653 1635 exstitit
3672 1598 3747 1638 ca-

2158 1672 2374 1727 stitatis.
2400 1670 2541 1725 Vere
2567 1671 2873 1738 benedicta,
2904 1687 3023 1740 qua:
3051 1671 3152 1727 fuit
3173 1672 3347 1742 major
3369 1673 3530 1739 caelo,
3561 1674 3746 1730 fortior

2161 1772 2324 1830 terra,
2357 1764 2489 1819 orbe
2520 1764 2706 1830 latior;
2740 1779 2863 1818 nam
2892 1764 3058 1819 Deum
3084 1780 3244 1834 quem
3277 1766 3508 1822 mundus
3529 1783 3648 1822 non
3667 1784 3745 1823 ca-

465 1878 516 1924 et
538 1877 830 1923 trementem
857 1863 1007 1920 verba
1031 1881 1146 1918 mea
1176 1861 1333 1935 (Isai.
1361 1879 1506 1924 vax,
1531 1861 1688 1933 juxta
1710 1857 1918 1929 LXX)?
1946 1856 2057 1911 Hu—
2089 1866 2135 1926 Β
2160 1856 2257 1926 pit,
2283 1856 2396 1911 sola
2426 1856 2587 1926 cepit.
2613 1853 2854 1910 Portavit
2871 1871 2991 1910 eum
3005 1857 3096 1925 qui
3117 1863 3300 1925 portat
3327 1858 3534 1923 orbem,
3559 1859 3740 1927 genuit

466 1963 678 2026 milem,
711 1969 766 2017 et
798 1967 1139 2016 mansuetum
1171 1976 1184 2011 :
1216 1960 1818 2028 quantummansuetus
1846 1958 1929 2006 est
1968 1949 2059 2004 ille

465 2057 557 2126 qui
591 2054 756 2124 jussis
783 2053 1138 2123 obtemperat,
1182 2027 1567 2104 immansuelus
1607 2053 1813 2100 tantum
1860 2050 1944 2098 est
1970 2041 2061 2096 ille

465 2147 559 2218 qui
590 2147 740 2217 jussa
785 2145 1022 2201 discutit.
1057 2142 1249 2198 Missus
1297 2149 1373 2195 est
1411 2139 1626 2211 angelus
1674 2137 1744 2190 ad
1787 2137 2054 2207 virginem.

466 2237 606 2307 Quia
635 2252 848 2310 semper
875 2245 960 2292 est
987 2235 1192 2304 angelis
1220 2240 1450 2302 cognata
1477 2230 1776 2299 virginitas.
1808 2227 1867 2280 ιη
1895 2239 2062 2282 carne

466 2338 662 2403 praeter
689 2344 908 2386 carnem
934 2328 1121 2383 vivere
1149 2340 1258 2381 non
1284 2332 1502 2379 terrena
1543 2322 1654 2377 vita
1683 2329 1793 2386 est,
1823 2319 1919 2374 sed
1946 2333 2060 2374 em-

467 2424 638 2481 lestis.
684 2423 752 2478 Et
779 2424 826 2478 si
853 2422 1017 2477 vultis
1042 2420 1183 2476 scire
1205 2459 1221 2485 ,
1264 2416 1562 2486 angelicam
1611 2413 1836 2483 gloriam
1876 2411 2062 2480 acqui-

468 2533 590 2574 rere
624 2516 799 2587 majus
840 2523 924 2571 est
962 2528 1123 2584 quam
1161 2510 1395 2576 habere;
1447 2523 1566 2563 esse
1605 2505 1852 2574 angelum
1892 2502 2062 2558 felici-

467 2611 594 2664 tatis
623 2617 726 2675 est,
759 2606 1025 2676 virginem
1055 2617 1174 2660 esse
1202 2600 1450 2666 virtutis;
1481 2597 1760 2666 virginitas
1788 2594 1932 2651 enim
1959 2593 2066 2648 hoc

468 2701 677 2758 obtinet
703 2700 910 2755 viribus
928 2696 1074 2768 quod
1102 2695 1268 2750 habet
1294 2693 1516 2763 angelus
1543 2707 1610 2746 ex
1639 2698 1850 2745 natura.
1884 2688 2062 2756 Ange-

468 2794 554 2849 lus
574 2807 703 2862 ergo
732 2801 787 2848 et
813 2793 965 2860 virgo
986 2789 1224 2844 divinum
1255 2794 1420 2855 agunt
1447 2782 1705 2846 officium,
1737 2798 1846 2836 non
1875 2780 2063 2835 huma-

471 2900 620 2939 num.
662 2882 954 2955 Ingressus,
994 2879 1185 2948 inquit,
1217 2876 1428 2948 angelus
1463 2875 1533 2929 ad
1572 2891 1688 2928 eam
1727 2871 1907 2927 dixit:
1937 2871 2061 2936 Ave,

473 2978 643 3047 gratia
670 2975 842 3048 plena,
867 2973 1120 3029 Dominus
1145 2981 1307 3025 tecum
1323 3011 1338 3035 ,
1367 2967 1631 3023 benedicta
1647 2975 1698 3020 tu
1720 2966 1855 3018 inter
1881 2962 2064 3018 mulie-

473 3084 574 3122 res.
606 3066 727 3133 Ave,
759 3066 930 3138 gratia
950 3064 1122 3136 plena,
1147 3060 1400 3116 Dominus
1426 3069 1586 3113 tecum
1615 3074 1633 3111 :
1654 3055 1847 3111 videtis
1871 3053 2065 3124 quibus

470 3164 553 3213 est
580 3157 730 3226 virgo
759 3155 1114 3227 oppignorata
1158 3151 1490 3206 muneribus.
1522 3147 1656 3213 Ave,
1691 3146 1862 3218 gratia
1887 3143 2061 3215 plena,

2163 1949 2463 2017 genitorem
2491 1965 2665 2016 suum,
2688 1949 2910 2003 nutrivit
2927 1950 3166 2004 omnium
3186 1951 3481 2006 viventium
3511 1953 3743 2008 nutrito-

2162 2058 2295 2098 rem.
2328 2042 2432 2097 Sed
2464 2041 2739 2097 videamus
2766 2042 2894 2110 quid
2921 2043 2997 2096 ait
3025 2044 3352 2111 evangelista
3387 2042 3638 2112 :Haria,
3674 2046 3743 2100 in-

2162 2135 2297 2202 quit.
2329 2143 2386 2188 ut
2414 2134 2540 2187 vidit
2567 2133 2804 2205 angelum
2824 2173 2838 2197 ,
2884 2133 3088 2188 turbata
3129 2144 3208 2188 est
3246 2137 3300 2188 in
3329 2153 3574 2190 sermone
3621 2137 3740 2208 ejus.

2164 2223 2398 2278 Turbata
2428 2231 2511 2278 est
2539 2239 2666 2278 caro
2687 2262 2700 2286 ,
2733 2237 2994 2278 concussa
3025 2231 3152 2278 sunt
3187 2225 3390 2280 viscera
3409 2268 3422 2292 ,
3457 2241 3624 2281 mens
3653 2235 3744 2282 tre-

2163 2314 2316 2379 muit,
2337 2321 2448 2369 tota
2473 2313 2651 2368 cordis
2671 2314 2949 2384 obstupuit
2971 2314 3198 2369 altitudo
3229 2335 3242 2368 :
3274 2317 3397 2385 quia
3425 2317 3481 2370 in
3505 2318 3742 2386 ingressu

2165 2405 2341 2474 angeli
2373 2405 2525 2473 virgo
2553 2406 2720 2459 sensit
2747 2405 3040 2460 divinitatis
3069 2407 3384 2475 ingressum.
3409 2405 3743 2463 Turbahatar

2163 2499 2386 2554 humani
2415 2499 2661 2569 corporis
2690 2498 2948 2568 templum
2968 2541 2981 2564 ,
3015 2507 3070 2554 et
3094 2500 3326 2554 carnalis
3353 2499 3618 2555 domicilii
3640 2516 3744 2556 mo-

2165 2592 2431 2646 vebantur
2458 2591 2746 2659 angustiae,
2778 2606 2900 2645 cum
2929 2605 2988 2646 se
3018 2592 3072 2645 in
3096 2591 3338 2660 virgineo
3373 2599 3605 2662 pectore
3641 2601 3741 2647 tota

2166 2684 2262 2739 Dei
2290 2684 2550 2740 conderet
2581 2683 2914 2752 magnitudo.
2954 2682 3061 2738 Sed
3111 2684 3154 2738 si
3198 2684 3405 2754 placet,
3437 2687 3741 2755 priusquam

2166 2778 2288 2834 ﬁdei
2317 2777 2637 2833 Christiana:
2664 2786 3010 2848 penetremus
3056 2793 3311 2832 arcanum
3329 2820 3343 2844 ,
3376 2778 3664 2847 loquamur
3686 2778 3742 2833 ad

2166 2886 2262 2926 eos
2287 2871 2381 2941 qui
2409 2879 2624 2942 partum
2652 2871 2897 2938 virginis,
2929 2869 3022 2940 qui
3051 2883 3302 2937 magnum
3330 2870 3553 2940 pietatis
3579 2885 3743 2927 sacra-

2165 2973 2434 3030 mentum,
2468 2965 2561 3034 qui
2593 2964 2992 3035 reparationem
3022 2962 3210 3018 salutis
3239 2963 3488 3018 humanas
3516 2964 3741 3019 referunt

2166 3055 2234 3110 ad
2263 3055 2559 3110 divinitatis
2585 3054 2855 3124 injuriam.
2888 3052 3048 3109 Venit
3069 3055 3134 3108 ad
3155 3054 3418 3124 virginem
3449 3053 3622 3120 Deus,
3647 3055 3742 3110 hoc

2165 3155 2279 3214 est,
2322 3148 2389 3202 ad
2434 3164 2568 3218 opus
2614 3162 2769 3202 suum
2813 3145 3025 3217 opifex,
3072 3154 3290 3202 creator
3335 3145 3403 3201 ad
3445 3155 3740 3202 creaturam

470 3249 724 3306 Dominus
756 3258 939 3303 tecum.
971 3247 1106 3312 Ave,
1137 3244 1244 3300 hoc
1272 3251 1355 3298 est
1381 3241 1584 3312 accipe.
1620 3237 1796 3304 Quid?
1825 3236 2063 3292 Virtutes
2088 3238 2134 3302 c
2167 3257 2339 3297 suam.
2373 3239 2602 3307 Quando
2632 3240 2700 3294 ad
2740 3239 2946 3310 opiticis
2975 3241 3239 3294 honorem
3277 3241 3452 3310 operis
3475 3248 3741 3294 resuma-

469 3356 753 3398 munerum
776 3381 792 3407 ,
825 3355 932 3396 non
962 3337 1202 3408 pudoris.
1235 3335 1340 3390 Ave
1359 3377 1373 3401 ,
1423 3333 1594 3406 gratia
1621 3333 1793 3404 plena.
1828 3329 1954 3385 Haec
1979 3338 2064 3386 est

469 3432 641 3502 gratia
679 3444 800 3500 quae
827 3429 976 3485 dedit
1001 3427 1154 3484 cmlis
1181 3426 1430 3496 gloriam,
1462 3423 1621 3478 terris
1648 3423 1816 3478 Deum
1841 3461 1857 3484 ,
1902 3420 2064 3476 fidem

469 3523 749 3592 gentibus,
781 3519 941 3575 linem
968 3519 1131 3584 vitiis,
1167 3517 1293 3572 vita:
1319 3515 1561 3570 ordinem
1585 3553 1600 3578 ,
1633 3513 1873 3568 moribus
1900 3511 2062 3567 disci-

469 3614 693 3682 plinam.
723 3611 873 3666 lianc
899 3611 1124 3679 gratiam
1152 3608 1346 3664 detulit
1374 3606 1596 3674 angelus
1619 3648 1633 3672 ,
1665 3605 1874 3674 accepit
1898 3603 2064 3672 Virgo

469 3703 702 3759 salutem
749 3701 959 3757 saeculis
985 3701 1277 3756 redditura.
1327 3699 1468 3765 Ave,
1508 3698 1679 3770 gratia
1723 3697 1898 3768 plena.
1929 3693 2064 3760 Quia

473 3795 697 3864 singulis
725 3795 897 3863 gratia
926 3807 984 3848 se
1013 3800 1099 3847 est
1134 3792 1324 3860 largita
1353 3805 1452 3861 per
1478 3797 1687 3859 partes,
1720 3786 1898 3841 Marias
1935 3801 2065 3840 vero

473 3887 633 3943 simul
662 3902 722 3943 se
750 3893 918 3942 totam
961 3885 1106 3940 dedit
1145 3885 1330 3954 gratim
1357 3882 1655 3954 plenitudo.
1708 3881 1930 3945 Omnes,
1978 3881 2064 3935 in-

473 3978 589 4048 quit
651 3976 980 4045 evangelista
1012 4017 1027 4042 ,
1088 3974 1153 4029 de
1215 3973 1536 4047 plenitudine
1598 3972 1710 4043 ejus
1775 3970 2064 4041 accepimus

474 4067 654 4141 (Joan.
697 4067 758 4138 ι).
787 4064 941 4122 Unde
964 4074 1021 4121 et
1041 4065 1208 4120 David
1239 4065 1370 4120 dicit
1394 4082 1406 4117 :
1432 4062 1712 4118 Descendit
1741 4062 1874 4115 sicut
1894 4061 2066 4124 pluvia

470 4162 523 4213 in
552 4159 711 4214 vellus
760 4157 934 4230 (Psal.
983 4156 1154 4228 Lm).
1188 4155 1370 4210 Vellus
1417 4169 1538 4210 eum
1589 4155 1659 4208 sit
1705 4153 1772 4208 de
1800 4167 2061 4223 corpore,

475 4250 648 4305 nescit
687 4250 932 4319 corporis
976 4248 1285 4319 passiones;
1325 4246 1404 4301 sic
1432 4245 1712 4314 virginitas
1739 4259 1862 4300 cum
1903 4243 1974 4298 sit
2011 4243 2065 4296 in

474 4355 658 4403 carne,
692 4339 816 4392 vitia
846 4338 1038 4394 carnis'
1053 4339 1283 4407 ignorat.
1326 4335 1574 4392 leestis
1601 4349 1731 4404 ergo
1761 4333 1932 4389 imber
1959 4333 2067 4388 vir-

473 4431 689 4499 gineum
720 4431 775 4486 in
802 4431 973 4486 vellus
1001 4431 1214 4500 placido
1253 4445 1312 4485 se
1338 4427 1474 4484 fudit
1503 4428 1714 4498 illapsu,
1755 4435 1810 4482 et
1839 4435 1953 4480 tota
1981 4424 2066 4479 di-

2165 3335 2244 3390 tio
2272 3350 2381 3389 non
2411 3333 2709 3388 redundat?
2737 3333 2964 3400 Quando
2993 3333 3171 3387 honor
3203 3348 3312 3387 non
3352 3332 3625 3403 deputatur
3671 3333 3739 3386 ad

2166 3429 2410 3499 gloriam,
2438 3427 2484 3482 si
2507 3426 2679 3481 factor
2698 3424 2958 3481 facturam
2989 3441 3141 3481 suam
3170 3427 3426 3496 reparet?
3444 3424 3517 3481 Ne
3538 3425 3739 3479 amittat

2165 3519 2285 3588 quis
2313 3534 2448 3589 opus
2487 3534 2642 3572 suum
2662 3561 2674 3584 ,
2720 3533 2900 3572 nonne
2931 3534 3053 3573 cum
3097 3519 3388 3573 veterascit
3415 3525 3658 3581 revocat,
3689 3526 3736 3571 et

2165 3626 2287 3666 cum
2313 3610 2454 3666 cadit
2483 3611 2656 3679 erigit,
2689 3618 2885 3665 etcum
2914 3609 3206 3664 destruitur
3235 3610 3288 3664 in
3320 3609 3509 3664 melius
3538 3624 3640 3664 non
3659 3621 3737 3662 re.

2165 3701 2396 3758 format?
2425 3701 2569 3770 Ergo
2598 3701 2742 3771 quod
2763 3702 2817 3756 in
2846 3709 3005 3772 partu
3035 3701 3262 3770 virginis
3294 3701 3490 3771 agitur,
3530 3715 3633 3754 non
3665 3708 3738 3754 est

2165 3789 2437 3848 Creatoris
2467 3793 2680 3862 injuria,
2713 3791 2809 3846 sed
2837 3793 2985 3847 salus
3015 3800 3096 3846 est
3126 3801 3413 3848 creatum.
3444 3791 3502 3847 Si
3523 3791 3659 3847 Deus
3679 3792 3724 3844 fe

2166 3886 2241 3941 cit
2268 3885 2562 3950 hominem,
2594 3885 2716 3954 quis
2745 3885 2923 3953 arguit
2949 3900 3046 3940 cur
3077 3883 3308 3939 refecit?
3337 3892 3393 3939 et
3426 3883 3571 3953 quod
3598 3897 3660 3938 ex
3685 3883 3730 3936 li-

2167 3993 2258 4032 mo
2295 3975 2558 4032 formasse
2590 3976 2749 4045 digne
2779 3977 3034 4041 ‘creditur,
3069 3992 3236 4046 quare
3274 3991 3344 4031 ex
3383 3990 3546 4031 carne
3583 3973 3734 4029 refor-

2167 4084 2342 4123 masse
2368 4067 2642 4137 judicatur
2671 4066 2987 4135 indignum?
3016 4065 3152 4134 Quid
3176 4067 3490 4138 pretiosius,
3515 4079 3638 4122 caro
3656 4073 3737 4120 aut

2167 4161 2365 4215 limus?
2406 4159 2547 4230 Ergo
2587 4159 2946 4230 reparationis
2989 4167 3186 4213 nostrm
3228 4167 3430 4228 quanto
3467 4158 3735 4228 pretiosior

2167 4251 2426 4316 materia,
2462 4259 2614 4305 tanto
2644 4249 2822 4320 major
2861 4259 2944 4304 est
2983 4249 3174 4318 gloria.
3224 4249 3327 4303 Aut
3370 4247 3585 4318 quando
3611 4247 3739 4303 Deus

2173 4357 2280 4397 non
2304 4343 2358 4395 in
2392 4350 2547 4395 utero
2577 4341 2874 4411 plasmator
2895 4349 2978 4396 est
3010 4341 3280 4396 hominis?
3308 4339 3445 4394 Audi
3471 4338 3605 4396 Job:
3639 4337 3738 4393 Ha-

2168 4451 2264 4489 nus
2291 4444 2390 4488 tuw
2410 4435 2644 4505 fecerunt
2662 4442 2712 4487 et
2739 4433 3007 4504 ﬁnxerunt
3034 4449 3132 4486 me.
3167 4431 3234 4484 Et
3260 4439 3384 4501 post
3410 4450 3423 4485 :
3457 4430 3526 4486 Ut
3551 4447 3738 4486 casam

473 4525 715 4578 vinitatis
740 4524 884 4578 unda
918 4523 1102 4578 bibulo
1131 4538 1190 4578 se
1220 4531 1416 4576 nostra:
1443 4521 1623 4577 carnis
1650 4519 1848 4575 celavit
1873 4518 1926 4572 in
1955 4516 2070 4571 vel-
2170 4526 2457 4598 εοαριιιαειί
2486 4541 2605 4580 me;
2637 4523 2836 4579 οεεξθιιε
2857 4533 2906 4578 ει
2927 4524 3095 4578 nervi;
3118 4523 3384 4577 ξηεεηιξειξ
3411 4539 3508 4588 ωε,
3533 4523 3676 4574 vim
3693 4529 3739 4573 et

472 4615 583 4670 lere
603 4655 619 4681 ,
651 4614 826 4669 donec
868 4629 966 4684 per
993 4613 1290 4683 patibulum
1318 4613 1494 4668 crucis
1539 4625 1855 4682 expressum
1901 4608 2061 4664 terris
2089 4617 2140 4677 D
2164 4617 2572 4673 misericordiam
2585 4616 2772 4669 dediin
2784 4615 2911 4670 mihi
2927 4613 3066 4685 (Job.
3094 4612 3253 4683 x).Et
3266 4613 3435 4668 David
3453 4631 3465 4666 :
3483 4612 3556 4666 Tu
3567 4614 3739 4683 [om

473 4705 721 4760 omnibus
751 4704 802 4758 in
834 4703 1068 4774 pluviam
1110 4704 1298 4759 salutis
1326 4703 1644 4758 effunderet.
1690 4701 1762 4757 Et
1789 4703 1920 4756 sicut
1956 4700 2067 4754 stil-

469 4799 649 4854 licidia
693 4799 950 4853 stillantia
993 4815 1148 4870 super
1192 4808 1380 4854 terram
1429 4795 1644 4870 (Ibid.).
1693 4794 1765 4852 Ut
1810 4796 2065 4855 vitalibus

542 5009 567 5036 ε
609 4998 809 5054 Locum
854 4997 1074 5054 exhibet
1112 4997 1365 5053 Barthius
1393 4997 1617 5053 Advers.
1647 4998 1740 5052 lib.
1781 5014 1906 5054 Lvut
1934 5014 2056 5068 cap.

467 5069 501 5123 6
539 5070 642 5125 col.
675 5069 833 5134 2755,
883 5071 1062 5139 aitque
1101 5069 1454 5124 mediatorem
1500 5084 1598 5139 pro
1637 5069 1815 5138 legato
1843 5068 1911 5124 ab
1941 5069 2060 5124 aliis

467 5141 631 5210 etiam
670 5141 935 5210 usurpari.

537 5211 563 5248 δ
594 5208 925 5283 suspicetur
951 5208 1183 5283 fortasse
1222 5209 1415 5283 aliquis
1429 5208 1735 5283 credidisse
1753 5282 1756 5283 ν
1775 5209 2061 5283 Chrysolo-

467 5294 592 5349 gum
619 5278 840 5335 Mariam
881 5281 1142 5350 virginem
1167 5281 1277 5350 jam
1313 5278 1587 5335 Christum
1608 5278 1903 5335 Dominum'
1923 5297 2056 5337 con-

467 5351 674 5420 cepisse
701 5367 821 5406 cum
858 5352 925 5405 ab
958 5353 1150 5420 angelo
1178 5353 1504 5406 salutaretur
1536 5370 1548 5404 :
1587 5351 1732 5419 quod
1761 5351 2057 5406 eruendum

467 5429 658 5494 putant
698 5423 764 5494 ab
808 5422 900 5476 illo
930 5421 1238 5494 Hieronymi
1263 5463 1278 5494 ,
1329 5422 1556 5491 epistola
1588 5420 1688 5474 l90
1736 5422 1802 5476 ad
1843 5421 2051 5478 Princi-

466 5492 611 5566 piatn
646 5510 657 5545 :
698 5491 903 5566 Sancta
940 5491 1146 5566 Maria,
1195 5493 1315 5566 quia
1348 5507 1636 5566 concepera
1697 5509 1813 5566 eum
1859 5495 1914 5546 in
1947 5511 2054 5566 Aqua

467 5565 634 5618 omnis
654 5563 915 5635 plenitudo
949 5563 1232 5635 divinitatis
1270 5563 1466 5617 habitat
1507 5564 1868 5635 corporaliter,
1901 5563 2056 5634 plena

505 5635 638 5703 ratia
655 5633 940 5688 salutatur.
971 5633 1084 5703 Ego
1123 5643 1301 5688 tamen
1341 5649 1482 5703 aegre
1512 5633 1802 5688 admodum
1841 5633 2054 5689 credam

523 5703 853 5776 ieronymum
876 5745 891 5769 ,
921 5713 978 5776 et
1015 5703 1736 5776 Chrysologum,aliosque,
1769 5705 1814 5758 si
1845 5705 1937 5774 qui
1955 5705 2058 5776 alii

469 5780 632 5846 sunt,
676 5774 705 5827 ξι
741 5785 891 5831 recto
919 5774 1394 5846 Evangeliiwsensu
1439 5775 1493 5830 in
1532 5791 1592 5830 re
1628 5775 2056 5846 compertissima

470 5842 750 5907 aberrasse
775 5885 789 5911 ,
823 5847 1043 5916 aliisque
1079 5842 1327 5918 patribus
1354 5861 1683 5919 repugnasse
1705 5887 1720 5913 ,
1754 5842 1863 5917 'qui
1909 5844 2060 5902 Chri-

2171 4711 2237 4764 sti
2259 4725 2358 4774 mc,
2374 4716 2422 4761 et
2445 4707 2662 4777 posuisti
2685 4723 2840 4777 super
2855 4722 2936 4759 me
2963 4721 3175 4759 manum
3191 4715 3331 4759 tuam
3345 4702 3457 4776 (Ps.
3478 4703 3732 4769 cum).

2171 4798 2239 4854 Et
2259 4799 2327 4854 ad
2354 4797 2644 4854 Jeremiam
2671 4798 2814 4853 Deus
2839 4815 2853 4851 :
2884 4795 3196 4868 Priusquam
3219 4811 3356 4851 esses
3375 4798 3432 4850 in
3450 4805 3608 4860 utero,
3629 4793 3735 4847 uoti

2161 5007 2303 5054 stum
2345 5016 2376 5053 a
2415 4998 2636 5068 Virgine
2669 5006 2993 5070 conceptum
3022 4998 3261 5070 credunt
3300 4998 3355 5052 in
3397 4999 3507 5068 ipsa
3547 5004 3739 5070 tantum

2163 5071 2416 5139 colloquii
2462 5066 2700 5125 clausula
2725 5112 2741 5136 ,
2785 5066 2857 5124 et'
2869 5077 2993 5140 post
3013 5068 3255 5140 Virginis
3283 5066 3565 5140 assensum
3592 5086 3602 5119 :
3631 5066 3736 5140 _A_u-

2161 5135 2378 5209 gustino
2406 5142 2613 5196 scilicet
2637 5183 2649 5202 .
2683 5135 2844 5195 serm.
2869 5135 2953 5193 ’18
2992 5139 3058 5194 de
3079 5135 3315 5209 sanctis;
3349 5137 3602 5209 Gregorio
3637 5135 3735 5209 Ma-

2161 5205 2288 5280 gno,
2321 5212 2415 5266 lib.
2442 5228 2569 5266 xvin
2591 5211 2892 5277 Moralium,
2921 5225 3038 5279 cap.
3063 5208 3152 5274 27;
3180 5210 3382 5264 Basilio
3405 5205 3731 5280 Seleuciensi.

2163 5275 2300 5335 orat.
2355 5282 2422 5337 de
2469 5283 2740 5348 Annunt.;
2792 5275 3002 5337 Joanni'
3034 5280 3409 5346 Damasceno,
3456 5282 3550 5333 lib.»
3587 5293 3637 5332 nt
3674 5275 3735 5329 de

2163 5351 2293 5423 Fide
2333 5369 2452 5423 cap.
2489 5353 2586 5420 ll;
2624 5352 2933 5423 Bernardol
2965 5351 3193 5423 serm.‘
3233 5367 3398 5423 super
3426 5350 3606 5423 Missus
3630 5356 3734 5408 est;

2163 5421 2414 5486 Sedulii);
2437 5425 2527 5478 lib.
2562 5441 2615 5478 ιι
2646 5422 2834 5478 Pasch.
2859 5440 2873 5487 ;
2903 5421 3213 5488 Prudentio,
3249 5421 3311 5476 in
3335 5421 3577 5476 Carmine
3607 5433 3732 5488 con-

2162 5501 2245 5567 tra
2279 5485 2720 5567 Homuneionitas
2733 5512 2748 5567 ξ
2774 5485 3020 5567 Βμὶρεηρ
3038 5492 3127 5546 lib.
3145 5485 3513 5567 t_deSpir_i_tus
3534 5488 3586 5544 S.

2164 5565 2313 5619 ribus
2348 5581 2467 5635 cap.
2501 5563 2553 5631 9,
2585 5575 2688 5620 etc.
2732 5562 2936 5636 Idcirco
2963 5562 3280 5636 Chrysologi
3321 5562 3376 5619 et
3405 5562 3696 5636 Hierottyyti
3717 5597 3733 5621 ο

2166 5643 2294 5702 etc.,
2329 5625 2635 5691 testimonia
2663 5635 2906 5690 emollire
2936 5642 2992 5689 et
3016 5625 3297 5689 in'rectu'm
3326 5648 3535 5688 sensum
3560 5625 3735 5702 deﬂeo-

2167 5697 2291 5776 tere"
2330 5722 2466 5776 opus
2494 5714 2594 5762 est.
2644 5705 2925 5776 Consulas
2950 5705 3109 5776 velim
3151 5705 3513 5760 dectissimum
3558 5697 3731 5768 Scrry,

2167 5775 2402 5833 Exercit.
2435 5777 2504 5830 27
2530 5791 2652 5848 pag.
2689 5775 2806 5843 180,
2841 5775 2933 5840 ubi
2963 5775 3076 5832 haec
3103 5776 3264 5832 latius
3293 5776 3537 5849 disputat.
