3930 6354
429 361 539 425 ὅδ’
1675 365 1739 420 8.
1779 360 1986 420 PIT-Ill
2022 355 2464 424 GHRYSULOGI
2543 363 2546 368 ’
2765 365 2768 367 ’
3578 353 3709 418 ω

430 480 546 537 bat.
575 475 684 534 Sed
705 493 806 534 nos
832 477 952 545 ista,
985 477 1197 542 fratres,
1229 475 1538 542 audiamus,
1571 489 1682 531 non
1711 483 1772 530 ut
1791 475 1984 547 perfidi
2002 519 2017 544 ,
2051 482 2093 538 Α
2123 492 2267 531 nunc
2294 483 2502 528 tantum
2531 472 2728 528 nostris
2755 469 2985 528 habetur
3007 471 3063 527 in
3092 471 3363 527 cordatus.
3399 469 3618 531 Veniet,
3651 476 3709 524 nt

433 573 532 631 sed
560 581 622 628 ut
647 569 863 636 fideles;
895 580 950 625 et
977 571 1046 624 sit
1085 569 1238 623 nobis
1267 576 1639 637 argumentum
1683 568 1839 633 fidei,
1874 567 2021 640 quod

433 668 543 722 illis
589 673 672 721 est
716 665 915 718 erroris
961 662 1195 717 occasio.
1238 659 1398 714 Dabit
1438 661 1516 714 illi
1557 658 1809 715 Dominus
1857 659 2016 714 Deus.

431 757 566 830 Quis
595 756 704 819 dat,
738 763 832 808 aut
851 754 936 808 cui
959 753 1089 814 dat?
1120 753 1305 820 utique
1327 751 1467 806 Deus
1497 752 1704 806 homini
1727 751 1849 816 dat,
1880 751 2020 805 divi-

432 852 574 906 nitas
603 848 770 904 carni.
805 846 964 900 Dabit
985 847 1063 900 illi
1091 845 1344 900 Dominus
1368 843 1526 898 Deus.
1561 845 1693 912 Quis
1720 845 1904 899 Deus?
1922 843 2024 898 uti-

433 956 538 1010 que
559 938 793 994 Verbum
815 938 957 1006 quod
989 945 1107 992 erat
1134 939 1185 991 in
1208 937 1472 1008 principio
1501 951 1715 1006 semper
1737 935 1896 991 Deus.
1919 934 2022 990 Cui

433 1034 564 1090 dat?
592 1031 729 1106 quod
755 1049 876 1088 caro
901 1034 1095 1102 factum
1118 1041 1214 1096 est,
1246 1046 1294 1084 et
1316 1029 1566 1084 habitavit
1593 1031 1643 1084 in
1669 1028 1813 1084 nobis
1838 1027 2015 1100 (Joan.

432 1125 510 1195 ι).
544 1123 680 1179 Audi
719 1124 1034 1193 Apostolum
1066 1122 1333 1177 dicentem
1373 1139 1386 1175 :
1420 1120 1561 1175 Deus
1591 1131 1703 1175 erat
1734 1121 1789 1174 in
1817 1117 2021 1173 Christo

431 1215 681 1270 mundum
712 1215 1052 1269 reconcilians
1083 1211 1178 1268 sibi
1209 1215 1251 1285 (l
1273 1212 1394 1268 Cor.
1421 1213 1533 1283 xv).
1565 1211 1677 1268 Sibi
1701 1211 1887 1281 utique
1913 1226 2021 1265 non

433 1308 544 1362 alii.
602 1307 699 1363 Hic
745 1321 874 1375 ergo
913 1307 1089 1372 Deus,
1137 1306 1226 1375 qui
1267 1306 1321 1360 in
1355 1304 1569 1359 Christo
1611 1311 1757 1367 erat,
1798 1318 2021 1371 regnum

431 1400 537 1456 ‘sibi
566 1400 729 1455 dabat
759 1401 810 1454 in
838 1397 1074 1465 Christo,
1108 1407 1163 1453 et
1183 1398 1500 1453 conferebat
1527 1403 1780 1467 suscepto
1805 1396 2022 1467 corpori

433 1493 582 1562 quod
612 1507 829 1560 semper
856 1506 949 1545 sua
979 1490 1258 1544 divinitate
1287 1489 1620 1558 possederat,
1658 1488 1794 1543 sicut
1817 1502 1881 1541 ex
1903 1487 2022 1557 ipso

437 1584 615 1652 angeli
646 1583 906 1654 probatur
934 1582 1173 1650 eloquio.
1205 1580 1365 1635 Dabit
1386 1581 1463 1635 illi
1495 1580 1748 1635 Dominus
1775 1577 1912 1633 Deus
1942 1594 2023 1632 se-

437 1655 555 1728 dem
577 1672 746 1727 David
767 1675 932 1744 patris
953 1673 1051 1726 sui.
1081 1669 1257 1737 Vides,
1290 1671 1414 1739 quia
1445 1669 1662 1740 quando
1685 1668 1899 1740 accipit,
1926 1667 2024 1721 Da-

434 1767 526 1822 Vid
553 1766 691 1821 illius
719 1765 944 1830 dicitur;
973 1763 1189 1833 quando
1209 1763 1319 1827 dat,
1344 1762 1442 1818 Dei
1462 1761 1629 1817 Filius
1658 1766 2018 1831 nuncupatur,

2123 568 2316 637 quibus
2340 575 2420 621 est
2451 568 2619 635 gloria
2653 565 2720 620 de
2746 579 2946 635 regno,
2978 566 3048 619 sit
3081 565 3150 620 de
3178 564 3549 618 familiaritate
3581 565 3708 618 Ιὶιιιι-

2125 658 2225 712 cia.
2260 657 2328 710 Et
2354 660 2500 728 regni
2525 658 2637 729 ejus
2658 674 2762 710 non
2799 660 2896 710 erit
2923 656 3066 727 ﬁnis.
3109 655 3213 722 Qui
3255 655 3370 724 ejus
3419 656 3706 708 adventum

2123 751 2315 814 credis,
2340 751 2528 818 gaude,
2561 751 2686 820 quia
2712 763 2935 818 regnum
2957 749 3076 804 sine
3098 749 3202 804 line
3223 749 3496 819 promisit,
3525 749 3610 802 ubi
3633 757 3709 803 est

2121 854 2150 882 ε
2165 844 2283 898 sine
2297 858 2606 898 successore
2622 842 2830 907 militia,
2849 841 2940 896 ubi
2963 851 3086 896 sunt
3106 850 3382 912 perpetuae
3398 841 3704 908 dignitates.

2119 934 2228 989 Sed
2249 934 2376 1004 quid
2396 943 2480 989 est
2505 934 2648 1004 quod
2670 948 3018 1004 pennansura
3066 949 3172 987 non
3196 933 3444 987 ambiunt
3473 933 3567 1002 qui
3598 948 3705 985 am-

2121 1027 2275 1081 biunt
2315 1029 2642 1082 transitura?
2681 1026 2819 1094 Quid
2853 1026 2974 1081 est?
2998 1024 3139 1092 Quid
3182 1026 3441 1096 estquod
3482 1026 3707 1079 caducas

2121 1121 2357 1174 honores
2399 1137 2530 1174 auro
2561 1127 2908 1190 comparant,
2949 1128 3003 1174 et
3040 1119 3230 1174 nolunt
3267 1119 3441 1188 gratis
3468 1119 3708 1188 accipere

2123 1211 2513 1280 sempitemos?
2540 1209 2772 1276 Fratres,
2795 1211 2885 1266 hic
2906 1219 3167 1280 parantur
3187 1208 3386 1275 officia,
3417 1209 3508 1264 hic
3529 1209 3708 1264 decer-

2124 1309 2324 1355 nuntur
2342 1301 2480 1364 loca,
2506 1301 2593 1356 hic
2621 1301 2858 1356 honores
2882 1301 3249 1370 designantur,
3274 1300 3361 1356 hic
3381 1301 3480 1370 qui
3514 1315 3620 1354 non
3647 1299 3708 1355 de

2123 1392 2397 1464 Evangelii
2423 1394 2525 1448 lide
2551 1395 2820 1464 acceperit
2842 1395 3120 1450 codicillos
3137 1436 3152 1461 ,
3186 1395 3259 1450 ibi
3278 1404 3608 1450 :eternarum
3633 1393 3705 1446 in-

2123 1484 2262 1540 fulas
2293 1502 2399 1540 non
2429 1487 2648 1541 habebit
2673 1486 3014 1556 dignitatum.
3053 1487 3196 1557 Ergo
3235 1489 3282 1543 si
3311 1488 3553 1543 delectat
3578 1487 3705 1542 mili-

2124 1576 2216 1640 tia,
2262 1578 2306 1631 si
2347 1577 2593 1633 volumus
2637 1593 2854 1650 semper
2891 1579 3156 1645 militare,
3205 1581 3537 1651 arripiamus
3573 1595 3704 1633 arma

2123 1667 2342 1733 Christi,
2361 1670 2665 1738 ‘vigilemus,
2697 1670 2864 1725 sobrii
2897 1671 3083 1737 simus,
3115 1672 3398 1727 vincamus
3424 1671 3701 1738 diabolum,

2123 1770 2526 1833 prostemamus
2566 1763 2712 1826 vitia,
2745 1770 2806 1818 ut
2850 1764 3118 1834 possimus
3147 1763 3173 1800 ⁸
3204 1764 3456 1834 accipere
3504 1763 3704 1833 praemia

433 1857 552 1928 ipse
580 1857 714 1912 dixit
747 1875 758 1910 :
791 1854 981 1910 Omnia
1002 1871 1116 1926 quae
1143 1854 1294 1909 habet
1325 1853 1506 1926 Pater,
1536 1871 1650 1909 mea
1677 1862 1799 1909 sunt
1838 1849 2018 1924 (Joan.
2056 1870 2098 1928 Β
2127 1856 2331 1927 pariter
2381 1862 2436 1910 et
2490 1871 2722 1911 coronas
2775 1856 2843 1911 ab
2892 1855 3010 1928 ipso
3066 1854 3294 1910 Domino
3347 1864 3543 1910 nostro
3596 1853 3705 1910 Jesu

435 1949 568 2021 ινι).
599 1947 665 2002 Et
694 1964 814 2018 quae
843 1948 1136 2001 necessitas
1164 1946 1498 2016 accipiendi,
1545 1946 1634 2000 ubi
1676 1953 1761 2001 est
1788 1942 2022 1999 habendi

435 2041 715 2111 potestas?
746 2039 852 2104 Ait,
885 2041 1059 2093 omnia
1080 2054 1196 2113 quis
1214 2036 1368 2093 habet
1387 2037 1566 2104 Pater,
1591 2054 1706 2093 mea
1734 2047 1873 2092 sunt.
1890 2035 2024 2104 Quis

435 2131 629 2202 accipit
659 2146 777 2201 qua:
803 2146 898 2184 sua
924 2132 1085 2184 sunt?
1113 2129 1218 2183 Aut
1247 2130 1298 2182 in
1329 2129 1500 2197 gratia
1528 2128 1706 2184 dantis
1726 2136 1835 2196 est,
1861 2129 1906 2183 si
1935 2142 2026 2184 ac-

436 2222 687 2292 cipientis
725 2229 809 2275 est
843 2221 988 2289 quod
1027 2219 1295 2275 donatur?
1333 2219 1587 2276 Fatemur
1623 2220 1749 2290 quia
1781 2219 2022 2289 accepit,

435 2313 535 2370 sed
563 2312 667 2368 iste
692 2312 786 2382 qui
816 2319 973 2366 natus
1002 2318 1102 2378 est,
1131 2312 1223 2380 qui
1250 2311 1492 2380 suscepit
1519 2326 1755 2382 carnem,
1788 2310 1881 2380 qui
1908 2325 2026 2365 sus-

436 2405 584 2475 cepit
612 2402 911 2466 infantiam,
952 2403 1044 2472 qui
1081 2402 1346 2458 cunabula
1377 2403 1628 2472 pertulit,
1669 2403 1761 2472 qui
1790 2402 2027 2472 suscepit

437 2502 649 2564 aetates,
676 2495 770 2565 qui
791 2494 1031 2550 laborem
1061 2495 1334 2557 sustinuit,
1364 2495 1455 2564 qui
1482 2493 1677 2549 l‘amem
1712 2494 1901 2559 sensit,
1934 2494 2025 2563 qui

437 2587 585 2645 sitim
605 2601 793 2658 passus
813 2593 916 2654 est,
947 2585 1040 2656 qui
1070 2595 1096 2623 ι
1129 2594 1208 2641 tot
1237 2586 1554 2656 lnjurlarum
1577 2601 1774 2656 genera
1806 2602 1913 2643 non
1937 2601 2025 2641 re-

435 2677 602 2749 fugit,
633 2679 726 2750 qui
767 2679 1016 2736 ascendit
1042 2695 1290 2745 crucem,
1337 2681 1428 2750 qui
1456 2681 1619 2735 subiit
1645 2688 1909 2746 mortem,
1933 2679 2027 2749 qui

435 2770 659 2826 intravit
705 2770 1014 2841 sepulcrum
1057 2788 1072 2824 τ
1118 2771 1399 2836 hteretice,
1443 2772 1572 2828 huic
1624 2772 1769 2842 quod
1820 2772 2027 2845 accepit

438 2863 666 2918 ascribe.
709 2861 779 2916 At
809 2869 965 2932 putas
1004 2863 1151 2933 quod
1187 2864 1448 2918 honorem
1491 2879 1521 2918 a
1558 2863 1670 2918 Deo
1707 2863 2028 2931 dedignatur

438 2953 717 3025 accipere,
742 2954 835 3024 qui
874 2955 942 3009 ab
974 2955 1285 3010 hominibus
1315 2961 1492 3010 tantas
1525 2955 1732 3026 accepit
1771 2953 2027 3023 injurias!

438 3045 545 3101 Aut
566 3045 842 3101 existimas
862 3045 1006 3116 quod
1029 3046 1262 3101 conferri
1283 3046 1383 3102 sibi
1405 3060 1626 3114 regnum
1653 3062 1682 3100 a
1704 3053 1858 3120 patre
1883 3044 2029 3100 fasti-

437 3138 547 3206 dit,
578 3139 670 3209 qui
711 3139 778 3194 ab
831 3139 1061 3194 inimicis
1107 3154 1321 3210 poenas,
1374 3149 1710 3212 mortemque
1754 3138 2026 3208 suscepit?

440 3229 719 3324 lberetioe,
751 3231 895 3300 quod
923 3238 1004 3286 est
1027 3229 1252 3301 injuriae,
1279 3232 1422 3301 quod
1451 3232 1707 3297 infantiai,
1732 3230 1876 3300 quod
1896 3238 2028 3285 aita-
2054 3259 2099 3324 ρ

437 3322 535 3388 tis,
567 3322 713 3392 (preti
741 3324 1030 3392 temporis,
1059 3324 1205 3392 quod
1231 3323 1376 3389 dati,
1418 3324 1562 3393 quod
1603 3325 1842 3395 accepti,
1879 3324 2024 3393 quod

438 3413 846 3481 minoratlonis,
879 3416 1022 3484 quod
1053 3416 1274 3480 mortis,
1318 3417 1362 3469 si
1405 3417 1733 3472 intellexeris
1771 3433 1874 3471 non
1906 3431 2026 3472 esse

440 3507 767 3574 divinitatis,
797 3509 891 3564 sed
929 3510 1203 3579 corporis,
1247 3518 1305 3564 tu
1347 3510 1547 3564 nullam
1584 3509 1722 3566 Filio
1763 3511 2026 3580 irrogabis

443 3597 726 3669 iniuriam,
757 3599 958 3653 nullam
990 3607 1046 3654 tu
1084 3599 1248 3656 facies
1293 3601 1346 3654 in
1391 3601 1649 3656 Trinitate
1691 3602 2020 3656 distantiam.

442 3689 552 3746 Sed
580 3700 916 3746 revertamur
940 3692 1013 3770 [ad
1050 3708 1179 3758 nos,
1211 3701 1266 3747 et
1294 3709 1414 3761 qua:
1448 3702 1574 3746 sunt
1600 3703 1782 3747 nostra
1807 3694 1917 3762 jam
1948 3694 2028 3748 lo-

442 3797 691 3853 quamur.
718 3781 880 3836 Dabit
897 3783 1004 3846 illi,
1039 3783 1241 3852 inquit,
1275 3783 1529 3838 Dominus
1553 3784 1693 3838 Deus
1718 3786 1888 3839 sedem
1917 3784 2028 3839 Da-

441 3872 529 3927 vid
556 3876 722 3944 patris
742 3875 851 3939 sui,
874 3883 924 3927 et
945 3874 1183 3944 regnabit
1210 3877 1263 3928 in
1299 3875 1449 3929 domo
1479 3873 1642 3930 Iacob
1673 3879 1725 3930 in
1749 3887 2023 3944 retentum,

442 3973 494 4020 et
513 3965 660 4036 regni
681 3965 791 4036 ejus
813 3981 915 4019 non
945 3966 1042 4019 erit
1061 3966 1202 4035 ﬁnis.
1228 3965 1331 4032 Qui
1358 3967 1410 4021 in
1440 3968 1578 4023 caelo
1601 3984 1814 4040 semper
1837 3985 2028 4025 conse-

442 4056 521 4113 dit
551 4054 725 4120 Patri,
773 4072 916 4111 nunc
951 4056 1134 4111 sedem
1174 4057 1341 4113 David
1382 4060 1589 4130 accepit
1629 4061 1684 4114 in
1715 4069 1857 4115 terra
1891 4080 1904 4114 :
1936 4062 2027 4130 qui

440 4145 690 4213 regnabit
725 4145 826 4200 sibi
865 4160 1096 4216 semper,
1126 4148 1289 4202 modo
1329 4150 1484 4204 nobis
1510 4151 1563 4204 in
1594 4149 1621 4189 δ
1663 4152 1824 4207 domo
1861 4151 2027 4208 lacob

441 4247 670 4304 regnum
713 4237 938 4292 sortitus
965 4245 1048 4291 est
1075 4245 1356 4294 teternum.
1389 4238 1757 4309 Gaudeamus,
1801 4242 2023 4311 fratres,

442 4326 570 4396 quia
590 4328 683 4395 qui
710 4327 812 4381 sibi
841 4329 1083 4396 regnavit
1112 4339 1435 4398 regnaturus
1465 4341 1547 4387 est
1580 4334 1764 4400 nobis;
1794 4335 2028 4403 gaudea—

445 4431 587 4484 mus,
617 4419 745 4488 quia
765 4420 912 4476 venit
932 4427 1250 4494 regnaturus
1277 4423 1330 4482 in
1361 4431 1524 4490 terra,
1558 4433 1616 4482 ut
1643 4443 1742 4488 nos
1780 4444 1903 4490 cum
1936 4428 2027 4486 illo

443 4524 675 4578 regnare
699 4513 968 4582 possimus
997 4514 1050 4572 in
1072 4516 1231 4575 carie.
1261 4515 1396 4574 Audi
1417 4518 1734 4588 Apostolum
1760 4538 1772 4574 ;
1805 4519 1868 4576 Si
1888 4538 2028 4575 eam

444 4605 692 4675 patimur,
721 4614 770 4658 et
808 4607 1232 4678 conregnabimus
1282 4609 1365 4682 (li
1399 4610 1530 4665 Tim.
1559 4611 1638 4683 ιι).
1669 4613 1834 4670 Nobis
1871 4623 2027 4670 natus

445 4703 549 4763 est,
585 4696 742 4754 nobis
763 4698 947 4770 utique
971 4712 1196 4775 regnum
1235 4703 1382 4762 venit
1413 4703 1735 4772 donaturus,
1761 4707 1878 4778 ipso
1899 4723 2027 4778 prun»

443 4787 714 4855 mittente,
729 4802 854 4844 cum
873 4788 1003 4851 dicit
1027 4806 1040 4844 ε
1077 4787 1272 4856 Venite,
1295 4791 1548 4849 benedicti
1571 4794 1750 4851 Patris
1769 4799 1888 4862 mei,
1907 4815 2026 4868 pero

442 4877 600 4950 cipite
623 4893 856 4949 regnum,
884 4879 1020 4949 quod
1039 4879 1178 4934 vobis
1206 4889 1445 4951 paratum
1473 4894 1549 4938 est
1570 4886 1635 4936 ab
1655 4888 1853 4958 origine
1873 4905 2022 4942 mun-

441 4969 498 5025 di
527 4969 742 5044 (Matth.
775 4970 922 5048 xxv).
957 4971 1120 5034 Vobis
1145 4972 1308 5042 dixit,
1340 4990 1449 5034 non
1475 4977 1622 5032 mihi.
1648 4977 1838 5046 Venit,
1867 4988 1923 5035 ut
1954 4981 2024 5042 sit

442 5060 724 5126 nobiscum
743 5078 976 5138 semper,
999 5071 1059 5126 ut
1085 5066 1284 5128 nostris
1311 5066 1380 5123 sit
1399 5083 1613 5140 semper
1639 5071 1694 5130 in
1723 5073 1913 5138 omnis,
1930 5074 2023 5142 qui

513 5208 544 5280 ξ
580 5197 662 5280 ξι
684 5198 1106 5280 Latinio._Editi.
1141 5206 1578 5280 totainjuriarunt
1598 5226 1807 5280 genere.

509 5267 561 5346 δῇ
579 5267 892 5346 Consonant
912 5267 1115 5346 Patres,
1139 5276 1230 5344 qui
1250 5267 1348 5346 prb
1369 5277 1522 5334 domo
1540 5267 1703 5336 Ja'cab
1732 5279 2025 5340 Ecclesium

445 5348 503 5402 et
530 5339 715 5401 ﬁdeles
738 5342 886 5400 innni
915 5343 1120 5400 volunt.

439 5481 460 5494 _
506 5409 679 5494 anel
707 5411 774 5466 de
807 5412 1087 5494 siderum,
1121 5416 1207 5472 vel
1233 5416 1302 5474 de
1329 5419 1644 5494 angelorum
1690 5421 1880 5478 militia
1908 5422 2024 5480 haec

440 5481 741 5564 intelligas2
765 5491 989 5564 utraque
1021 5500 1233 5557 semper
1260 5481 1450 5544 eadem
1478 5492 1610 5555 erit,
1642 5506 1743 5549 nec
1771 5507 2022 5561 umquam

441 5550 675 5606 deﬁciet.
701 5551 780 5605 Ex
807 5550 954 5607 Mite.

515 5619 565 5702 ἀλ
581 5621 788 5702 §imiiia
806 5623 972 5678 habes
992 5625 1133 5702 apud
1160 5625 1622 5702 Theophylactum
1652 5629 1704 5684 in
1719 5630 1769 5702 ll
1793 5629 1928 5688 Tim.
1954 5649 2020 5699 n;

440 5688 503 5770 ἓ.
535 5688 902 5770 Athanasium,
922 5688 1122 5770 ,φη-ο
1150 5697 1217 5751 de
1238 5688 1427 5753 Parati.
1459 5699 1679 5769 Script.;
1705 5688 2021 5770 Gregorium

442 5759 721 5843 Neriene?
743 5759 890 5843 Orat.
916 5759 976 5843 ιλ
988 5765 1050 5843 in
1073 5765 1287 5843 Pentec.
1310 5785 1324 5833 ;
1353 5759 1724 5843 Augustinum,
1752 5759 2017 5843 inpsaltti.

441 5845 546 5890 ιιι
573 5828 917 5889 Ambrosium
935 5831 1088 5890 Ollio.
1119 5837 1210 5893 lib.
1239 5828 1392 5906 tcap.
1429 5828 1510 5894 ῖο.

2125 1945 2361 2014 Christo,
2395 1949 2486 2017 qui
2515 1965 2637 2004 cum
2665 1950 2776 2004 Deo
2807 1947 2967 2005 Patre
3000 1956 3190 2018 regnat
3222 1963 3368 2004 nunc
3407 1958 3467 2003 et
3487 1964 3702 2019 semper,

2126 2049 2181 2096 et
2213 2055 2310 2110 per
2341 2041 2522 2096 omnia
2551 2041 2746 2096 stecula
2768 2041 3106 2096 seculorum.
3142 2041 3333 2096 Amen.

2655 2165 2678 2192 ο
2713 2152 2948 2210 SERMO
2985 2151 3187 2210 CXLV.

2125 2244 2206 2304 De
2232 2246 2565 2326 generatione
2595 2244 2803 2316 Christi,
2828 2245 3174 2370 etldelloseph
3203 2245 3438 2306 Mariam
3471 2247 3708 2304 dimittere

2817 2333 2877 2370 ro
2899 2334 2961 2370 en
2987 2334 3034 2370 e.

2817 2333 2961 2371 υοιεη
2970 2333 3034 2371 te.

2200 2406 2444 2462 Audituri
2475 2407 2605 2462 estis
2633 2406 2810 2469 hodie,
2847 2405 3055 2470 fratres,
3083 2405 3544 2476 quemadmodum
3576 2406 3709 2460 nobis

2125 2499 2317 2554 beatus
2345 2499 2673 2569 evangelista
2701 2499 3065 2566 generationis
3094 2496 3294 2552 Christi
3326 2498 3517 2552 retulit
3544 2512 3707 2552 sacra-

2128 2600 2388 2648 mentum.
2413 2591 2626 2658 Christi,
2651 2592 2839 2662 inquit,
2873 2592 3136 2664 generatio
3164 2592 3240 2646 sic
3266 2603 3381 2646 erat
3405 2608 3424 2644 :
3449 2591 3578 2644 Cum
3598 2600 3710 2645 esset

2129 2682 2440 2755 desponsata
2481 2692 2644 2737 mater
2674 2685 2788 2756 ejus
2822 2682 2999 2737 Maria
3031 2681 3246 2752 Ioseph,
3287 2691 3573 2755 antequam
3604 2700 3707 2737 con-

2125 2779 2377 2844 venirent,
2409 2778 2614 2831 inventa
2643 2787 2718 2831 est
2738 2778 2792 2830 in
2813 2785 2954 2831 utero
2977 2776 3167 2830 habens
3188 2775 3252 2829 de
3273 2775 3480 2846 Spiritu
3510 2787 3704 2839 sancto;

2125 2867 2318 2939 Ioseph
2351 2879 2520 2923 autem
2559 2869 2635 2923 vir
2661 2869 2772 2940 ejus
2806 2885 2918 2922 cum
2953 2879 3084 2923 esset
3105 2869 3303 2939 justus,
3336 2878 3388 2922 et
3413 2869 3578 2922 nollet
3609 2884 3703 2922 east

2129 2959 2412 3024 traducere,
2445 2960 2601 3014 voluit
2628 2960 2823 3015 occulte
2851 2960 3108 3014 dimittere
3133 2975 3249 3013 eam
3284 2958 3510 3028 (Matth.
3551 2959 3616 3028 ι).
3650 2956 3704 3011 Et

2127 3051 2398 3121 quomodo
2421 3049 2627 3118 justus,
2657 3051 2749 3120 qui
2794 3061 3112 3121 conceptum
3159 3065 3374 3120 sponsa:
3419 3049 3569 3104 duxit
3610 3065 3701 3103 non

2128 3140 2432 3198 discutere?
2478 3141 2727 3212 Suspecti
2774 3158 2880 3196 non
2927 3141 3162 3211 exquirit
3208 3156 3432 3196 causam
3482 3139 3696 3210 pudoris,

2129 3233 2362 3304 coniugii
2393 3233 2587 3289 famam
2619 3249 2724 3289 non
2754 3234 3023 3298 vindicat,
3054 3232 3147 3288 sed
3189 3231 3208 3269 ί
3245 3232 3512 3302 requirit?
3543 3230 3696 3283 Voluit

2129 3327 2325 3381 occulte
2353 3327 2609 3382 dimittere
2637 3343 2769 3381 eam.
2804 3325 2918 3381 Hoc
2947 3326 3037 3396 pio
3076 3324 3245 3394 magis
3272 3325 3485 3380 videtur
3515 3334 3691 3377 ςοιινθ-

2130 3419 2245 3473 nire
2273 3434 2432 3487 quam
2469 3419 2648 3488 justo;
2681 3419 2774 3474 sed
2817 3419 3054 3474 humano
3087 3418 3324 3487 judicio,
3369 3433 3476 3473 non
3515 3416 3693 3470 divino.

2129 3509 2299 3567 Penes
2329 3512 2495 3566 Deum
2521 3527 2692 3582 neque
2712 3512 2886 3581 pietas
2905 3511 3021 3565 sine
3037 3509 3245 3579 justitia
3266 3518 3371 3577 est,
3402 3523 3573 3578 neque
3597 3507 3697 3562 sine

2128 3603 2329 3673 pietate
2359 3603 2596 3671 justitia;
2628 3604 2836 3658 cmlesti
2864 3619 3026 3657 sensu
3059 3603 3176 3656 sine
3204 3602 3450 3656 bonitate
3477 3601 3692 3672 tequitas,

2103 3694 2245 3749 -sine
2273 3697 2524 3763 :cquitate
2558 3695 2770 3748 bonitas
2800 3709 2906 3748 non
2938 3695 3182 3748 habetur.
3217 3691 3458 3746 Virtutes
3486 3693 3528 3746 si
3559 3707 3692 3762 sepa-

2129 3794 2259 3839 rata:
2288 3783 2500 3847 fuerint,
2526 3785 2853 3850 dilabuntur;
2879 3785 3102 3858 :equitas
3122 3784 3238 3838 sine
3258 3784 3502 3838 bonitate
3519 3781 3695 3836 seritis

2129 3886 2229 3939 est,
2263 3888 2317 3932 et
2340 3877 2545 3947 justitia
2575 3879 2688 3932 sine
2718 3879 2918 3947 pietate
2952 3877 3264 3933 crudelitas.
3301 3886 3325 3923 ε
3363 3874 3558 3944 Josepb
3585 3887 3693 3940 ergo

2130 3971 2324 4024 merito
2348 3970 2540 4037 justus,
2574 3971 2698 4038 quia
2730 3971 2879 4039 pius;
2913 3975 2965 4023 et
3006 3969 3142 4038 pius,
3176 3968 3299 4036 quia
3324 3967 3518 4035 justus.
3551 3963 3692 4018 Deni-

2129 4076 2235 4130 que
2265 4062 2391 4115 dum
2431 4062 2685 4130 pietatem
2715 4062 2952 4130 cogitat,
2997 4060 3317 4116 crudelitate
3365 4059 3560 4120 caruit;
3589 4056 3694 4109 dum

2130 4167 2347 4205 causam
2396 4161 2694 4222 temperat,
2741 4152 2999 4220 judicium
3047 4150 3370 4213 custodivit;
3420 4149 3542 4203 dum
3590 4148 3693 4200 rin-

2129 4242 2326 4298 dictam
2356 4241 2551 4308 dill‘ert,
2584 4245 2787 4300 crimen
2816 4243 3017 4308 evasit;
3049 4243 3176 4297 dum
3216 4243 3413 4311 relugit
3442 4252 3691 4296 accusato—

2130 4349 2264 4400 rem,
2316 4334 2449 4404 fugit
2492 4336 2835 4390 sententiam.
2898 4333 3186 4388 Estuabat
3245 4333 3456 4387 animus
3502 4340 3692 4386 sanctus

2128 4429 2331 4497 negotii
2373 4429 2610 4486 novitate
2650 4428 2949 4498 perculsus,
2982 4428 3162 4484 stabat
3206 4441 3406 4496 sponsa
3445 4435 3692 4495 praegnans

2128 4521 2225 4577 sed
2251 4521 2430 4588 virgo;
2461 4520 2638 4574 stabat
2665 4519 2824 4589 plena
2861 4520 3118 4590 pignore,
3162 4517 3257 4572 sed
3289 4532 3398 4572 non
3424 4530 3584 4572 vacua
3609 4528 3691 4583 pur

2051 4647 2107 4708 Β
2131 4612 2290 4679 dore;
2322 4613 2500 4667 stabat
2527 4612 2594 4668 de
2619 4619 2886 4682 conceptu
2913 4611 3162 4675 sollicita,
3198 4609 3294 4665 sed
3320 4609 3389 4666 de
3417 4607 3690 4679 integritate

2129 4720 2346 4771 secura;
2403 4704 2581 4759 stabat
2625 4705 2815 4759 vestita
2865 4712 3111 4762 materno
3157 4717 3383 4759 munere
3405 4742 3420 4768 ,
3470 4700 3556 4760 sed
3599 4710 3688 4751 non

2126 4796 2332 4854 honore
2361 4796 2684 4865 virginitatis
2719 4795 2959 4850 exclusa.
2991 4794 3234 4866 Sponsus
3263 4795 3395 4862 quid
3426 4794 3609 4848 faceret
3630 4785 3686 4839 ad

2125 4889 2260 4948 ista?
2291 4889 2581 4945 Accusaret
2609 4889 2676 4943 de
2705 4889 2967 4944 crimine?
2996 4887 3101 4943 Sed
3124 4895 3240 4942 erat
3262 4889 3380 4956 ipse
3403 4880 3688 4941 innocentia:

2127 4981 2298 5044 testis.
2324 4979 2548 5054 Culpam
2577 4981 2814 5038 diceret?
2843 4980 2948 5036 Sed
2978 4989 3093 5036 erat
3127 4981 3242 5052 ipse
3271 4989 3454 5036 custos
3479 4976 3662 5046 pudoris

2127 5073 2159 5119 δ
2182 5073 2406 5144 Urgeret
2425 5075 2782 5130 adulterium?
2810 5075 2917 5130 Sed
2937 5083 3056 5129 erat
3075 5075 3188 5144 ipse
3211 5075 3524 5142 virginitatis
3541 5081 3685 5124 asser—

2209 5219 2231 5246 °
2262 5207 2318 5263 In
2366 5207 2634 5276 aliquibus
2679 5207 2952 5264 codicibus
2992 5207 3300 5266 inscribitur
3342 5217 3538 5264 tantum
3575 5220 3586 5255 :
3620 5197 3683 5252 De

2133 5281 2460 5350 generatione
2490 5277 2706 5341 Christi;
2734 5278 2939 5346 reliqua
2967 5279 3178 5333 desunt.

2209 5349 2227 5388 ί
2254 5349 2422 5420 Alias,
2455 5349 2719 5420 relinquit.

2205 5430 2230 5494 It
2263 5418 2580 5494 Utijustus,
2602 5417 2667 5474 id
2695 5426 2779 5474 est
2810 5418 3112 5494 patriorum
3153 5418 3352 5494 rituum
3385 5417 3678 5494 observatur.

2131 5486 2468 5548 retinendam
2495 5504 2718 5564 uxorem
2752 5486 2970 5564 minans
2991 5489 3226 5564 censuit;
3259 5490 3498 5564 utipius,
3531 5486 3678 5564 dicit:

2132 5569 2248 5683 terge
2275 5563 2557 5643 cogitavit;
2604 5561 2700 5618 sed
2739 5562 2856 5618 sine
2896 5560 3126 5630 strepitu
3161 5557 3364 5615 forensi
3403 5570 3454 5614 et
3481 5557 3680 5612 criminis

2134 5648 2186 5683 tu
2212 5648 2372 5683 amna.

2134 5648 2372 5685 liiiamla.

2202 5699 2228 5738 ⁸³
2262 5702 2369 5757 Nec
2396 5703 2598 5758 veritus
2619 5711 2701 5757 est
2731 5701 3057 5769 Augustinus
3077 5700 3257 5754 dicere
3291 5699 3365 5753 nil
3393 5696 3678 5769 aliudquntn

2129 5773 2304 5825 adulte
2340 5790 2442 5826 tum
2491 5766 3093 5842 suspicasse.'.|ustiiius
3133 5771 3294 5842 etiam
3339 5771 3392 5842 in
3409 5766 3679 5842 Aliolioquiq

2126 5860 2249 5897 cum
2279 5844 2564 5913 Triplwne
2585 5827 2717 5913 'pag.
2751 5843 2852 5898 5υὸ
2885 5841 2948 5910 Ι),
2981 5842 3109 5898 edit.
3132 5840 3326 5896 Colon.
3367 5838 3498 5893 1686
3519 5854 3530 5890 z
3554 5827 3680 5898 ρίιοά
