3878 6368
223 361 341 420 593

1598 359 1834 418 SERMU
1868 360 2121 417 CXLV“.

3397 377 3504 435 596

224 484 337 543 tur,
369 482 434 532 ut
468 474 582 546 jam
610 482 739 530 tunc
784 471 1026 532 Ecclesia
1062 471 1265 531 Christi
1311 489 1511 547 sponsa
1557 475 1817 544 signetur.
1850 478 1895 538 Α
1921 473 2139 532 Christo
2186 486 2336 535 tanta
2376 478 2559 537 feritas
2603 481 2731 553 quid
2777 482 3025 541 fecisset?
3071 485 3206 544 Hinc
3244 498 3328 546 est
3361 492 3504 563 quod

219 566 378 639 juxta
405 566 537 622 illud
567 565 719 622 Osete
746 564 1023 637 propheta
1064 583 1079 620 :
1112 565 1383 638 Sponsabo
1415 575 1461 621 te
1504 567 1629 621 mihi
1650 568 1705 621 in
1726 566 1817 637 ju-

220 659 368 715 stitia
405 668 458 713 et
488 658 711 729 judicio,
741 668 791 711 et
814 658 869 712 in
900 658 1259 713 misericordia
1296 667 1346 713 et
1382 659 1812 726 miserationibus,

218 761 272 807 et
294 751 625 823 desponsata
662 761 710 807 te
732 751 859 806 mihi
895 753 950 806 in
989 752 1096 823 ﬁde
1124 748 1279 823 (Osee
1305 754 1386 822 ιι).
1418 751 1556 807 Hinc
1579 751 1817 810 Joannes

217 845 295 900 ait
326 861 343 897 :
379 840 485 908 Qui
514 844 667 898 habet
691 859 954 915 sponsam,
978 859 1198 915 sponsus
1224 853 1301 898 est
1326 842 1504 915 (Joan.
1537 844 1636 909 ill).
1663 843 1731 900 Et
1750 844 1812 901 B.

214 935 426 991 Paulus
455 955 471 990 :
504 935 760 1007 Sponsavi
783 951 870 991 vos
903 937 995 990 uni
1022 936 1131 991 viro
1163 936 1410 1007 virginem
1439 944 1636 990 castam
1668 936 1816 991 exhi-

211 1027 332 1082 bere
358 1025 572 1082 Christo
609 1026 673 1099 (ll
710 1023 831 1081 Cor.
857 1026 954 1097 xt).
982 1024 1122 1081 Vere
1161 1039 1389 1097 sponsa,
1419 1040 1540 1095 qum
1566 1025 1814 1095 virginali

211 1128 376 1190 partu
410 1134 610 1175 novam
647 1118 846 1175 Christi
874 1119 1106 1189 regignit
1146 1117 1448 1174 infantiam.
1488 1117 1815 1174 Procurator

209 1210 423 1283 Ioseph
445 1228 695 1285 sponsus,
727 1220 786 1267 ut
809 1213 912 1269 iste
940 1213 994 1268 in
1023 1212 1115 1268 illo
1140 1210 1340 1284 Ioseph
1359 1209 1557 1268 Christi
1588 1212 1814 1281 figuram

210 1303 443 1375 impleat
470 1306 774 1377 passionis;
804 1302 1008 1376 Ioseph
1036 1305 1445 1377 prophetalibus
1474 1305 1699 1361 somniis
1725 1305 1812 1359 in-

209 1396 386 1450 currit
416 1396 609 1461 zelum,
634 1396 881 1452 Christus
902 1397 1231 1468 propheticis
1261 1396 1556 1453 visionibus
1576 1396 1814 1467 suscepit

212 1486 516 1555 invidiam;
572 1486 774 1558 Ioseph
818 1489 1016 1545 missus
1059 1488 1113 1543 in
1160 1488 1336 1545 lacum
1382 1488 1601 1555 mortis,
1656 1490 1813 1544 vivus

209 1580 447 1648 emergit
475 1594 509 1635 a
542 1579 680 1646 lacu,
705 1578 950 1636 Christus
980 1581 1170 1637 mortis
1190 1579 1440 1650 sepulcro
1459 1580 1634 1647 datus,
1660 1581 1813 1636 vivus

209 1679 426 1726 remeat
464 1686 498 1726 a
545 1672 812 1742 sepulcro.
856 1670 1058 1743 Ioseph
1097 1671 1449 1728 venumdatus
1487 1680 1588 1739 est,
1634 1672 1811 1743 pretio

210 1772 435 1818 taxatus
477 1773 562 1819 est
602 1760 864 1830 Christus,
904 1762 1103 1836 Ioseph
1152 1763 1516 1821 transducitur
1555 1766 1610 1821 in
1638 1764 1809 1837 AEgy-

1916 568 2237 639 providetur
2263 585 2514 642 sponsus,
2546 574 2861 645 providetur
2888 579 3148 635 maritalis
3180 583 3415 653 species,
3448 594 3504 644 ut

1916 662 2057 719 celet
2104 664 2454 732 miraculum,
2496 676 2555 723 ut
2584 677 2731 738 tegat
2752 671 2988 740 signum,
3019 681 3078 728 ut
3103 674 3247 731 velet
3272 675 3508 747 Virginis

1914 761 2148 825 partum,
2180 764 2240 811 ut
2266 758 2477 813 crimini
2515 774 2626 815 non
2653 760 2745 815 det
2788 761 2985 831 locum,
3009 770 3068 818 ut
3106 763 3333 822 furentis
3369 768 3503 824 insi-

1914 844 2029 899 dias
2056 845 2135 901 sic
2180 847 2376 903 eludat.
2410 849 2656 906 Christus
2685 854 2925 921 quamvis
2973 856 3134 911 morti
3174 858 3402 925 deditus,
3447 862 3505 917 in

1914 943 2068 991 utero
2096 937 2141 992 si
2169 936 2361 994 fuisset
2400 942 2724 1008 exstinctus,
2758 958 2905 998 mors
2946 960 3185 1018 pmceps
3223 950 3367 1018 quod
3396 967 3499 1006 no-

1912 1035 2039 1082 strae
2079 1027 2238 1084 saluti
2282 1038 2533 1098 venerat,
2575 1031 2900 1090 abstulisset.
2932 1033 3000 1089 Et
3036 1038 3161 1106 quia
3204 1039 3354 1095 locus
3400 1043 3507 1098 iste

1912 1118 2080 1173 multa
2120 1120 2277 1176 nobis
2323 1121 2572 1179 conferre
2611 1125 2814 1193 poterit
2841 1126 2887 1181 si
2925 1126 3150 1195 dicatur,
3192 1132 3500 1201 praelibasse

1914 1223 2013 1264 nos
2041 1208 2251 1280 hodie,“
2284 1211 2510 1278 fratres,
2550 1212 2886 1271 Dominicum
2924 1217 3154 1275 sufﬁciat
3192 1237 3495 1279 sacramen-

1913 1309 2050 1359 tum.

2453 1397 2684 1453 SERMO
2725 1398 2813 1455 CX
2822 1399 2972 1457 LVII.

2261 1487 2342 1545 De
2381 1487 2768 1548 Incarnationis
2804 1506 3148 1552 sacramento.

1983 1577 2269 1634 Dominum
2307 1579 2613 1648 Christum,
2647 1583 2869 1653 fratres,
2901 1601 3020 1657 quae
3047 1604 3135 1645 res
3172 1589 3360 1646 fecerit
3391 1598 3497 1648 ter-

1908 1671 2028 1725 reni
2076 1672 2319 1741 corporis
2363 1673 2503 1730 inire
2550 1678 2955 1743 commercium,
3000 1680 3203 1737 intrare
3249 1683 3498 1739 humanae

1910 1762 2087 1818 carnis
2107 1764 2398 1831 angustias,
2421 1765 2664 1822 habitare
2686 1768 2960 1838 virginalis
2979 1773 3121 1828 uteri
3140 1774 3495 1842 mansionem,

208 1861 386 1925 ptum,
425 1854 496 1910 ad
527 1853 821 1927 Egyptum
864 1857 1078 1926 fugatur
1121 1856 1399 1921 Christus;
1438 1855 1639 1930 Ioseph
1686 1873 1810 1915 esu-
1840 1863 1883 1923 Β
1910 1854 2036 1924 quia
2064 1863 2191 1912 ante
2219 1856 2321 1913 hac
2347 1858 2532 1914 audire
2562 1860 2840 1930 cmpimus,
2871 1863 3032 1920 hodie
3059 1865 3271 1936 plenius
3307 1867 3497 1923 audia-

208 1947 485 2003 ﬂentibus
513 1949 727 2019 populis
771 1964 964 2020 panem
994 1950 1214 2020 copiose
1244 1951 1530 2019 ministrat,
1562 1949 1809 2008 Christus

208 2036 332 2094 celi
365 2053 514 2109 pane
543 2049 821 2094 manentes
845 2040 978 2095 orbe
996 2048 1113 2095 toto
1136 2049 1412 2096 exsaturat
1432 2043 1694 2098 nationes.
1719 2042 1810 2100 Sic

209 2126 357 2184 lucet
387 2144 489 2185 cur
515 2128 714 2201 Ioseph
745 2132 845 2186 iste
872 2131 1107 2187 caelestis
1135 2133 1318 2203 sponsi
1347 2141 1533 2205 typum
1559 2134 1810 2205 praetule-

210 2220 295 2285 rit,
350 2222 656 2291 portaverit
694 2223 997 2292 imaginem,
1048 2216 1407 2280 ambulaverit
1455 2225 1509 2279 in
1559 2225 1804 2294 ﬁguram.

208 2310 383 2366 ﬂat-ia
416 2321 596 2368 mater
622 2322 876 2378 vocatur,
909 2322 965 2369 et
991 2315 1208 2385 quando
1249 2331 1357 2372 non
1397 2315 1564 2371 Maria
1600 2317 1809 2372 mater?

209 2401 689 2476 Congregationes,
740 2406 945 2475 inquit,
1000 2423 1253 2479 aquarum
1305 2408 1584 2479 appellavit
1632 2405 1811 2463 Maria

208 2493 370 2568 (Gen.
398 2495 463 2569 l).
498 2495 685 2553 Nonne
719 2497 833 2553 haec
859 2507 1148 2555 exeuntem
1180 2500 1437 2571 populum
1475 2500 1543 2555 de
1572 2498 1808 2573 Egypto

207 2589 470 2660 concepit
499 2604 607 2645 uno
633 2597 786 2645 utero
815 2597 873 2645 ut
907 2599 1208 2661 emergeret
1248 2591 1486 2647 caelestis
1526 2591 1579 2646 in
1613 2606 1809 2646 novam

208 2687 528 2736 creaturam
580 2690 768 2736 renata
814 2681 1102 2751 progenies
1149 2681 1301 2752 juxta
1351 2681 1481 2736 illud
1529 2682 1804 2752 apostoli:

209 2768 407 2827 Patres
429 2774 599 2826 nostri
626 2789 800 2827 omnes
828 2773 923 2828 sub
951 2773 1087 2829 nube
1115 2776 1352 2846 fuerunt,
1375 2783 1426 2828 et
1453 2790 1628 2829 omnes
1665 2790 1810 2829 mare

213 2864 561 2926 transierunt,
589 2873 641 2917 et
666 2879 842 2919 omnes
869 2866 926 2919 in
957 2863 1137 2936 Moyse
1163 2865 1411 2937 baptisati
1437 2874 1559 2920 sunt
1591 2867 1647 2921 in
1676 2865 1810 2922 nubs

210 2958 343 3011 etin
374 2958 515 3011 mari
544 2956 587 3029 (l
614 2956 734 3012 Cor.
776 2957 858 3029 x).
905 2956 970 3013 Et
1005 2967 1066 3014 ut
1103 2973 1318 3030 semper
1355 2958 1521 3015 Maria
1562 2961 1809 3015 humanae

210 3049 415 3120 praevia
444 3048 518 3103 sit
562 3047 769 3114 salutis,
809 3050 1067 3122 populum
1111 3065 1272 3121 quem
1315 3051 1456 3105 unda
1501 3051 1809 3121 generatrix

210 3138 397 3197 emisit
419 3139 478 3196 in
507 3139 701 3207 lucem,
737 3140 855 3213 ipsa
878 3140 1000 3211 jure
1020 3142 1296 3213 praecessit
1324 3142 1376 3196 in
1405 3143 1641 3198 cantico.
1684 3141 1807 3196 Ma—

208 3235 310 3299 ria,
346 3236 548 3308 inquit,
575 3252 727 3292 soror
765 3237 935 3293 Aaron
971 3253 1174 3292 sumens
1204 3246 1502 3309 tympanum
1545 3238 1601 3292 in
1648 3252 1809 3291 manu
1834 3247 1877 3309 ς

208 3343 327 3393 sua,
362 3327 502 3383 dixit
520 3343 541 3384 :
561 3327 839 3384 Cantemus
868 3327 1113 3395 Domino,
1144 3329 1364 3401 gloriose
1391 3330 1528 3384 enim
1554 3328 1806 3400 honoriﬁ-

211 3429 364 3473 catus
405 3428 488 3475 est
525 3417 724 3493 (Exod.
773 3422 885 3492 xv).
918 3419 1124 3476 Nomen
1164 3420 1269 3475 hoc
1299 3432 1324 3458 ⁸
1364 3420 1660 3491 prophetiae
1682 3434 1807 3489 ger-

212 3523 439 3566 manum
471 3519 572 3578 est,
603 3512 708 3567 hoc
735 3512 1139 3568 renascentibus
1165 3510 1397 3567 salutare
1414 3549 1429 3575 ,
1461 3510 1566 3567 hoc
1586 3510 1808 3581 virgini-

211 3604 344 3658 tatis
369 3603 598 3673 insigne,
629 3604 734 3660 hoc
765 3603 1037 3675 pudicitiae
1062 3603 1256 3671 decus,
1289 3604 1393 3659 hoc
1418 3604 1672 3659 indicium
1711 3618 1809 3658 ca-

212 3696 439 3762 stitatis,
466 3695 571 3752 hoc
591 3696 688 3751 Dei
714 3697 1053 3763 sacriﬁcium,
1086 3698 1190 3753 hoc
1210 3696 1591 3767 hospitalitatis
1614 3696 1804 3763 virtus,

212 3785 322 3842 hoc
350 3788 641 3858 collegium
668 3788 1000 3855 sanctitatis;
1031 3788 1225 3844 merito
1245 3801 1374 3856 ergo
1397 3787 1585 3843 matris
1608 3784 1808 3842 Christi

212 3897 421 3936 nomen
473 3890 558 3937 est
601 3881 706 3937 hoc
751 3890 1074 3937 maternum.
1132 3881 1369 3937 Diximus
1413 3896 1583 3951 quare
1635 3889 1810 3937 mater

211 3990 441 4046 sponsa,
469 3990 635 4045 quare
660 3972 858 4045 Ioseph
896 3989 1146 4045 sponsus,
1188 3989 1355 4043 quare
1388 3972 1569 4028 Mariae
1608 3982 1809 4028 mater-

212 4081 348 4122 num
376 4083 595 4133 nomen,
620 4076 679 4122 ut
706 4074 879 4122 totum
908 4068 1050 4123 circa
1076 4074 1252 4121 ortum
1274 4064 1474 4120 Christi
1503 4063 1667 4120 fuisse
1688 4080 1806 4136 my-

212 4160 416 4216 sticum
454 4159 811 4231 panderemus
840 4177 853 4213 :
882 4175 1026 4215 nunc
1064 4173 1231 4229 quare
1263 4172 1455 4228 sponsa
1490 4157 1712 4227 quaesita
1739 4156 1810 4210 sit

213 4251 282 4306 ad
305 4259 524 4322 partum
544 4248 763 4318 Christi,
788 4250 906 4305 aliis
925 4250 1217 4322 prodamus
1230 4265 1298 4305 ex
1318 4248 1512 4304 causis.
1540 4245 1809 4302 Prmdixe-

215 4353 303 4397 rat
334 4342 505 4398 Isaias
532 4350 589 4399 et
617 4344 875 4413 virginem
916 4357 1106 4413 parere
1140 4342 1305 4398 Deum
1339 4341 1460 4398 caeli
1501 4339 1654 4412 (Isai.
1686 4340 1803 4409 vn),

215 4447 404 4503 regem
447 4440 633 4500 terrae,
665 4433 813 4489 orbis
841 4433 1156 4499 Dominum,
1188 4441 1556 4503 reparatorem
1601 4430 1803 4496 mundi,

216 4521 663 4580 mortiﬁcatorem
691 4525 901 4590 mortis,
933 4525 1259 4580 redditorem
1285 4523 1409 4579 vitae
1427 4565 1442 4590 ,
1474 4523 1809 4594 perpetuita-

216 4616 286 4671 tis
309 4623 623 4671 auctorem:
647 4616 751 4671 hoc
779 4630 941 4686 quam
970 4623 1112 4671 esset
1131 4614 1414 4670 mundanis
1444 4614 1614 4679 triste,
1645 4613 1806 4669 terri-

215 4711 328 4766 bile
384 4710 629 4779 regibus,
687 4709 990 4780 pavendum
1045 4707 1269 4776 Iudaais,
1337 4708 1453 4779 ipse
1518 4706 1807 4763 Dominicte

218 4802 522 4857 nativitatis
542 4802 790 4871 probavit
812 4809 1053 4857 eventus.
1074 4800 1315 4870 Namque
1328 4800 1420 4856 ubi
1443 4807 1626 4855 natum
1645 4796 1807 4854 Chri-

213 4902 363 4947 stum
393 4894 765 4949 nuntiantibus
792 4894 960 4962 magis
989 4893 1192 4948 audivit
1217 4891 1420 4958 Iudtea,
1454 4891 1695 4947 Herodes
1721 4891 1808 4947 di-

215 4985 376 5049 dicit,
409 5000 536 5039 mox
564 4984 791 5056 perdere
817 4982 1011 5050 Iudaei,
1043 4982 1285 5039 Herodes
1317 4982 1565 5039 occidere
1590 4981 1808 5038 molitus

217 5084 304 5130 est
332 5074 609 5132 Christum
658 5075 871 5146 (Matth.
904 5075 995 5146 n);
1044 5080 1099 5131 et
1141 5074 1268 5129 dum
1305 5089 1674 5129 successorem
1703 5072 1806 5127 sibi

217 5168 433 5233 timent,
458 5169 698 5222 omnium
725 5166 952 5237 perdere
979 5166 1159 5222 conati
1178 5172 1302 5220 sunt
1328 5165 1671 5219 salvatorem.
1700 5163 1804 5220 De-

217 5261 384 5331 nique
424 5261 551 5331 quia
595 5262 766 5330 ipsum
809 5258 1048 5314 invenire
1097 5258 1436 5328 nequierant,
1485 5257 1668 5314 delent
1705 5272 1806 5328 pa-

221 5353 407 5418 triam,
440 5352 525 5408 lac
552 5352 779 5407 miscent
803 5350 1081 5420 sanguini,
1109 5364 1320 5407 «atavos
1356 5348 1472 5419 ejus
1498 5349 1807 5421 parricidali

218 5444 403 5500 furore
450 5444 744 5511 collidunt;
800 5445 1001 5499 laniant
1047 5443 1366 5499 innocentia
1420 5445 1630 5510 socios,
1679 5443 1806 5512 quia

217 5535 387 5607 culpa:
413 5536 703 5607 participes
749 5534 990 5589 invenire.
1037 5548 1144 5589 non
1186 5540 1437 5604 poterant
1471 5549 1609 5603 quos
1648 5533 1807 5603 puni-

219 5634 360 5684 rent.
392 5624 458 5682 Et
483 5626 532 5683 si
563 5625 678 5697 jam
714 5630 844 5680 nato
883 5621 1101 5680 Christo
1132 5622 1248 5681 haec
1281 5621 1514 5691 faciunt,
1544 5629 1808 5693 concepto

300 5860 327 5893 ⁸
351 5851 515 5912 Πανία
542 5852 770 5912 Aaronis
795 5869 969 5922 soror,
997 5852 1294 5925 prophetiae
1319 5851 1464 5910 dono
1483 5849 1693 5908 claruit.

1910 1962 2054 2003 mus.
2078 1946 2188 2004 Vos
2215 1950 2346 2004 mihi
2376 1951 2503 2017 vita,
2534 1968 2633 2008 vos
2652 1954 2783 2009 mihi
2804 1954 2965 2022 salus,
2988 1972 3086 2012 vos
3114 1958 3244 2014 mihi
3276 1960 3446 2028 gloria
3479 1979 3493 2014 :

1910 2046 1966 2094 et
1992 2038 2116 2095 ideo
2144 2056 2250 2097 non
2281 2043 2459 2112 patior
2488 2044 2694 2100 nescire
2716 2062 2813 2103 vos
2836 2045 2863 2084 ι’
2894 2048 3039 2117 quod
3066 2049 3206 2105 Deus
3232 2051 3363 2107 mihi
3398 2051 3496 2107 de-

1909 2131 2049 2187 derit
2075 2134 2234 2189 scire.
2266 2133 2434 2190 Deum
2454 2137 2613 2193 scivit
2641 2140 2969 2208 evangelista
2991 2156 3113 2197 cum
3135 2142 3263 2199 dicit
3288 2161 3300 2197 :
3329 2143 3499 2200 Deum

1910 2241 2062 2281 nemo
2088 2226 2214 2281 vidit
2232 2243 2476 2299 umquam
2506 2227 2684 2299 (Ioau.
2711 2230 2772 2300 l).
2802 2229 2944 2300 Ergo
2972 2231 3140 2288 Deum
3167 2250 3329 2305 quem
3354 2236 3497 2291 scie-

1910 2315 2023 2382 bat,
2048 2318 2394 2386 agnoscebat,
2426 2320 2693 2375 sentiebat
2719 2338 2732 2373 :
2763 2322 2889 2391 quia
2917 2323 3102 2379 videre
3133 2340 3240 2381 non
3283 2334 3499 2397 poterat

1911 2415 2182 2476 creatura,
2227 2407 2502 2465 ferebatur
2527 2412 2788 2468 servitute
2824 2415 2993 2481 dura,
3025 2415 3178 2471 triste
3210 2416 3500 2475 exhibebat

1912 2498 2229 2569 obsequium
2260 2516 2361 2571 pro
2394 2503 2646 2560 invisibili
2675 2505 2988 2575 majestate;
3021 2507 3308 2566 obsederat
3330 2526 3498 2582 pavor

1912 2592 2127 2659 omnia;
2159 2594 2322 2648 timor
2358 2594 2597 2651 solverat
2624 2599 2905 2667 universa;
2930 2608 3123 2657 cuncta
3151 2612 3497 2659 concusserat

1913 2691 2121 2751 terror;
2145 2686 2200 2742 in
2245 2686 2384 2743 ctelo
2413 2688 2625 2745 divinus
2649 2690 2905 2760 splendor
2931 2701 3295 2763 prostraverat
3328 2710 3495 2765 ange-

1913 2775 2027 2842 los;
2071 2777 2124 2831 in
2166 2786 2309 2834 terra
2357 2781 2593 2836 tonitrua
2641 2790 2697 2837 et
2739 2783 2961 2840 fulmina
2995 2786 3159 2846 corda
3187 2787 3497 2843 mortalium

1910 2870 2254 2939 quassahant.
2307 2870 2397 2928 Sic
2441 2874 2618 2930 minus
2665 2890 2835 2945 pavor
2879 2892 3117 2935 amorem
3170 2878 3499 2936 dominantis

1911 2959 2172 3026 exclusit;
2204 2962 2426 3031 angelos
2468 2963 2672 3031 fugavit
2704 2965 2771 3022 ad
2802 2975 3002 3035 terras;
3042 2968 3289 3026 homines
3333 2971 3500 3026 traxit

1912 3050 1982 3106 ad
2019 3049 2197 3118 idola;
2227 3054 2484 3109 mundum
2526 3057 2678 3112 vanis
2705 3058 2977 3114 erroribus
3003 3061 3284 3130 occupavit
3312 3078 3327 3117 :
3369 3061 3499 3118 fecit

1910 3157 2102 3199 omnes
2128 3140 2441 3201 Creatorem
2488 3145 2703 3214 fugere,
2754 3148 2935 3204 colere
2974 3157 3268 3206 creaturas.
3299 3151 3498 3209 Amare

1910 3250 2020 3291 non
2059 3244 2266 3306 potest,
2298 3237 2391 3306 qui
2419 3238 2552 3294 satis
2590 3239 2741 3295 timet
2774 3258 2788 3294 :
2822 3240 2949 3295 hinc
2978 3248 3063 3296 est
3096 3241 3241 3311 quod
3266 3244 3514 3317 mundus}

1906 3330 2083 3400 perire
2112 3328 2298 3384 maluit
2321 3344 2484 3399 quam
2507 3331 2732 3399 timere;
2755 3348 2957 3403 pavore
2984 3347 3132 3388 mors
3157 3333 3274 3404 ipsa
3300 3334 3492 3392 levior.

1908 3420 2146 3491 Denique
2185 3419 2318 3475 Cain
2350 3422 2440 3477 ubi
2490 3423 2796 3493 parricidali
2834 3424 3002 3494 cmpit
3041 3432 3247 3481 terrore
3285 3427 3493 3491 vexari,

1907 3520 2137 3568 mortem
2158 3512 2319 3583 petit,
2353 3514 2593 3582 requiem
2622 3514 2795 3570 credit
2820 3516 2865 3571 si
2896 3517 3094 3585 periret
3123 3514 3275 3585 (Gen.
3299 3516 3396 3590 tv).
3427 3516 3497 3574 Et

1906 3602 2035 3671 quid
2066 3602 2242 3658 dicam
2262 3601 2436 3658 Cain?
2470 3602 2615 3660 Elias
2638 3604 2730 3660 ille
2758 3606 2850 3660 ubi
2873 3607 3043 3662 sensit
3071 3614 3185 3664 toto
3212 3623 3271 3664 se
3300 3608 3494 3664 timore

1907 3695 2153 3766 aspergi,
2204 3696 2485 3767 repetebat
2528 3712 2692 3767 quam
2740 3699 2950 3767 fugerat
2994 3708 3254 3766 mortem,
3304 3702 3497 3758 melius

1908 3786 2222 3842 existimans
2263 3787 2424 3842 morti
2466 3789 2818 3844 succumbere
2845 3804 3007 3859 quam
3035 3792 3213 3846 timori
3244 3790 3330 3863 (Ill
3362 3790 3491 3865 Reg.

1908 3878 2045 3951 xix).
2079 3878 2269 3935 Petrus
2293 3894 2510 3949 quoque
2539 3880 2831 3936 Dominicae
2853 3883 3067 3938 virtutis
3096 3884 3288 3939 timore
3308 3884 3493 3940 turba-

1909 3981 2014 4037 tus,
2038 3972 2307 4028 Christum
2336 3981 2394 4027 ut
2419 3988 2449 4028 a
2477 3988 2537 4028 se
2565 3972 2885 4039 discederet,
2915 3975 3249 4045 supplicabat
3275 3994 3288 4029 :
3313 3976 3496 4032 Disce-

1908 4064 1991 4129 de,
2023 4064 2224 4134 inquit,
2255 4083 2287 4119 a
2316 4082 2415 4130 me,
2447 4068 2569 4137 quia
2609 4067 2759 4122 homo
2792 4079 3032 4138 peccator
3068 4084 3179 4121 sum
3221 4067 3371 4137 (Luc.
3413 4069 3491 4139 v).

1909 4156 2024 4214 Hoc
2041 4157 2274 4222 dicebat,
2303 4159 2430 4227 quia
2459 4158 2720 4227 quidquid
2745 4167 2861 4214 erat
2888 4159 3089 4213 amoris
3108 4166 3163 4213 et
3182 4156 3331 4223 ﬁdei,
3357 4174 3497 4228 pon-

1907 4248 2008 4304 dus
2032 4250 2247 4320 pavoris
2273 4250 2637 4314 exstinxerat;
2668 4250 2746 4304 sic
2775 4249 2938 4304 timor
2984 4248 3087 4302 nisi
3117 4263 3299 4303 amore
3333 4247 3495 4303 fuerit

1908 4350 2259 4412 temperatus,
2288 4342 2534 4411 quamvis
2562 4342 2814 4396 devotam
2835 4342 3147 4397 servitutem
3168 4340 3333 4396 eliicit
3358 4357 3494 4397 con-

1907 4441 2198 4489 tumacem.
2231 4431 2430 4488 Videns
2451 4446 2583 4501 ergo
2610 4432 2752 4488 Deus
2783 4431 3039 4487 mundum
3080 4430 3390 4487 labefactari
3428 4434 3500 4487 ti-

1908 4539 2093 4589 more,
2135 4524 2393 4581 continuo
2421 4525 2531 4594 agit
2557 4531 2616 4579 ut
2656 4537 2775 4578 cum
2803 4537 2988 4577 amore
3025 4531 3274 4587 revocet,
3305 4521 3496 4576 invite:

1833 4621 1885 4683 ι)
1907 4619 2106 4689 gratia,
2129 4619 2394 4675 charitate
2422 4625 2636 4682 teneat,
2669 4624 2725 4670 et
2749 4615 3086 4684 constringat
3113 4613 3324 4670 affectu.
3358 4612 3496 4669 llinc

1908 4718 1992 4765 est
2017 4710 2163 4779 quod
2192 4710 2547 4764 inveteratam
2585 4707 2743 4761 malis
2783 4715 2981 4761 terram
3009 4706 3176 4759 abluit
3204 4704 3497 4760 ulciscente

1906 4800 2128 4866 diluvio,
2160 4808 2216 4854 et
2242 4799 2356 4855 Noe
2381 4799 2508 4855 novi
2545 4799 2725 4854 saeculi
2762 4805 2922 4853 vocat
2958 4803 3268 4867 parentem,
3298 4793 3493 4850 blando

1906 4908 2158 4950 sermone
2181 4891 2490 4959 compellat,
2522 4890 2615 4945 dat
2644 4889 2964 4945 familiarem
2995 4888 3242 4944 fiduciam
3260 4925 3277 4953 ,
3313 4886 3401 4957 pie
3425 4885 3497 4942 de

1905 4983 2258 5056 praesentibus
2287 4980 2523 5046 instruit,
2554 4981 2869 5037 consolatur
2890 4994 2989 5049 per
3008 4977 3235 5048 gratiam
3261 4975 3328 5032 de
3348 4975 3492 5031 futu-
3572 5034 3575 5037 η

1907 5076 2014 5142 ris;
2044 5082 2099 5130 et
2121 5073 2232 5143 jam
2257 5089 2365 5129 non
2389 5072 2553 5142 jussis
2571 5114 2586 5138 ,
2612 5071 2706 5127 sed
2728 5069 3049 5141 participato
3082 5067 3268 5123 labore
3294 5081 3401 5121 una
3438 5066 3497 5123 in

1909 5184 2033 5226 arca
2054 5168 2255 5224 claudit
2275 5168 2439 5223 totius
2466 5165 2646 5222 szeculi
2669 5172 2900 5236 partum,
2931 5169 2993 5217 ut
3015 5160 3292 5217 societatis
3320 5173 3495 5226 arnor,

1908 5260 2158 5315 timorem
2212 5257 2487 5313 servitutis
2538 5255 2804 5321 auferret,
2854 5262 2910 5309 et
2954 5259 3264 5308 servaretur
3311 5265 3499 5305 amore
3544 5252 3555 5303 ἓ

1908 5349 2182 5406 communi
2200 5348 2346 5418 quod
2366 5348 2542 5403 luerat
2561 5344 2832 5402 communi
2852 5343 3039 5400 labore
3059 5342 3324 5398 salvatum
3340 5338 3495 5412 (Gen.

1908 5440 2026 5504 vn).
2057 5438 2195 5495 Hinc
2234 5446 2318 5494 est
2343 5438 2488 5508 quod
2517 5436 2784 5491 Abraham
2811 5442 2972 5490 vocat
2994 5432 3061 5488 de
3086 5431 3353 5501 gentibus,
3397 5445 3496 5485 au-

1909 5539 2000 5601 get
2022 5529 2274 5595 nomine,
2305 5536 2513 5598 patrem
2543 5525 2664 5581 lldei
2698 5523 2848 5590 facit,
2891 5523 3181 5579 comitatur
3206 5522 3292 5577 via
3310 5560 3326 5587 ,
3356 5521 3497 5576 inter

1910 5628 2128 5677 exteros
2147 5626 2346 5685 servat,
2378 5617 2516 5673 ditat
2551 5616 2743 5684 rebus,
2771 5614 3001 5671 honorat
3028 5612 3341 5683 triumphis,
3371 5626 3497 5685 pro-

1979 5847 2011 5889 δ
2032 5847 2130 5907 Ms.
2155 5846 2384 5914 Caesen.,
2414 5844 2549 5919 quod
2568 5845 2691 5901 mihi
2723 5842 2861 5900 Deus
2879 5844 3011 5898 scire
3034 5840 3316 5898 donaverit.

3478 5889 3487 5899 τ
3522 5853 3540 5929 ξ
