3930 6354
406 367 516 436 598

1664 362 1724 419 8.
1767 359 1979 418 PETRI
2014 355 2450 417 CllRYBOI-OGI

403 490 586 553 missis
613 488 954 561 oppignerat,
984 482 1144 554 eripit
1173 478 1400 551 injuriis,
1429 473 1802 549 hospitalitate
1837 473 1997 531 blan-
2024 477 2076 537 Δ
2099 481 2210 542 est,
2242 474 2298 529 in
2343 473 2486 530 ctelo
2529 485 2642 530 non
2682 475 2898 545 petat!
2935 474 3292 534 bonoriwun
3317 491 3431 535 non
3465 479 3688 540 haberi!

403 587 571 650 ditur,
615 581 868 640 miriﬁcat
907 575 1146 648 gemine
1181 572 1508 644 desperato;
1547 573 1610 625 ut
1645 575 1728 624 tot
1752 566 1996 639 repletus

401 677 565 735 bonis
587 718 602 742 ,
654 677 804 730 tanta
851 665 1044 726 divinae
1087 663 1302 722 illectus
1345 661 1634 718 dulcedine
1680 658 1990 726 cbaritatis,

402 772 575 828 Deum
601 761 822 835 diligere
847 763 1097 826 disceret,
1129 771 1238 814 non
1263 756 1485 821 timere;
1515 753 1747 809 amando
1787 752 1988 817 colere,

401 873 512 917 non
541 856 787 931 pavendo
819 849 972 924 (Gen.
1001 851 1120 922 xu).
1144 847 1282 904 Hinc
1303 853 1387 902 est
1412 843 1557 915 quod
1577 843 1746 900 Jacob
1786 842 1993 911 fugien-

403 960 511 1006 tem
543 948 752 1005 solatur
779 947 832 1001 in
853 944 1078 1006 samnis,
1100 939 1414 996 redeuntem
1441 951 1539 1008 pro
1557 933 1853 992 certamine
1873 945 1994 1004 pro-

400 1047 581 1106 vocat,
623 1037 906 1095 luctatoris
931 1032 1251 1102 constringit
1278 1031 1554 1100 amplexu;
1584 1033 1643 1082 ut
1664 1034 1872 1082 amaret
1899 1037 1995 1096 pa-

401 1146 539 1188 trem
573 1125 911 1194 certaminis,
943 1143 1050 1181 non
1077 1127 1292 1180 timeret
1321 1121 1472 1192 (Gen.
1511 1120 1717 1192 xxviii).
1749 1113 1886 1175 Hinc
1911 1131 1994 1174 est

401 1224 548 1295 quod
588 1221 810 1295 Moysen
851 1219 1024 1290 patria
1068 1227 1199 1270 voce
1224 1219 1404 1277 vocat,
1441 1220 1664 1282 paterna
1703 1211 1996 1279 alloquitur

401 1315 684 1380 charitate,
728 1319 785 1366 ut
825 1311 896 1365 sit
929 1308 1101 1379 plebis
1128 1320 1238 1360 sua:
1284 1305 1539 1358 liberator
1577 1303 1765 1356 invitat
1794 1301 1990 1372 (Exod.

401 1411 504 1475 ut).
552 1404 620 1458 Et
647 1402 775 1472 quid
805 1400 998 1471 plura?
1029 1395 1196 1452 Deum
1227 1394 1372 1458 facit,
1403 1391 1552 1448 dedit
1579 1409 1700 1448 eum
1743 1394 1794 1447 in
1826 1393 1994 1447 Deum

404 1497 736 1560 Pharaonis;
771 1494 938 1548 Deum
987 1490 1146 1553 facit,
1178 1488 1353 1543 munit
1377 1488 1561 1555 signis,
1591 1494 1765 1540 aﬂuat
1794 1485 1998 1540 virtuti-

401 1589 523 1656 bus,
565 1587 730 1658 jussis
767 1581 910 1642 bella
940 1584 1229 1654 expugnat,
1269 1580 1493 1634 militem
1523 1579 1639 1647 ipso
1669 1578 1834 1631 verbo
1873 1577 1994 1630 viu-

403 1695 531 1738 cere
583 1674 791 1744 tribuit,
833 1675 1112 1748 pracceptis
1153 1672 1489 1742 triumphare
1535 1669 1787 1726 concedit
1833 1677 1996 1738 atque

401 1787 504 1844 per
531 1781 716 1826 omnes
741 1768 999 1824 virtutum
1026 1775 1258 1821 coronas
1285 1763 1353 1818 ad
1380 1761 1668 1818 amicitiam
1687 1769 1840 1815 suam
1870 1775 1998 1831 pro-

2096 565 2397 630 Faciatltua,
2427 566 2629 635 inquit,
2653 567 2912 622 hominem
2949 568 3021 622 Id
3363 580 3420 627 οι
3441 574 3688 630 simili»

2097 657 2268 712 dim
2295 667 2526 712 nostram
2554 657 2707 731 (Gen.
2758 661 2821 729 ι).
2853 657 3097 715 Perfecta
3137 661 3357 718 devotio
3396 662 3508 720 hoc
3533 664 3690 722 debet

2095 747 2345 816 imagini,
2374 747 2520 816 quod
2559 749 2721 803 debet
2746 755 2804 804 et
2849 751 2980 818 legi.
3011 749 3068 804 Si
3096 751 3164 806 de
3207 753 3351 808 cano
3371 756 3690 826 ωωροειωι

2094 840 2364 909 angelum,
2407 839 2751 896 nihilominus
2804 840 3087 897 invisibilis
3125 843 3420 900 haberetur
3466 863 3482 900 :
3533 846 3582 902 si
3623 847 3691 904 de

2096 939 2239 987 terra
2283 933 2462 988 minus
2489 932 2724 998 homine,
2754 942 2811 988 et
2854 932 3149 990 divinitatis
3192 945 3341 991 eaut
3386 936 3607 1005 injuria.
3636 949 3692 996 et

2095 1021 2379 1094 deiecisset
2406 1026 2696 1092 hominem,
2727 1041 2834 1082 non
2866 1027 3116 1084 levasset.
3164 1027 3334 1085 Nam
3373 1045 3530 1102 ergo,
3561 1033 3689 1089 cha-

2097 1117 2311 1182 risslmi,
2345 1117 2438 1172 Dei
2463 1119 2654 1174 credat
2677 1117 2950 1188 iniuriam,
2981 1121 3028 1175 si
3058 1119 3200 1176 Deus
3224 1121 3292 1176 ad
3323 1123 3578 1179 homines
3599 1141 3692 1195 per

2097 1209 2370 1264 hominem
2400 1211 2561 1277 venit,
2584 1219 2641 1266 et
2665 1213 2956 1282 assumpsit
2984 1227 3050 1267 ex
3071 1214 3247 1280 nobis,
3270 1223 3333 1270 ut
3358 1215 3639 1271 videretur
3657 1232 3690 1272 a

2098 1302 2253 1356 nobis
2279 1302 2373 1371 qui
2397 1304 2528 1357 vivit
2553 1311 2612 1358 et
2651 1313 2839 1373 regnat
2869 1304 3012 1364 Dens
3035 1315 3198 1373 nunc,
3227 1316 3286 1364 et
3325 1319 3352 1347 ι
3381 1322 3486 1380 per
3510 1311 3688 1366 onia

2098 1395 2291 1450 secula
2321 1396 2658 1450 saeculorum.
2695 1396 2886 1453 Amen.

2259 1473 2263 1476 ’
2624 1487 2857 1544 cunno
2888 1489 3163 1548 CXLVIII.

2742 1579 2824 1636 De
2849 1583 3049 1636 eodem.

2169 1667 2360 1735 Hodie,
2391 1671 2604 1735 iratres,
2634 1670 2944 1729 hesternum
2972 1675 3230 1732 debemus
3258 1677 3552 1732 redhibere
3577 1693 3689 1734 ser-

2099 1773 2332 1826 monem,
2366 1762 2525 1817 hodie
2548 1763 2836 1818 Dotuinirm
2852 1766 3147 1820 nativitatis
3170 1767 3411 1821 latitiam
3431 1767 3689 1823 debemus

401 1867 617 1929 movet,
647 1859 881 1920 cmlestis
906 1859 1054 1929 regni
1075 1865 1297 1930 praestat
1320 1865 1440 1911 esse
1461 1855 1778 1926 participem
1797 1891 1812 1919 ,
1842 1863 1900 1910 et
1937 1861 1998 1908 at
2029 1861 2076 1920 Β
2099 1854 2298 1910 iterare
2329 1869 2342 1909 :
2372 1856 2590 1924 quando
2616 1857 2853 1927 concipit
2881 1857 3063 1926 Virgo,
3099 1859 3248 1928 virgo
3299 1859 3469 1930 parit,
3515 1869 3690 1916 manet

401 1961 520 2031 ipse
558 1952 630 2013 sit
675 1953 948 2026 legislator
975 1951 1245 2021 indulget,
1277 1957 1447 2006 totum
1488 1957 1670 2004 tamen
1695 1957 1755 2002 ut
1788 1955 1996 2003 amaret

402 2053 646 2124 accepit:
671 2047 902 2119 denique
934 2055 1141 2102 tantum
1171 2049 1315 2100 esset
1347 2043 1443 2098 Dei
1467 2053 1652 2097 amore
1679 2051 1989 2104 succensus,

400 2150 464 2200 ut
509 2143 626 2214 ipse
652 2139 904 2198 ardenter
949 2138 1214 2207 diligeret,
1238 2141 1293 2192 et
1319 2135 1454 2192 alios
1493 2139 1552 2189 ut
1589 2129 1874 2203 diligerent
1913 2134 1995 2188 sic

404 2239 656 2291 moneret
686 2249 700 2286 :
735 2227 933 2303 Diliges
955 2225 1238 2284 Dominum
1265 2226 1431 2282 Deum
1462 2235 1602 2280 tuum
1620 2233 1686 2280 ea:
1712 2233 1816 2279 tete
1841 2223 1998 2278 corde

407 2336 514 2389 tuo,
549 2337 614 2379 ex
648 2329 757 2380 tota
787 2321 965 2376 animo
1013 2329 1128 2385 tua,
1163 2329 1215 2375 et
1246 2333 1310 2375 ex
1350 2323 1455 2374 tetu
1487 2320 1674 2373 virtute
1697 2321 1783 2372 tite
1813 2315 1990 2388 (Deut.

404 2415 502 2488 vi).
529 2411 797 2484 Quidquid
843 2417 926 2468 est
949 2409 1148 2477 cordis,
1183 2409 1436 2481 quidquid
1481 2409 1677 2464 mentis
1695 2451 1709 2474 ,
1741 2408 1997 2478 quidquid

403 2503 618 2562 virtutis
659 2505 924 2570 humanm,
956 2501 1029 2559 ita
1071 2498 1169 2558 Del
1195 2513 1382 2557 amore
1411 2500 1578 2556 voluit
1607 2499 1891 2571 possideri,
1937 2503 1999 2554 ut

404 2592 638 2653 hominis
658 2594 960 2651 mundanus
979 2605 1086 2649 non
1109 2591 1336 2649 haberet
1352 2592 1483 2661 quid
1504 2591 1733 2645 violaret
1753 2588 1994 2646 allectus.

403 2683 512 2742 Sed
546 2699 645 2756 per
671 2685 786 2741 bmc
822 2695 944 2756 quis
971 2684 1407 2747 memoravimus,
1442 2679 1531 2736 ubi
1573 2681 1807 2736 humana
1834 2681 1996 2736 conta

405 2773 620 2830 ﬂama
646 2775 842 2831 divinae
865 2774 1146 2831 charitalis
1169 2773 1438 2838 accendit,
1468 2779 1524 2826 et
1543 2771 1794 2826 humanis
1820 2771 1998 2826 sensi-

406 2867 508 2922 bus
527 2867 727 2922 amoris
753 2867 848 2922 Dei
876 2871 990 2922 tota
1015 2875 1078 2921 se
1107 2864 1283 2920 mauu
1323 2863 1577 2928 ebrietas,
1597 2865 1783 2919 saucia
1817 2871 2002 2920 meare

407 2963 690 3028 coeperunt
708 2956 877 3013 Deum
898 2957 1202 3012 carnalibus
1230 2955 1370 3011 velle
1395 2955 1567 3012 oculis
1589 2955 1805 3010 intueri.
1829 2951 2000 3010 Deam

408 3061 570 3121 quem
607 3049 837 3106 mundus
863 3063 972 3105 non
1012 3050 1176 3120 capit,
1201 3055 1459 3119 angustus
1485 3045 1760 3118 quomodo
1799 3055 2003 3120 capere

409 3147 624 3213 poterat
649 3141 913 3196 hmuanus
961 3143 1248 3211 aspectus?
1275 3139 1414 3208 Quid
1461 3141 1584 3206 erit,
1611 3139 1742 3210 quid
1779 3136 1997 3206 debeat,

2096 1947 2268 2016 virgo,
2293 1961 2399 2001 non
2423 1959 2505 2002 est
2524 1949 2879 2014 consuetudo,
2900 1951 2998 2004 sed
3022 1951 3266 2018 signum;
3292 1967 3405 2006 non
3427 1960 3515 2005 est
3533 1952 3687 2014 ratio,

2095 2038 2191 2095 sed
2219 2037 2248 2078 δ
2274 2040 2472 2104 virtus;
2522 2049 2710 2094 auctor
2733 2049 2837 2106 est,
2869 2051 2978 2095 non
3026 2051 3255 2106 natura;
3305 2057 3417 2097 non
3438 2050 3688 2098 estcon-

2097 2143 2279 2197 munc,
2311 2130 2405 2185 sed
2433 2131 2641 2196 solum;
2671 2131 2912 2187 divinum
2941 2142 3045 2198 eat,
3084 2147 3191 2188 non
3217 2133 3539 2188 humanum.
3559 2132 3688 2189 Ges-

2097 2230 2182 2278 set
2206 2234 2337 2291 ergo
2365 2221 2540 2277 inanis
2587 2224 2940 2294 philosophia:
2993 2225 3168 2289 labor,
3220 2227 3369 2281 nasci
3413 2223 3689 2282 Christum

2099 2325 2208 2368 non
2249 2315 2348 2368 fuit
2391 2315 2705 2377 necessitas,
2730 2315 2823 2370 sed
2847 2323 3121 2385 potestas;
3147 2315 3248 2370 fuit
3272 2315 3475 2382 honor,
3500 2315 3686 2384 injun'a

2099 2419 2208 2462 non
2237 2403 2365 2467 fuit;
2392 2415 2787 2460 sacramentum
2816 2408 3035 2476 pietatis
3059 2407 3177 2471 luit,
3207 2407 3430 2463 deitatia
3458 2424 3570 2463 non
3597 2407 3688 2464 fait

2099 2496 2509 2559 detrimentum;
2553 2497 2654 2551 ﬁtit
2694 2497 2963 2567 reparatio
3001 2497 3188 2552 salutis
3215 2498 3494 2563 humanm,
3517 2499 3686 2555 hu»

2101 2588 2251 2641 nullo
2295 2587 2609 2641 substantiae
2649 2603 2758 2641 non
2805 2586 2904 2641 fuit
2935 2587 3039 2642 hoc
3067 2589 3280 2643 divinae.
3317 2587 3424 2656 Qui
3458 2600 3568 2646 non
3596 2605 3683 2644 na-

2099 2677 2301 2734 scendo
2322 2691 2390 2732 es
2414 2678 2615 2734 intacto
2644 2679 2771 2733 limo
2800 2677 2928 2733 fecit
2951 2680 3245 2745 hominem,
3271 2681 3555 2737 nascendo
3583 2683 3684 2752 ipsa

2102 2770 2374 2826 hominem
2392 2771 2460 2826 de
2488 2785 2718 2840 corpore
2745 2769 2872 2826 fecit
2890 2771 3125 2836 intacto;
3155 2787 3348 2828 manus
3363 2787 3493 2842 qua:
3520 2773 3572 2828 in
3593 2787 3683 2828 at»

2103 2871 2270 2918 suum
2297 2865 2500 2934 plasma
2522 2864 2691 2919 latum
2711 2863 2995 2934 dignanter
3021 2865 3332 2935 assumpsit,
3365 2864 3440 2919 ad
3467 2880 3681 2936 repara-

2103 2958 2305 3015 tionem
2333 2965 2573 3013 nostram
2593 2958 2874 3026 dignanter
2891 2959 3181 3027 assunipsit
3207 2966 3265 3012 et
3283 2968 3530 3013 cantem.
3552 2955 3684 3026 Ergo

2104 3047 2247 3120 quod
2266 3047 2496 3104 Greater
2513 3048 2569 3103 in
2595 3059 2846 3104 creatura
2872 3062 2992 3111 sua,
3016 3047 3160 3118 quod
3187 3047 3330 3103 Dein
3349 3047 3681 3104 invenituria

2104 3157 2286 3209 carne,
2315 3151 2580 3198 creaturae
2604 3139 2781 3197 honor
2796 3148 2903 3207 est,
2937 3156 3044 3196 non
3067 3148 3152 3196 est
3171 3137 3457 3196 Creatoris
3477 3140 3698 3208 injurtat.

409 3231 539 3303 quid
563 3231 762 3303 possit,
793 3246 902 3288 non
951 3232 1172 3302 respicit
1204 3231 1292 3302 ius
1333 3231 1552 3287 amoris.
1586 3230 1754 3286 Amor
1786 3230 2000 3300 ignorat
2027 3236 2074 3301 ο
2103 3236 2210 3293 sed
2235 3238 2341 3292 hoc
2365 3235 2749 3292 contumatiam
2773 3235 2967 3300 endit,
2997 3235 3091 3304 qui
3138 3233 3314 3292 credit
3357 3232 3524 3290 lutum
3557 3246 3688 3302 prob.

409 3321 684 3394 judicium,
725 3323 938 3379 ratione
973 3331 1152 3390 caret,
1183 3321 1403 3378 modum
1449 3322 1641 3378 nescit.
1673 3321 1845 3378 Amer
1889 3333 2000 3378 non

413 3413 607 3485 accipit
624 3413 693 3470 de
718 3411 1144 3485 itnpossibililate
1168 3413 1441 3479 solatium,
1466 3427 1573 3469 non
1595 3413 1788 3484 recipit
1805 3413 1876 3471 de
1897 3413 2002 3469 dii-

415 3504 651 3562 iicuitatc
672 3503 988 3562 remedium.
1021 3507 1188 3561 Amor
1205 3506 1308 3562 nisi
1336 3506 1402 3561 ad
1430 3505 1732 3561 desiderata
1752 3514 2002 3576 pervase-

415 3597 506 3664 rit,
538 3602 697 3653 necat
739 3605 1036 3664 amantem;
1075 3605 1131 3652 et
1158 3597 1281 3653 ideo
1308 3595 1453 3653 vadit
1493 3605 1601 3666 quo
1626 3591 1858 3662 ducitur,
1889 3609 2000 3652 non

417 3701 526 3756 quo
569 3687 782 3742 debeat.
810 3687 976 3741 Amor
999 3688 1140 3757 parit
1183 3687 1542 3751 desiderium,
1573 3685 1749 3756 gliscit
1781 3687 1998 3752 ardore,

417 3775 580 3831 ardor
617 3775 685 3831 ad
726 3777 1038 3832 inconcessa
1071 3778 1358 3847 pertendit.
1390 3776 1458 3831 Et
1483 3777 1612 3847 quid
1633 3777 1818 3846 plura?
1839 3774 2006 3832 Amor

418 3866 565 3937 quod
592 3874 736 3921 amat
764 3881 872 3922 non
893 3873 1072 3937 potest
1099 3879 1206 3922 non
1225 3869 1409 3924 videre
1435 3885 1448 3922 :
1473 3869 1599 3925 hinc
1622 3877 1706 3924 est
1721 3867 1866 3938 quod
1885 3883 2004 3924 oln-

417 3969 515 4012 nes
539 3958 712 4013 sancti
743 3959 926 4014 omnia
952 3971 1076 4028 quae
1103 3967 1411 4014 meruerant
1436 3971 1602 4029 parva
1640 3959 1925 4027 duxerunt,
1953 3961 2004 4016 si

417 4048 704 4104 Dominum
731 4061 838 4104 non
869 4049 1129 4104 viderent.
1159 4048 1226 4102 Et
1252 4062 1460 4115 revera,
1493 4051 1700 4117 iratres,
1730 4050 2002 4120 quomodo

416 4153 515 4210 pro
543 4135 816 4195 beneﬂciis
844 4139 1033 4195 reddet
1060 4139 1394 4209 obsequium,
1417 4141 1465 4194 si
1487 4138 1864 4196 beneficiorum
1893 4155 2003 4196 non

417 4229 598 4285 videat
641 4231 988 4299 largitorem?
1035 4229 1143 4284 Aut
1187 4229 1461 4300 quomodo
1511 4230 1680 4285 credit
1725 4245 1758 4284 a
1784 4231 1896 4287 Deo
1940 4241 2004 4288 se

417 4325 606 4386 amari,
637 4323 790 4392 cujus
826 4337 934 4378 non
965 4330 1204 4378 meretur
1234 4324 1548 4393 aspectum?
1576 4320 1714 4378 Hinc
1749 4331 1832 4378 est
1854 4323 2002 4394 quod

416 4428 568 4468 amor
611 4415 703 4483 qui
748 4415 899 4484 cupit
925 4414 1109 4469 videre
1139 4413 1338 4478 Deum,
1362 4421 1418 4467 et
1454 4413 1501 4467 si
1529 4428 1636 4468 non
1663 4413 1826 4469 habet
1859 4414 2004 4482 judi-

417 4507 580 4572 cium,
613 4503 777 4563 habet
814 4514 992 4562 tamen
1019 4506 1255 4561 studium
1299 4507 1531 4577 pietatis.
1561 4504 1697 4562 Hinc
1733 4513 1816 4562 est
1856 4506 2004 4576 quod

2103 3328 2294 3384 tinctus
2317 3337 2440 3382 esse
2464 3340 2629 3396 quam
2655 3335 2894 3381 cantem.
2946 3323 3197 3380 Fortasse
3235 3324 3466 3394 potitet
3487 3322 3551 3378 de
3575 3321 3686 3382 lati

2104 3417 2296 3488 iniuria
2324 3415 2378 3471 in
2399 3417 2660 3472 honorem
2680 3415 2876 3477 carnis.
2903 3417 2957 3468 in
2986 3414 3219 3472 hominis
3235 3413 3467 3484 gloriam
3483 3427 3539 3468 se
3560 3427 3675 3468 uiu-

2103 3509 2305 3565 tatnm?
2343 3508 2537 3571 ﬂoreo,
2578 3518 2747 3576 quam
2779 3509 2874 3564 tibi
2914 3515 3023 3562 tam
3053 3507 3172 3562 vilis
3201 3520 3280 3570 es,
3309 3507 3407 3574 qui
3430 3515 3536 3560 tam
3561 3518 3682 3574 pre-

2101 3601 2273 3656 tiosus
2314 3612 2378 3655 es
2403 3597 2549 3655 Deo?
2588 3598 2768 3665 Quare
2793 3600 2873 3655 sic
2923 3599 3219 3654 honoratus
3255 3612 3288 3652 a
3320 3597 3433 3654 Deo
3462 3597 3679 3665 teipsum

2101 3691 2282 3748 taliter
2327 3689 2655 3744 inhonorus?
2707 3687 2886 3755 Quare
2910 3689 3107 3758 quatis
3135 3687 3277 3742 unde
3309 3687 3486 3744 (acuis
3511 3687 3594 3749 sis.
3622 3692 3681 3740 et

2102 3784 2170 3840 ad
2194 3781 2322 3854 quid
2351 3781 2526 3838 factus
2545 3784 2620 3837 sis
2639 3799 2746 3836 non
2767 3783 3030 3850 requiris?
3051 3780 3240 3836 Nonne
3259 3787 3374 3834 tota
3395 3781 3497 3834 ista
3523 3793 3682 3848 quam

2100 3874 2251 3931 vides
2287 3875 2385 3930 tibi
2423 3873 2563 3930 facta
2612 3880 2697 3928 est
2741 3873 2923 3928 mundi
2965 3872 3191 3925 domus?
3229 3868 3349 3928 Tibi
3391 3870 3564 3926 infusa
3589 3869 3680 3923 lux

2101 3963 2452 4022 circumfusa
2469 3972 2714 4020 removet
2735 3964 3004 4023 tenebras.
3022 3962 3116 4017 tibi
3139 3970 3222 4018 est
3239 3971 3537 4031 temperata
3552 3976 3677 4024 uox.

2101 4057 2198 4112 tibi
2224 4057 2497 4112 dimensus
2523 4064 2607 4112 est
2634 4055 2785 4112 dies:
2817 4055 2910 4110 tibi
2930 4055 3147 4120 omium,
3177 4054 3326 4116 solis,
3363 4053 3522 4118 lunai,
3556 4051 3679 4106 stel-

2101 4147 2271 4203 larum
2297 4149 2448 4203 vario
2475 4145 2680 4218 fulgore
2708 4146 2970 4202 radiatmn
3001 4155 3110 4212 est;
3143 4147 3239 4202 tibi
3267 4157 3413 4202 terra
3442 4145 3675 4211 ﬂoribug

2101 4239 2432 4306 nemoribus,
2478 4238 2738 4295 fructibus
2780 4246 2867 4295 est
2892 4239 3136 4308 depicta;
3166 4238 3265 4294 tibi
3305 4247 3489 4293 creata
3513 4247 3594 4292 est
3619 4237 3678 4291 in

2101 4343 2246 4397 aere,
2297 4332 2520 4402 adipis,
2563 4333 2620 4386 in
2656 4343 2794 4401 aqua
2831 4332 3074 4401 speciosa
3112 4331 3396 4386 continens
3425 4329 3678 4385 mirabilis

2101 4422 2452 4479 animantium
2473 4423 2776 4485 multitudo,
2803 4437 2870 4478 ne
2888 4421 3139 4490 gaudium
3163 4423 3288 4475 novi
3311 4421 3487 4478 seculi
3512 4420 3678 4475 tristis

2101 4514 2336 4569 solitudo
2359 4512 2738 4570 confunderet.
2767 4512 2902 4569 Hinc
2929 4521 3012 4568 est
3057 4512 3202 4582 quod
3232 4512 3362 4570 fecit
3387 4521 3442 4568 te
3468 4527 3584 4567 esse
3609 4510 3676 4566 de

418 4597 632 4671 Moyses
656 4598 817 4653 audet
843 4597 1059 4654 dicere:
1093 4596 1154 4652 Si
1174 4599 1344 4652 inveni
1378 4599 1602 4669 gratiast
1623 4606 1801 4653 cerua
1829 4607 1896 4664 te.
1923 4614 2008 4656 oo-
2034 4609 2081 4669 υ
2107 4612 2269 4670 terra,
2303 4611 2361 4659 ut
2377 4618 2526 4662 esses
2552 4610 2612 4659 tu
2635 4602 2884 4660 dominus
2904 4612 3262 4666 terr-auorum.
3293 4611 3351 4658 et
3377 4617 3524 4658 esses
3552 4601 3678 4671 ipsis

417 4688 568 4745 tende
587 4690 712 4744 mihi
735 4689 918 4761 facim
959 4696 1100 4742 tuam
1121 4687 1318 4760 (Exod.
1351 4687 1558 4749 sum).
1590 4686 1725 4745 Hinc
1745 4696 1828 4744 est
1850 4688 1998 4758 quod

415 4782 553 4838 alius
577 4779 707 4838 dicit
737 4797 752 4835 :
786 4779 1013 4838 Ostende
1045 4783 1230 4852 {actem
1269 4789 1411 4836 tuam
1441 4779 1614 4853 (Paul.
1643 4781 1850 4851 tua).
1889 4781 1999 4838 Deo

413 4873 578 4946 nique
606 4884 660 4930 et
697 4874 800 4945 ipsi
837 4873 1063 4944 gentiles
1083 4873 1155 4929 ob
1181 4873 1285 4928 hoc
1307 4872 1591 4928 simulacra
1619 4870 1907 4938 luserunt.
1940 4879 2001 4929 ut

414 4967 471 5024 in
512 4962 642 5040 ipsis
689 4967 963 5024 erroribus
990 4964 1162 5022 oculis
1207 4971 1494 5022 corruerent
1536 4963 1682 5035 quod
1725 4964 1995 5022 colebant.

411 5052 602 5115 Sciens
622 5069 750 5127 ergo
777 5055 920 5114 Deus
947 5055 1152 5112 visendi
1177 5069 1240 5112 se
1264 5053 1532 5112 desiderio
1556 5053 1804 5120 cruciari,
1834 5056 1998 5110 lassa-

411 5144 567 5217 rique
606 5148 878 5213 mortales,
913 5147 1056 5202 unde
1081 5157 1142 5202 se
1161 5144 1426 5201 visibilem
1456 5145 1654 5200 taceret
1676 5145 1781 5200 hoc
1812 5145 1995 5212 elegit,

413 5238 555 5310 quod
583 5247 726 5294 esset
757 5246 812 5294 et
832 5238 1061 5294 terrenis
1089 5250 1358 5308 magnum,
1391 5244 1446 5291 et
1465 5239 1572 5292 non
1599 5238 1876 5292 minimum
1903 5253 1996 5293 su-

410 5331 612 5405 pernis.
636 5328 769 5388 Nam
791 5331 937 5402 quod
970 5331 1026 5387 in
1060 5340 1203 5388 terra
1247 5344 1278 5385 a
1325 5329 1438 5386 Deo
1464 5330 1568 5386 sibi
1593 5330 1771 5387 simile
1797 5329 1997 5387 factm

483 5543 511 5572 ι
534 5529 644 5590 liae
683 5531 910 5588 formula
941 5531 1218 5586 absolvere
1245 5532 1534 5588 conciones
1560 5532 1802 5587 solemne
1830 5531 1990 5588 luisse

411 5600 681 5672 Patribus,
714 5611 940 5672 testatur
966 5601 1240 5657 Ferrarius
1275 5603 1342 5658 de
1374 5602 1634 5672 Conrion.
1658 5602 1759 5672 lib.
1796 5618 1833 5663 ι.
1863 5615 1985 5672 cap.

413 5671 502 5754 52Ξ
535 5687 658 5754 pag.
694 5671 931 5754 ιξξλυδί
954 5683 1007 5728 et
1036 5675 1206 5754 ipsum
1236 5673 1418 5728 laudat
1444 5671 1850 5754 Chrxsoliigiim.
1904 5741 1916 5754 θ

453 5811 464 5823 _
489 5740 911 5824 ﬁ‘riil‘usitatius
942 5740 1084 5824 apud
1117 5753 1325 5824 veteres
1357 5758 1516 5812 quam
1538 5740 1747 5824 uirtutis
1769 5741 1991 5824 nomine

411 5810 768 5879 divinitatem,
799 5819 854 5870 et
874 5810 1103 5870 maxime
1129 5810 1343 5879 Christi,
1367 5810 1667 5869 enuntiare.
1690 5811 1818 5868 Sola
1841 5812 1994 5869 testi-

2103 4693 2158 4750 in
2197 4694 2365 4764 ipsius
2417 4694 2729 4750 substantiae
2767 4693 3146 4750 communione
3183 4693 3531 4750 communis:
3580 4706 3676 4746 nec

2085 4789 2283 4842 tamen
2310 4794 2365 4842 to
2389 4794 2664 4842 terrenti
2695 4785 3036 4841 terrestribus
3061 4785 3142 4840 sic
3173 4783 3430 4853 aequavit,
3473 4791 3533 4837 ut
3572 4797 3674 4837 non

2102 4879 2265 4935 etiam
2285 4879 2592 4935 calentibus
2619 4878 2913 4934 animatum
2941 4886 2993 4932 te
3011 4877 3222 4933 cmiitus
3249 4882 3558 4946 exmquaret
3581 4892 3596 4928 :
3624 4882 3674 4929 et

2105 4977 2163 5026 ut
2190 4978 2332 5027 esset
2357 4969 2454 5025 tibi
2492 4983 2614 5025 cum
2641 4966 2754 5024 Deo
2791 4968 2932 5023 ratio
2969 4966 3290 5033 communis,
3317 4981 3512 5038 corpus
3533 4980 3672 5020 corn—

2104 5063 2266 5116 mune
2291 5074 2412 5116 cum
2436 5058 2716 5130 iumentis,
2743 5055 2892 5113 dedit
2919 5057 3014 5112 tibi
3045 5058 3276 5112 animam
3306 5055 3377 5112 de
3396 5055 3552 5120 celo,
3580 5059 3669 5111 ἀει

2097 5147 2177 5206 dit
2203 5150 2299 5204 tibi
2321 5163 2520 5219 corpus
2557 5147 2625 5204 de
2658 5156 2821 5214 terra,
2854 5154 2914 5203 ut
2947 5149 2999 5202 in
3023 5156 3075 5204 te
3102 5162 3238 5203 nexa
3266 5147 3390 5204 caeli
3420 5156 3672 5216 temeque

2097 5241 2385 5298 colicordla
2423 5249 2752 5297 servaretur.
2797 5239 2983 5294 Adhuc
3013 5249 3189 5294 tamen
3217 5239 3346 5308 quid
3370 5239 3584 5307 adjiciat
3606 5236 3669 5291 ad

2097 5329 2360 5389 honorem
2385 5340 2534 5388 tuum
2563 5340 2684 5386 tuus
2710 5328 2938 5387 Creator
2982 5330 3251 5400 excogitat
3277 5347 3291 5384 :
3323 5329 3378 5385 in
3409 5338 3464 5385 te
3491 5328 3668 5398 imagi-

2397 5542 2442 5586 te
2464 5528 2835 5586 Theodoretus
2857 5530 3060 5598 colligit
3083 5530 3151 5584 ad
3180 5530 3386 5585 calcem
3425 5528 3612 5598 dialogi
3633 5526 3666 5598 ξ

2093 5530 2293 5595 monia,
2397 5542 2442 5586 te
2464 5530 2835 5586 Theodoretus
2857 5530 3060 5598 colligit
3083 5530 3151 5584 ad
3180 5530 3386 5585 calcem
3425 5530 3527 5583 dial
3599 5530 3665 5580 '5

2093 5610 2283 5658 contra
2313 5542 2969 5670 'l‘lilmpaschitasabunde
2986 5600 3491 5670 JaCllllllthilt‘lalll
3530 5541 3665 5651 idin

2093 5610 2283 5658 contra
2313 5610 2732 5670 'l‘heopaschitas
2759 5610 2969 5656 abunde
3011 5610 3229 5656 iaciunt.
3290 5610 3491 5654 Addam
3541 5610 3665 5651 luna

2095 5672 2358 5726 Ambrosii
2392 5665 2480 5725 lib.
2510 5688 2544 5726 ιι
2569 5671 2635 5726 de
2664 5665 2806 5728 Fide.
2831 5688 2950 5738 cap.
2986 5665 3016 5724 7
3047 5687 3190 5725 num.
3225 5661 3325 5723 56:
3358 5665 3583 5723 Christus
3609 5671 3667 5719 et

2094 5739 2523 5814 humatur-bratur,
2553 5759 2658 5800 non
2689 5737 2920 5798 turbatur
2938 5743 3050 5814 ejus
3087 5743 3264 5808 virtus,
3294 5758 3401 5796 non
3439 5737 3664 5794 turbatur

2093 5813 2206 5884 ejus
2232 5811 2495 5890 diutum.
2609 5869 2620 5882 ,
