3878 6368
1563 335 1793 398 ΒΕΒΜΟ
1830 333 2057 390 CXLIX.

3347 337 3454 399 598

175 483 290 528 nem
315 477 476 524 sum
497 461 654 534 ponit
691 456 850 533 (Gott.
879 459 962 530 ι),
997 465 1059 512 ιιι.
1086 454 1245 512 terris
1273 453 1594 512 invisibilem
1625 467 1756 508 con-
1783 453 1832 518 Α
1859 453 2186 522 redintegret
2212 462 2490 521 naturam;
2514 452 2794 508 infantiam
2827 453 3064 523 suscepit
3111 453 3218 520 ille,
3249 455 3455 524 patitur

175 565 394 620 ditorem
420 555 648 612 visibilis
693 553 870 622 imago
925 557 1242 621 praesentem
1287 555 1547 620 poneret,
1597 553 1651 600 et
1698 543 1752 600 in

175 653 392 713 terrenis
433 647 583 705 dedit
629 646 723 704 tibi
764 645 914 701 vices
948 657 1096 706 suas,
1137 651 1196 698 ut
1223 655 1334 696 non
1364 650 1388 676 ἰ
1415 636 1756 694 fraudaretur

176 744 374 804 Domini
404 741 610 798 vicario
638 737 824 794 mundi
849 743 964 790 tam
989 735 1134 803 larga
1163 731 1452 804 possessio.
1485 728 1551 784 Et
1575 730 1620 784 si
1651 729 1758 784 ista

177 841 244 896 ita
286 845 430 900 sunt,
461 847 632 902 quare
657 829 820 886 modo
863 835 1080 899 putatur
1120 824 1336 895 injuria,
1372 821 1592 892 quando
1614 820 1758 876 Deus

177 929 308 1002 quod
329 941 424 996 per
445 941 510 981 se
535 923 664 980 fecit
689 921 746 976 in
775 929 847 986 te,
877 922 934 974 in
955 933 1012 974 se
1040 918 1334 972 clementer
1361 914 1596 985 excepit,
1625 921 1679 968 et
1700 912 1755 968 in

179 1023 380 1079 homine
409 1033 472 1074 se
499 1032 625 1073 vere
656 1015 824 1072 videri
850 1013 1046 1078 voluit,
1073 1013 1130 1068 in
1154 1027 1263 1082 quo
1285 1017 1414 1065 ante
1437 1007 1754 1078 imaginario

179 1115 335 1169 voluit
377 1127 440 1168 se
481 1109 682 1175 videri;
711 1107 968 1176 deditque
990 1115 1050 1162 ut
1073 1103 1101 1144 δ
1132 1104 1436 1178 proprietas
1455 1111 1598 1158 esset
1617 1101 1758 1172 ipse,

178 1208 257 1276 qui
307 1212 438 1260 ante
476 1211 538 1258 nt
582 1199 878 1256 similitudo
925 1206 1072 1253 esset
1123 1197 1439 1268 acceperat?
1492 1192 1756 1262 Concepit

177 1301 224 1352 vi
247 1311 333 1366 gn,
363 1297 522 1365 virgo
547 1294 778 1366 peperit,
802 1308 908 1348 non
938 1299 994 1347 te
1019 1297 1317 1360 conceptus
1338 1289 1538 1354 turbet,
1570 1293 1754 1357 partus

180 1399 228 1443 te
265 1403 368 1442 non
412 1385 710 1444 confundat
756 1384 996 1450 auditus,
1041 1381 1256 1452 quando
1284 1377 1568 1450 virginitas
1606 1377 1751 1448 quid-

178 1481 290 1549 quid
330 1486 418 1535 est
443 1478 664 1534 humani
711 1477 933 1547 pudoris
959 1484 1200 1531 excusat.
1225 1473 1332 1530 Aut
1351 1488 1472 1542 quae
1500 1472 1574 1528 ibi
1599 1487 1757 1528 vere-

179 1571 370 1628 ωικιιω
408 1571 576 1636 laesio,
611 1569 706 1624 ubi
731 1569 836 1624 init
866 1569 1044 1626 deitas
1068 1583 1192 1624 eum
1215 1567 1388 1622 amica
1411 1565 1512 1620 sibi
1540 1579 1755 1636 semper

179 1665 472 1732 integritate
508 1661 878 1728 consortium;
927 1660 1016 1716 ubi
1063 1667 1150 1716 est
1194 1658 1461 1729 interpres
1503 1656 1752 1727 angelus,

179 1756 588 1825 lidapronuba,
631 1754 980 1824 desponsatio
1019 1753 1258 1820 castitas,
1299 1751 1518 1806 donatio
1562 1751 1748 1816 virtus,

1857 546 2202 612 nutrimenta,
2255 545 2520 616 percurrit
2566 553 2774 612 aetates,
2824 553 2884 601 ut
2923 559 3086 600 unam
3135 544 3448 616 perfectam,

1854 653 2182 707 manentem,
2213 656 2375 710 quam
2415 639 2528 712 ipse
2571 639 2791 704 fecerat,
2837 641 3166 696 instauraret
3193 647 3450 695 aetatem:

1854 744 2036 810 portat
2061 735 2354 800 hominem,
2389 751 2456 790 ne
2481 733 2592 804 jam
2639 734 2832 790 cadere
2862 732 3027 788 homo
3057 733 3260 804 possit;
3291 745 3452 801 quem

1857 836 2128 886 terrenum
2161 826 2380 895 fecerat,
2404 825 2528 884 fecit
2556 842 2674 883 esse
2699 825 3009 892 caelestem;
3035 827 3325 882 animatum
3354 825 3454 880 hu-

1855 937 2017 978 mano
2056 919 2270 992 spiritu,
2320 921 2565 992 spiritum
2607 919 2839 976 vivificat
2877 920 2932 976 in
2973 919 3210 974 divinum
3245 939 3257 974 :
3292 925 3347 975 et
3377 919 3453 975 sic

1855 1030 1980 1072 eum
2008 1023 2183 1070 totum
2211 1011 2352 1070 tollit
2399 1015 2452 1069 in
2495 1011 2684 1080 Deum,
2728 1021 2784 1068 ut
2832 1015 2884 1069 in
2928 1030 2994 1069 eo
3031 1013 3176 1084 quod
3216 1015 3448 1086 peccati,

1855 1103 2000 1178 quod
2029 1105 2236 1172 mortis,
2266 1105 2412 1176 quod
2434 1105 2652 1170 laboris,
2675 1105 2820 1174 quod
2850 1105 3075 1170 doloris,
3104 1101 3250 1174 quod
3295 1096 3452 1160 terrai

1856 1206 1959 1263 est,
1986 1198 2062 1254 nil
2080 1195 2365 1267 relinquat,
2391 1205 2677 1268 praestante
2699 1197 2926 1252 Domino
2951 1205 3134 1251 nostro
3155 1195 3280 1252 Jesu
3302 1193 3452 1251 Chrio

1855 1301 1962 1360 sto,
1991 1288 2083 1364 qui
2111 1307 2233 1348 cum
2263 1287 2420 1348 Patre
2442 1291 2590 1358 vivit,
2623 1299 2678 1348 et
2705 1299 2894 1361 regnat
2921 1293 2972 1346 in
2996 1291 3201 1346 unitate
3221 1270 3451 1360 Spiritus

1855 1387 2028 1444 sancti
2058 1386 2217 1452 Deus,
2250 1400 2409 1451 nunc,
2442 1393 2497 1440 et
2524 1400 2755 1456 semper,
2788 1391 2840 1438 et
2869 1399 2966 1455 per
2995 1381 3316 1437 immortalia
3345 1395 3449 1437 sre-

1856 1481 1976 1538 cula
1997 1477 2336 1535 saeculorum.
2381 1475 2571 1534 Arnen.

2368 1563 2390 1608 τ
2433 1565 2665 1624 SERMO
2703 1563 2932 1622 CXLIX.

1998 1661 2080 1720 De
2108 1655 2398 1720 Nativitate
2427 1659 2619 1720 Christi
2647 1671 2694 1716 et
2723 1675 2847 1734 pace
2877 1659 3304 1714 Christianorum.

1926 1758 1986 1814 In
2027 1757 2261 1813 adventu
2301 1745 2515 1810 Domini
2557 1761 2610 1809 et
2651 1749 2946 1809 Salvator-is
2974 1749 3165 1816 nostri,
3207 1745 3452 1818 atquein

177 1848 324 1918 inlex
351 1846 709 1912 conscientia.
741 1862 904 1902 causa
932 1845 1094 1910 Deus.
1124 1850 1419 1914 conceptus
1449 1843 1751 1911 integritas,
1786 1840 1830 1900 Β
1857 1853 2142 1926 praesentia
2166 1849 2281 1921 ejus
2311 1847 2580 1918 corporali
2610 1847 2785 1916 angeli
2807 1845 3064 1900 ducentes
3085 1843 3279 1899 choros
3299 1839 3454 1897 ccele

179 1940 442 2008 virginitas
466 1946 671 2010 partus,
702 1941 855 2008 virgo
903 1939 1111 1994 mater?
1155 1937 1326 1992 Nemo
1373 1951 1502 2006 ergo
1549 1933 1755 2005 judicet

179 2031 398 2088 humano
425 2030 590 2086 modo
611 2030 760 2100 quod
777 2030 964 2086 divino
981 2030 1188 2100 geritur
1206 2036 1570 2092 sacramento,
1591 2043 1754 2084 nemo

183 2136 206 2165 ο
229 2123 535 2187 mysterium
573 2123 794 2180 emicem
820 2123 1074 2180 diseutiat
1090 2121 1304 2176 ratione
1330 2129 1560 2184 terrena,
1594 2136 1755 2177 nemo

181 2233 240 2274 ea
262 2232 359 2272 usu
379 2225 576 2272 tractet
607 2217 860 2271 novitatis
887 2230 1164 2281 arcanum,
1197 2229 1356 2268 nemo
1384 2211 1526 2282 quod
1567 2213 1754 2282 singu-

180 2311 278 2368 lare
321 2317 408 2365 est
451 2310 708 2366 metiatur
751 2308 1022 2378 exemplo,
1066 2323 1228 2362 nemo
1267 2307 1650 2362 contumeliam
1687 2307 1755 2364 de

179 2402 370 2473 pietate
383 2411 698 2472 componat.
724 2415 886 2456 nemo
903 2400 1203 2470 periculum
1231 2400 1424 2454 subeat
1447 2400 1513 2456 de
1559 2401 1751 2458 salute.

181 2491 330 2548 Certe
350 2494 440 2562 qui
465 2493 610 2548 scire
635 2493 903 2548 desiderat
930 2493 1145 2559 altiora,
1173 2501 1417 2548 recurrat
1443 2493 1514 2548 ad
1559 2493 1750 2564 legero,

181 2597 272 2658 per
302 2587 470 2656 legem
515 2587 650 2656 legis
691 2586 974 2642 scientiam
1011 2594 1236 2655 quaerat,
1279 2585 1518 2642 auctoris
1558 2586 1755 2644 factum

181 2681 486 2736 suauitate
521 2687 815 2748 cognoscat
856 2679 1112 2736 auctoris.
1157 2678 1268 2734 Lex
1297 2677 1652 2748 retertwen.
1681 2681 1753 2753 ιι)

181 2771 312 2839 quod
335 2770 474 2826 Deus
494 2770 770 2826 hominem
791 2771 1064 2840 propriam
1084 2770 1290 2826 creavit
1314 2769 1380 2824 ad
1404 2771 1588 2838 vitam,
1610 2770 1756 2839 quod

183 2862 368 2918 homini
395 2872 595 2918 terram
616 2862 776 2931 jussit
804 2859 1048 2933 proferre
1073 2861 1282 2918 fructus
1308 2870 1606 2932 spontaneo
1635 2878 1754 2918 ser-

141 2992 152 2999 .
183 2954 361 3020 vittae;
395 2955 542 3024 quod
569 2955 793 3021 bestias,
816 2953 1072 3024 pecudes,
1103 2953 1632 3019 armenta,humanaz
1648 2953 1758 3023 jus-

181 3049 248 3102 sit
283 3050 535 3119 potestati
581 3047 884 3117 subiacere,
925 3063 1036 3102 non
1082 3046 1210 3111 arti,
1257 3055 1318 3100 ut
1362 3046 1528 3101 homo
1558 3046 1755 3102 laboris

183 3143 394 3206 nescius,
441 3141 648 3196 doloris
693 3141 930 3209 ignarus.
963 3139 1154 3196 beatus
1181 3138 1404 3194 delicias
1430 3138 1749 3209 possideret.

1855 1951 1988 2011 stes,
2037 1939 2481 2012 evangelizabant
2513 1939 2836 2011 pastoribus,
2877 1937 3154 1992 dicentes:
3187 1933 3451 1988 Annunn'o

1854 2037 1996 2095 vobis
2009 2037 2256 2110 gaudium
2276 2052 2538 2109 magnum,
2565 2031 2700 2106 quod
2720 2031 2967 2086 eritomni
2987 2030 3174 2103 populo
3192 2027 3341 2102 (Luc.
3367 2025 3448 2098 tt).

1855 2129 2083 2201 Abipsis
2103 2144 2234 2199 ergo
2260 2129 2462 2186 sanctis
2492 2125 2694 2196 angelis
2709 2124 2870 2181 etiam
2884 2139 2982 2178 nos
2999 2119 3225 2177 mutuati
3244 2133 3448 2186 vocem,

1857 2224 2238 2280 annuntiamus
2259 2220 2410 2278 vobis
2438 2215 2692 2290 gaudium
2708 2231 2980 2286 magnum.
3001 2213 3171 2269 Hodie
3188 2211 3330 2267 enim
3344 2205 3451 2266 Ec-

1857 2317 2023 2374 clesia
2051 2316 2105 2371 in
2135 2331 2269 2388 pace
2289 2321 2389 2379 est,
2413 2321 2468 2368 et
2497 2309 2735 2367 haeretici
2766 2309 2817 2364 in
2849 2307 2962 2374 ira;
2994 2303 3152 2362 hodie
3200 2297 3454 2360 Ecclesia:

1855 2407 2010 2464 navis
2029 2407 2087 2462 in
2114 2416 2276 2478 portu
2314 2413 2415 2470 est,
2457 2411 2512 2459 et
2542 2401 2917 2458 hmreticorum
2947 2398 3096 2454 furor
3119 2397 3353 2468 jactatur
3399 2395 3455 2449 in

1856 2499 2140 2566 ﬂuctibus;
2170 2498 2355 2564 hodie,
2374 2495 2589 2558 fratres,
2624 2503 2870 2566 pastores
2897 2485 3152 2548 Ecclesiae
3174 2489 3228 2544 in
3250 2483 3455 2543 securi-

1856 2601 1990 2660 tate,
2039 2600 2095 2648 et
2131 2591 2369 2648 haeretici
2408 2590 2461 2645 in
2493 2587 2900 2661 perturbatione
2940 2593 3092 2652 sunt;
3133 2582 3294 2639 hodie
3324 2595 3456 2637 oves

1856 2685 2071 2742 Domini
2093 2686 2144 2740 in
2170 2692 2308 2751 tuto,
2329 2691 2384 2739 et
2402 2682 2514 2753 lupi
2537 2681 2840 2747 insaniunt;
2863 2676 3024 2735 hodie
3047 2677 3206 2732 vinea
3237 2672 3456 2731 Domini

1855 2777 1914 2834 in
1941 2777 2286 2840 abundantia,
2315 2785 2371 2832 et
2397 2775 2630 2846 operarii
2683 2769 2980 2842 iniquitatis
3022 2769 3096 2841 in
3117 2763 3446 2838 indigentia;

1857 2867 2019 2943 hodie
2063 2867 2290 2939 p0pulus
2328 2865 2547 2931 Christi,
2593 2859 2912 2928 cbarissimi,
2953 2861 3220 2917 exaltatus
3265 2863 3368 2926 est,
3397 2865 3456 2914 et

1857 2959 2059 3014 inimici
2087 2958 2330 3015 veritatis
2355 2955 2620 3012 humiliati
2664 2964 2818 3022 sunt;
2873 2951 3055 3016 hodie,
3087 2949 3451 3018 dilectissimi,

1857 3049 2103 3106 Christus
2127 3052 2180 3106 in
2210 3049 2411 3108 lmtitia.
2438 3058 2492 3103 et
2522 3047 2768 3104 diabolus
2799 3045 2852 3100 in
2874 3045 3056 3112 luctu;
3088 3043 3249 3100 hodie
3279 3037 3455 3111 angeli

1859 3143 1913 3198 in
1943 3143 2322 3208 exsultatione,
2354 3150 2408 3197 et
2448 3140 2719 3194 dmmones
2744 3137 2798 3194 in
2827 3129 3162 3194 confusione.
3207 3129 3276 3188 Et
3325 3130 3456 3203 quid

183 3231 466 3288 ﬂedomnia
497 3233 704 3288 haecne
721 3232 948 3288 haberet
973 3231 1160 3295 homo.
1209 3229 1448 3299 angelus,
1481 3230 1571 3300 qui
1610 3230 1751 3286 inter

1859 3235 2010 3308 plura
2039 3233 2256 3291 dicere?
2278 3231 2449 3289 Hodie
2477 3231 2724 3288 ChriStus
2759 3229 2848 3302 qui
2879 3235 2962 3284 est
2984 3244 3080 3283 rex
3108 3223 3276 3299 pacis,
3328 3237 3454 3280 cum

185 3324 366 3396 primos
412 3325 735 3388 habebatur,
776 3322 986 3387 invidit,
1034 3321 1332 3391 maluitque
1375 3319 1432 3376 in
1477 3320 1750 3376 diabolum

184 3417 500 3481 commutari,
533 3431 604 3471 ne
629 3416 902 3471 hominem
932 3415 1152 3486 plenum
1177 3414 1350 3483 gloria
1371 3413 1396 3450 ά
1421 3414 1502 3470 sic
1520 3413 1746 3470 videret.

185 3507 400 3577 Denique
437 3509 544 3564 hoc
581 3507 754 3563 livore
777 3495 1070 3563 succensus
1097 3505 1403 3576 aggreditur
1441 3504 1578 3560 dolis
1597 3505 1750 3562 femi-

185 3614 310 3666 nam,
347 3601 716 3670 virginemne
753 3608 816 3654 ut
838 3600 1064 3654 vetitum
1092 3599 1401 3668 degustaret
1421 3612 1642 3669 pomum
1670 3597 1752 3652 iu-

185 3691 344 3749 ducit:
368 3693 584 3750 inducta
618 3694 770 3763 virgo
797 3693 1002 3750 inducit
1027 3694 1290 3762 virginem
1322 3709 1452 3748 mox
1474 3693 1748 3760 maritum,

187 3796 242 3841 se
267 3785 452 3856 deiecit
477 3789 602 3842 vita:
633 3792 853 3854 statum,
892 3789 1082 3842 mortis
1109 3787 1310 3852 cibum,
1348 3788 1558 3858 peccati
1585 3787 1754 3857 pabu-

188 3875 296 3943 lum,
317 3877 438 3932 dum
467 3879 758 3944 ministrat,
791 3887 846 3934 et
872 3880 989 3948 ipsa
1024 3877 1081 3932 iit
1111 3879 1276 3934 totius
1303 3879 1530 3934 materia
1559 3880 1748 3944 ruinas,

185 3979 289 4038 qui
322 3969 456 4026 facta
507 3969 684 4025 fuerat
712 3971 780 4025 ad
808 3971 1059 4026 solatlum
1085 3971 1374 4040 singulare.
1398 3970 1536 4026 liinc
1563 3986 1753 4041 pecca-

185 4065 283 4114 tum
300 4063 545 4130 primum,
571 4063 697 4117 hinc
724 4062 876 4130 origo
899 4063 1110 4126 mortis,
1134 4063 1262 4118 hinc
1288 4062 1463 4129 labor,
1492 4063 1618 4118 hinc
1649 4063 1750 4118 do-

187 4149 272 4214 lor,
300 4153 418 4208 hinc
443 4154 696 4221 gemitus,
721 4153 845 4208 hinc
865 4169 1047 4208 amara
1076 4163 1097 4190 ε
1121 4165 1428 4224 propagata.
1445 4162 1528 4209 est
1555 4163 1754 4210 nostrae

187 4243 397 4299 conditio
417 4245 709 4299 servitutis.
737 4243 981 4312 Namque
1010 4243 1174 4299 homo
1203 4252 1330 4300 ante
1358 4245 1607 4300 dominus
1636 4261 1754 4299 om-

189 4334 332 4398 nium,
347 4337 398 4389 in
408 4337 648 4391 omnium
659 4335 900 4404 dejectus
913 4344 995 4392 est
1004 4336 1556 4400 servitutem,ettimet
1567 4351 1752 4391 omnes

187 4427 263 4494 qui
281 4427 560 4482 timebatur
579 4427 648 4481 ab
667 4427 947 4493 omnibus;
973 4437 1028 4484 et
1057 4429 1144 4483 vix
1171 4436 1289 4484 arte
1303 4429 1466 4490 valet,
1495 4429 1585 4497 qui
1599 4437 1753 4500 pote-

188 4523 305 4574 state
316 4521 588 4589 regnabat.
607 4519 742 4575 illnc
765 4531 868 4585 est,
885 4521 1100 4588 fratres,
1114 4522 1239 4578 hinc
1254 4534 1354 4588 est,
1377 4523 1525 4592 quod
1550 4521 1752 4578 Christi

1853 3345 1951 3385 sua
1993 3344 2126 3400 pace
2156 3327 2456 3400 procedens
2495 3325 2699 3396 fugavit
2727 3337 2890 3380 omne
2909 3321 3208 3385 dissidium,
3239 3320 3454 3376 dissen-

1852 3422 2034 3478 siones
2071 3419 2294 3490 depulit,
2327 3419 2656 3476 discordiam
2682 3415 3035 3489 perturbavit,
3068 3423 3124 3469 et
3152 3413 3293 3470 sicut
3339 3427 3453 3468 cte-

1853 3513 1964 3570 lum
1991 3513 2244 3584 splendor
2263 3513 2413 3577 solis,
2437 3513 2510 3567 ita
2540 3510 2834 3568 Ecclesiam
2852 3507 3057 3579 fulgore
3088 3508 3236 3578 pacis
3255 3499 3453 3562 illumi-

1852 3615 1964 3665 nat.
1992 3605 2128 3672 Quia
2157 3617 2307 3662 natus
2329 3617 2404 3662 est
2424 3604 2562 3662 vobis
2585 3605 2752 3670 hodie,
2777 3604 2870 3670 ait,
2903 3599 3148 3658 Salvator
3175 3598 3374 3656 mundi.
3406 3595 3453 3655 0

1853 3717 2016 3774 quam
2035 3701 2392 3758 desiderabile
2412 3715 2608 3754 nomen
2638 3698 2806 3769 pacis,
2830 3711 2991 3766 quam
3014 3693 3289 3763 religionis
3302 3687 3454 3747 Chri-

1853 3793 2040 3852 etiame
2067 3793 2256 3848 stabile
2283 3790 2712 3854 fundamentum,
2735 3795 2792 3844 et
2811 3786 2996 3842 altaris
3030 3784 3294 3840 Dominici
3335 3797 3450 3840 cm-

1857 3884 2010 3942 lestis
2040 3883 2296 3941 ornatus!
2329 3882 2395 3936 Et
2435 3883 2562 3954 quid
2608 3881 2827 3950 dignum
2872 3893 3158 3950 possumus
3202 3874 3270 3932 de
3316 3888 3452 3947 pace

1853 3976 2142 4048 proloqui?
2165 3975 2280 4031 Pax
2305 3991 2506 4031 nomen
2527 3980 2608 4029 est
2628 3973 2794 4044 ipsius
2820 3971 3040 4036 Christi,
3065 3971 3204 4026 sicut
3223 3978 3279 4025 et
3296 3967 3448 4040 Apo-

1853 4068 2024 4124 stolus
2051 4067 2180 4122 dicit
2205 4086 2220 4120 :
2245 4065 2382 4132 Quia
2404 4064 2640 4121 Christus
2687 4073 2762 4119 est
2808 4080 2916 4135 pax
2955 4072 3152 4127 nostra,
3192 4061 3279 4133 qui
3326 4059 3452 4132 fecit

1853 4169 2072 4234 utraque
2097 4176 2254 4214 unum
2285 4158 2501 4230 (Ephes.
2527 4159 2585 4228 ιι)
2615 4175 2626 4210 :
2659 4172 2777 4226 qua:
2808 4171 2916 4210 non
2937 4153 3238 4216 sententiis,
3273 4157 3451 4221 neqde

1855 4251 1978 4318 fide,
2027 4251 2122 4306 sed
2170 4251 2369 4306 invidia
2411 4249 2611 4305 diaboli
2658 4248 3006 4304 dissidebant.
3059 4245 3260 4302 Verum
3307 4245 3450 4301 sicut

1854 4344 2182 4415 procedente
2219 4357 2365 4412 rege,
2389 4351 2444 4398 et
2463 4343 2654 4413 plateae
2675 4341 3020 4406 mundantur,
3043 4347 3099 4394 et
3119 4337 3294 4394 omnis
3314 4329 3449 4392 civi-

1857 4445 1938 4490 tas
1967 4435 2191 4489 diversis
2218 4433 2442 4489 lloribus
2468 4442 2525 4489 et
2562 4433 2841 4488 ornatibus
2869 4439 3179 4498 coronatur,
3225 4437 3286 4486 ut
3314 4422 3450 4483 nihil

1853 4527 1942 4592 sit,
1984 4527 2126 4596 quod
2155 4525 2332 4580 minus
2361 4525 2579 4595 dignum
2619 4525 2784 4580 vultui
2813 4523 2954 4591 regis
2974 4528 3264 4594 appareat;
3288 4519 3362 4575 ita
3391 4526 3448 4574 et

189 4605 292 4664 talis
317 4613 393 4665 est
422 4611 558 4666 ordo
579 4613 890 4668 nascentis:
921 4613 990 4668 ad
1009 4614 1270 4682 virginem
1295 4613 1542 4670 diabolus
1580 4629 1746 4670 vene-
1778 4609 1830 4669 D
1854 4634 2014 4684 nunc,
2058 4617 2387 4689 procedente
2431 4615 2649 4672 Christo
2704 4623 2831 4685 rege
2877 4615 3044 4686 pacis,
3097 4628 3258 4668 omne
3300 4608 3448 4681 quod

189 4707 274 4764 rat,
301 4704 441 4758 venit
458 4705 684 4772 angelus
710 4705 776 4762 ad
796 4704 1051 4772 Mariam;
1077 4714 1135 4762 ut
1159 4707 1304 4776 quod
1332 4709 1508 4764 malus
1531 4707 1743 4779 deiece-

188 4799 258 4846 rat
281 4799 512 4862 angelus,
542 4795 719 4850 bonus
745 4797 970 4864 angelus
997 4797 1273 4854 nllevaret.
1305 4797 1590 4856 Perfidiam
1619 4815 1746 4856 sua-

188 4886 358 4950 titillc,
389 4889 478 4944 hic
505 4887 668 4943 ﬁdem
699 4907 712 4943 ε
759 4891 974 4946 suasori
1013 4891 1240 4947 credidit
1285 4892 1394 4960 illa,
1445 4893 1549 4950 ista
1576 4893 1748 4951 credit

187 4978 386 5033 auctori.
435 4976 686 5034 Nascitur
728 4977 994 5048 Christus,
1036 4989 1098 5037 ut
1128 4983 1403 5040 nascendo
1435 4990 1747 5056 corruptam

243 5190 262 5256 ξ·
301 5179 442 5256 Mita,
468 5182 750 5256 meoddse,
776 5184 1100 5256 fundaretur.

241 5251 262 5288 ιι
301 5253 472 5310 Homo
511 5251 917 5337 prius_mntum
955 5263 1074 5337 erat
1115 5254 1571 5337 similitudoLDei;
1604 5271 1747 5337 nunc

199 5333 321 5376 nam
326 5325 646 5447 ‘proprietas
668 5326 881 5394 dicitur,
899 5336 1184 5397 postquam
1204 5325 1506 5383 humanitas
1527 5336 1746 5400 accepta

199 5402 248 5444 ut
277 5409 302 5445 a
370 5397 522 5450 erbo.
553 5394 716 5450 MITA.

183 5409 248 5444 νηί
277 5409 302 5445 8
330 5409 522 5450 VGI‘DO.
553 5409 716 5451 ΜΙΤΔ.

215 5472 264 5546 μ·
275 5463 466 5546 “Hujus
486 5468 636 5523 vocis
645 5467 1110 5546 significationem
1131 5469 1540 5546 etiaminandam
1562 5483 1747 5546 susce-

185 5536 249 5602 pit
271 5534 618 5596 Casaubnnus
645 5534 756 5594 Exte
787 5541 878 5596 cit.
908 5537 972 5594 l6
1000 5555 1119 5609 pag.
1155 5537 1275 5606 διει,
1301 5555 1525 5609 eamque
1556 5556 1586 5595 a
1609 5540 1742 5594 clau-

185 5606 328 5662 dendo
363 5611 560 5666 dictam
589 5557 1109 5666 nutatFUniversam
1149 5619 1326 5665 autem
1356 5609 1572 5666 Christi.
1596 5619 1650 5665 et
1677 5609 1742 5665 de

184 5606 328 5689 dendo
363 5606 1109 5689 dictamputat.‘Un_i\’emam
1149 5619 1326 5689 autem
1356 5606 1572 5689 Christi,
1596 5619 1650 5665 et
1677 5609 1745 5665 de

183 5675 375 5754 Christo
401 5675 702 5754 doctrinam
731 5683 1002 5754 appellant
1028 5685 1344 5754 mysterium.
1375 5681 1444 5735 Et
1469 5679 1739 5754 [σοι-,ιη

186 5744 230 5811 l,
257 5753 475 5825 apostoli
495 5744 1163 5825 vocantur-dispensata?“
1185 5753 1540 5825 mysteriorum
1560 5749 1678 5806 Dei.
1697 5744 1746 5814 Α

184 5823 383 5888 paganis
408 5839 600 5880 vocem
623 5824 765 5880 hanc
784 5821 1056 5880 efﬂuxisse
1083 5825 1129 5880 si
1153 5821 1273 5894 quis
1291 5823 1603 5890 contendat,
1633 5837 1744 5878 non

1851 4711 2005 4766 triste
2033 4717 2116 4764 est
2143 4708 2417 4764 auferatur
2437 4721 2468 4763 ι
2489 4708 2698 4774 medio;
2721 4711 2779 4763 et
2816 4708 3160 4763 illucescente
3196 4705 3441 4769 veritate,

1849 4799 2063 4870 fugetur
2075 4799 2434 4866 mendacium,
2452 4799 2619 4869 fugiat
2646 4799 2930 4866 discordia,
2949 4796 3290 4870 resplendeat
3314 4810 3446 4851 con-

1851 4891 2055 4950 cordia.
2088 4889 2156 4945 Et
2182 4891 2322 4946 sicut
2349 4889 2660 4961 frequenter
2681 4888 2797 4946 fieri
2819 4890 3082 4956 videmus,
3113 4888 3200 4943 ubi
3231 4899 3441 4956 regum,

1852 4984 1941 5041 vel
1979 4983 2202 5040 fratrum
2251 4983 2448 5040 tabulae
2485 4983 2863 5054 depinguntur,
2908 4990 2968 5039 ut
3009 4983 3149 5038 inter
3185 4988 3474 5050 utrosque;

1851 5201 2098 5244 renuam.
2122 5186 2387 5243 Nonnulla
2410 5185 2554 5240 enim
2582 5197 2772 5240 eorum
2791 5197 2943 5239 sacra
2971 5180 3306 5237 vocabantur
3332 5194 3446 5250 my-

1853 5261 2032 5329 steria,
2058 5258 2141 5315 vel
2169 5274 2320 5313 sacra
2341 5267 2638 5329 opertanea.

1926 5325 1952 5367 ά
1994 5321 2162 5401 Alias,
2193 5347 2346 5401 quam
2373 5321 2630 5401 hominem
2653 5327 2726 5381 sic
2747 5321 2937 5401 videre:

1929 5409 1952 5437 θ
1993 5390 2270 5454 Editioii'es
2299 5400 2633 5454 correximus
2661 5413 2728 5452 ex
2771 5412 2871 5451 ms.
2909 5393 3139 5459 Czesen.,
3165 5391 3218 5446 in
3249 5390 3445 5459 quibus

1855 5469 2036 5544 deest,
2051 5480 2338 5544 propagata
2368 5478 2461 5544 est.

1931 5537 1950 5577 ί
1994 5527 2130 5597 Huic
2148 5527 2383 5595 sermoni
2408 5539 2458 5593 in
2484 5535 2752 5592 nmmullls
2775 5533 3100 5590 cditionibus
3124 5527 3307 5587 titulus
3329 5539 3442 5584 est:

1853 5609 1934 5665 De
1962 5609 2246 5666 Nativitate
2276 5611 2483 5666 Domini
2511 5627 2676 5664 sermo
2707 5627 2722 5662 :
2754 5621 2900 5680 quem
2928 5598 3148 5680 ‘qaidam
3181 5601 3249 5656 D.
3289 5600 3444 5680 Setth

1852 5681 1990 5736 riani
2022 5679 2328 5737 Gabalensis
2369 5690 2572 5748 nutant,
2602 5680 2694 5736 sed
2734 5675 2886 5752 falso.
2921 5675 3156 5734 Consule
3184 5677 3444 5731 annotatu

1853 5752 1908 5808 in
1928 5752 2260 5824 praefatione.
