3930 6354
439 374 545 436 599

1689 373 1752 434 S.
1791 373 1992 430 PETRI
2031 371 2469 432 CHRYSOLOGI

440 492 814 550 unanimitatis
855 491 1196 549 declamatur
1234 490 1482 562 insignia,
1531 489 1726 546 artifex
1752 490 1929 562 pictor
1956 490 2035 545 fe-
2063 496 2110 553 Α
2139 497 2297 546 natus
2325 498 2408 544 est
2425 487 2692 555 Christus,
2715 486 2962 544 Christus
2981 487 3126 560 quod
3147 488 3344 560 fugisse
3364 487 3585 559 legitur,
3607 493 3734 562 quid

439 585 624 642 mineo
669 585 855 640 habitu
901 593 1024 655 post
1068 593 1275 655 tergum
1321 585 1600 654 utriusque
1631 593 1657 621 ⁸
1687 583 2033 640 concordiam

439 676 650 739 statuit,
677 691 794 744 quae
823 674 1055 730 brachiis
1082 676 1195 729 suis
1217 684 1505 746 utrumque
1540 675 1910 746 complectens
1949 675 2034 729 in-

441 766 605 833 dicet,
637 765 781 835 quod
807 767 862 820 hi
887 767 979 835 qui
1009 766 1258 822 videntur
1277 767 1595 838 corporibus
1615 768 1868 840 separati,
1910 782 2036 824 sen-

440 859 626 914 tentiis
653 866 709 913 et
731 857 1008 914 voluntate
1036 860 1391 927 conveniant;
1424 861 1497 915 ita
1522 877 1664 916 nunc
1693 876 1798 931 pax
1821 859 2035 917 Domini

439 949 617 1005 media
660 949 938 1014 assistens,
969 958 1026 1006 et
1053 959 1340 1022 utrumque
1381 961 1625 1007 nostrum
1672 952 1879 1021 gremio
1918 951 2034 1022 pal-

440 1052 605 1116 pante
649 1053 998 1110 connectens,
1048 1043 1280 1101 discreta
1308 1061 1538 1118 corpora
1567 1047 1621 1102 in
1652 1063 1814 1102 unum
1835 1062 2036 1103 conve-

442 1135 560 1190 nire
581 1134 818 1190 animum
848 1135 986 1191 ulnis
1001 1136 1349 1206 iungentibus
1368 1138 1546 1203 docet,
1580 1139 1634 1194 in
1663 1154 1772 1208 quo
1799 1139 1916 1195 sine
1943 1141 2036 1195 du-

441 1228 533 1284 bio
561 1227 866 1300 completur
891 1245 1072 1284 sermo
1120 1231 1484 1300 propheticus,
1531 1231 1624 1300 qui
1670 1233 1783 1286 ait:
1815 1231 1888 1286 Et
1937 1234 2036 1287 erit

442 1320 713 1375 consilium
748 1321 1025 1391 pacificum
1058 1321 1193 1375 inter
1219 1331 1458 1393 utrosque
1491 1321 1676 1394 (Zach.
1709 1325 1804 1391 vr).
1839 1321 1905 1377 Et
1933 1324 2030 1378 hc-

440 1421 629 1468 sterno
656 1412 874 1482 quidem
901 1411 929 1452 δ
960 1423 1114 1483 pater
1150 1422 1336 1469 noster
1371 1415 1671 1470 communis
1711 1415 2034 1486 Evangelico

439 1505 594 1576 pacis
632 1519 884 1560 sermone
925 1506 1177 1575 praefatus
1214 1512 1318 1572 est,
1367 1506 1529 1562 hodie
1570 1523 1698 1562 vero
1741 1523 1840 1564 nos
1868 1509 2032 1564 verba

441 1595 596 1668 pacis
617 1595 1017 1666 expromimus;
1048 1597 1162 1666 ipse
1190 1612 1288 1653 nos
1316 1598 1600 1654 hesternos
1629 1599 1893 1670 resupinis
1921 1615 2036 1654 ma-

441 1685 604 1741 nibus
644 1685 700 1740 in
730 1686 895 1740 verbo
938 1687 1087 1757 pacis
1115 1687 1346 1758 excepit,
1396 1697 1453 1744 et
1476 1703 1577 1744 nos
1623 1689 1782 1745 hodie
1808 1690 2035 1746 dilatato

441 1786 669 1850 pectore
707 1779 954 1849 uinisque
995 1780 1304 1850 patentibus
1333 1780 1400 1836 ad
1421 1796 1546 1836 eum
1573 1797 1696 1837 cum
1722 1781 2034 1837 muneribus

2135 583 2412 638 dicemus?
2452 582 2615 638 Forte
2653 583 2794 637 sicut
2832 590 3018 638 natum
3061 582 3312 650 diximus,
3355 593 3417 639 ut
3456 595 3735 655 repararet

2136 681 2403 738 naturam,
2435 671 2674 728 dicamus
2697 672 2842 742 quod
2863 679 2922 727 ut
2943 671 3162 743 fugaces
3188 683 3475 730 revocaret
3502 674 3729 744 aufugit.

2135 763 2203 819 Et
2231 780 2420 821 revera
2456 765 2522 831 si,
2554 773 2612 820 ut
2631 773 2854 821 revocet
2873 773 3145 822 errantem
3165 781 3341 834 ovem,
3367 767 3422 821 in
3455 770 3730 822 montibus

2135 857 2251 928 ipse
2267 863 2430 922 errat,
2454 856 2729 928 quomodo
2765 857 2881 928 ipse
2908 873 3018 914 non
3047 856 3182 926 fugit
3210 857 3483 928 fugientes
3503 863 3734 932 populos

2135 956 2196 1002 ut
2221 947 2483 1003 reducat?
2508 948 2696 1020 Accipe
2721 964 2936 1019 puerum
2958 958 3006 1004 et
3033 959 3251 1005 matrem
3285 951 3420 1022 ejus,
3449 959 3503 1006 et
3532 953 3652 1024 fuge
3679 954 3728 1005 in

2134 1035 2442 1110 Egyptian.
2474 1035 2614 1105 Quid
2647 1046 2733 1094 est
2773 1039 2920 1109 quod
2955 1039 3034 1095 sic
3061 1040 3301 1098 caelestis
3326 1055 3496 1097 causa
3528 1049 3727 1096 tracta-

2133 1134 2242 1192 tur,
2271 1134 2331 1182 ut
2359 1141 2551 1184 sensus
2587 1137 2610 1167 ε
2643 1125 3006 1184 confundatur
3038 1127 3326 1196 humanus,
3357 1130 3592 1187 lassetur
3613 1130 3727 1186 ani-

2135 1235 2284 1287 mus,
2321 1220 2531 1277 laboret
2560 1219 2943 1290 intelligentia,
2976 1220 3264 1278 hebetetur
3304 1223 3558 1291 auditus,
3599 1220 3730 1280 ﬁdes

2136 1321 2320 1380 nutet,
2350 1328 2474 1386 spes
2511 1314 2724 1377 titubet,
2755 1313 3045 1368 credulitas
3074 1313 3190 1384 ipsa
3235 1314 3559 1370 succumbat
3578 1315 3605 1370 ἲ
3629 1315 3728 1369 Ac-

2135 1407 2248 1476 cipe
2287 1421 2498 1476 puerum
2536 1415 2587 1460 et
2623 1415 2844 1460 matrem
2881 1406 3023 1477 ejus,
3061 1414 3113 1459 et
3153 1407 3275 1476 fuge
3311 1405 3369 1459 in
3411 1402 3724 1476 Egyptian.

2136 1495 2500 1568 Persequente
2545 1498 2797 1562 homine,
2845 1497 2988 1554 Deus
3028 1497 3200 1568 fugit;
3247 1497 3510 1555 saeviente
3549 1505 3724 1564 terra,

2135 1590 2329 1646 cmlum
2357 1589 2621 1662 trepidat;
2654 1599 2709 1646 et
2731 1590 2990 1647 volitante
3012 1591 3253 1663 pulvere,
3274 1605 3485 1662 pavore
3505 1593 3725 1648 turbaa-

2137 1693 2223 1740 tur
2235 1685 2429 1754 angeli,
2445 1695 2499 1740 et
2513 1703 2683 1757 pavor
2697 1687 2865 1758 patris
2878 1686 2991 1743 filio
3007 1687 3244 1758 fugiente
3262 1695 3621 1746 monstratur.
3638 1691 3726 1746 Ac-

2136 1777 2248 1847 cipe
2266 1793 2478 1848 puerum
2498 1787 2549 1832 et
2567 1788 2784 1834 matrem
2799 1778 2930 1851 ejus,
2954 1789 3005 1834 et
3019 1781 3140 1852 fuge
3159 1781 3216 1835 in
3230 1778 3546 1852 Egyptian.
3565 1779 3724 1838 David

442 1873 594 1942 pacis
631 1871 980 1927 occurrimus.
1027 1870 1149 1927 Jam
1193 1873 1334 1929 bella
1367 1874 1641 1930 destructa
1674 1883 1818 1930 sunt.
1841 1872 2030 1930 Omnia

2136 1874 2495 1937 persequente
2522 1866 2671 1933 Saul,
2697 1867 2766 1924 ad
2793 1867 3034 1925 Iudaeam
3067 1869 3329 1939 confugit,
3361 1869 3575 1940 recepit
3596 1869 3722 1926 vici-

441 1961 784 2034 pulchritudo
806 1963 954 2033 pacis
974 1962 1224 2028 obtinuit,
1249 1980 1392 2020 nunc
1411 1965 1466 2019 in
1487 1965 1634 2021 luctu
1653 1973 1737 2021 est
1763 1965 2030 2032 diabolus,

441 2053 576 2110 etin
605 2053 990 2111 lamentatione
1029 2056 1208 2110 omnis
1235 2056 1538 2112 daemonum
1566 2065 1774 2124 turma;
1805 2072 1950 2112 nunc
1977 2058 2033 2113 in

439 2145 751 2204 ctelestibus
796 2147 999 2215 laetitia,
1055 2157 1111 2203 et
1153 2149 1206 2204 in
1247 2150 1453 2218 angelis
1499 2149 1808 2216 exsultatio,
1838 2150 2036 2220 quibus

439 2241 728 2312 specialius
749 2241 1026 2298 familiaris
1048 2251 1133 2297 est
1159 2257 1267 2313 pax
1292 2260 1305 2296 :
1339 2243 1478 2298 hanc
1505 2243 1648 2298 enim
1669 2243 1832 2298 etiam
1865 2243 2033 2300 caele-

439 2341 555 2390 stes
574 2333 907 2388 admirantur
939 2334 1180 2398 virtutes,
1199 2333 1341 2405 apud
1361 2349 1495 2404 quas
1513 2333 1635 2390 fons
1663 2333 1780 2403 ejus
1807 2334 2036 2390 habetur

439 2424 734 2496 perennis:
766 2439 834 2478 ex
874 2438 984 2494 quo
1020 2439 1186 2479 etiam
1223 2424 1444 2490 terreni,
1503 2424 1668 2494 guttis
1712 2424 2033 2494 quibusdam

440 2515 638 2571 exinde
676 2515 1074 2584 distillantibus,
1108 2516 1427 2571 irrorantur.
1471 2514 1541 2570 Et
1572 2516 1693 2572 ideo
1719 2517 1881 2573 etiam
1904 2518 1952 2572 si
1978 2518 2034 2572 in

438 2605 602 2660 terris
631 2621 737 2676 pax
757 2604 1008 2660 laudatur
1035 2623 1068 2662 a
1088 2607 1309 2673 sanctis,
1334 2607 1507 2663 laudis
1528 2607 1644 2677 ejus
1671 2607 1927 2678 splendor
1946 2623 2032 2665 re-

439 2695 646 2753 dundat
674 2697 728 2752 in
768 2697 1004 2753 malum:
1035 2699 1258 2754 laudant
1285 2715 1406 2756 eam
1444 2700 1691 2758 cmlestes
1736 2704 1930 2773 angeli,
1976 2713 2034 2759 et

438 2790 664 2846 dicunt:
697 2787 879 2844 Gloria
906 2792 960 2845 in
982 2791 1249 2848 altissimis
1272 2792 1399 2858 Deo,
1424 2803 1476 2849 et
1493 2796 1550 2850 in
1579 2805 1718 2851 terra
1739 2815 1846 2869 pax
1872 2797 2033 2852 homi-

441 2884 596 2939 nibus
636 2884 785 2940 bona:
810 2885 1108 2939 voluntatis.
1135 2884 1358 2952 Videtis,
1391 2887 1602 2954 fratres,
1633 2891 1906 2960 quomodo
1927 2906 2033 2947 cce-

439 2974 604 3030 lestes
629 2990 835 3041 omnes,
869 2981 925 3031 et
945 2984 1230 3033 terrestres
1257 2979 1486 3034 invicem
1507 2981 1610 3036 sibi
1637 2997 1860 3037 munera
1881 2983 2032 3053 pacis

436 3067 677 3129 mittunt,
728 3066 977 3123 caelestes
1023 3068 1200 3137 angeli
1244 3084 1432 3140 pacem
1481 3071 1639 3126 terris
1685 3073 2027 3137 annuntiant,

435 3159 612 3216 sancti
640 3159 695 3214 in
723 3160 881 3215 terris
908 3158 1197 3229 Christum,
1230 3163 1321 3232 qui
1343 3172 1428 3219 est
1447 3179 1556 3236 pax
1584 3173 1790 3230 nostra,
1823 3166 2030 3222 collau-

2135 1957 2223 2012 nia
2255 1956 2298 2030 (ι
2326 1955 2451 2029 Reg.
2485 1973 2576 2013 xxI
2603 1967 2654 2014 et
2685 1960 2850 2027 xxn);
2879 1959 3074 2016 domus
3100 1960 3260 2016 unius
3279 1959 3457 2016 vidum
3478 1959 3616 2018 Elia:
3629 1962 3723 2018 suf-

2135 2049 2245 2106 ficit
2273 2047 2342 2105 ad
2381 2049 2618 2107 latebras
2661 2051 2704 2123 (1
2727 2050 2855 2124 Reg.
2881 2051 3034 2124 xvn).
3054 2050 3270 2110 Christo
3301 2052 3547 2124 fugiente
3583 2055 3722 2112 locus

2133 2142 2306 2209 deest,
2347 2143 2624 2214 provincia
2664 2142 2866 2210 deﬁcit,
2910 2161 3019 2202 non
3060 2145 3313 2202 subvenit
3349 2147 3554 2217 patria.
3597 2146 3719 2202 Dum

2133 2237 2350 2306 migrat,
2373 2251 2481 2292 non
2508 2236 2700 2292 vicina:
2723 2246 2931 2307 gentes,
2953 2253 3060 2294 non
3083 2236 3323 2294 ﬁnitima:
3340 2237 3623 2295 sufﬁciunt
3640 2254 3716 2296 re-

2133 2331 2320 2398 giones
2337 2346 2352 2382 :
2369 2329 2465 2385 sed
2479 2327 2506 2366 ά
2525 2327 2743 2403 Egypti
2765 2331 2973 2386 tristem
2996 2330 3194 2397 locum,
3224 2339 3503 2386 extorrem
3523 2330 3712 2397 habitu,

2135 2417 2313 2488 lingua
2332 2460 2347 2485 ,
2392 2419 2634 2475 moribus
2658 2420 2946 2476 barbarum
2975 2429 2998 2460 ο
3026 2428 3283 2493 procurat
3308 2421 3585 2478 exsilium.
3623 2423 3714 2476 Ac-

2135 2513 2246 2584 cipe
2283 2528 2497 2583 puerum
2529 2522 2581 2567 et
2605 2522 2824 2568 matrem
2850 2514 2982 2586 ejus,
3013 2523 3064 2568 et
3090 2516 3211 2586 fuge
3239 2515 3297 2569 in
3326 2511 3638 2586 Egyptum.
3666 2512 3716 2570 Si

2134 2619 2318 2660 rerum
2343 2604 2608 2674 refugium
2647 2605 2799 2675 fugit,
2828 2606 3088 2661 auxilium
3122 2605 3338 2661 latescit
3377 2605 3652 2672 omnium;
3675 2605 3716 2660 si

2133 2695 2387 2752 formidat
2411 2695 2670 2752 fortitudo
2694 2705 3032 2762 cunctorum,
3063 2697 3110 2752 si
3135 2711 3198 2753 se
3233 2696 3613 2752 universomm
3639 2694 3715 2752 de-

2133 2789 2308 2847 fensio
2339 2805 2448 2844 non
2477 2789 2739 2857 defensat,
2772 2804 2941 2860 quare
2968 2789 3201 2845 humana
3226 2794 3452 2845 notatur
3477 2784 3618 2857 fuga,
3643 2801 3714 2841 ar-

2133 2882 2314 2951 guitur
2353 2881 2660 2951 trepidatio,
2690 2879 2918 2936 formido
2959 2879 3240 2952 culpatur?
3281 2877 3467 2946 Quare
3508 2885 3709 2933 vocatur

2135 2972 2190 3027 in
2223 2973 2426 3028 crimen
2456 2970 2648 3028 Petrus
2685 2972 2777 3042 qui
2805 2979 2997 3041 negat,
3027 2969 3266 3027 Joannes
3291 2969 3386 3040 qui
3416 2968 3708 3040 expavescit

2133 3071 2189 3119 et
2232 3064 2396 3135 fugit,
2439 3063 2688 3134 discipuli
2717 3079 2938 3128 omnes,
2979 3063 3103 3133 quia
3130 3062 3394 3118 deserunt
3430 3076 3531 3132 per
3560 3076 3708 3132 pavo-

2132 3173 2248 3212 rem
2281 3155 2496 3228 (Matth.
2529 3172 2674 3222 xxvi,
2706 3154 2879 3212 Marc.
2901 3155 3050 3226 xlv)?
3072 3153 3138 3210 Et
3166 3155 3292 3222 ista,
3336 3153 3561 3219 fratres,
3601 3161 3708 3208 esto

437 3248 570 3306 dant
609 3249 663 3304 in
701 3251 1006 3307 ccelestibus
1047 3253 1302 3324 positum,
1347 3263 1403 3310 et
1425 3256 1663 3328 mysticis
1690 3257 1872 3314 choris
1899 3273 2030 3315 con-
2057 3265 2102 3329 ο
2134 3249 2271 3304 facta
2299 3249 2426 3314 sint,
2457 3264 2625 3319 quare
2647 3249 2837 3305 litteris
2863 3247 3203 3312 mandantur,
3229 3263 3401 3317 quare
3421 3245 3704 3302 referuntur

436 3339 672 3396 clamant
708 3359 721 3394 :
767 3340 1024 3397 Hosanna
1051 3344 1108 3398 in
1141 3345 1378 3400 excelsis.
1415 3345 1661 3404 Dicamus
1689 3361 1820 3417 ergo
1848 3358 1902 3404 et
1932 3365 2031 3404 nos

437 3448 562 3489 cum
591 3435 795 3503 angelis
828 3453 840 3489 :
875 3433 1056 3491 Gloria
1076 3438 1132 3490 in
1162 3437 1429 3494 altissimis
1450 3439 1579 3506 Deo,
1603 3441 1694 3511 qui
1731 3441 2031 3496 humiliavit

436 3525 731 3592 diabolum,
773 3535 829 3582 et
859 3527 1117 3583 cxaltavit
1141 3527 1411 3585 Christum
1441 3547 1629 3599 suum;
1673 3533 1842 3602 gloria
1877 3534 1928 3587 in
1951 3532 2031 3586 al-

438 3617 661 3673 tissimis
702 3616 846 3683 Deo,
877 3618 970 3688 qui
999 3617 1322 3676 discordiam
1351 3621 1572 3691 fugavit,
1611 3631 1668 3678 et
1694 3639 1883 3695 pacem
1919 3631 2030 3678 sta-

438 3706 562 3762 tuit.
601 3705 812 3770 Videte,
849 3707 1061 3776 fratres,
1101 3726 1289 3766 vocem
1324 3713 1618 3780 angelicam
1647 3713 2026 3769 exsultantem.

439 3795 624 3853 Gloria
642 3799 698 3851 in
718 3799 935 3854 excelsis
959 3798 1092 3866 Deo,
1110 3811 1161 3854 et
1179 3803 1232 3856 in
1255 3812 1391 3857 terra
1412 3821 1535 3874 pax.
1563 3803 1693 3860 Dico
1713 3805 1855 3859 enim
1877 3805 2032 3862 vobis

439 3897 619 3943 artem
647 3887 868 3953 diaboli,
893 3890 1048 3960 cujus
1068 3907 1242 3962 neque
1262 3909 1360 3948 vos
1389 3895 1647 3964 ignoratis
1667 3897 1911 3952 astutias.
1936 3897 2032 3953 Vi-

435 3977 517 4034 dit
538 3977 768 4034 Satanas
789 3978 1096 4037 firmitatem
1113 3981 1234 4038 ﬁdei
1258 3985 1732 4057 stabilitatemque,
1757 3988 1888 4043 vidit
1907 4004 2029 4044 eam

433 4071 640 4142 pietate
668 4071 980 4141 dogmatum
1009 4083 1238 4144 septam,
1270 4075 1403 4131 vidit
1429 4093 1550 4133 eam
1580 4094 1802 4149 operum
1857 4080 2030 4136 bono-

434 4177 557 4218 rum
594 4160 854 4220 fructibus
890 4164 1286 4233 abundantem;
1329 4175 1384 4222 et
1411 4167 1533 4224 ideo
1560 4185 1659 4240 pro
1689 4171 1936 4226 omnibus
1959 4171 2030 4227 ad

435 4253 702 4310 insaniam
725 4257 889 4321 venit,
913 4263 968 4313 et
987 4257 1135 4313 rabie
1158 4258 1354 4314 furoris
1374 4261 1594 4327 exarsit,
1626 4269 1683 4316 ut
1705 4262 2030 4320 inscinderet

434 4346 802 4414 concordiam,
821 4356 879 4402 ut
898 4349 1226 4406 convelleret
1237 4351 1574 4419 charitatem,
1593 4363 1652 4408 ut
1670 4352 2031 4425 disrumperet

437 4452 650 4512 pacem,
679 4439 774 4495 sed
799 4456 902 4512 pax
930 4456 1144 4514 semper
1169 4442 1240 4498 sit
1265 4444 1559 4499 nobiscum.

1040 4574 1272 4632 SERMO
1307 4576 1414 4632 CL.

798 4684 878 4741 De
914 4689 1040 4760 fuga
1067 4686 1256 4743 Christi
1282 4690 1338 4743 in
1366 4687 1674 4767 gEgyptum.

504 4797 562 4854 Si
583 4805 904 4868 conceptum
933 4797 1186 4868 Virginis,
1219 4797 1451 4868 Virginis
1470 4809 1686 4871 partum
1714 4814 1893 4856 sermo
1913 4815 2022 4854 non

433 4893 628 4966 aperit,
661 4907 849 4946 sensus
879 4905 986 4946 non
1015 4891 1224 4963 recipit,
1254 4907 1365 4946 non
1404 4893 1550 4964 capit
1578 4907 1732 4947 mens
1767 4892 2022 4958 humana,

432 4985 600 5040 Deum
633 4981 834 5048 fugisse
883 4990 943 5035 ut
998 4981 1272 5039 hominem
1321 4984 1443 5053 quis
1507 4983 1797 5052 loquatur?
1847 4982 2025 5054 Appa-

431 5079 562 5137 ruit,
613 5074 816 5144 inquit,
866 5073 1089 5146 Angelus
1143 5074 1355 5130 Domini
1418 5076 1473 5130 in
1530 5077 1726 5131 somnis
1791 5075 2020 5146 Joseplt,

429 5168 652 5221 dicens:
691 5165 878 5236 Accipe
919 5182 1130 5237 puerum
1169 5175 1219 5221 et
1252 5176 1470 5222 matrem
1510 5171 1654 5239 ejus,
1706 5176 1756 5222 et
1803 5169 1922 5239 fuge
1964 5167 2021 5220 in

432 5258 723 5331 zEgyptum
745 5257 957 5328 (Matth.
981 5259 1062 5332 ιι).
1087 5257 1148 5316 Si
1172 5260 1390 5332 pietatis
1417 5276 1537 5318 esse
1568 5261 1801 5318 diximus
1819 5303 1834 5329 ,
1874 5259 2023 5330 quod

500 5490 528 5520 ι
567 5479 694 5537 Haec
727 5487 990 5564 apparent
1015 5479 1070 5536 in
1108 5495 1329 5538 nummo
1365 5479 1519 5539 Iuliae
1546 5481 1744 5552 Paulae,
1775 5492 1831 5540 et
1851 5483 1904 5539 in
1923 5497 2019 5539 ve-

432 5567 606 5608 aerum
635 5559 1017 5608 monumentis.

505 5625 531 5661 δ
567 5621 984 5694 Chrysostomus
1012 5621 1235 5694 scilicet,
1266 5623 1356 5692 qui
1386 5625 1558 5694 pridie
1586 5639 1744 5694 quam
1767 5623 2017 5679 Severia-

437 5707 537 5747 nus
556 5692 622 5766 de
645 5692 776 5766 pace
795 5707 1101 5766 sermonem
1123 5692 1459 5766 hab‘uerat'et
1487 5692 1621 5766 ipse;

506 5773 530 5802 ο
561 5760 698 5816 Male
725 5762 1058 5817 vulneratum
1089 5763 1141 5817 in
1171 5764 1329 5820 editis
1358 5760 1534 5822 locum
1555 5781 1621 5822 ex
1642 5779 1770 5821 mss.
1804 5763 2012 5821 Caeson.

435 5839 492 5888 et
519 5828 647 5893 olim
676 5829 917 5888 Urbinat.
949 5833 1161 5890 sanavit
1189 5831 1336 5889 Mita.

2133 3341 2187 3395 in
2215 3339 2380 3404 libris,
2411 3354 2580 3409 quare
2605 3339 2901 3395 recitantur
2935 3339 3165 3404 saeculis,
3190 3353 3363 3409 quare
3393 3335 3698 3407 quotidiauis

2132 3432 2454 3490 lectionibus
2494 3432 2855 3499 innotescunt,
2891 3447 3060 3502 quare
3097 3446 3288 3487 omnes
3320 3430 3616 3502 panduntur
3651 3427 3706 3482 in

2132 3526 2357 3596 gentes?
2385 3522 2652 3595 Numquid
2681 3533 2744 3580 ut
2772 3523 3010 3580 divinum
3039 3523 3290 3578 timorem
3318 3522 3517 3591 lingua,
3543 3521 3700 3581 locus

2131 3624 2281 3681 actas,
2314 3623 2547 3688 tempus,
2579 3615 2830 3672 universa
2857 3615 3225 3686 cognoscant?
3251 3612 3409 3670 Sicut
3426 3613 3567 3668 enim
3595 3625 3703 3666 cum

2131 3711 2360 3766 virtutes
2398 3711 2670 3780 leguntur,
2713 3709 2924 3766 animos
2963 3707 3177 3778 erigunt
3200 3705 3267 3762 ad
3305 3705 3618 3777 profectum,
3637 3703 3700 3757 ita

2131 3800 2410 3872 deponunt
2437 3801 2647 3856 animos
2682 3816 2804 3857 cum
2842 3800 3138 3856 recitantur
3182 3797 3414 3853 infirma.
3447 3795 3581 3864 Quid
3613 3791 3703 3849 sibi

2131 3893 2246 3948 vult
2270 3909 2400 3964 ergo
2420 3894 2767 3964 evangelista,
2793 3893 2939 3963 quod
2959 3892 3076 3948 haec
3099 3891 3288 3948 scribit
3314 3889 3385 3946 ad
3406 3889 3701 3945 memoriam

2131 3986 2551 4056 sempiternam?
2579 3985 2769 4040 Devoti
2797 3983 2982 4038 militis
3009 3990 3092 4038 est
3132 3982 3274 4051 regis
3305 3981 3393 4036 sui
3430 3990 3602 4035 tacere
3631 3976 3704 4031 fn-

2131 4093 2286 4150 gam,
2327 4077 2530 4134 referre
2568 4078 2961 4142 constantiam,
3000 4077 3224 4134 virtutes
3267 4075 3453 4144 loqui,
3501 4075 3703 4128 timores

2129 4169 2311 4235 silere,
2354 4170 2565 4240 aperire
2606 4168 2794 4234 fortia,
2843 4167 3056 4224 inﬁma
3084 4167 3338 4232 reticere,
3367 4164 3589 4220 adversa
3613 4161 3702 4216 de—

2129 4261 2270 4326 lere,
2314 4259 2607 4330 praedicare
2636 4259 2920 4326 victorias,
2963 4274 3070 4328 quo
3107 4266 3166 4314 et
3191 4257 3429 4313 hostium
3472 4253 3701 4324 frangere

2130 4366 2293 4406 ausus
2331 4351 2532 4422 possit,
2565 4359 2621 4406 et
2656 4351 2925 4406 sociorum
2966 4349 3204 4404 excitare
3231 4348 3507 4403 virtutem.
3549 4343 3702 4399 Evan-

2129 4444 2320 4513 gelista
2347 4444 2510 4513 igitur
2527 4442 2811 4499 referendo
2844 4442 2993 4505 talia,
3027 4441 3241 4496 videtur
3258 4441 3526 4495 excitasse
3546 4437 3702 4492 btet-e-

2127 4535 2360 4591 ticorum
2401 4536 2654 4601 latratus,
2711 4533 3079 4590 defensionem
3130 4531 3376 4588 ﬁdelibus
3415 4530 3696 4588 sustulisse.

2055 4638 2108 4699 D
2135 4625 2300 4694 Tolle,
2322 4627 2416 4691 ait,
2439 4643 2651 4698 puerum
2671 4635 2719 4680 et
2737 4632 2954 4680 matrem
2973 4625 3106 4697 ejus,
3128 4634 3180 4680 et
3200 4627 3320 4697 fuge
3336 4625 3390 4678 in
3406 4621 3696 4694 Egyptsas.

2135 4715 2418 4772 Mandatur
2444 4716 2586 4786 fuga,
2621 4731 2729 4772 non
2757 4715 3055 4788 profectio;
3085 4714 3378 4786 imponitur
3403 4712 3697 4774 necessitas,

2133 4823 2241 4863 non
2263 4807 2511 4864 voluntas
2535 4827 2548 4861 :
2581 4807 2769 4864 indicit
2799 4807 3024 4877 angelus
3048 4807 3304 4862 latentem
3327 4802 3699 4877 peregrinatio-

2131 4915 2276 4966 nem,
2307 4915 2416 4955 non
2450 4899 2676 4955 liberum
2701 4907 3093 4964 commeatum;
3129 4906 3189 4953 ut
3215 4897 3323 4964 via,
3347 4912 3467 4968 quae
3504 4904 3586 4952 est
3610 4907 3700 4964 per

2128 5005 2189 5047 se
2237 4991 2498 5054 molesta,
2539 5004 2755 5060 semper
2797 4998 2944 5044 esset
2982 4989 3262 5046 molestior
3303 5004 3402 5059 per
3441 4987 3694 5042 timorem.

2130 5077 2273 5149 Ergo
2311 5081 2380 5135 ob
2409 5095 2570 5148 quam
2595 5095 2814 5134 causam
2853 5080 2967 5136 haec
3008 5081 3162 5136 nobis
3188 5080 3390 5150 scripta
3425 5079 3556 5142 sint,
3594 5074 3697 5145 jam

2129 5177 2342 5241 tempus
2386 5177 2470 5224 est
2504 5177 2563 5224 ut
2606 5184 2927 5239 quaeramus.
2975 5169 3118 5226 Tolle
3157 5187 3371 5243 puerum
3409 5180 3458 5224 et
3493 5178 3698 5222 matrem

2125 5262 2260 5333 ejus,
2290 5270 2340 5315 et
2368 5263 2488 5334 fuge
2521 5261 2576 5315 in
2605 5257 2912 5334 ﬁgyptum.
2954 5260 3251 5318 Bellicosus
3286 5261 3433 5330 quod
3473 5260 3529 5314 in
3563 5256 3697 5313 bello

2195 5487 2220 5523 ‘
2251 5483 2348 5542 Ms.
2391 5483 2654 5550 Caesente,
2695 5484 2787 5539 sed
2827 5481 3050 5555 Ερυρή
3105 5484 3255 5555 triste
3308 5483 3453 5547 loco,
3503 5487 3699 5534 extorre

2120 5555 2318 5640 habifu,
2350 5557 2528 5628 lingua
2554 5557 2805 5629 ignotum,
2835 5553 3063 5610 moribus
3095 5553 3375 5609 barbarum
3405 5559 3698 5624 procuratur

2119 5627 2633 5820 εχὲιίῗὲιόῐηεηὰειι
2676 5694 2914 5752 Latinius
2964 5712 2978 5749 :
3028 5692 3173 5749 Editi
3214 5701 3270 5750 et
3311 5707 3468 5758 mss,
3509 5703 3696 5762 proca-

2121 5782 2181 5819 ra
2243 5784 2285 5820 Γ.

2121 5782 2285 5820 ratur.
