3930 6354
414 320 426 341 ⁴
492 336 607 397 est

1762 328 1820 389 S.
1860 327 2064 386 PETRI
2102 327 2532 389 CHRYSOLOGI

3686 348 3786 423 σοι

496 450 781 526 pudorem,
806 450 1105 523 perieulum
1132 448 1191 505 in
1220 444 2090 520 Joseph,longinqu1tansfatiga-
2122 456 2168 513 Α
2198 450 2344 507 mine
2389 458 2606 523 poterat
2651 452 2849 510 salvari
2884 455 3082 523 homo,
3133 472 3309 529 neque
3366 474 3489 517 sme
3542 462 3785 527 humanis

498 545 739 609 simiam,
780 540 1003 600 exitium
1030 543 1197 598 tutius
1235 542 1449 610 domus,
1478 549 1553 606 et,
1583 541 1730 613 quod
1762 541 1844 597 his
1884 542 2087 609 durius,

497 634 711 693 Judseos
745 635 1185 707 peregrinaturos
1223 634 1280 689 in
1317 635 1584 704 gentibus,
1616 635 1813 705 quibus
1847 650 1948 690 nee
1976 635 2091 705 ipsa

498 737 585 787 est
622 728 966 796 communio,
1011 729 1176 785 immo
1204 736 1289 785 est
1326 728 1654 800 profundum
1695 728 1828 799 legis
1858 737 1883 766 ι
1916 737 2093 786 trans-

455 848 463 863 ι
494 823 776 893 gressione
801 819 1154 891 naufragium.
1188 820 1232 876 Ο
1263 837 1427 893 quam
1453 821 1645 877 durum
1676 829 1759 877 est
1785 822 2095 893 peregrina-

501 915 578 971 tio
606 913 770 970 etiam
812 913 955 969 inter
980 914 1129 970 cives
1169 911 1501 984 fratresque!
1550 913 1693 984 sapit
1719 911 1847 985 quid
1887 915 1958 969 sit
1998 930 2094 971 sua

498 1005 711 1075 domus,
735 1006 831 1077 qui
851 1007 1016 1062 sentit
1037 1008 1268 1063 alienam
1294 1027 1307 1062 :
1332 1015 1389 1063 et
1416 1007 1507 1063 ubi
1536 1016 1621 1064 est
1648 1006 1779 1063 illud
1810 1026 1823 1062 :
1849 1007 2091 1079 Domine,

500 1100 760 1173 refugiant
788 1101 957 1172 factus
985 1116 1039 1155 es
1067 1099 1214 1155 nobis
1245 1094 1418 1173 (Psai.
1452 1099 1814 1173 LXXXIX)?El,
1832 1098 1972 1158 Deus
2001 1120 2096 1158 uo-

499 1203 607 1251 ster
639 1197 896 1268 refugium
928 1206 980 1251 et
1015 1197 1175 1251 virtus
1221 1194 1394 1269 (Pani.
1430 1196 1593 1276 ιιι,νοῖ
1626 1194 1684 1251 Si
1716 1196 1982 1266 refugium
2014 1195 2097 1253 fu-

501 1286 611 1356 git,
655 1287 703 1343 si
744 1287 903 1343 timet
926 1286 1117 1354 virtus,
1147 1286 1193 1342 si
1220 1286 1528 1358 prmsidium
1557 1287 1784 1357 migrat,
1817 1303 1936 1357 qua:
1963 1288 2093 1356 vita,

502 1396 624 1453 quae
643 1396 789 1452 spes,
813 1396 934 1452 quae
952 1381 1233 1449 securitas,
1250 1379 1394 1451 quod
1417 1382 1732 1436 munimen?
1756 1380 1887 1436 Elia:
1907 1389 2097 1436 contra

503 1474 726 1532 insidias
752 1474 910 1530 liberi
935 1474 1098 1542 regis,
1121 1473 1283 1529 vidua
1312 1489 1417 1529 una
1444 1471 1641 1530 sufﬁcit
1672 1472 1761 1544 (ιιι
1780 1472 1910 1546 Reg.
1930 1472 2093 1547 xvu);

503 1566 722 1624 Christo
750 1575 937 1624 contra
959 1565 1186 1622 Herodis
1213 1566 1411 1637 captivi
1444 1566 1618 1621 minas
1644 1564 1827 1620 Iudaea
1856 1574 1967 1622 tota
1988 1583 2097 1622 non

504 1657 723 1717 sufficit.
754 1657 901 1715 Elius
921 1659 1116 1715 missos
1145 1659 1215 1714 ad
1236 1674 1294 1714 se
1321 1659 1527 1715 cmicsti
1557 1656 1680 1729 igne
1709 1659 1979 1714 consumit
2008 1658 2097 1732 (iV

507 1751 639 1826 Rep.
676 1752 737 1824 1),
766 1750 1012 1809 Christus
1039 1753 1155 1808 sola
1184 1752 1308 1822 fuga
1338 1751 1398 1806 fit
1423 1752 1620 1809 salvus.
1655 1752 1942 1823 ﬂuensque
1964 1752 2100 1821 fuga:

2193 542 2402 614 injuriis
2432 542 2640 614 injuria:
2664 542 2908 602 humanae
2937 554 3189 619 poterant
3215 554 3487 624 amputari
3521 573 3535 609 :
3577 573 3782 617 causam

2193 651 2345 691 suam
2379 634 2525 705 facit,
2557 634 2649 707 qui
2681 650 2704 677 ε
2736 638 2891 694 alteri
2924 639 3037 695 vult
3065 658 3286 710 cavere;
3320 647 3413 715 qui
3436 664 3551 702 non
3582 666 3781 723 extirpa-

2195 732 2354 799 titur,
2384 741 2663 804 amputare
2700 750 2807 789 non
2838 740 3014 804 potest
3053 735 3352 806 passiones.
3401 738 3657 797 Christus
3694 762 3782 802 nos

2195 823 2250 881 in
2278 840 2337 880 se
2365 824 2601 896 suscepit
2623 866 2639 892 ,
2676 833 2734 878 ut
2767 841 2826 882 se
2855 825 3010 882 daret
3040 826 3227 896 nobis;
3256 831 3485 900 pertulit
3515 835 3781 904 passiones

2194 924 2430 983 nostras,
2461 924 2520 971 ut
2552 923 2766 972 nostras
2795 914 3010 973 tolleret
3038 921 3335 991 passiones.
3370 918 3515 980 Hinc
3536 934 3624 981 est
3651 929 3779 998 quod

2195 1006 2439 1065 Christus
2478 1007 2641 1079 fugit,
2682 1017 2744 1065 ut
2783 1019 2996 1067 nostras
3037 1006 3188 1083 fugas
3223 1012 3278 1070 in
3318 1017 3781 1088 permutiouibm

2196 1106 2541 1172 temperaret.
2573 1098 2773 1173 Martyr
2800 1096 3223 1174 comprehensus
3250 1106 3415 1163 debet
3446 1114 3785 1169 tenere'con-

2195 1191 2468 1259 stantiam,
2499 1208 2607 1248 non
2634 1194 3053 1265 comprehensus
3072 1194 3232 1253 debet
3254 1192 3439 1268 fugere
3461 1214 3788 1272 perseqnem

2199 1295 2338 1353 tem,
2383 1294 2441 1342 nt
2479 1294 2537 1343 et
2574 1288 2907 1359 persecutori
2948 1282 3222 1359 indulgeat
3256 1288 3619 1363 resipiscendi
3660 1304 3785 1351 teni-

2198 1395 2317 1452 pus,
2350 1387 2402 1436 et
2430 1379 2531 1436 sibi
2562 1389 2775 1453 tempus
2803 1398 2912 1437 non
2939 1376 3147 1438 auferat
3190 1384 3557 1457 supplicandi,
3588 1386 3787 1448 dicente

2200 1471 2430 1528 Domino
2455 1490 2468 1526 :
2494 1472 2556 1528 Si
2576 1488 2662 1528 vos
2691 1475 2942 1546 persecuti
2963 1474 3157 1546 fuerint
3176 1474 3229 1530 in
3249 1476 3348 1532 hac
3378 1479 3617 1547 civitate,
3643 1482 3789 1554 fugite

2200 1563 2254 1616 in
2293 1562 2449 1617 aliam
2475 1561 2691 1634 (Matth.
2722 1563 2801 1635 ιι).
2836 1558 3244 1622 Persecutorem
3274 1566 3369 1639 qui
3399 1580 3699 1640 provocat,
3727 1568 3787 1628 fa-

2201 1657 2307 1725 cit;
2336 1657 2554 1725 corrigit
2580 1657 2671 1727 qui
2698 1648 2951 1713 declinat.
2978 1654 3183 1729 Fugere
3203 1654 3470 1718 debemus
3500 1678 3658 1734 ergo,
3678 1674 3787 1737 pro-

2201 1764 2397 1803 vocare
2427 1764 2536 1803 non
2563 1744 2839 1816 debemus,
2869 1750 2914 1805 si
2943 1746 3141 1805 salvari
3172 1759 3562 1821 persecutores
3593 1762 3785 1813 nostros

503 1845 703 1904 Christi
742 1847 1110 1917 querimonias
1160 1861 1514 1917 exaggerasse
1555 1845 1802 1902 sufficiat.
1847 1845 2094 1912 Fratres,
2128 1844 2177 1905 Β
2200 1839 2468 1905 νοιυῐηυεν
2490 1855 2589 1910 PFO
2609 1840 2802 1910 quibus
2822 1851 3147 1912 [tW-ceptum
3169 1850 3253 1899 est
3279 1861 3379 1900 nos
3404 1862 3597 1902 orare.
3626 1840 3783 1916 Orate,

500 1942 649 2012 quod
674 1941 811 2011 fugit
847 1941 1113 2008 Christus,
1144 1942 1245 1997 fuit
1271 1942 1540 2014 mysterii,
1588 1957 1697 1997 non
1726 1942 1967 2007 timoris;
1998 1938 2098 1995 fuit

500 2032 780 2100 liberatio,
826 2048 934 2089 non
962 2034 1261 2105 perieulum
1301 2033 1609 2100 Creatoris;
1651 2032 1847 2088 divinae
1883 2030 2097 2086 virtutis

498 2124 619 2193 fuit,
657 2142 766 2183 non
796 2125 897 2183 fuit
923 2128 1227 2198 fragilitatis
1260 2127 1543 2193 humanae;
1577 2142 1684 2182 non
1714 2125 1847 2195 fugit
1874 2132 2098 2197 propter

497 2218 738 2274 auctoris
779 2226 1038 2284 mortem,
1084 2219 1179 2275 sed
1220 2219 1352 2287 fugit
1396 2227 1619 2289 propter
1667 2219 1849 2273 szeculi
1904 2219 2089 2272 vitam.

499 2307 635 2364 Nam
662 2310 754 2380 qui
781 2311 917 2365 mori
946 2317 1185 2377 venerat,
1209 2325 1377 2380 quare
1407 2308 1616 2378 fugeret
1638 2309 1908 2364 mortem?
1936 2303 2094 2363 Chri-

497 2409 613 2457 stus
636 2408 807 2457 totam
834 2417 1051 2458 causam
1073 2409 1275 2458 nostras
1293 2403 1483 2458 salutis
1505 2402 1792 2468 occideret,
1826 2402 1869 2456 si
1893 2417 1951 2456 se
1973 2417 2097 2473 par-

496 2492 681 2548 vulum
721 2494 1055 2565 permisisset
1095 2495 1289 2552 occidi.
1327 2494 1575 2551 Christus
1603 2504 1846 2561 venerat,
1871 2503 1932 2549 ut
1958 2509 2095 2564 quos

492 2587 779 2657 praeceptis
818 2587 1102 2652 docuerat,
1136 2586 1377 2644 firmaret
1409 2588 1694 2659 exemplis,
1727 2597 1784 2644 et
1805 2590 1921 2659 ipse
1949 2588 2094 2645 face-

372 2670 381 2678 ’
492 2690 582 2738 ret
611 2696 732 2753 qua:
754 2681 1003 2739 facienda
1031 2683 1412 2751 mandaverat;
1443 2693 1499 2739 et
1539 2685 1654 2739 visu
1687 2684 1941 2754 probaret
1968 2699 2094 2753 pos-

493 2773 700 2841 sibilia,
729 2790 852 2844 qua:
878 2776 1233 2847 impossibilia
1262 2776 1581 2832 videbantur
1619 2776 1825 2831 auditu.
1860 2775 2094 2831 Venerat

496 2871 558 2919 ut
575 2865 779 2922 mundo
801 2867 1050 2922 notitiam
1070 2874 1179 2923 stne
1207 2866 1420 2923 deitatis
1448 2867 1771 2934 infunderet,
1800 2876 1854 2923 et
1873 2867 2093 2923 humani

492 2958 710 3024 generis
743 2958 1104 3027 ignorantiam
1137 2959 1391 3016 auferret.
1413 2959 1652 3016 Venerat
1679 2967 1737 3014 ut
1766 2960 1918 3030 pigra
1941 2974 2091 3014 mor-

498 3047 688 3104 talium
727 3050 893 3106 eoi-da
921 3050 989 3106 ad
1026 3050 1190 3108 iidem
1229 3052 1515 3108 virtutibus
1543 3052 1823 3108 excitaret.
1857 3050 2093 3106 Venerat

490 3138 769 3197 diabolum
808 3142 1027 3214 publico
1066 3152 1327 3215 superare
1355 3142 1635 3211 conflictu;
1676 3151 1733 3198 ut
1761 3142 1787 3182 ι)
1819 3142 1887 3198 ab
1916 3143 2092 3199 omni-

2201 1931 2401 2001 inquit,
2441 1950 2535 2003 pro
2571 1933 2986 2007 persequentibus
3026 1953 3113 1991 vos
3158 1930 3376 2009 (Matth.
3412 1936 3498 2010 ν),
3531 1936 3785 1999 Grandem

2200 2032 2302 2089 est,
2330 2023 2637 2093 fugiendum
2666 2034 2767 2091 est,
2799 2038 2856 2081 ut
2881 2035 2937 2081 et
2966 2026 3055 2082 ille
3076 2024 3167 2097 qui
3195 2045 3293 2099 per
3319 2020 3699 2098 ignorintiam
3716 2031 3783 2088 fn-

2204 2118 2292 2181 rit,
2339 2125 2597 2184 sanetur;
2633 2127 2686 2173 et
2718 2120 2806 2175 ille
2835 2118 2925 2189 qui
2954 2121 3157 2193 patitur
3183 2118 3250 2178 de
3279 2116 3553 2194 patientia
3575 2123 3781 2195 palmam

2199 2209 2421 2273 subeat,
2474 2225 2580 2263 non
2626 2211 2819 2265 subeat
2856 2210 2924 2266 de
2971 2210 3277 2269 temeritate
3314 2210 3639 2271 discrimen.
3676 2208 3781 2272 Fra-

2201 2306 2310 2356 tres
2356 2297 2382 2336 (³
2428 2301 2473 2355 si
2517 2298 2737 2355 Saulum
2786 2310 3051 2375 martyres
3091 2320 3199 2359 non
3230 2302 3537 2376 fugissent,
3585 2300 3780 2367 Paullus

2200 2402 2597 2465 martyremqne
2642 2410 2752 2449 non
2798 2394 3072 2452 fecissent.
3104 2392 3219 2453 Hoc
3264 2394 3590 2456 faciendum
3627 2394 3780 2459 docuit

2199 2482 2475 2551 Christus,
2510 2486 2615 2542 hoc
2644 2487 2797 2542 nobis
2833 2484 3051 2558 reliquit
3078 2482 3427 2560 exemplum;
3466 2500 3534 2547 ut
3571 2488 3780 2562 fugiente

2202 2575 2449 2642 Domino,
2484 2576 2665 2646 fugere
2696 2576 2968 2648 indignum
2999 2597 3105 2635 non
3145 2586 3299 2651 putet
3337 2598 3561 2639 servus.
3596 2580 3661 2639 Et
3695 2578 3779 2640 ὥ

2199 2676 2283 2724 est
2320 2684 2483 2725 causa
2521 2670 2666 2739 quod
2706 2669 2839 2740 iugit
2879 2668 3143 2736 Christus,
3174 2674 3321 2743 quod
3364 2668 3556 2731 infans
3596 2682 3779 2748 tempus

2198 2775 2309 2815 sua:
2329 2759 2533 2815 distulit
2560 2762 2843 2832 passionis,
2870 2762 3014 2833 quod
3034 2776 3247 2819 crucem
3278 2782 3445 2837 supra
3469 2766 3777 2823 tricesimum

2198 2866 2397 2906 annum
2427 2852 2548 2907 vitae
2569 2852 2867 2924 corporalis
2888 2850 3165 2923 ascendit;
3199 2866 3257 2912 ut
3285 2858 3380 2929 qui
3404 2854 3476 2914 ad
3503 2858 3664 2915 vitam
3682 2876 3778 2933 per-

2194 2941 2396 2999 fectum
2424 2943 2698 3000 hominem
2728 2943 2956 3012 fecerat,
2989 2947 3280 3018 perfectam
3311 2961 3602 3021 repararet
3633 2950 3682 3005 in
3707 2934 3775 3006 vi-

2196 3042 2335 3103 tam;
2367 3043 2421 3091 et
2448 3036 2663 3106 qualem
2696 3038 2852 3094 terris
2874 3037 3118 3103 dederat,
3153 3038 3315 3095 talem
3343 3036 3604 3098 redderet
3632 3036 3772 3099 ratio.

2194 3123 2264 3180 Et
2311 3127 2456 3195 quod
2503 3127 2569 3182 ad
2620 3118 2911 3202 ngyptum
2955 3126 3119 3200 fugit,
3166 3139 3190 3168 ο
3236 3126 3401 3187 aliam
3444 3128 3683 3204 procedit
3718 3133 3777 3189 ad

490 3234 594 3292 bus
611 3242 668 3291 et
688 3212 872 3292 divino
902 3212 1212 3294 vinceretur
1234 3237 1406 3308 jussu,
1430 3246 1487 3293 et
1513 3237 1749 3292 humano
1778 3244 2087 3307 prasterne-

2195 3233 2432 3308 cansant.
2481 3216 2637 3308 Fugit
2683 3220 2749 3276 ad
2794 3212 3121 3294 Egyptum,
3162 3231 3222 3278 ut
3258 3216 3537 3308 perfidiam
3573 3218 3779 3281 Iudaeo-

487 3335 639 3383 retur
657 3328 928 3400 exemplo.
953 3329 1189 3386 Venerat
1216 3330 1515 3402 przesentite
1543 3342 1653 3386 sure
1676 3330 1941 3399 promissa
1963 3343 2088 3399 per-

488 3417 733 3487 solvere,
772 3429 834 3475 ut
862 3421 1058 3490 quibus
1096 3422 1238 3477 scire
1273 3437 1334 3476 se
1372 3421 1625 3488 dederat,
1668 3420 1995 3477 concederet
2026 3435 2087 3477 se

428 3542 431 3545 -
488 3507 692 3566 videre.
726 3509 963 3567 Venerat
1002 3518 1062 3568 ut
1089 3513 1301 3568 veniret
1324 3510 1541 3568 Judaens
1568 3512 1637 3568 de
1664 3519 1978 3582 contemptu
2005 3511 2085 3569 le-

402 3677 408 3687 .
485 3600 591 3671 gis.
625 3600 860 3658 Venerat
898 3603 1247 3661 introducere
1285 3605 1355 3660 ad
1401 3604 1560 3661 fidem
1596 3614 1803 3673 gentes.
1845 3605 2084 3662 Venerat

470 3691 689 3761 eligere
723 3694 1003 3764 apostolos
1037 3695 1291 3752 doctores
1320 3697 1500 3764 orbis,
1536 3710 1738 3766 eosque
1773 3698 2083 3753 omlestibus

487 3782 716 3854 implere
740 3784 1021 3852 doctrinis,
1055 3788 1265 3844 munire
1291 3789 1605 3854 virtutibus,
1639 3804 1849 3844 armare
1893 3790 2076 3859 signis,

488 3886 552 3939 ut
585 3878 752 3953 signis
778 3883 1100 3941 adornarent
1128 3884 1301 3952 feros,
1335 3894 1592 3942 sanarent
1618 3886 1907 3941 virtutibus
1933 3887 2082 3943 iniit-

486 3980 635 4043 ﬂiOs,
672 3968 935 4035 doctrinis
969 3978 1177 4036 dociles
1218 3978 1510 4036 educerent
1542 3994 1555 4035 ι
1591 3988 1648 4035 et
1686 3980 1755 4034 ad
1790 3992 2075 4045 summum,

484 4071 711 4126 venerat
748 4076 981 4127 mortem
1020 4072 1252 4143 perdere
1285 4070 1598 4137 moriendo,
1633 4072 1965 4143 penotrando
1996 4074 2079 4128 in-

482 4159 637 4219 ﬁma
665 4159 993 4230 dissolvere,
1035 4162 1368 4233 resurgendo
1406 4164 1651 4234 sepulcra
1682 4176 1955 4230 reserare;
1995 4179 2082 4222 as-

485 4254 768 4311 cendendo
796 4256 864 4311 ad
892 4250 1060 4313 celos
1082 4240 1394 4313 caelestibus
1421 4257 1626 4312 donare
1656 4265 1920 4313 terrenos.
1950 4255 2081 4311 0m-

483 4344 572 4402 nta
621 4345 737 4404 haec
771 4348 956 4420 otique
997 4351 1287 4421 periissem
1325 4349 1514 4416 nobis,
1559 4350 1606 4404 si
1644 4348 1915 4415 Christus,
1957 4364 2084 4404 cum

486 4443 633 4496 esset
660 4440 714 4497 in
742 4440 1041 4509 cunabulis,
1076 4452 1185 4497 non
1216 4443 1459 4511 fugisset.
1493 4440 1621 4507 Sed,
1650 4441 1880 4505 auditor,
1912 4441 2081 4507 dicas,

486 4518 620 4587 Cum
650 4536 833 4603 posset
856 4533 1029 4599 aliter,
1048 4542 1219 4602 quare
1240 4534 1424 4599 tantis,
1450 4540 1619 4603 quare
1642 4532 1838 4587 talibus
1858 4547 1919 4587 se
1937 4540 2085 4586 sum-

2192 3326 2311 3366 rum
2346 3307 2365 3348 τ
2398 3322 2495 3381 per
2524 3302 2682 3366 ﬁdem
2714 3311 2953 3382 gentium
2976 3312 3269 3384 castigaret
3301 3332 3316 3369 :
3349 3331 3466 3371 nam
3495 3306 3781 3373 Dominum

2188 3418 2344 3459 suum
2373 3418 2532 3473 quem
2560 3396 2741 3459 Iudaea
2784 3406 3090 3475 fugaverat,
3123 3396 3394 3480 [Egyptus
3432 3402 3779 3477 obsequenter

2189 3497 2417 3565 accepit,
2446 3503 2506 3549 nt
2534 3493 2828 3552 Eeclesiam
2859 3492 3176 3571 Synagogte,
3205 3488 3409 3555 Iudaeis
3427 3506 3614 3570 gentes
3635 3508 3773 3557 ante-

2164 3587 2468 3673 ponendas
2499 3587 2553 3643 in
2583 3590 2690 3645 fide
2717 3606 2867 3645 suam
2895 3591 3159 3661 panderet
3195 3607 3295 3665 per

2742 3711 2766 3751 s
2800 3700 3037 3757 SERMO
3074 3701 3228 3760 CLll.

2686 3793 2765 3848 De
2810 3795 3097 3865 infantium
3138 3810 3280 3850 necs.

2262 3887 2420 3943 Zelus
2445 3901 2556 3955 quo
2582 3887 2789 3950 tendat,
2820 3902 2931 3957 quo
2970 3887 3218 3957 prosiliat
3245 3888 3406 3956 livor,
3436 3889 3636 3947 invidia
3672 3903 3770 3961 quo

2182 3977 2390 4035 feratur
2438 3976 2743 4033 Herodicus
2787 3978 2947 4034 hodie
2986 3979 3245 4050 patefecit
3282 3980 3633 4038 immanitas:
3661 3996 3770 4052 qn:

2185 4070 2315 4126 dum
2362 4070 2677 4140 temporalis
2723 4070 2875 4139 regni
2914 4072 3200 4127 mmulatur
3237 4074 3555 4143 angustias,
3592 4073 3770 4129 aatuni

2187 4164 2329 4235 regis
2355 4172 2533 4220 ortum
2571 4165 2792 4220 molitur
2820 4166 3199 4235 exstinguere,
3228 4168 3370 4225 sicut
3397 4168 3478 4224 ait
3509 4169 3767 4238 evangeli-

2184 4263 2271 4311 sta
2303 4273 2316 4310 :
2346 4254 2487 4310 Tunc
2523 4254 2759 4311 Heredes
2787 4256 2965 4312 videns
2990 4259 3114 4330 quin
3141 4258 3326 4315 illusus
3353 4268 3490 4315 esset
3518 4277 3555 4315 α
3584 4261 3765 4332 Inﬁt,

2184 4346 2349 4401 iratas
2385 4356 2462 4401 est
2498 4347 2686 4402 ualde:
2720 4356 2772 4401 et
2799 4349 3007 4403 mittens
3043 4350 3235 4404 occidit
3271 4366 3453 4406 mea
3480 4366 3663 4423 puros
3688 4351 3769 4423 pi

2186 4449 2334 4494 erant
2352 4441 2409 4494 in
2433 4439 2726 4495 Bethleltent
2752 4450 2803 4495 et
2841 4442 2897 4495 iu
2925 4441 3166 4497 omnibus
3194 4441 3389 4512 finibus
3409 4444 3527 4516 ejus
3550 4442 3762 4514 (κιαι,

2186 4530 2289 4602 ιι).
2329 4531 2521 4588 Vident
2541 4534 2663 4605 quin
2683 4532 2867 4587 illusus
2894 4542 3029 4587 esset
3064 4549 3099 4587 ι
3135 4535 3327 4606 magis.
3351 4534 3512 4591 Dolet
3538 4536 3768 4606 iutpislls

486 4620 1153 4693 Misit-injuﬂlsinuare?
1182 4622 1448 4690 Primum,
1479 4624 1607 4693 quia
1636 4637 1815 4694 neque
1841 4622 1960 4679 sine
1986 4623 2084 4679 ho-
2105 4614 2159 4675 D
2182 4632 2247 4679 se
2263 4622 2495 4689 illnsam,
2518 4623 2742 4679 dilatam
2768 4639 2831 4681 se
2849 4624 3141 4681 crudelitas
3179 4626 3341 4691 furit.
3374 4626 3557 4683 fremit
3581 4626 3766 4683 dolosi-

561 4777 808 4853 fludteis
828 4780 897 4853 nd
932 4787 1149 4853 exteros
1176 4780 1341 4837 vetita
1368 4780 1755 4853 peregrinatio.

558 4849 590 4892 ι
618 4848 784 4917 Alias,
817 4848 882 4906 ab
924 4846 1237 4907 numinibus.

563 4932 588 4962 ο
619 4917 785 4987 Alias,
816 4921 1047 4977 alterius.

559 4987 590 5031 δ
616 4982 917 5063 Corruptus
945 4993 998 5049 in
1027 4992 1272 5063 plurimis
1309 4990 1638 5049 editionihus
1679 4982 1841 5063 locus
1871 4986 2082 5063 medica

485 5079 654 5121 manu
682 5052 976 5132 indigebat.
1008 5052 1143 5119 Dum
1172 5071 1354 5119 autem
1382 5072 1765 5133 mertyromque
1791 5056 1945 5126 dicit,
1972 5052 2084 5116 for-

483 5149 587 5192 san
616 5133 674 5190 S.
702 5133 1033 5205 Stephanum
1060 5134 1299 5205 respicit.

561 5215 586 5244 ο
617 5204 712 5276 Ad,
739 5201 973 5276 litteram
1004 5223 1017 5258 :
1050 5201 1300 5276 Christus
1332 5203 1387 5260 in
1422 5201 1716 5276 Egyptum
1746 5215 1805 5276 se
1824 5202 2039 5276 recepit
2060 5244 2074 5268 ,

486 5276 580 5332 ubi
609 5275 740 5329 nihil
788 5274 1027 5330 Herodes
1064 5275 1403 5330 auctoritatis
1431 5282 1486 5329 et
1501 5271 1799 5344 potestatis
1824 5271 2079 5344 habebat.

487 5346 598 5402 Nec
626 5345 776 5415 ejus,
818 5360 919 5399 nec
953 5344 1292 5409 Scribarum,
1325 5354 1383 5401 et
1407 5340 1801 5415 Phariscorutii
1843 5340 2080 5398 furorem

487 5412 775 5487 evitasset.
824 5423 886 5471 ut
929 5417 1209 5487 ubseﬂat_
1226 5415 1618 5487 Hieronymus,
1664 5412 1969 5487 Comment.
2006 5415 2080 5487 in

485 5484 677 5543 Matth.
705 5485 799 5542 lib.
826 5502 877 5551 ι,
908 5485 955 5544 si
981 5496 1133 5542 extra
1170 5484 1390 5543 Galilee
1418 5482 1627 5541 tantum
1668 5483 1803 5540 ﬁnes
1838 5482 2079 5554 aufugis-

486 5566 591 5614 set.
618 5558 753 5613 Nam
783 5567 1101 5628 perseeutor
1129 5556 1371 5614 Herodes
1410 5557 1676 5625 integrum
1721 5562 1839 5628 tum
1863 5552 2079 5628 Judaeo-

486 5640 607 5684 tum
634 5625 859 5712 regnum
875 5629 1178 5713 obtinebat,
1201 5636 1256 5685 et
1271 5637 1403 5711 post
1420 5628 1539 5699 ejus
1562 5632 1771 5682 tantum
1791 5625 1998 5681 obitum
2020 5626 2077 5682 in

488 5700 808 5755 tetrarchas
834 5700 1027 5755 dmsto
1047 5699 1188 5755 facta
1209 5702 1329 5755 fuit.

729 5716 808 5755 tas
834 5716 1027 5755 (“VISIO
1047 5716 1188 5757 ιλειιι
1209 5716 1329 5755 Ιιιιῑ.

564 5768 585 5809 ⁸
617 5769 734 5852 lVou
773 5770 920 5841 quod
957 5779 1086 5852 tunc
1113 5764 1830 5852 in_£gypto.Christi.ﬂdes
1855 5776 2076 5852 recepta

491 5847 658 5909 esset,
681 5848 743 5898 ut
767 5834 1045 5913 gregarius
1070 5834 1572 5915 quidan'niystiens
1599 5840 1832 5913 scriptor
1857 5834 2072 5899 innuit:

2190 4796 2315 4865 nam
2336 4780 2533 4837 ibidem
2561 4780 2830 4865 adAannos
2850 4797 3022 4865 usque
3036 4797 3151 4854 rep.
3173 4783 3272 4865 sal.
3293 4783 3399 4865 329
3419 4784 3766 4865 idololatrian

2188 4846 2411 4927 durasse
2440 4848 2800 4927 accuratio‘res
2846 4846 3136 4927 scriptores
3165 4846 3383 4927 docent.
3422 4846 3493 4927 Et
3532 4857 3622 4927 qui
3659 4864 3767 4911 tra-
3800 4868 3813 4881 '

2187 4921 2322 4977 dunt
2343 4921 2409 4977 ad
2438 4920 2637 4978 Christi
2659 4916 3241 4979 adventum'idolorum
3277 4916 3566 4982 simulacri
3590 4926 3641 4981 in
3674 4936 3768 4982 Ca-

2188 4984 2311 5067 dcm
2340 4993 2559 5061 regione
2580 4993 2881 5067 corruisse,
2923 4995 2969 5049 si
2996 4992 3063 5050 de
3091 4991 3396 5067 daemonum
3417 4992 3641 5067 imperio
3671 4994 3768 5051 illi-

2189 5054 2311 5119 dem
2361 5054 2588 5137 eicnsso
2647 5054 2989 5137 intelligunt,
3027 5079 3090 5120 ea
3147 5062 3383 5137 tradunt
3583 5067 3767 5137 elapsi

2190 5134 2541 5205 temporibus,
2583 5151 2688 5189 non
2724 5150 2841 5203 qua:
2869 5135 3030 5190 modo
3058 5149 3310 5205 evenere.
3342 5133 3477 5190 Cum
3504 5133 3682 5191 autem
3712 5135 3764 5190 in

2189 5204 2452 5274 superiori
2469 5213 2593 5260 nota
2621 5205 2828 5259 meliori
2845 5205 3063 5261 eriterio
3087 5204 3499 5260 esaminandam
3525 5204 3632 5261 dixi
3652 5205 3768 5259 uni-

2187 5288 2398 5330 versam
2442 5274 2632 5330 horum
2663 5274 3070 5332 simulacrorum
3116 5274 3476 5339 eversionem,
3506 5291 3614 5331 non
3648 5274 3768 5330 ideo

2188 5348 2367 5400 omnia
2395 5342 2637 5416 prodigia
2666 5361 2785 5416 quae
2807 5346 3000 5416 tuncjn
3025 5342 3259 5416 Egypto
3284 5346 3397 5416 visa
3421 5346 3665 5416 scribunt
3676 5358 3769 5399 ex-

2187 5417 2353 5487 punxi
2371 5412 2531 5483 {lucc
2558 5412 2703 5487 enim
2733 5412 2900 5472 solius
2927 5412 3236 5487 Casauboni
3262 5413 3770 5487 aliorumquefro-

2186 5482 2499 5542 testantinm
2524 5482 2749 5543 audacia
2779 5492 2894 5552 est;
2937 5503 3001 5541 ea
3028 5483 3141 5555 sola
3171 5485 3415 5551 ratione,
3444 5482 3585 5555 quod
3611 5483 3769 5555 Chri-

2184 5558 2538 5683 Etu‘s'initinm
2567 5574 2787 5613 suorum
2807 5559 3084 5626 signorum
3113 5554 3301 5612 fecisse
3323 5553 3527 5612 dieatur
3549 5555 3601 5609 in
3618 5553 3769 5609 Cana

2233 5646 2262 5682 a
2289 5647 2300 5682 l
2326 5644 2421 5683 etc.

2233 5629 2421 5684 aiiletc.

2254 5709 2281 5747 ις
2316 5698 2680 5775 ιιιΛηιηιιιιιιΙὶδ
2720 5697 3047 5754 editionibus
3082 5696 3227 5775 hanc
3262 5695 3599 5775 epigraphein
3628 5706 3770 5775 pree-

2181 5767 2288 5826 fert
2319 5788 2330 5823 :
2367 5766 2487 5835 Qui,
2526 5787 2629 5824 non
2657 5783 2790 5825 recte
2824 5781 3024 5837 tamen,
3057 5769 3159 5826 diri
3188 5764 3455 5827 Seueriani
3480 5764 3770 5826 titufo'a'tb

2182 5844 2484 5913 eumfertur.
2510 5836 2645 5900 Vide
2664 5839 3055 5914 prafationem.
