3878 6368
123 345 214 417 i505

1502 331 1631 385 SER
1639 329 1732 384 MU
1759 328 1908 385 CLll.

123 437 195 526 tas
216 456 587 527 sedeeeptam,
610 460 664 508 et
685 453 746 530 in
767 465 827 510 se
846 451 990 510 fraus
1017 465 1232 530 reversa
1255 450 1542 508 colliditur.
1567 449 1677 506 He—
1704 451 1759 512 Α
1781 449 1858 504 nil
1882 449 2144 517 fecerunt,
2169 459 2225 506 et
2242 452 2436 520 quibus
2467 457 2619 506 actus
2645 451 2823 508 nullus
2857 459 2962 515 est,
2989 450 3132 508 unde
3157 453 3358 526 culpa?

122 549 261 614 rodes
281 547 468 607 stridet
492 539 690 603 cadens
713 546 824 616 ipse
853 543 907 600 in
930 543 1182 614 laqueum
1209 558 1370 614 quem
1405 542 1631 600 tetendit
1659 559 1677 598 :

121 653 228 709 hinc
253 642 585 715 iniquitatem
608 655 770 712 quam
797 631 1112 695 condiderat
1139 638 1387 706 evaginat
1422 655 1435 690 :
1477 635 1545 692 de
1576 633 1681 692 ﬁde

121 737 333 817 perﬁdia:
371 733 536 792 sumit
574 747 755 798 arma;
787 723 1235 800 terreno'quzerit
1275 725 1487 794 furore,
1518 743 1679 796 quem

119 841 284 892 uatum
311 827 520 883 coalitus
545 841 652 881 non
680 821 879 889 credit;
907 819 976 877 ad
1014 821 1164 876 sinus
1191 828 1422 876 matrum
1449 819 1677 874 militum

120 925 241 995 cogit
265 927 462 985 castra,
486 919 627 973 inter
658 915 821 972 ubera
855 929 1033 970 arcem
1063 911 1278 986 pietatis
1299 918 1591 983 oppugnat,
1623 909 1678 966 in

119 1011 294 1072 teneris
323 1007 575 1068 uberibus
605 1005 803 1063 ferrum
836 1003 1022 1072 durat,
1065 1001 1151 1060 lac
1179 999 1352 1058 fundit
1389 1010 1678 1070 antequam

118 1101 428 1176 sanguinem,
450 1097 553 1157 dat
576 1109 700 1154 ante
724 1105 952 1152 mortem
974 1091 1179 1150 sentire
1205 1107 1368 1163 quam
1387 1093 1572 1158 vitam,
1609 1098 1682 1146 te-

120 1197 289 1253 nebras
326 1189 527 1261 ingerit
566 1188 888 1245 intrantibus
928 1187 1122 1242 lucem.
1170 1181 1262 1241 Sic
1309 1181 1385 1239 ait
1423 1181 1680 1252 magister

119 1289 254 1351 mali,
303 1285 550 1340 minister
589 1282 732 1347 doli,
773 1282 867 1336 irae
905 1277 1118 1344 artifex,
1149 1278 1401 1333 inventor
1435 1276 1673 1342 sceleris,

120 1376 379 1450 impietatis
405 1381 612 1438 auctor,
636 1372 852 1444 pietatis
876 1368 1059 1440 praedo
1083 1409 1096 1434 ,
1129 1368 1376 1452 inimicus
1416 1366 1676 1421 innocen-

118 1471 205 1534 tize,
229 1466 396 1522 hostis
417 1471 639 1525 naturae,
669 1461 842 1516 malus
871 1459 1139 1524 omnibus,
1181 1457 1292 1538 suis
1318 1456 1490 1528 pejor,
1515 1457 1682 1528 pessi-

116 1571 216 1616 mus
239 1555 334 1612 sibi
370 1573 383 1609 :
427 1569 587 1624 quem
616 1549 886 1620 Christus,
919 1563 1029 1607 non
1056 1555 1118 1606 ut
1159 1547 1440 1616 evaderet,
1475 1545 1570 1605 sed
1609 1563 1677 1604 ne

120 1648 311 1713 videret,
342 1643 568 1713 aufugit.
595 1643 657 1698 in
677 1641 845 1698 altum
875 1639 1119 1706 tendens,
1151 1640 1295 1696 cadit
1319 1635 1386 1694 ab
1409 1633 1518 1694 alto
1535 1655 1548 1705 ;
1567 1653 1676 1694 cur

118 1741 208 1798 ium
233 1735 451 1808 pulsans
472 1777 486 1802 ,
517 1735 684 1789 intrat
712 1727 1060 1805 proilundum;
1092 1729 1147 1786 in
1190 1744 1249 1788 se
1277 1729 1439 1794 vadit,
1471 1731 1562 1800 qui
1585 1741 1676 1785 va-

1783 551 1811 591 8
1857 541 2213 614 Sumpserunt
2242 551 2482 599 mortem
2522 544 2613 614 qui
2640 544 2822 601 vivere
2863 545 3205 611 nescierunt,
3249 561 3361 605 non

1778 645 1988 705 tempus
2018 633 2046 672 ιι
2075 635 2301 705 proluit,
2331 651 2440 692 non
2469 638 2747 692 excusavit
2771 645 2920 704 aetas,
2952 637 3224 694 silentium
3249 655 3362 697 non

1778 726 2034 794 defendit,
2057 729 2249 796 quibus
2271 729 2413 798 apud
2433 728 2701 786 ilerodem
2719 730 2894 788 solum
2915 729 3059 799 quod
3081 731 3193 786 nati
3211 741 3358 798 sunt,

1777 819 1884 875 hoc
1911 818 2010 874 fuit
2031 821 2252 876 crimen.
2283 818 2349 874 Et
2380 836 2602 888 revera,
2633 822 2904 892 quomodo
2935 837 3045 878 non
3071 822 3362 880 redderent

1777 920 1982 970 naturas
2001 913 2284 979 creditum,
2316 929 2345 967 a
2373 913 2566 982 quibus
2605 928 2766 969 causa
2805 913 3126 983 exigebatur
3168 923 3357 972 aucto-

1776 1003 1887 1060 ris?
1907 1004 2094 1059 Infelix
2121 1005 2285 1060 homo
2307 1046 2322 1071 ,
2353 1005 2445 1074 qui
2483 1005 2583 1060 sibi
2611 1005 2680 1060 ad
2718 1005 3114 1062 accusationem
3150 1007 3360 1078 paravit

1779 1096 1979 1162 omnia,
2004 1095 2072 1151 ad
2094 1095 2460 1151 excusandum
2487 1096 2720 1166 spatium
2749 1112 2858 1152 non
2884 1097 3124 1168 reliquit,
3155 1098 3250 1152 sed
3279 1105 3362 1153 to-

1778 1196 1889 1244 tum
1909 1188 2119 1258 paravit
2140 1188 2209 1243 ad
2241 1188 2482 1258 pmnam!
2521 1186 2653 1256 Quis
2675 1189 2973 1256 excusabit,
2999 1203 3159 1260 quem
3182 1190 3362 1260 pulsat

1779 1279 2107 1347 innocentia,
2133 1281 2354 1336 iniantia
2386 1281 2626 1351 impetit,
2651 1281 2736 1337 lac
2767 1289 2828 1337 ut
2855 1282 3073 1351 sanguis
3101 1290 3320 1340 accusat
3353 1284 3374 1336 ?

1777 1373 1894 1430 Hoc
1937 1382 2126 1430 contra
2170 1373 2458 1430 Herodem.
2488 1373 2558 1429 At
2601 1373 2845 1430 Christus
2886 1375 3188 1430 futurorum
3225 1390 3362 1446 pra:-

1778 1465 1943 1533 scius,
1966 1467 2214 1522 conscius
2233 1473 2584 1530 secretorum,
2609 1465 3000 1535 cogitationum
3018 1463 3203 1534 judex,
3217 1479 3362 1526 men-

1777 1559 1908 1614 tium
1930 1566 2299 1630 perscrutator
2314 1598 2328 1623 ,
2359 1573 2527 1627 quare
2552 1557 2788 1613 deseruit
2821 1572 2960 1627 quos
2981 1556 3187 1612 sciebat
3212 1571 3361 1626 qure-

1775 1652 1974 1707 rendos
2002 1667 2123 1706 esse
2149 1659 2372 1722 propter
2401 1663 2462 1707 se
2484 1689 2500 1715 ,
2536 1655 2593 1706 et
2619 1655 2843 1721 propter
2869 1666 2928 1706 se
2957 1657 3183 1706 noverat
3218 1649 3363 1705 occi-

1776 1741 2017 1796 dendos?
2044 1741 2210 1796 Natus
2244 1757 2372 1806 rex,
2413 1750 2468 1797 et
2513 1749 2610 1797 rex
2647 1742 2885 1797 cmlestis
2913 1756 3080 1811 quare
3124 1741 3364 1812 neglexit

121 1829 183 1886 dit
204 1825 252 1881 ίη
282 1825 488 1893 Deum;
519 1837 579 1882 se
607 1821 834 1890 οεεὶἀὶῑ,
877 1823 969 1895 qui
996 1823 1160 1878 Vitam
1207 1829 1434 1878 conatur
1462 1827 1488 1859 "
1524 1821 1671 1877 OCCi-
1703 1822 1748 1882 Β
1776 1832 1974 1890 milites
2005 1832 2326 1888 innocentia:
2361 1847 2489 1898 suae,
2533 1840 2866 1888 comtaneum
2898 1832 3000 1888 sibi
3031 1847 3200 1903 quare
3231 1847 3364 1888 con-

114 1921 236 1986 dere,
266 1919 292 1957 δ
319 1920 452 1988 quia
480 1917 601 1988 capi
631 1931 738 1972 non
777 1921 957 1988 potest
982 1913 1285 1986 perditione
1322 1911 1497 1981 salus,
1529 1913 1674 1969 occi-

115 2015 238 2071 sione
259 2014 393 2076 vita,
427 2009 701 2066 aeternitas
725 2007 850 2064 tine.
869 2005 912 2063 Ο
933 2005 1154 2063 ambitio
1182 2019 1341 2076 quam
1365 2019 1508 2062 caeca
1529 2019 1672 2060 sem-

114 2107 213 2178 per!
245 2101 286 2160 Ο
311 2117 482 2174 quam
509 2111 726 2172 semper
763 2101 1110 2172 praesumptio
1147 2099 1406 2170 pessima!
1440 2093 1484 2152 Ο
1509 2109 1672 2167 quam

114 2197 260 2272 perdit
285 2207 579 2262 concessa,
603 2191 694 2266 qui
719 2191 1034 2250 inconcessa
1056 2192 1265 2263 captat!
1298 2191 1542 2246 Herodes
1570 2191 1672 2246 oh-

112 2292 261 2350 sidens
285 2299 569 2346 terrenum
592 2299 838 2358 regnum,
861 2281 1140 2357 impugnat
1167 2283 1415 2352 caeleste;
1445 2281 1674 2339 terrenis

113 2381 310 2448 inhians,
339 2377 498 2436 irruit
524 2381 580 2436 in
601 2375 780 2434 divina
798 2420 812 2444 ,
841 2373 1120 2450 ipsamque
1145 2376 1402 2448 pietatem
1431 2381 1546 2430 tota
1575 2371 1676 2430 im-

113 2473 282 2546 pietate
301 2472 623 2528 insectatur.
661 2469 918 2525 Audierat
955 2476 1139 2524 natum
1162 2479 1365 2537 regem,
1390 2467 1676 2538 quaesierat

112 2563 200 2630 ubi,
229 2557 467 2634 quando,
492 2561 666 2628 unde;
697 2569 753 2616 et
781 2561 848 2616 ad
877 2555 1006 2630 quid
1035 2563 1061 2614 ':
1093 2565 1176 2614 ast
1202 2558 1433 2628 qualiter
1468 2555 1673 2613 debue-

110 2665 178 2712 rat
211 2669 316 2710 non
369 2645 646 2725 quaesivit,
695 2649 820 2722 quia
869 2647 1008 2723 apud
1056 2649 1209 2706 illum
1255 2655 1374 2704 erat
1415 2641 1674 2720 peccandi

113 2757 132 2785 ε
156 2757 308 2810 amor,
350 2755 504 2799 amor
528 2739 851 2798 innocentiae
879 2753 987 2796 non
1013 2737 1286 2796 manebat.
1309 2737 1337 2777 ιι
1367 2735 1674 2796 Destinatus

110 2828 166 2892 ad
181 2831 369 2900 melus,
389 2828 464 2890 ad
485 2829 753 2904 piaculum
774 2839 1056 2905 promptus
1069 2875 1084 2900 ,
1109 2837 1330 2903 paratus
1349 2831 1418 2887 ad
1446 2831 1670 2894 crimen,

113 2941 274 2987 causas
299 2919 630 2985 innocentiae
659 2935 766 2983 non
794 2923 1040 2996 requirit,
1065 2925 1152 2996 jus
1173 2919 1417 2994 abrogat,
1442 2919 1673 2978 confun-

111 3013 266 3078 ditias
290 3011 587 3089 nefasque,
619 3014 705 3075 cui
726 3015 963 3088 nequitia
992 3024 1075 3073 est
1103 3015 1320 3082 sodalis,
1353 3011 1440 3071 cui
1486 3013 1674 3071 odiosa

111 3117 175 3169 est
195 3112 438 3182 aequitas,
466 3109 722 3180 iniquitas
747 3121 962 3181 semper
987 3113 1068 3164 est
1089 3109 1289 3175 amica,
1318 3105 1412 3178 qui
1439 3105 1674 3164 caedibus

1775 1924 1993 1994 tempsit
2026 1923 2040 1960 ί
2077 1925 2398 1990 exercitum,
2437 1940 2605 1994 quare
2633 1924 2912 1980 cunabulis
2940 1923 3051 1980 suis
3077 1923 3363 1994 deputatas

1774 2015 2028 2070 excubias
2057 2015 2134 2068 sic
2154 2014 2394 2084 reliquit,
2429 2023 2488 2068 ut
2515 2028 2692 2084 regem
2717 2015 2891 2071 solum
2911 2015 3231 2084 quaesiturus
3255 2013 3361 2070 ho-

1773 2107 1870 2162 stis
1901 2115 2069 2161 totum
2099 2115 2435 2174 grassaretur
2463 2108 2516 2162 in
2557 2103 2818 2162 militem?
2846 2106 3093 2172 Fratres,
3116 2104 3364 2162 Christus

1773 2213 1883 2262 non
1913 2198 2157 2268 despexit
2181 2215 2308 2254 suos
2336 2199 2553 2262 milites,
2584 2199 2678 2254 sed
2700 2200 2966 2270 provexit,
2990 2199 3184 2268 quibus
3211 2198 3361 2254 dedit

1773 2297 1898 2348 ante
1920 2291 2252 2362 triumphare
2278 2306 2440 2360 quam
2462 2291 2642 2345 vivere
2659 2332 2674 2356 ,
2703 2305 2840 2360 quos
2874 2290 3000 2346 fecit
3020 2305 3216 2361 capere
3245 2289 3363 2346 sine

1773 2383 2177 2438 concertatione
2203 2381 2483 2436 victoriam
2518 2399 2529 2434 :
2561 2395 2699 2450 quos
2725 2381 2946 2436 donavit
2966 2381 3182 2436 coronis
3210 2386 3386 2436 auter

1772 2485 1933 2542 quam
1973 2471 2227 2526 membris
2260 2489 2272 2524 :
2305 2487 2440 2540 quos
2469 2471 2636 2526 voluit
2662 2465 2949 2526 virtutibus
2975 2471 3105 2527 vitia
3134 2477 3360 2542 prater-

1773 2562 1853 2619 ire
1876 2602 1891 2627 ,
1924 2570 2048 2617 ante
2077 2562 2269 2617 coelum
2317 2562 2592 2632 possidere
2637 2575 2798 2630 quam
2835 2569 3068 2626 terram,
3101 2576 3202 2617 nec
3239 2567 3364 2618 ante

1772 2645 2021 2733 humanis
2045 2655 2282 2710 inserere
2303 2669 2465 2724 quam
2497 2654 2712 2709 divinis.
2746 2653 3012 2710 Praemisit
3039 2669 3168 2728 ergo
3203 2651 3363 2733 Chria

1773 2731 1890 2801 stus
1917 2762 2044 2804 suos
2065 2747 2279 2813 milites,
2315 2762 2422 2801 non
2451 2745 2656 2812 amisit;
2684 2746 2892 2816 recepit
2923 2761 3050 2801 suas
3069 2745 3235 2813 acies,
3248 2731 3359 2810 non

1773 2835 2007 2907 reliquit.
2041 2835 2212 2900 Beati,
2246 2853 2381 2906 quos
2423 2838 2438 2889 Ξ
2489 2837 2746 2910 martyrio
2772 2844 2930 2894 natos
2953 2827 3183 2894 vidimus
3217 2853 3360 2910 esse,

1775 2945 1885 2984 non
1914 2927 2129 2984 saaculo.
2161 2928 2342 2994 Beati,
2373 2928 2464 2998 qui
2492 2929 2706 2986 labores
2729 2929 2784 2985 in
2814 2929 3087 3000 requiem,
3117 2928 3175 2984 in
3199 2929 3360 2986 refri-

1774 3021 1980 3090 gerium
2003 3017 2220 3077 dolores
2241 3063 2256 3088 ,
2299 3037 2559 3079 maerores
2579 3023 2632 3076 in
2664 3023 2917 3092 gaudium
2940 3031 3358 3080 commutarunt.

1774 3107 1993 3179 Vivunt,
2022 3113 2226 3178 vivunt,
2259 3115 2351 3183 qui
2373 3129 2500 3169 vere
2528 3115 2734 3181 vivunt,
2765 3117 2855 3186 qui
2884 3131 2984 3188 pro
3011 3115 3228 3172 Christo
3241 3131 3360 3186 me:

111 3201 235 3270 vivit,
261 3201 361 3272 qui
386 3213 449 3258 se
465 3199 642 3257 munit
668 3197 948 3271 sanguine,
978 3200 1072 3271 qui
1099 3195 1471 3257 crudelitatem
1490 3203 1668 3255 secla-
1695 3187 1741 3253 C
1772 3213 1962 3261 rentur
2009 3199 2199 3259 occidi.
2244 3203 2394 3259 Beati
2421 3212 2640 3262 ventres
2679 3205 2774 3276 qui
2805 3187 3160 3277 portaverant
3200 3205 3357 3276 tales,

112 3297 197 3359 tur,
215 3291 299 3350 cui
326 3289 398 3348 de
417 3294 617 3347 timore
645 3297 752 3348 stat
783 3297 956 3348 totum
981 3331 996 3357 ,
1029 3287 1097 3346 de
1125 3303 1309 3346 amore
1337 3287 1412 3344 nil
1438 3291 1670 3345 constat.

113 3377 325 3441 iicrodes
352 3387 484 3440 tunc
509 3397 684 3441 caecus
713 3381 792 3440 sic
817 3379 1090 3440 Christum
1118 3381 1308 3453 gladiis
1333 3381 1522 3453 quaerit
1544 3422 1558 3448 ,
1590 3381 1674 3438 in-

113 3475 313 3547 vestigat
339 3487 565 3543 cruore,
589 3475 906 3533 crudelitate
928 3475 1176 3543 rimatur,
1206 3487 1572 3534 successorem
1601 3475 1671 3530 ti-

113 3579 256 3636 mens,
278 3569 506 3626 incessit
537 3569 592 3625 in
618 3575 928 3638 auctorem;
959 3569 1192 3642 peremit
1219 3567 1550 3636 innocentes,
1575 3579 1673 3625 vo-

114 3660 208 3716 lens
244 3657 612 3718 innocentiam
647 3655 913 3732 deperire.
959 3657 1160 3719 Rector
1196 3663 1414 3734 populi,
1457 3673 1672 3718 morum

113 3747 286 3818 Custos,
313 3749 615 3825 disciplina:
640 3763 854 3821 censur,
881 3749 1104 3824 iustitia:
1125 3751 1423 3824 indagator,
1449 3753 1674 3824 tetIuita-

113 3845 168 3900 tis
191 3845 455 3915 defensor,
485 3851 733 3902 servator
771 3847 1092 3903 innocentiae
1114 3889 1128 3913 ,
1160 3847 1444 3918 ampliator
1466 3845 1670 3920 populi,

114 3931 392 3994 innocentis
421 3951 640 3993 causam
666 3933 792 3992 facit
816 3935 1179 3993 innocentium
1207 3937 1410 3994 crimen
1432 3979 1448 4006 ,
1477 3951 1674 3994 munus

115 4029 137 4065 ⁶
167 4027 571 4085 vaticinatorum
608 4027 772 4084 vertit
811 4029 864 4084 in
909 4039 1154 4100 poenam,
1214 4031 1450 4086 auctoris
1495 4037 1674 4086 ortum

117 4116 362 4176 orientum
398 4119 624 4176 mandat
663 4131 912 4175 occasum
937 4161 951 4186 ,
985 4123 1256 4190 negotium
1285 4119 1538 4177 salvantis
1566 4121 1673 4178 sal-

114 4210 388 4266 tandm-um
422 4207 578 4281 lubet
603 4221 720 4267 esse
748 4207 1056 4266 discrimen.
1077 4207 1249 4266 Iudex
1271 4211 1549 4267 audientes
1579 4227 1674 4268 vo-

115 4303 204 4368 ω,
218 4303 514 4372 interrogat
533 4301 834 4373 loquentes,
849 4311 1106 4372 negantes
1133 4303 1328 4372 arguit,
1353 4309 1507 4371 urget
1527 4316 1673 4370 reos,

116 4391 334 4463 percellit
355 4396 567 4464 notius,
586 4395 835 4452 conscios
861 4393 1102 4466 corripit,
1133 4393 1152 4434 ί
1185 4393 1334 4451 addit
1361 4393 1674 4466 complices,

118 4489 374 4543 sententia:
395 4488 490 4543 dat
509 4487 770 4544 detectos.
791 4487 1028 4543 Infantes
1048 4487 1212 4556 quid?
1239 4487 1477 4554 Quorum
1500 4488 1676 4555 lingua

1775 3293 1932 3353 beata
1954 3295 2118 3351 ubera
2147 3310 2267 3364 quae
2294 3311 2352 3351 se
2379 3295 2575 3352 talibus
2603 3295 2949 3364 infuderunt,
2986 3296 3159 3354 beata:
3184 3296 3361 3371 lact-y-

1773 3402 1874 3442 mze
1893 3401 2014 3458 quae
2042 3400 2140 3457 pro
2173 3383 2367 3441 talibus
2394 3385 2522 3441 fusae
2542 3381 2794 3442 ﬂentibus
2821 3388 3048 3457 gratiam
3066 3387 3359 3460 baptisma-

1772 3475 1842 3534 tis
1867 3477 2226 3534 contulerunt.
2261 3475 2396 3532 Nam
2423 3471 2635 3534 diverso
2664 3478 2847 3544 modo,
2870 3479 3014 3536 dono
3037 3495 3166 3544 uno,
3195 3480 3250 3536 in
3270 3479 3355 3536 la-

1773 3567 1972 3640 crymis
1995 3567 2108 3624 suis
2130 3576 2354 3635 matres,
2386 3574 2441 3624 et
2460 3584 2558 3625 suo
2586 3567 2680 3624 ﬁlii
2709 3570 2969 3639 sanguine
2995 3569 3356 3642 baptizantur.

1771 3649 1832 3717 In
1853 3659 2111 3734 martyrio
2141 3655 2371 3716 ﬁliorum
2397 3676 2571 3732 passae
2603 3669 2729 3717 sunt
2748 3666 2982 3727 matres;
3014 3677 3136 3716 nam
3155 3661 3364 3732 gladius

1774 3745 2008 3810 ﬁliorum
2029 3754 2398 3824 pertransiens
2425 3747 2665 3809 membra
2693 3745 2759 3808 ad
2785 3761 3018 3808 matrum
3046 3753 3210 3810 corda
3239 3769 3362 3826 per-

1773 3831 1940 3912 venit,
1973 3853 2028 3902 et
2066 3861 2288 3902 necesse
2327 3852 2411 3901 est
2449 3853 2508 3901 ut
2533 3845 2641 3901 sint
2674 3847 2881 3918 prmmii
2917 3855 3218 3911 consortes,
3241 3861 3362 3915 quat

1775 3939 1992 3996 luerunt
2020 3938 2182 3996 sociae.
2203 3933 2490 4009 passionis.
2521 3935 2805 3994 Arridebat
2828 3939 3084 4008 parvulus
3111 3939 3360 4004 occisori,

1774 4027 1952 4100 gladio
1975 4027 2325 4099 adjocabatur
2363 4025 2672 4096 infantulus,
2706 4029 2928 4084 nutricis
2970 4029 3090 4086 loco
3119 4028 3364 4084 attende-

1773 4115 1868 4177 bat
1888 4121 2094 4176 lactans
2121 4119 2456 4191 percussoris
2481 4113 2760 4174 horrorem
2785 4160 2800 4185 ,
2842 4120 3024 4175 nescia
3063 4105 3199 4175 lucis
3231 4126 3364 4174 aetas

1774 4214 2034 4270 moritura
2057 4209 2342 4282 gaudebat,
2357 4205 2533 4268 infans
2555 4205 2694 4267 ﬁlius
2715 4227 2928 4267 omnem
2958 4211 3232 4268 hominem
3252 4225 3362 4266 non

1776 4313 1837 4361 ut
1861 4305 2074 4362 hostem
2118 4304 2374 4377 respicit,
2416 4303 2511 4360 sed
2549 4311 2847 4374 parentem.
2886 4303 3084 4360 Matres
3123 4303 3364 4359 tulerunt

1777 4393 2034 4466 quidquid
2063 4405 2119 4452 et
2144 4395 2361 4465 angoris
2386 4391 2630 4460 exstitit,
2662 4402 2717 4449 et
2755 4393 2976 4462 doloris,
3008 4403 3063 4451 et
3098 4395 3219 4450 ideo
3255 4410 3364 4450 non

1780 4488 2042 4542 carebunt
2067 4487 2308 4558 martyrii
2329 4486 2542 4556 gaudio,
2571 4487 2813 4559 martyrii
2841 4488 3108 4560 lacrymas
3133 4493 3254 4556 qua:
3277 4485 3365 4542 fu-

119 4575 286 4644 lacuit,
313 4573 458 4636 oculi
478 4577 554 4634 nil
576 4579 840 4646 viderunt,
873 4577 949 4633 nil
969 4577 1256 4634 audierunt
1285 4587 1460 4644 aures,
1483 4591 1677 4633 manus
1702 4570 1755 4632 D
1778 4577 1992 4634 derunt.
2018 4577 2136 4634 Hoc
2160 4576 2280 4635 loco
2309 4577 2551 4634 attenuat
2577 4572 2809 4646 auditur,
2835 4577 3097 4647 attendat,
3121 4579 3182 4634 ut
3208 4571 3367 4634 intel-

181 4744 204 4806 Ρ
241 4734 380 4806 Alias
397 4778 412 4801 ,
452 4736 792 4806 exstinguere.

178 4804 202 4843 δ
241 4805 333 4861 Ms.
365 4806 599 4871 (ἐξεδέξω,
623 4802 753 4877 ὶῃιὶα
780 4815 961 4874 aspere
981 4817 1126 4877 Anon,
1147 4807 1311 4874 potest
1345 4802 1682 4875 perditionem

119 4877 244 4931 satus
261 4919 275 4942 ,
306 4879 613 4932 occisionem
642 4875 748 4929 uita
765 4914 779 4940 ,
811 4875 1073 4929 (clamitas
1093 4876 1269 4942 ﬁnem.

184 4946 317 5018 ﬁliis.
348 4946 580 5011 Censen,
609 4945 856 5018 peccandi
887 4946 1055 5018 timor.
1093 4944 1249 5018 Male.

145 5041 148 5044 ~
175 5012 332 5087 filice
353 5024 456 5080 est,
485 5031 519 5071 a
545 5007 797 5087 perversa
819 5015 1096 5087 voluntate
1119 5015 1418 5087 destinatus
1445 5007 1512 5070 ad
1533 5021 1685 5072 cum-

121 5085 425 5143 mittendum
473 5085 679 5153 scelus;
723 5085 987 5141 destinare
1017 5086 1160 5142 enim
1216 5085 1527 5153 deliberare,
1575 5093 1685 5141 stol-

119 5164 249 5211 ωτι
269 5166 364 5214 est.
391 5156 554 5214 Mm.

187 5237 210 5264 ο
235 5227 293 5282 id
328 5237 414 5284 est
440 5233 738 5298 magorum,
761 5227 1001 5298 quicum
1036 5223 1235 5281 Christi
1265 5225 1558 5298 nativitatis
1586 5226 1682 5282 ade

121 5308 446 5374 monstrarant.
473 5291 558 5354 n5
593 5291 799 5374 estus:
835 5295 1073 5374 Cassianae
1099 5291 1490 5374 (intendendum
1532 5297 1680 5364 duxi,

121 5365 237 5424 licet
265 5369 387 5426 Blita
414 5384 537 5425 cum
563 5369 722 5423 editis
747 5368 978 5424 retineat
1007 5379 1192 5423 πωπω
1212 5371 1320 5423 uati
1350 5377 1604 5424 natorum.

190 5437 208 5476 τ
241 5439 510 5506 Fortasse,
539 5437 754 5493 addicit.

187 5518 212 5556 ι
238 5510 399 5576 Alias,
441 5509 739 5564 διώξω-πω.

185 5576 211 5650 ἶ*
240 5578 316 5650 ξι
343 5573 443 5635 ms.
475 5579 838 5635 Vallicellano.
872 5573 1040 5644 Editi,
1072 5587 1267 5650 tempus
1296 5573 1464 5650 affuit.

191 5647 207 5686 ί
241 5649 538 5707 Exercitum
566 5659 728 5706 vocat
775 5643 1055 5705 infantium
1097 5643 1377 5704 numerum
1414 5649 1468 5703 in
1513 5643 1686 5704 Hero-

123 5718 274 5790 disna
299 5722 667 5790 persecutione
693 5723 993 5777 occisorum
1013 5757 1028 5788 ,
1071 5731 1232 5789 quem
1261 5719 1431 5776 Caeci
1473 5715 1526 5774 in
1573 5719 1687 5776 suis

123 5787 426 5864 “elogiis
449 5801 510 5852 ut
529 5790 817 5867 Mopse
843 5794 902 5853 in
921 5787 1034 5854 suis
1060 5787 1313 5880 Liturgiis
1333 5791 1401 5848 ad
1421 5797 1685 5864 quatuor-

1784 4733 1958 4807 decim
1981 4734 2194 4807 millia,
2215 4742 2444 4807 preter
2471 4745 2687 4807 omnem
2706 4731 2821 4791 veri
2860 4735 3094 4807 speciem
3112 4777 3127 4802 ,
3179 4745 3368 4793 exten-

1785 4802 1936 4874 dunt.
1970 4803 2100 4871 Quis
2141 4802 2284 4861 enim
2325 4806 2508 4860 credat
2546 4805 2599 4860 in
2649 4812 2755 4860 tam
2794 4802 3020 4874 angusto
3067 4813 3224 4861 terra:
3265 4824 3366 4862 an-

1785 4873 1931 4948 guto,
1964 4876 2138 4948 spatio
2167 4873 2938 4948 duorum‘tantum‘annorum,
2967 4883 3047 4931 tot
3075 4887 3366 4948 puerorum

1787 4937 2036 5018 inilliai'n
2066 4946 2240 5018 lucem
2282 4941 2581 5018 prodiisse,
2615 4939 2846 5016 demptis
2873 4937 3090 5018 insuper
3116 4937 3363 5018 femellis,

1785 5015 1843 5069 in
1885 5015 2077 5085 quibus
2114 5009 2415 5071 facile'non
2458 5013 2699 5070 saevitum
2741 5009 2854 5078 est,
2887 5009 3010 5071 cum"
3047 5009 3246 5072 abillis
3292 5009 3366 5074 nil

1787 5085 1887 5141 sibi
1917 5087 2132 5157 timeret
2152 5085 2408 5152 Herodes,
2447 5087 2622 5157 iisque
2651 5086 2785 5157 infra
2812 5086 2879 5157 id
2921 5095 3130 5157 tempus
3157 5085 3365 5157 placida

1785 5155 2138 5228 proculdubio
2167 5165 2339 5228 morte
2364 5153 2690 5228 peremptis?
2717 5153 2785 5211 Et
2811 5155 2923 5212 haec
2947 5153 3075 5226 ergo
3104 5153 3172 5212 ad
3217 5157 3367 5214 Grae-

1783 5237 1876 5284 cas
1915 5227 2119 5282 ihbulas
2156 5227 2508 5283 amandanda.
2554 5227 2569 5228 “
2763 5260 2766 5262 η
3073 5237 3076 5240 ~

1861 5297 2302 5368 iiBethleemitas
2338 5305 2537 5368 pueros
2560 5305 2718 5368 veros,
2753 5303 3018 5368 martyres
3064 5307 3184 5353 esse
3215 5299 3366 5353 tenet

1782 5365 2042 5437 Ecclesia,
2071 5381 2271 5437 eosque
2300 5365 2365 5422 eo
2395 5369 2610 5437 nomine
2637 5365 2847 5437 veteres
2875 5365 3061 5437 Patres
3081 5383 3361 5424 commen-

1783 5436 1930 5493 dant.
1960 5438 2018 5492 In
2045 5439 2110 5493 iis
2130 5431 2362 5494 maxime
2389 5433 2444 5494 S.
2476 5437 2725 5504 Irenreus,
2749 5431 2840 5494 lib.
2860 5445 2924 5504 tv
2956 5435 3361 5504 adversusﬂte-

1783 5513 1928 5575 res,
1986 5503 2594 5592 ca‘p._8;Cyprianus,
2644 5503 2800 5592 epist.
2829 5503 3360 5592 .§6;.Augustinus,

1782 5571 1947 5634 serui.
1985 5571 2066 5632 ω’
2100 5578 2168 5635 de
2207 5571 2433 5644 sanctis;
2477 5571 2945 5635 auctor'homiiire'
2974 5571 3007 5633 3
3051 5571 3115 5634 iii
3151 5571 3362 5635 diversa

1784 5647 2061 5720 Evangelii
2088 5647 2206 5704 loca
2255 5645 2394 5720 apud
2441 5645 2743 5720 Origenem.
2778 5645 2894 5716 Quo
2943 5655 3122 5704 autem
3149 5649 3270 5720 jure
3295 5665 3362 5706 eo

1785 5717 2046 5793 ornentur
2099 5717 2306 5793 titulo;
2345 5717 2557 5793 merito
2593 5717 2868 5793 dlSputant
2935 5717 3190 5793 theologi.
3228 5719 3365 5780 Vide

1785 5789 1995 5850 latium
2013 5791 2071 5853 in
2091 5803 2148 5852 iv
2178 5783 2424 5850 Seniani.
2453 5783 2579 5849 dist.
2611 5787 2646 5850 d
2679 5783 2826 5853 3-21.
