3930 6354
444 309 544 367 607
1706 297 1764 353 S.
1805 295 2005 353 PETRI
2043 290 2472 350 CHRYSOLOGI
3617 288 3728 350 ω

445 420 575 492 ligat
597 417 913 492 martyrium
940 430 1051 474 non
1067 405 1320 472 constare
1337 426 1438 484 per
1454 410 1724 474 meritum,
1740 409 1832 464 sed
1845 408 2028 464 venire
2058 405 2100 464 Α
2131 404 2353 469 conscii,
2385 403 2557 474 ignari
2585 401 2781 458 tollunt
2800 400 3029 474 palmas,
3059 415 3292 459 coronas
3320 401 3544 474 rapiunt
3566 402 3727 473 lgneo
3771 377 3786 410 τ

445 529 546 587 per
569 513 814 585 gratiam.
849 509 909 567 ιιι
936 507 1175 581 parvulis
1214 522 1334 576 qua:
1373 505 1623 560 voluntas
1644 546 1660 570 ,
1703 503 1847 573 quod
1887 503 2029 557 arbi-
2131 504 2334 552 rantes.
2362 495 2504 565 Ergo
2533 494 2673 552 sicut
2698 493 2978 565 virginitas
2996 493 3366 566 corruptionis
3390 495 3577 553 nescia
3604 510 3731 551 con-

449 609 632 672 trium,
657 605 747 661 ubi
785 602 996 674 captiva
1024 600 1124 656 fuit
1151 608 1206 656 et
1249 599 1364 669 ipsa
1400 597 1627 653 natura?
1659 596 1736 651 De
1777 594 2030 667 martyrio
2133 592 2253 647 tulit
2291 591 2552 647 honorem
2592 589 2754 645 matri
2779 629 2796 656 ,
2852 589 2932 645 sic
2969 587 3190 643 infantia
3223 588 3503 660 passionis
3543 589 3729 659 ignara

386 725 400 768 ι
453 714 582 769 ergo
609 695 864 752 debemus
902 701 1076 748 totum
1099 691 1232 754 Deo,
1263 690 1339 744 nil
1367 689 1542 744 nobis.
1573 686 1802 743 Vincere
1841 685 2032 740 diabo-
2132 682 2377 756 martyrii
2410 682 2619 754 palmas
2643 679 2821 751 rapuit
2841 689 2897 736 et
2917 694 3167 736 coronas.
3191 677 3298 736 Sed
3327 677 3461 749 quid
3491 677 3732 734 dicemus

452 795 582 854 lum,
606 803 800 860 corpus
827 785 1041 842 tradere
1062 825 1078 852 ,
1119 791 1467 840 contemnere
1493 781 1701 836 viscera
1719 817 1734 844 ,
1766 783 2034 832 tormenta
2134 776 2279 849 quod
2306 791 2400 833 rex
2442 777 2557 848 ipse
2583 775 2678 846 qui
2704 781 2849 830 stare
2877 772 3084 840 debuit,
3117 771 3250 842 fugit
3287 771 3476 838 solus,
3512 778 3572 826 et
3602 769 3732 839 fugit

453 879 780 955 expendere.
810 877 1016 933 lassare
1040 883 1322 939 ιοηοΐεων
1351 887 1548 944 capere
1589 870 1657 926 de
1685 869 1893 938 injuriis
1920 866 2038 938 glo-
2136 881 2392 926 monente
2422 867 2612 923 Patre?
2640 865 2849 938 Fugere
2877 865 3021 922 istud
3043 875 3126 922 est
3151 863 3358 921 amoris
3393 861 3601 927 intimi,
3627 876 3733 917 non

455 976 607 1041 riam,
636 972 706 1030 de
731 978 909 1028 morte
927 969 1113 1032 vitam,
1140 982 1249 1022 non
1277 973 1362 1022 est
1385 965 1599 1020 virtutis
1625 961 1887 1026 humanas,
1920 973 2038 1013 mu-

457 1066 600 1122 neris
625 1071 708 1120 est
731 1061 918 1119 divini.
950 1059 1031 1116 Ad
1059 1057 1373 1131 martyrium
1398 1055 1490 1126 qui
1517 1070 1614 1110 sua
1633 1053 1829 1109 virtute
1849 1050 2037 1115 currit,

458 1172 553 1228 per
581 1154 857 1212 Christum
882 1169 993 1209 non
1015 1149 1260 1224 pervenit
1273 1147 1341 1204 ad
1361 1162 1619 1204 coronam
1651 1162 1665 1200 :
1698 1145 1793 1202 sed
1809 1146 1922 1216 ipse
1943 1159 2043 1200 nos

458 1248 680 1303 caeleste
699 1246 960 1316 perducat
981 1244 1050 1299 ad
1069 1245 1343 1315 pabulum,
1365 1241 1458 1310 qui
1489 1246 1676 1295 nostro
1695 1237 1944 1306 dignatus
1964 1242 2046 1290 est

458 1341 640 1409 jacere
663 1342 717 1395 in
742 1339 972 1406 stabulo,
1002 1337 1157 1394 Iesus
1182 1336 1427 1392 Christus
1453 1333 1763 1388 Nazarenus
1790 1329 2047 1385 Dominus

467 1441 684 1497 noster,
729 1431 821 1502 qui
863 1429 995 1484 vivit
1049 1436 1105 1485 et
1147 1434 1334 1497 regnat
1368 1425 1423 1481 in
1465 1423 1657 1481 saecula
1708 1420 2044 1477 saeculorum.

476 1523 657 1578 Amen.

1041 1584 1273 1644 SERMO
1307 1583 1481 1642 CLIII.

1105 1677 1185 1734 De
1211 1678 1407 1733 eadem.

2139 961 2349 1017 timoris
2370 960 2398 1000 δ
2427 959 2624 1029 ignavi.
2665 956 2723 1014 Si
2767 959 3008 1014 stetisset
3033 955 3282 1012 Christus
3303 996 3319 1022 ,
3360 952 3598 1010 haberet
3644 966 3735 1009 eos

2141 1066 2412 1128 synagoga
2441 1049 2599 1119 filios,
2629 1049 2731 1107 hos
2754 1047 2996 1106 Ecclesia
3042 1055 3311 1122 martyres
3346 1059 3462 1102 non
3488 1044 3733 1101 haberet.

2714 1202 2949 1262 SERMO
2989 1202 3165 1260 CLIV.

2430 1317 2501 1374 In
2537 1316 2609 1373 D.
2643 1316 2967 1390 Stephanum
2999 1325 3458 1388 protomartyr-em.

2217 1429 2370 1488 Sicut
2395 1430 2678 1486 dominum
2705 1427 3032 1500 prtediorum
3077 1437 3101 1466 ο
3131 1427 3396 1482 limitibus
3427 1423 3584 1480 affixi
3615 1423 3741 1480 tituli

2150 1523 2565 1597 proloquuntur,
2597 1522 2671 1577 ita
2702 1522 2922 1576 nomina
2963 1521 3076 1591 ipsa
3110 1533 3254 1590 saepe
3280 1525 3609 1575 sanctorum
3641 1531 3742 1573 nae-

2152 1616 2256 1672 rita
2285 1615 2546 1679 indicant,
2573 1621 2840 1669 testantur
2865 1611 3112 1682 insignia.
3145 1610 3223 1666 lta
3252 1610 3572 1676 Abraham,
3614 1607 3744 1679 quod

2156 1706 2262 1764 fide
2289 1707 2536 1774 credidit,
2567 1705 2801 1762 nominis
2823 1704 3126 1774 adjectione
3147 1701 3498 1767 monstravit,
3541 1699 3742 1771 quando

543 1795 774 1862 Fratres,
787 1794 1007 1851 humani
1020 1808 1209 1849 sensus
1233 1808 1339 1850 non
1367 1798 1451 1848 est
1470 1788 1697 1859 virginei
1725 1794 1911 1859 partus
1925 1797 2053 1856 ape-

2179 1816 2224 1854 :x
2269 1798 2468 1854 Abram
2525 1796 2797 1852 Abraham
2857 1795 3111 1850 divinitus
3149 1802 3540 1865 nuncupatur:
3603 1793 3742 1847 utdi-

473 1888 581 1945 rire
599 1888 912 1960 mysterium
934 1903 952 1942 :
973 1885 1119 1956 quod
1140 1893 1332 1941 natura
1353 1901 1460 1939 non
1488 1883 1670 1949 habet,
1696 1881 1933 1936 auctoris
1952 1887 2055 1941 est,

473 1994 584 2036 non
604 1987 837 2043 naturae;
869 1985 953 2032 est
978 1991 1114 2048 opus
1152 1975 1372 2045 superni
1406 1973 1651 2043 spiritus,
1685 1969 1831 2042 quod
1859 1969 2062 2024 sentire

476 2086 585 2127 non
610 2077 790 2141 potest
811 2083 972 2135 caro;
1009 2068 1100 2123 ubi
1125 2083 1235 2122 non
1274 2074 1360 2121 est
1394 2064 1741 2120 humanitatis
1785 2061 2058 2125 indicium,

477 2159 551 2216 ibi
578 2158 794 2215 deitatis
820 2166 905 2213 est
930 2159 1140 2228 signum
1157 2197 1172 2221 ,
1217 2155 1430 2211 dicente
1458 2154 1722 2226 prepheta
1747 2169 1761 2205 :
1789 2149 1912 2222 Ipse
1947 2148 2062 2204 Do-

479 2256 648 2310 minus
686 2250 826 2305 Deus
864 2248 1009 2303 dabit
1043 2246 1181 2304 vobis
1221 2250 1444 2320 signum.
1484 2245 1619 2300 Ecce
1651 2246 1791 2316 virgo
1829 2244 1885 2297 in
1920 2251 2063 2298 utero

481 2343 700 2415 accipiet
729 2340 874 2414 (Isa.
908 2340 1035 2411 vn).
1074 2338 1175 2395 Ubi
1213 2340 1287 2394 nil
1323 2345 1406 2394 est
1454 2336 1654 2393 terreni
1692 2350 1849 2401 usus,
1881 2343 1966 2390 est
1993 2335 2066 2389 ibi

482 2433 714 2490 cmlestis
734 2432 938 2488 ordinis
953 2439 1125 2487 totum
1143 2449 1156 2498 ;
1179 2431 1325 2502 quod
1354 2430 1421 2486 de
1435 2429 1634 2484 mundo
1663 2443 1770 2484 non
1787 2435 1888 2496 est,
1907 2444 2064 2485 mun-

483 2525 625 2582 dano
649 2524 944 2580 intellectui
973 2539 1081 2579 non
1111 2531 1291 2594 potest
1318 2522 1614 2593 subjacere.
1643 2519 1948 2594 Conceptus
1974 2523 2069 2593 qui

483 2621 743 2690 virginem
772 2627 971 2686 servat,
1003 2627 1190 2690 partus
1219 2618 1475 2687 virginem
1505 2628 1528 2657 ⁸·
1559 2617 1650 2688 qui
1678 2616 1951 2688 relinquit,
1982 2616 2068 2672 di-

487 2715 670 2772 vinum
707 2723 792 2770 est
816 2704 962 2784 quod
989 2720 1249 2782 generat,
1279 2727 1389 2767 non
1415 2713 1734 2778 humanum;
1766 2711 1907 2766 Deus
1947 2725 2070 2779 gra-

487 2807 651 2871 ditur,
681 2806 772 2861 ubi
799 2805 1082 2874 vestigium
1109 2804 1413 2859 nullatenus
1441 2803 1661 2858 humani
1701 2803 1956 2858 transitus
1989 2802 2070 2857 in-

487 2899 733 2964 venitur;
763 2895 1096 2953 consuetudo
1125 2894 1324 2962 deficit,
1343 2896 1598 2952 miracula
1627 2912 1748 2952 cum
1774 2903 2067 2965 geruntur;

488 2987 904 3046 consuetudines
935 3002 1042 3043 non
1069 2987 1366 3058 respiciunt
1389 2989 1560 3057 signa,
1592 2987 1933 3057 singularitas
1963 3001 2070 3041 non

488 3080 723 3135 admittit
742 3080 1068 3151 exemplum,
1098 3081 1239 3136 sicut
1258 3079 1516 3137 hodierna
1544 3079 1728 3150 pandit
1757 3078 1939 3145 lectio,
1953 3092 2072 3148 quae

2159 1889 2408 1946 latandus
2449 1902 2679 1959 genere,
2721 1886 2940 1942 nomine
2984 1894 3109 1942 ante
3158 1884 3508 1950 dilataretur,
3551 1881 3744 1938 dicente

2160 1984 2435 2038 Domino:
2505 1979 2576 2036 Et
2630 1997 2735 2036 non
2788 1978 3054 2034 vocabitur
3111 1979 3335 2049 amplius
3391 1994 3594 2032 nomen
3628 1986 3743 2030 tua.

2160 2072 2373 2140 Abram,
2404 2071 2496 2127 sed
2528 2069 2555 2108 ἀ
2587 2070 2850 2126 Abraham
2877 2071 2976 2124 erit
3007 2085 3192 2124 nomen
3227 2077 3391 2135 tuum,
3416 2069 3548 2140 quia
3571 2077 3745 2139 potia

2161 2165 2438 2219 multarum
2471 2164 2697 2235 gentium
2743 2163 2893 2234 posui
2941 2171 2989 2216 te
3035 2157 3188 2234 (Gen.
3214 2159 3370 2232 xvn).
3432 2158 3532 2215 Sic
3573 2159 3746 2228 conjux

2163 2264 2348 2312 sancta
2370 2255 2487 2325 ejus
2509 2269 2632 2310 cum
2660 2253 2729 2309 de
2769 2252 2937 2309 sterili
2961 2249 3020 2305 flt
3047 2250 3296 2316 fecunda,
3329 2264 3400 2306 ex
3421 2249 3591 2306 Sarni
3626 2259 3649 2288 ο
3668 2263 3748 2304 vo-

2165 2349 2328 2406 citata
2355 2357 2439 2404 est
2459 2347 2649 2415 Sarah,
2676 2354 2810 2402 utet
2837 2347 2951 2418 ipsa
2974 2354 3101 2402 ante
3122 2353 3333 2410 crescat
3355 2345 3592 2400 nomine
3609 2359 3748 2413 quam

2165 2448 2376 2497 crescat
2415 2439 2667 2512 pignore;
2701 2447 2756 2495 et
2796 2439 2923 2508 quia
2972 2437 2992 2477 ί
3034 2438 3386 2510 permittente
3434 2435 3667 2492 Domino
3692 2438 3750 2490 ri-

2168 2547 2288 2589 sum
2317 2531 2483 2587 edidit
2515 2532 2562 2586 si
2590 2531 2770 2586 vetula
2799 2530 3111 2601 conciperet
3143 2536 3367 2584 exarata
3392 2527 3514 2598 jam
3537 2527 3693 2597 rugis,
3712 2527 3751 2581 si

2167 2629 2386 2697 pareret
2424 2622 2708 2692 desperata
2751 2620 2862 2690 jam
2902 2619 3200 2677 fecunditas
3222 2660 3238 2685 ,
3273 2619 3321 2675 si
3366 2618 3633 2674 sterilitas
3653 2617 3751 2687 jam

2168 2729 2336 2788 penes
2362 2712 2652 2769 senectutis
2671 2719 2914 2767 extrema
2935 2725 3216 2782 praegnans
3243 2710 3422 2777 fleret,
3448 2711 3623 2766 risum
3640 2723 3751 2764 mox

2169 2805 2314 2878 quod
2337 2803 2552 2874 genuit,
2585 2803 2945 2873 nuncupavit;
2975 2811 3032 2857 et
3057 2802 3162 2857 hoc
3190 2803 3401 2873 aptavit
3435 2802 3497 2857 in
3531 2801 3748 2868 nomine,

2170 2898 2316 2970 quod
2344 2912 2507 2953 sensu
2535 2910 2693 2967 passa
2719 2902 2803 2951 est
2829 2909 2952 2950 cum
2979 2892 3182 2949 rideret
3209 2911 3223 2946 :
3255 2891 3328 2947 Et
3354 2894 3563 2947 uocauit
3589 2907 3751 2946 nam

2171 2991 2283 3063 ejus
2308 2988 2483 3054 Isaac,
2506 2987 2642 3060 quod
2667 2989 3038 3058 interpretatur
3058 2988 3194 3040 risus
3217 2981 3374 3056 (Gen.
3396 2985 3536 3056 xxx).
3576 2983 3664 3040 Sic
3678 2980 3755 3039 Ja-

2173 3082 2296 3148 cob,
2327 3081 2420 3150 qui
2467 3080 2521 3134 in
2564 3087 2722 3134 utero
2760 3078 2926 3148 coepit
2960 3086 3086 3131 ante
3125 3075 3320 3131 luctari
3358 3090 3525 3146 quam
3564 3076 3755 3139 vivere,

487 3170 666 3228 divina
689 3180 871 3227 narrat
899 3172 1083 3244 praelia
1111 3172 1479 3244 parvulorum.
1511 3171 1711 3228 Coorta
1731 3170 1848 3242 regi
1875 3170 2072 3226 cohors
2096 3161 2143 3225 C
2175 3181 2301 3229 ante
2339 3171 2543 3228 viribus
2587 3185 2842 3241 superare
2882 3184 3044 3239 quam
3085 3166 3376 3236 membris,
3423 3168 3580 3224 etiam
3618 3167 3761 3221 inter

488 3278 608 3329 sua,
636 3263 808 3332 magis
828 3264 1080 3334 pnemori
1099 3279 1263 3335 quam
1283 3265 1542 3320 commori
1563 3271 1675 3318 tota
1695 3263 1856 3332 gestit
1880 3280 1893 3315 :
1925 3259 2075 3317 Chri-

491 3362 578 3409 sto
601 3352 765 3409 dicati
785 3353 982 3409 milites
993 3361 1275 3426 cmperunt
1292 3361 1418 3409 ante
1439 3354 1670 3408 militare
1689 3367 1851 3424 quam
1873 3351 2071 3417 vivere,

492 3452 620 3500 ante
647 3458 888 3515 pugnare
911 3459 1074 3515 quam
1096 3445 1313 3512 ludere,
1342 3444 1564 3501 fundere
1591 3453 1718 3500 ante
1757 3443 2074 3513 sanguinem

495 3552 659 3606 quam
686 3537 838 3594 lactis
858 3538 1022 3593 ubera
1043 3546 1329 3609 peroptare
1363 3556 1374 3592 :
1403 3537 1652 3592 ardentes
1679 3537 1870 3591 animae
1897 3549 2078 3590 moras

497 3632 741 3702 corporis
768 3647 876 3688 non
905 3631 1161 3697 tulerunt,
1185 3647 1217 3686 a
1237 3630 1441 3701 gremio
1480 3630 1548 3685 ad
1575 3628 1814 3688 furentes
1841 3629 2078 3685 hostium

496 3736 701 3776 cuneos
719 3721 1078 3792 pervolantes,
1110 3722 1406 3792 anticipant
1431 3721 1716 3776 virtutibus
1744 3719 2080 3776 blandimen-

498 3821 575 3881 ta,
608 3813 914 3870 vulneribus
941 3820 1143 3884 oscula,
1168 3823 1438 3884 unguenta
1466 3815 1628 3877 ferro,
1654 3822 1711 3868 ut
1738 3814 1933 3870 cmlum
1953 3829 2079 3885 pos-

498 3905 610 3962 sint
635 3915 762 3962 ante
805 3907 1106 3962 inhabitare
1145 3922 1309 3977 quam
1337 3915 1562 3970 terram,
1601 3906 1819 3976 praemia
1860 3905 2080 3975 spiritus

499 4005 628 4054 ante
655 4008 874 4069 portare
893 4013 1055 4068 quam
1080 4013 1298 4054 carnem
1319 4038 1334 4064 ,
1374 4005 1499 4053 ante
1537 3996 1741 4052 referre
1778 3998 2081 4069 triumphos

501 4090 612 4147 Deo
640 4106 802 4162 quam
822 4091 1061 4164 perferre
1083 4091 1360 4146 hominum
1383 4090 1728 4146 nutrimenta.
1746 4090 1906 4156 Vere,
1929 4105 2076 4158 vere,

501 4185 714 4251 fratres,
746 4183 832 4240 isti
853 4192 978 4240 sunt
1003 4186 1187 4253 gratiae
1215 4192 1497 4255 martyres,
1528 4181 1853 4237 confitentur
1894 4190 2082 4237 tacen-

505 4285 605 4341 tes,
635 4276 934 4332 nescientes
960 4283 1219 4348 pugnant,
1237 4274 1458 4331 vincunt
1484 4272 1658 4338 inscii,
1681 4272 1986 4329 moriuntur
1999 4273 2082 4328 in-

575 4429 808 4503 fugias,
838 4432 925 4503 qui
952 4447 1057 4486 ηοη
1091 4431 1267 4503 νέοιςις.

577 4498 608 4540 ι’
645 4499 727 4572 ξι
747 4498 1078 4572 ωεζϐωεεη.
1111 4499 1273 4572 Editi,
1306 4501 1507 4572 timoris
1532 4501 1770 4572 ignaviae.

582 4579 606 4609 α
647 4568 866 4650 Titulus
871 4571 1100 4650 proprie
1129 4569 1267 4650 lapis
1301 4568 1612 4650 inscriptus,
1632 4571 1721 4650 vel
1750 4569 2086 4650 ipsalapidis

510 4640 806 4712 inscriptio.
845 4640 960 4712 Hac
979 4640 1219 4712 notione,
1245 4640 1502 4712 lapideum
1531 4641 1732 4712 titulum
1755 4640 1783 4705 ,⁷
1812 4640 2087 4712 habe_t__ve-

510 4718 599 4782 tus
619 4707 896 4782 inscriptio
913 4711 1054 4782 apud
1079 4709 1133 4782 εἰ1
1159 4707 1437 4782 Spanium,
1471 4711 1525 4782 in
1563 4709 1744 4766 ltiner.
1777 4707 2005 4782 tomilll
2025 4725 2081 4780 p.

507 4780 683 4850 Bpag.
713 4777 763 4834 5.
785 4777 1375 4850 'Vide'Du-Can'gium,
1398 4777 1450 4836 in
1487 4779 1663 4836 Gloss.
1697 4789 1826 4836 tom.
1863 4780 1930 4836 Ill
1957 4777 2080 4850 pag.

511 4849 780 4928 1252,_ubi
803 4849 1312 4928 hujusmodi‘locum
1333 4850 1651 4928 Chrysolqgi
1677 4851 1875 4928 laudat.

579 4920 628 5044 ἀι
647 4921 884 5044 Μῗὲαιιθ
906 4922 993 4977 hic
1016 4940 1029 4976 :
1061 4920 1254 4977 Abram
1279 4933 1425 4995 pater
1445 4920 1693 4989 excelsus,
1720 4921 1983 4976 Abraham
2005 4937 2093 4993 pa—

579 5009 586 5021 ι
632 5009 695 5044 ur
779 5031 792 5044 .

504 5004 586 5045 ter
614 5002 792 5046 turbw.

584 5071 609 5098 °
648 5061 729 5116 Ex
750 5076 818 5119 eo
846 5062 990 5118 enim
1017 5061 1161 5131 quod
1198 5062 1485 5118 multarum
1513 5063 1750 5132 gentium
1771 5069 1887 5118 erat
1914 5060 2093 5116 futura

513 5147 810 5218 2311398....
844 5141 1154 5218 propterea.
1170 5147 1408 5213 congruo
1440 5133 1728 5218 decoratur
1767 5140 1823 5218 et
1853 5132 2088 5218 nomine:

511 5201 667 5274 Sarai
689 5201 972 5274 principem
1009 5202 1087 5257 vel
1119 5201 1384 5274 dominam
1420 5221 1586 5258 meam
1621 5201 1918 5270 indicabat,
1948 5201 2094 5272 quod

514 5273 604 5327 nni
648 5272 882 5344 homini,
908 5281 980 5344 et
999 5273 1092 5328 uni
1121 5272 1333 5344 familiai
1360 5274 1724 5344 praecelleret;
1747 5289 1932 5328 verum
1959 5287 2093 5328 ven-

515 5348 647 5397 tura:
676 5343 919 5414 dignitati
940 5351 1166 5412 anguste
1202 5343 1334 5398 satis
1361 5343 1855 5414 respondebathoc
1877 5358 2092 5414 nomen;

515 5421 800 5483 propterea
832 5413 973 5470 Deus
993 5414 1137 5468 illam
1159 5414 1212 5468 in
1233 5413 1506 5484 posterum
1527 5416 1706 5469 vocari
1719 5413 1877 5482 jussit
1899 5413 2095 5478 Saralt;

515 5481 619 5537 hoc
645 5491 727 5540 est
751 5483 1021 5540 dominam
1051 5483 1357 5551 indefinite,
1395 5501 1488 5540 seu
1511 5485 1805 5555 principem
1826 5521 1841 5545 ,
1882 5491 1942 5535 ut
1961 5483 2095 5555 mul-

519 5561 693 5626 tarum
716 5556 954 5623 gentium
968 5556 1134 5626 stirps
1154 5563 1210 5611 et
1229 5555 1380 5624 origo
1402 5551 1942 5626 d_iceretur.:Mtrs.e-
1959 5551 2101 5609 Sara

520 5624 755 5710 ξῖξηεεηε
782 5643 918 5710 "ea,
937 5624 1094 5710 ,δειναὶ
1119 5628 1354 5710 rium
1373 5624 1646 5710 ,ξρξριαιεο
1683 5625 1751 5710 ορ
1770 5625 2100 5710 capiat"!!-

820 5696 1059 5754 Mariana
1078 5692 1186 5755 hic.
1219 5692 1355 5755 Vide
1373 5693 1674 5765 Philonem,
1695 5695 1765 5755 de
1786 5692 2101 5754 Numinibus

2173 3269 2382 3323 viscera
2413 3271 2658 3321 materna
2696 3263 2812 3334 ipsa
2857 3261 3283 3332 supplantatoris
3322 3267 3406 3317 est
3443 3256 3762 3315 vocabulum

2175 3366 2498 3415 consecutus
2519 3397 2536 3424 ,
2567 3372 2636 3413 eo
2663 3353 2810 3426 quod
2847 3363 3138 3423 antequam
3179 3361 3498 3409 nasceretur
3527 3350 3760 3406 noscitur

2177 3450 2432 3508 divinitus
2458 3449 2806 3521 reprobatum
2848 3447 3224 3518 supplantasse
3265 3459 3583 3514 germanum
3613 3440 3750 3513 (Ges.

2181 3545 2332 3618 xxv).
2373 3543 2440 3598 Et
2466 3543 2592 3613 quia
2629 3540 2851 3611 longum
2882 3549 2967 3597 est
3006 3541 3085 3596 ire
3107 3555 3206 3611 per
3232 3539 3470 3609 singula,
3500 3538 3638 3594 sicut
3661 3533 3753 3591 Pe-

2181 3647 2294 3694 trus
2322 3653 2353 3692 a
2379 3643 2533 3708 petra
2567 3651 2764 3691 nomen
2801 3633 3029 3705 adeptus
3057 3641 3158 3698 est,
3185 3632 3312 3702 quia
3335 3631 3548 3702 primus
3573 3628 3755 3685 met-nit

2179 3727 2476 3785 Ecclesium
2506 3726 2629 3782 fidei
2651 3725 2903 3781 firmitate
2931 3723 3176 3790 fundare;
3200 3725 3274 3779 ita
3296 3721 3604 3795 Stephanus
3624 3729 3650 3770 ς
3667 3734 3753 3776 vo-

2180 3830 2333 3878 catus
2363 3828 2446 3876 est
2478 3835 2509 3874 a
2542 3833 2776 3884 corona,
2821 3818 2945 3887 quia
2985 3817 3191 3888 primus
3226 3816 3428 3872 meruit
3453 3831 3557 3886 pro
3576 3812 3756 3869 Christi

2181 3912 2400 3968 nomine
2439 3910 2621 3966 subire
2665 3907 3009 3975 conflictum,
3054 3908 3261 3979 primus
3289 3908 3491 3963 meruit
3517 3905 3760 3974 sanguine

2181 4003 2411 4057 militum
2441 4001 2640 4056 Christi
2674 3998 2702 4038 ιι
2736 4001 3051 4072 martyrium
3092 3997 3365 4055 dedicare.
3411 3995 3603 4053 Petrus
3639 4010 3760 4067 apo-

2183 4093 2361 4148 stolici
2396 4092 2412 4131 ί
2450 4093 2603 4148 chori
2635 4099 2903 4147 vetustum
2936 4099 3119 4148 teneat
3146 4091 3533 4162 principatum,
3566 4089 3760 4160 aperiat

2185 4184 2508 4240 intrantibus
2529 4198 2750 4253 regnum
2779 4183 3037 4239 caelorum
3054 4222 3070 4247 ,
3105 4196 3231 4237 reos
3257 4189 3535 4251 potestate
3553 4177 3757 4239 vinciat.

2185 4273 2510 4345 pmnitentes
2548 4273 2843 4329 clementer
2883 4271 3158 4338 absolvat;
3192 4269 3504 4342 Stephanus
3527 4278 3605 4326 est
3628 4281 3761 4324 ωιν-

2111 4431 2166 4492 D
2267 4429 2286 4468 ῐ
2328 4428 2444 4483 Νοη
2474 4428 2731 4484 mediocri
2759 4429 2891 4483 vitio
2911 4427 3243 4482 laborantem
3265 4426 3448 4482 locum
3470 4425 3761 4483 sanavimus

2188 4515 2255 4554 ex
2279 4498 2510 4553 Latinio.
2534 4497 2687 4570 _Editi
2720 4508 2775 4555 et
2807 4499 2923 4570 ipse
2961 4496 3118 4566 Mita,
3160 4499 3492 4569 promittente
3528 4495 3759 4567 Domino,

2186 4571 2348 4624 risum
2369 4568 2600 4624 credidit.

2261 4649 2287 4687 ιι
2324 4638 2621 4705 Ennodius,
2652 4653 2819 4694 carm.
2851 4655 2975 4695 xuv
3006 4659 3020 4693 :

2368 4717 2494 4779 Quid
2515 4717 2766 4779 Stephano
2790 4719 3071 4779 potentius!

2369 4778 2515 4842 Dim
2536 4778 2782 4842 ωφωω.
2799 4778 2982 4842 martyr
3007 4787 3098 4832 est-

2369 4839 2599 4892 l‘ructum
2613 4839 2806 4900 laboris,
2826 4839 3004 4892 nomen
3023 4850 3120 4894 est.

2269 4917 2299 4959 δ
2335 4919 2468 4978 Cain
2489 4921 2754 4976 dedicator
2784 4923 2986 4980 mortis.
3029 4930 3088 4978 ut
3119 4921 3319 4978 dicitur
3340 4937 3505 4978 serm.
3539 4919 3621 4976 96.
3651 4920 3767 4976 Ste-

2196 4992 2408 5064 phanus
2438 4991 2714 5064 dedicator
2739 4994 3000 5064 martyrii,
3036 4995 3161 5064 quia
3194 4993 3294 5049 fuit
3321 4994 3529 5064 primus
3552 4994 3638 5060 qui
3673 5006 3766 5062 pro

2198 5060 2419 5119 nomine
2444 5061 2671 5134 Christi,
2693 5060 2814 5134 jam
2837 5060 2938 5134 pro
2965 5060 3119 5134 nobis
3133 5064 3306 5134 passi,
3323 5060 3529 5119 'mortui
3549 5071 3601 5117 et
3621 5060 3767 5134 resu-

2198 5133 2396 5200 scitati,
2436 5133 2754 5203 sanguinem
2791 5131 3003 5189 fuderit.
3035 5132 3093 5190 S.
3128 5131 3462 5203 Fulgentius,
3503 5147 3662 5188 serm.
3705 5131 3768 5203 de

2201 5204 2412 5260 eodem.
2449 5201 2696 5258 Ml'l‘A.—-
2717 5202 2971 5258 Dedicare
3008 5205 3148 5260 idem
3189 5201 3254 5260 ac
3291 5205 3497 5259 initium
3538 5203 3678 5256 dare.
3709 5201 3765 5256 S.

2199 5273 2719 5398 CyJirianus,.epist.
2752 5273 2860 5360 51"):
2902 5272 3019 5328 Hoc
3050 5273 3134 5329 die
3509 5283 3608 5334 est,

2199 5343 2262 5398 de
2299 5353 2402 5398 tcat
2434 5344 2718 5398 lectionem.
2769 5343 2930 5398 (nesta
2976 5342 3313 5398 Constantnn
3346 5343 3457 5397 3L:
3510 5342 3768 5396 Petam

2199 5341 2402 5398 dedicat
2434 5341 2718 5398 lectionem.
2769 5341 2930 5398 Gesta
2976 5341 3313 5400 Constantini
3346 5343 3457 5397 3L:
3510 5342 3769 5396 Pefatittlt

2197 5415 2751 5538 usqueadérerfectum
2786 5414 2930 5537 iecit,
2967 5430 3112 5497 quem
3151 5430 3256 5499 non
3294 5414 3573 5478 dedicarit,
3613 5411 3667 5466 id
3692 5420 3771 5466 est

2197 5494 2423 5538 increvit.
2501 5499 2572 5538 os
2601 5482 2780 5538 Tertul
2804 5499 2926 5538 Iano
2955 5482 3244 5538 familiaris.

2194 5482 3357 5634 “efﬁgi?eiiiiﬂi'g‘ﬁgiﬂg'aﬁéers.
3401 5553 3491 5608 lib.
3529 5568 3563 5606 v
3589 5568 3709 5622 cap.
3738 5548 3774 5604 ἓ

2200 5639 2328 5697 pag.
2347 5624 2508 5691 2M8,
2541 5632 2607 5697 et
2633 5625 2884 5682 observat
2926 5627 3136 5682 eltanun
3163 5625 3436 5697 veteribus
3455 5639 3550 5694 pro
3583 5624 3775 5691 jumn-

2204 5695 2437 5770 di_ssi_mo_
2473 5695 2684 5770 agmine
2723 5697 2998 5770 usurpari,
3035 5712 3189 5770 raro,
3234 5696 3324 5755 vel
3359 5709 3648 5768 numnam
3675 5706 3774 5767 pro

2203 5766 2364 5826 tristi.
2393 5763 2653 5839 Eseinpla
2673 5763 2900 5841 profert.
