3878 6368
1487 341 1722 404 8εῆΜο
1757 343 1960 402 CLVII.

3233 347 3344 408 0“

69 471 302 545 gratim.
329 462 490 520 Unde
513 470 572 519 et
597 460 783 527 hvid,
813 459 1068 516 ludam
1093 473 1236 516 mata
1279 457 1460 532 (Psai.
1503 459 1638 529 ιιι).
1669 465 1724 524 Α
1746 458 2009 514 insultant
2049 472 2064 509 :
2115 455 2331 526 quando
2371 455 2604 514 scientes
2646 457 2985 529 interrogant
3019 464 3342 535 nescientes,

71 567 186 615 Cum
205 570 356 613 nam
376 556 670 612 essedas“
685 571 744 610 ιι
767 554 1062 610 Baldonem
1081 551 1236 608 ludar
1262 553 1320 607 in
1347 550 1526 607 diebus
1543 551 1654 607 Hc-

73 657 199 711 rodis
232 655 388 725 regis.
425 650 568 719 Quid
606 659 720 713 est,
754 649 902 718 quod
935 659 960 686 ⁸
997 656 1244 717 tempore
1271 647 1415 715 regis
1438 644 1654 702 nefandi

77 754 202 806 Dens
242 746 520 802 descendit
559 745 625 800 ad
654 744 866 799 terrast
891 742 1148 800 miscetur
1188 740 1440 795 divinitas
1467 738 1656 795 carni?

77 844 124 896 iit
147 853 360 896 terreno
401 838 619 910 corpori
646 836 867 892 cmleste
905 831 1332 890 commercium?
1367 831 1509 900 Quid
1533 829 1658 886 est?

79 933 352 1004 «quando
379 947 491 989 non
522 945 682 986 verus
715 941 814 984 rex
835 926 1158 997 eapulsums
1194 932 1504 998 tyrannum,
1534 922 1657 978 vin-

77 1029 337 1080 diuturus
365 1022 616 1093 patriam,
665 1020 1062 1074 instauraturus
1101 1017 1320 1081 orbem,
1353 1015 1657 1070 libertatem

81 1117 370 1174 redditurus
397 1113 691 1169 adventat?
711 1109 954 1166 Herodes
967 1107 996 1150 ιι
1018 1107 1202 1177 refuga
1225 1105 1400 1175 gentis
1420 1103 1658 1160 Iudaica:

83 1210 259 1266 invasit
279 1221 526 1276 regnum,
546 1206 850 1260 libertatem
869 1200 1103 1266 sustulit,
1126 1198 1431 1270 profanavit
1449 1204 1656 1262 sancta,

81 1300 310 1357 condidit
367 1299 647 1361 ordinem;
710 1291 966 1363 quidquid
1027 1291 1354 1360 disciplinas,
1403 1287 1660 1358 quidquid

81 1395 234 1450 cultus
259 1400 366 1456 est,
398 1390 666 1455 abolevit;
703 1388 898 1442 merito
935 1398 1068 1454 ergo
1095 1385 1239 1454 genti
1263 1393 1491 1448 saecula,
1532 1381 1661 1450 quia

81 1488 294 1542 bmnana
337 1484 553 1545 desunt,
601 1480 784 1536 divina
825 1483 1166 1540 succurrunt,
1217 1483 1273 1531 et
1320 1475 1473 1529 adest
1519 1474 1662 1528 Deus

86 1579 187 1649 ipsi,
209 1576 299 1634 cui
329 1577 494 1630 homo
523 1588 630 1629 non
659 1581 776 1627 erat
801 1572 892 1641 qui
918 1572 1151 1628 adesset.
1173 1569 1264 1626 Sic
1291 1569 1486 1623 iterum
1506 1566 1663 1621 Chri-

85 1680 181 1725 stus
204 1669 406 1731 veniet,
444 1675 505 1721 ut
540 1665 900 1722 Antichristns
925 1664 1171 1726 subruat,
1208 1662 1466 1716 liberetur
1493 1659 1657 1724 orbis,

86 1759 298 1833 paradisi
327 1759 504 1830 patria
531 1758 805 1823 reddatur,
835 1757 1020 1811 mundi
1041 1763 1391 1827 perpetuetur
1420 1753 1657 1817 libertas,

1759 549 1780 594 τ
1801 566 1907 605 non
1929 549 2029 621 ipsi
2051 549 2318 619 ignorant,
2340 551 2436 606 sed
2453 552 2786 621 negligentes
2801 565 3048 624 arguunt,
3067 557 3347 631 increpant

1753 642 1986 706 desides,
2009 643 2180 698 malos
2199 643 2453 714 produnt,
2475 653 2822 701 contumaces
2839 647 3142 717 verberant,
3161 667 3349 710 servos

1739 738 1985 794 iDomino
2011 753 2119 794 non
2144 738 2442 794 occurrisse
2463 748 2734 796 accusant.
2757 737 2890 798 Nam
2922 745 3048 812 quid
3077 745 3146 801 ab
3168 747 3347 804 homi-

1756 833 1915 889 nibus
1941 841 2208 904 quierunt,
2237 834 2331 904 qui
2355 848 2454 905 per
2481 833 2650 890 Deum
2681 846 2945 892 noverant
2965 840 3110 908 quod
3136 856 3348 910 quaere-

1753 924 1924 980 bant?
1957 923 2029 980 Ut
2060 925 2188 995 quid
2217 926 2320 982 illis
2361 926 2427 980 ad
2464 926 2569 982 hoc
2595 927 2843 983 humanas
2875 928 3350 989 demonstrationis

1755 1016 2012 1083 cilicium,
2044 1017 2240 1086 quibus
2268 1017 2334 1071 ad
2363 1017 2468 1073 hoc
2506 1020 2627 1074 coeli
2657 1021 2833 1076 sidera
2853 1024 3200 1080 serviebant?
3230 1025 3350 1094 Quo

1757 1108 1862 1163 illis
1890 1109 2109 1164 lucerna
2139 1109 2338 1180 templi,
2362 1111 2559 1180 quibus
2577 1113 2698 1168 cmli
2725 1114 2872 1169 sidus
2899 1116 3145 1173 mirabile
3171 1120 3352 1189 perlu-

1756 1202 1956 1256 cebat?
1988 1201 2086 1256 Ubi
2127 1212 2204 1258 est
2242 1204 2327 1274 qui
2359 1211 2512 1258 natus
2540 1214 2618 1259 est
2647 1223 2740 1260 rex
2765 1206 3104 1264 Judworum?
3131 1209 3246 1266 Hoc
3268 1220 3354 1267 est

1757 1293 1939 1349 dicere
1971 1312 1982 1346 :
2013 1290 2126 1348 Cur
2167 1309 2260 1349 rex
2282 1293 2588 1352 ludceorum
2619 1298 2672 1352 in
2701 1313 2944 1371 praesepe
2964 1301 3128 1372 jacet,
3160 1311 3215 1360 et
3244 1319 3353 1359 non

1757 1385 2030 1441 decumbit
2052 1387 2104 1440 in
2131 1387 2366 1457 templo?
2399 1387 2508 1442 Cur
2535 1405 2643 1444 non
2673 1387 2842 1460 fulget
2869 1393 2922 1447 in
2963 1410 3227 1466 purpura,
3258 1396 3354 1452 sed

1759 1478 1971 1547 squalet
1994 1478 2046 1532 in
2086 1479 2316 1549 pannis?
2342 1477 2454 1533 Cur
2481 1480 2612 1536 latet
2643 1481 2695 1536 in
2724 1497 2907 1553 specu,
2939 1493 2995 1540 et
3041 1486 3356 1544 manifestus

1759 1569 1815 1624 in
1857 1572 2162 1625 sanctuario
2213 1586 2318 1626 non
2361 1572 2632 1627 habetur?
2663 1564 3002 1644 Receperunt
3040 1577 3279 1647 iumenta
3301 1580 3355 1633 in

1759 1665 2007 1734 prtesepi,
2039 1679 2197 1732 quem
2229 1664 2280 1718 in
2321 1664 2485 1720 domo
2517 1681 2613 1720 sua
2646 1668 2889 1738 recipere
2918 1685 3014 1725 vos
3053 1673 3350 1742 sprevistis.

1759 1756 2002 1826 Agnovit,
2030 1756 2170 1809 sicut
2197 1757 2454 1826 scriptum
2491 1766 2592 1825 est,
2627 1759 2716 1813 bos
2751 1776 3097 1831 possessorem
3117 1781 3284 1832 suum,
3307 1775 3357 1822 et

85 1854 240 1910 muli
279 1853 516 1908 servitus
555 1859 668 1906 tota
707 1850 947 1906 tollatur.
991 1848 1129 1902 Ecce
1165 1849 1304 1920 magi
1342 1846 1408 1900 ab
1448 1845 1658 1900 Oriente
1692 1861 1737 1922 Β
1761 1848 1940 1900 asinus
1962 1862 2189 1918 pra’sepe
2219 1847 2416 1901 domini
2449 1850 2528 1902 sui
2553 1849 2708 1920 (lsai.
2733 1851 2803 1922 ι);
2838 1859 2895 1907 tu
2925 1861 3122 1921 autem,
3170 1855 3356 1926 Israel,

86 1955 324 2002 amnt.
365 1946 448 2000 Ab
478 1943 698 2000 Oriente
730 1945 799 1999 ad
829 1943 1105 1999 Orientem
1137 1943 1362 1997 veniunt
1392 1941 1554 2010 magi,
1599 1947 1660 1996 ut

87 2040 362 2109 susciperet
396 2038 677 2096 venientes
717 2037 831 2107 ipse
869 2036 962 2106 qui
990 2035 1225 2105 jusserat
1264 2040 1324 2088 ut
1361 2033 1611 2087 venirent
1641 2048 1656 2084 :

90 2134 279 2202 quando
305 2132 453 2187 enim
484 2131 653 2186 Deum
683 2145 890 2199 magus,
926 2129 1030 2184 nisi
1059 2130 1170 2183 Deo
1194 2127 1416 2197 jubente
1445 2127 1661 2197 perqui-

87 2225 242 2279 reret?
270 2223 495 2293 quando
521 2237 704 2293 regem
727 2223 848 2278 οωιί
874 2223 973 2276 nisi
995 2222 1268 2276 revelante
1295 2220 1408 2275 Deo
1434 2229 1459 2260 ⁸
1489 2228 1663 2275 astro-

89 2315 215 2386 logus
234 2315 571 2370 invenisset?
597 2313 812 2383 quando
841 2328 1004 2368 unum
1033 2311 1203 2367 Deum
1223 2312 1341 2366 sine
1368 2311 1478 2366 Deo
1497 2309 1662 2365 Chal-

90 2407 211 2462 daius
243 2408 504 2462 adoraret
540 2407 593 2462 in
641 2414 784 2462 terra
803 2449 817 2472 ,
849 2408 941 2476 qui
990 2406 1042 2460 in
1071 2404 1212 2461 caelo
1239 2403 1268 2442 ά
1294 2405 1398 2459 diis
1438 2405 1663 2458 totidem

91 2507 202 2570 quot
223 2500 494 2556 sideribus
507 2499 812 2555 serviebat?
836 2496 961 2552 Plus
976 2498 1195 2554 cmicste
1222 2497 1288 2552 de
1305 2497 1474 2566 magis
1500 2510 1663 2566 quam

92 2592 148 2647 de
168 2593 318 2649 stella
357 2592 572 2662 signum
603 2601 703 2656 est,
735 2591 879 2661 quod
899 2590 1096 2646 Iudaea:
1123 2604 1325 2660 regem,
1353 2590 1497 2659 quod
1533 2589 1665 2658 legis

94 2692 343 2739 auctorem
365 2697 556 2753 magus
583 2684 706 2748 scit,
731 2683 904 2738 nescit
922 2681 1167 2747 Judzeus;
1195 2680 1442 2736 Chaldiea
1471 2680 1662 2749 defert,

93 2791 180 2829 non
199 2774 370 2830 defert
401 2773 611 2841 Indica;
650 2774 1023 2847 Hierosolyma
1051 2782 1331 2829 aversatur
1356 2781 1412 2828 et
1439 2773 1664 2844 refugit;

95 2864 222 2936 Syria
259 2866 508 2936 sequitur
537 2874 593 2921 et
621 2866 828 2922 adorat.
863 2865 1000 2921 Ecce
1027 2867 1166 2938 magi
1196 2866 1260 2919 ab
1285 2865 1499 2919 Oriente
1519 2881 1666 2920 vene-

96 2971 212 3025 runt,
251 2960 519 3014 dicentes:
551 2958 649 3014 Ubi
688 2969 765 3014 est
805 2961 892 3032 qui
930 2969 1081 3013 natus
1107 2969 1184 3013 est
1211 2974 1303 3012 rea.
1331 2957 1668 3012 Iudaeorum?

103 3051 310 3106 Vidimus
331 3054 539 3108 stellam
554 3054 684 3124 ejus.
709 3051 777 3106 Et
799 3053 926 3122 quid
957 3060 1134 3107 tamen
1160 3060 1242 3107 est
1257 3052 1398 3120 quod
1419 3052 1668 3106 videtur?

100 3141 216 3198 Vere
243 3145 382 3199 sicut
422 3145 560 3198 dixit
588 3145 882 3215 Apostolus
915 3163 928 3198 :
961 3143 1088 3199 Cum
1116 3155 1248 3199 esset
1277 3145 1442 3211 dires,
1475 3161 1670 3216 pauper

1761 1947 1912 1993 tuum
1943 1939 2225 1995 Dominum
2277 1957 2384 1996 non
2425 1943 2686 2010 qutesisti.
2728 1944 2963 2002 Vidimus
2991 1949 3194 2004 stellam
3222 1953 3354 2024 ejus.

1761 2031 2024 2102 Apparuit
2043 2033 2197 2086 stella
2228 2048 2334 2087 non
2355 2033 2562 2098 volens,
2595 2035 2690 2090 sed
2713 2035 2894 2106 jussu;
2921 2055 3028 2095 non
3049 2041 3172 2097 coeli
3202 2051 3356 2112 nutu,

1761 2124 1855 2178 sed
1886 2123 2190 2177 Divinitatis
2220 2124 2480 2194 impulsu;
2515 2141 2620 2181 non
2651 2127 2770 2196 lege
2794 2129 3058 2199 siderum,
3083 2133 3177 2188 sed
3208 2134 3360 2190 novi-

1759 2221 1875 2269 tate
1899 2215 2206 2284 signorum;
2251 2232 2358 2270 non
2381 2219 2504 2272 ωεξιί
2526 2219 2760 2286 climate,
2793 2221 2886 2276 sed
2909 2222 3107 2278 virtute
3135 2239 3362 2281 nascen-

1763 2306 1866 2372 tis;
1897 2321 2002 2361 non
2031 2307 2098 2360 ab
2126 2313 2261 2373 arte,
2305 2307 2402 2362 sed
2431 2322 2460 2361 a
2489 2308 2634 2376 Deo;
2667 2327 2774 2366 non
2821 2312 3081 2382 astrologi
3117 2315 3361 2382 scientia,

1763 2397 1860 2453 sed
1889 2399 2222 2468 pnescientia
2241 2397 2578 2469 Conditoris;
2616 2417 2724 2459 non
2768 2406 3106 2462 arithmetica
3132 2409 3362 2478 ratione,

1757 2491 1859 2545 sed
1880 2492 2160 2546 sanctione
2187 2492 2399 2558 divina;
2433 2508 2665 2564 superna
2704 2495 3100 2565 procuratione,
3131 2514 3241 2556 non
3267 2517 3366 2557 cu-

1765 2584 2008 2639 riositate
2035 2583 2315 2651 Chaldma;
2347 2601 2452 2641 non
2480 2593 2596 2641 arte
2625 2587 2852 2658 magica,
2879 2589 2976 2644 sed
3002 2587 3223 2647 Iudaica
3245 2609 3366 2663 pro-

1765 2677 1968 2748 phetia.
2002 2678 2092 2734 Sic
2121 2679 2210 2732 ubi
2239 2679 2372 2734 vidit
2399 2695 2589 2749 magus
2631 2679 2892 2738 humanas
2919 2684 3142 2754 periisse
3187 2703 3364 2753 curas,

1765 2785 1892 2825 suas
1939 2768 2198 2826 defecisse
2235 2780 2395 2836 artes,
2430 2773 2714 2827 mundana:
2743 2773 3020 2844 sapientia:
3065 2775 3369 2834 exinanitos

1768 2862 2000 2928 labores,
2032 2864 2270 2916 omnium
2292 2862 2520 2918 sudores
2557 2864 2856 2932 obriguisse
2877 2873 3146 2922 sectarum
3165 2909 3181 2935 ,
3203 2869 3371 2925 totius

1769 2954 2126 3026 philosophia:
2155 2955 2438 3011 thesauros
2458 2969 2578 3010 esse
2597 2965 2876 3021 vacuatos,
2893 2957 3093 3034 fugisse
3105 2971 3369 3030 paganam

1770 3055 2004 3111 noctem,
2030 3048 2348 3118 epinionum
2379 3048 2601 3104 nebulas
2628 3049 2948 3116 concidisse,
2994 3051 3137 3123 ipsas
3171 3046 3369 3101 daemo—

1771 3155 1900 3195 num
1923 3140 2200 3196 delituisse
2229 3140 2466 3207 umbras,
2491 3141 2702 3197 stellam
2727 3159 2833 3199 non
2864 3152 2922 3199 ut
2945 3154 3210 3202 cometam
3233 3151 3262 3192 8
3289 3142 3379 3197 iu-

101 3238 240 3306 factus
275 3245 350 3290 est
382 3235 461 3304 (ll
491 3235 613 3290 Cor.
645 3246 794 3307 vni);
826 3253 948 3292 cum
977 3246 1123 3292 esset
1151 3237 1205 3291 in
1233 3237 1434 3291 deitate
1462 3252 1557 3292 sua
1585 3235 1667 3292 di—
1691 3251 1738 3315 ρ
1767 3231 2074 3288 circonfuso
2103 3234 2253 3288 crine
2296 3234 2570 3289 occultare
2607 3235 2752 3304 quod
2801 3237 3035 3302 nuntiat,
3082 3237 3372 3294 obscurare

102 3342 196 3392 ves,
223 3335 405 3382 nostra
431 3327 490 3381 iit
514 3343 722 3398 pauper
746 3329 798 3382 in
825 3344 1017 3395 carne;
1041 3336 1096 3383 et
1115 3328 1316 3383 habere
1345 3328 1510 3399 C(Bpit
1537 3327 1666 3382 stel-

103 3417 192 3472 lam
207 3434 384 3484 unam,
417 3426 587 3474 totam
615 3419 707 3488 qui
735 3417 880 3484 fecit,
911 3419 1075 3473 habet
1102 3427 1157 3474 et
1184 3420 1426 3474 continet
1452 3427 1667 3474 creatu—

101 3525 215 3564 ram.
266 3510 501 3566 Vidimus
539 3511 742 3564 stellam
782 3511 915 3582 ejus.
957 3510 1256 3580 Aliquando
1299 3512 1444 3565 videt
1486 3524 1672 3580 magus

105 3601 229 3656 iitum
255 3603 346 3671 qui
383 3602 547 3656 habet
576 3601 813 3667 stellam,
859 3617 966 3656 non
1009 3601 1238 3656 habetur
1277 3617 1308 3656 a
1337 3602 1526 3666 stella;
1574 3617 1673 3656 nec

107 3691 379 3762 ipseagitur
397 3709 562 3749 cursu
589 3692 760 3748 stellae
777 3735 792 3759 ,
825 3693 920 3748 sed
950 3693 1064 3763 ipse
1082 3693 1251 3747 stellae
1279 3693 1390 3763 agit
1418 3708 1630 3748 cursum
1655 3734 1670 3760 ,

107 3784 234 3853 cujus
262 3801 357 3854 per
385 3787 586 3842 caelum
633 3786 712 3842 sic
755 3801 974 3841 cursum
1021 3786 1220 3855 dirigit,
1255 3786 1335 3840 sic
1364 3786 1676 3840 moderatur

106 3874 366 3945 incessum,
398 3880 477 3934 sic
503 3879 648 3933 viam
681 3887 976 3950 temperat,
1011 3890 1036 3917 ο
1071 3890 1129 3934 ut
1159 3894 1435 3949 magorum
1479 3881 1678 3935 serviat

107 3977 156 4023 et
175 3972 402 4026 mittatur
422 3972 489 4026 ad
520 3987 786 4041 gressum.
819 3972 954 4026 Nam
975 3973 1284 4028 ambulante
1315 3987 1490 4042 mago,
1523 3973 1678 4029 stella

112 4063 350 4117 ambulat:
375 4064 601 4120 sedente
629 4078 806 4133 mago,
831 4072 942 4119 stat
969 4065 1153 4130 stella;
1179 4079 1336 4134 mago
1357 4067 1678 4131 dormiente,

119 4156 320 4210 excubat
346 4157 532 4212 stella:
557 4159 636 4213 sic
655 4158 820 4213 sentit
848 4170 1052 4225 magus,
1077 4167 1138 4212 ut
1165 4159 1358 4226 quibus
1377 4159 1557 4213 viandi
1585 4175 1683 4230 par

117 4249 324 4302 conditio
361 4257 465 4314 est,
497 4265 597 4318 par
623 4250 694 4305 sit
723 4249 1020 4304 necessitas
1046 4250 1344 4316 serviendi;
1377 4259 1431 4303 et
1473 4251 1682 4305 stellam

117 4333 206 4400 iam
235 4355 330 4392 non
359 4339 529 4393 Deum
553 4340 767 4410 ,credit,
797 4339 895 4398 sed
936 4340 1144 4412 judicat
1184 4355 1303 4395 esse
1333 4357 1649 4397 conservam
1668 4399 1682 4423 ν

119 4439 255 4492 quam
289 4431 461 4484 cernit
507 4430 687 4484 taliter
716 4431 828 4485 suis
856 4430 1132 4500 obsequiis
1171 4432 1550 4501 mancipatam.
1590 4433 1689 4491 Ubi

115 4527 182 4569 est
205 4522 278 4589 qui
304 4535 455 4574 natus
484 4531 560 4575 est
589 4537 681 4576 rex
709 4522 1051 4577 Judteorum?
1093 4521 1328 4576 Vidimus
1350 4524 1554 4577 stellam
1577 4525 1687 4595 ejus

1767 3325 1914 3395 quod
1935 3326 2097 3393 lucet,
2129 3326 2207 3381 sic
2247 3325 2409 3381 dicit:
2441 3322 2469 3364 1³
2494 3325 2597 3382 Fas
2627 3337 2728 3390 est,
2757 3335 2815 3383 ut
2843 3335 2897 3384 te
2926 3345 3065 3385 novo
3095 3327 3267 3395 radio,
3297 3327 3372 3382 si-

1769 3414 1978 3484 gnifero
2017 3416 2253 3484 lumine,
2304 3417 2594 3489 splendore
2633 3425 2784 3475 certo
2831 3419 3044 3475 radiare
3071 3419 3284 3475 videam
3320 3419 3374 3475 in

1771 3505 2030 3573 Judmam,
2067 3517 2227 3578 atque
2250 3508 2359 3564 illic
2404 3517 2587 3564 natum
2628 3524 2840 3580 regem,
2865 3519 3063 3581 praeter
3089 3510 3376 3566 mundile—

1773 3613 1914 3670 gem,
1953 3609 2150 3670 praeter
2183 3601 2362 3655 carnis
2387 3599 2654 3666 ordinem,
2682 3610 2879 3673 prmtcr
2906 3602 3195 3658 humanam
3223 3617 3377 3658 mon-

1773 3697 1948 3746 strare
1979 3699 2246 3746 naturam.
2279 3689 2370 3747 Sic
2398 3691 2646 3762 deposito
2667 3707 2871 3760 errore,
2902 3693 3162 3762 sequitur,
3187 3693 3373 3758 currit,

1775 3784 2042 3854 pervenit,
2075 3785 2298 3849 invenit,
2331 3783 2546 3854 gaudet,
2581 3784 2832 3855 procidit,
2865 3785 3084 3852 adorat;
3115 3785 3242 3855 quia
3271 3801 3378 3840 non

1779 3892 1878 3948 per
1897 3877 2127 3942 stellam,
2171 3893 2277 3931 non
2307 3893 2406 3948 per
2434 3885 2626 3942 artem,
2659 3877 2754 3932 sed
2781 3892 2879 3948 per
2906 3877 3093 3943 Deum,
3125 3876 3293 3932 Deum
3322 3893 3382 3932 se

1782 3971 2054 4026 invenisse
2082 3971 2316 4025 humana
2347 3972 2573 4026 miratur
2594 3971 2648 4025 in
2671 3985 2851 4027 carne.
2871 3969 3032 4040 Ergo,
3065 3969 3274 4036 fratres,
3299 3971 3381 4026 le-

1783 4064 1964 4119 ctione
1992 4065 2244 4133 pnesenti
2281 4080 2387 4119 non
2418 4071 2500 4119 est
2539 4063 2784 4119 limatus
2809 4080 2962 4119 error
2987 4065 3244 4134 magicus,
3286 4063 3383 4118 sed

1784 4157 2010 4212 solutus.
2041 4156 2148 4212 Sed
2189 4155 2458 4212 sufﬁciant
2504 4157 2605 4211 ista
2633 4155 2813 4222 hodie,
2849 4164 2905 4212 ut
2929 4172 3028 4227 per
3065 4155 3235 4212 Deum
3261 4169 3383 4226 quas

1786 4248 1988 4304 suntin
2010 4249 2358 4320 sequentibus
2386 4248 2530 4304 clare
2558 4248 2880 4304 elucescant.

2359 4399 2595 4458 SERMO
2620 4400 2820 4460 CLVII.

2439 4510 2518 4568 De
2536 4513 2751 4569 eisdem.

32 4653 34 4698 ι
122 4608 164 4662 in
186 4613 376 4680 oriente,
408 4626 460 4668 et
501 4617 729 4674 uenimus
759 4616 984 4670 adorare
1011 4631 1144 4672 eum.
1179 4615 1446 4683 Dicenda,
1488 4617 1581 4674 ubi
1608 4627 1690 4673 est
1719 4635 1771 4695 ο
1863 4625 2159 4682 Dominicis
2201 4623 2522 4680 festivitates
2569 4641 2764 4681 causas
2808 4640 2936 4681 suas
2974 4625 3084 4682 suis
3111 4625 3388 4682 vocabulis

123 4707 200 4770 qui
243 4718 384 4765 natus
413 4717 502 4764 est
545 4724 642 4765 rex
667 4708 1008 4776 Iudaeorum,
1052 4725 1162 4764 non
1210 4711 1560 4782 interrogant,
1594 4714 1689 4770 sed

186 4879 206 4905 ⁸
239 4869 491 4927 Convenit
525 4872 690 4928 h‘die
741 4872 879 4926 inter
924 4872 1286 4944 chronologos
1331 4872 1680 4944 insigniores,

129 4936 360 4998 Christum
402 4951 588 4998 natum
619 4959 738 4997 esse
769 4960 910 4997 anno
941 4953 1168 4997 mortem
1195 4936 1684 5001 'Herodis'antece;

133 5010 279 5074 delc,
305 5015 408 5083 qui,
441 5024 659 5068 nota..te
684 5014 865 5067 Flavio
887 5013 1122 5082 Josepho
1149 5014 1325 5081 Antii].
1359 5011 1566 5069 Judaic.
1594 5019 1683 5072 lib.

137 5097 225 5154 rvn
255 5100 358 5153 cap.
401 5086 433 5139 8
453 5127 466 5146 ,
502 5087 637 5140 obiit
665 5103 806 5138 anno
838 5085 902 5137 '57
935 5094 1058 5154 post
1085 5087 1337 5153 adeptum
1370 5101 1400 5138 a
1433 5085 1690 5144 Romanis

134 5149 554 5226 iudx-.e'regnum
584 5175 595 5208 :
633 5157 772 5210 unde
819 5149 1091 5226 Christum
1141 5149 1364 5209 necesse
1394 5165 1476 5210 est
1509 5167 1690 5214 natum

137 5235 236 5275 esse
266 5225 403 5280 um
427 5227 656 5281 Herodis
701 5228 788 5292 liii,
825 5227 1032 5296 imperii
1063 5225 1286 5296 Augusti
1319 5225 1415 5292 sit),
1449 5230 1691 5297 quando-

138 5297 316 5368 quidem
346 5313 408 5349 an
453 5315 544 5351 um
569 5300 778 5368 imperii
809 5298 891 5352 sui
926 5299 1170 5366 quintum
1203 5299 1392 5365 agebat
1423 5298 1692 5367 Augustus

140 5363 242 5416 dum
277 5366 535 5422 lli-rmlem
562 5363 866 5423 Juda‘orum
899 5363 1080 5436 regem
1104 5363 1410 5432 constituit,
1445 5363 1541 5437 ιη’,
1568 5372 1696 5425 luri-

142 5448 228 5511 nus
250 5442 520 5494 munientis
565 5441 723 5493 demo
751 5449 897 5493 .strat
945 5444 1096 5511 card.
1123 5438 1387 5511 Norisius,
1430 5438 1693 5511 Centaph.

149 5501 258 5582 Eia.
285 5549 296 5582 τ
321 5512 526 5566 dissert.
565 5511 648 5575 ll,
680 5527 799 5582 cap.
819 5511 870 5576 6,
891 5527 1009 5582 pag.
1044 5510 1144 5564 128
1168 5510 1296 5564 edit.
1330 5501 1572 5578 Lngtiun.
1605 5501 1701 5582 per

148 5571 244 5628 Van
269 5581 352 5632 der
379 5583 473 5636 Aa.

166 5717 174 5724 .
212 5647 230 5681 δ
255 5646 385 5724 U_..de
417 5653 628 5722 refuga,
663 5653 762 5706 nisi
792 5669 820 5705 a
858 5651 1160 5724 latinorum
1205 5653 1395 5724 castris
1425 5653 1489 5705 ad
1528 5655 1702 5722 genti-

150 5715 238 5767 lilt
287 5715 650 5793 imperatorii-ii
686 5727 1032 5793 religionem?
1065 5722 1194 5775 Vltif‘
1223 5732 1332 5775 not.
1359 5722 1389 5773 4
1431 5715 1581 5777 cui.
1616 5725 1700 5776 33:2.

187 5800 230 5867 Νι
273 5792 429 5862 Μῆδος
459 5813 603 5867 ;.ap.e
631 5806 726 5851 ιιοδ
751 5792 907 5849 vocat
931 5795 1246 5867 tsxi-ologos:
1275 5806 1324 5844 ιιι
1354 5813 1586 5862 διιιμςπωιι
1612 5814 1704 5850 ux-

151 5865 294 5927 phcat
318 5870 358 5918 si
396 5865 532 5924 forte
563 5870 726 5925 alicui
756 5869 1067 5938 scrupulum
1095 5865 1362 5934 injccissct
1392 5880 1552 5920 scrin.
1593 5867 1705 5921 13;).

1794 4717 2122 4788 eloquuntur
2152 4735 2166 4770 :
2199 4731 2324 4772 nam
2344 4719 2486 4780 sicut
2514 4717 2785 4776 nascendo
2809 4716 3056 4774 Christus
3071 4718 3212 4775 diem
3241 4717 3390 4775 dedit

1789 4877 2090 4946 Numquam
2119 4893 2250 4932 vero
2271 4891 2458 4946 magos
2487 4889 2643 4946 reges
2661 4881 2850 4943 vocat;
2874 4890 3078 4948 eosque
3099 4892 3390 4948 numquam

1791 4945 2098 5016 hujusmodi
2131 4949 2287 5002 titulo
2316 4945 2655 5004 hunorarunt
2682 4956 2910 5016 veteres,
2943 4945 3005 5004 si
3029 4947 3096 5002 ab
3124 4964 3229 5004 uno
3244 4945 3393 5004 ’Τετ-

1793 5021 2018 5076 tulliano
2062 5019 2441 5087 nonnullisque
2469 5019 2590 5074 aliis
2635 5017 2901 5074 discedas.
2931 5017 3194 5074 Notabilis
3242 5019 3393 5074 locus

1793 5089 2040 5160 Origenis
2107 5089 2294 5146 homil.
2364 5089 2398 5146 ὅ
2465 5089 2558 5164 qui
2619 5103 2807 5159 magos
2881 5090 3095 5146 miseros
3159 5088 3392 5150 homines

1796 5169 2125 5314 voogégidera
2171 5247 2272 5303 pro
2319 5230 2422 5288 diis
2465 5230 2596 5290 olim
2635 5230 2818 5288 habita
2858 5245 3018 5288 nemo
3057 5235 3144 5288 est
3178 5231 3272 5306 qui
3303 5248 3397 5289 πιε-

1801 5309 2218 5444 δωέίὸτίεθηεε,
2251 5373 2304 5428 in
2346 5371 2504 5430 Joan.
2531 5389 2654 5446 pag.
2678 5372 2780 5446 27,
2807 5380 2966 5446 vocat
2987 5372 3199 5432 stellam
3229 5391 3402 5446 mago-

1804 5462 1920 5517 rum
1940 5443 2251 5517 ministram,
2284 5454 2333 5500 et
2358 5443 2554 5500 servant
2589 5444 2895 5517 cognitionis
2925 5443 3071 5500 Iesu.

1884 5515 2040 5641 trhis.
2074 5515 2326 5582 Caesonio,
2353 5533 2454 5570 non
2477 5514 2716 5587 ignorant
2738 5515 3034 5584 nescientes,
3059 5514 3150 5570 sed
3177 5522 3402 5586 arguunt

1884 5606 1904 5641 α
1930 5598 2140 5641 mentes.

1809 5598 2043 5659 negligen
2053 5598 2140 5640 tes.

1883 5645 1907 5728 ξς
1949 5645 2075 5712 Μὶιθ
2106 5659 2252 5728 legit,
2283 5658 2578 5712 cincinnato
2607 5657 2766 5712 crine.

1883 5727 1910 5766 δ
1951 5729 2075 5782 Mita
2123 5727 2410 5800 {Tempus
2457 5737 2534 5784 est
2589 5737 2643 5784 ut
2701 5735 2748 5784 le
2800 5727 3047 5799 prmium
3101 5742 3307 5798 sequar.
3358 5730 3406 5778 εί

1813 5817 1962 5870 novo,
1986 5810 2093 5857 etc.
