3930 6354
540 265 647 321 eis
1791 256 1850 312 s.
1893 253 2092 312 PETRI

2235 251 2575 312 RYSOLOGI
3710 260 3787 320 ιιι

540 373 796 439 natalem,
819 380 876 429 et
893 368 1220 441 resurgendo
1240 365 1650 424 resurrectionis
1678 364 1820 421 diem
1848 366 2026 433 dedit;
2057 367 2136 423 sic
2165 376 2207 431 Α
2237 365 2461 440 perﬁdia
2508 366 2574 422 ad
2623 364 2977 435 ignorantiam
3024 366 3272 423 recurrit.
3313 367 3420 425 Sed
3475 369 3656 427 adhuc
3694 373 3788 435 dicit

542 468 744 524 lumine
783 466 1056 537 signorum
1103 461 1243 517 diem
1291 475 1400 516 suae
1443 457 1847 514 illuminationis
1875 459 2128 515 ostendit.
2236 462 2483 517 auditor:
2509 459 2638 515 Esto
2667 459 2812 530 quod
2833 460 3010 525 stella,
3039 477 3145 517 non
3167 471 3301 518 nutu
3334 465 3580 534 proprio,
3606 466 3694 522 sed
3719 470 3788 528 lu

541 556 643 624 Qui
673 557 814 612 enim
842 553 1110 610 nascendo
1139 561 1264 608 ante
1291 551 1527 607 humano
1561 566 1791 620 corpore
1828 566 1886 606 se
1912 551 2128 618 velavit,
2228 553 2382 624 jussu
2403 552 2716 610 ostenderet
2732 553 2876 606 viam
2895 554 3260 622 quaerentibus
3281 556 3450 626 magis
3475 574 3490 610 :
3515 557 3662 612 unde
3679 569 3786 617 tanta

540 654 728 718 postea
759 644 1031 717 operando
1069 644 1183 714 ipse
1225 657 1285 699 se
1324 641 1533 699 ctelesti
1578 641 1840 697 revelavit
1887 657 2084 697 arcano
2113 659 2128 696 :
2233 661 2516 701 munerum
2545 645 2769 701 scientia
2792 645 3160 716 mysticorum,
3193 647 3337 703 unde
3355 647 3632 705 donorum
3653 666 3786 708 sacra-

537 746 660 810 post
711 738 850 793 Deus
889 737 1003 808 ipse
1058 735 1307 806 apparuit
1363 734 1504 789 trino
1559 732 1722 788 modo
1752 773 1767 799 ,
1826 734 1918 803 qui
1968 733 2130 788 homo
2232 745 2411 791 menta
2434 737 2619 792 tanta?
2640 735 2755 792 Non
2777 734 3026 792 Chaldtea
3051 746 3186 802 arte,
3209 739 3303 794 sed
3322 738 3392 794 de
3412 740 3596 810 prisca
3619 756 3788 800 saluo-

532 831 586 888 in
617 839 774 902 partu
801 831 975 900 patuit
1014 828 1316 898 singularis.
1349 825 1538 881 Merito
1578 839 1706 893 ergo
1745 833 1771 862 ι
1814 824 2130 881 solemnitas
2229 842 2348 882 rum
2381 827 2668 883 traditione
2695 826 2959 897 majorum
2984 845 2998 882 :
3026 837 3182 884 erant
3201 829 3288 885 isti
3319 839 3344 878 s
3372 830 3444 886 de
3463 844 3668 900 genere
3689 834 3783 901 Noe,

532 939 770 995 praesens
824 921 1138 994 Epiphaniae
1185 920 1450 975 vocabulo
1507 924 1866 988 nuncupatur,
1919 918 1971 972 in
2019 931 2128 988 qua
2229 919 2297 975 de
2326 919 2448 976 ﬁliis
2469 920 2715 986 Abrahze,
2738 923 2829 992 qui
2850 920 3120 978 Christum
3145 924 3292 980 nasci
3313 940 3412 995 per
3433 925 3609 981 Deum
3632 927 3680 982 di
3696 929 3786 986 lice-

532 1019 707 1072 illuxit
733 1016 1063 1086 deitas,quze
1081 1022 1262 1070 nostra
1282 1011 1434 1068 nobis
1454 1010 1846 1068 obscurabatur
1866 1011 1919 1065 in
1941 1023 2122 1066 carne.
2229 1019 2384 1074 rant,
2435 1028 2540 1067 non
2589 1027 2687 1082 per
2733 1022 2934 1080 artem;
2981 1029 3211 1085 eumque
3258 1017 3570 1084 hominem,
3627 1018 3782 1087 Deum,

529 1107 634 1166 lsta
680 1117 793 1176 est,
846 1108 1060 1176 fratres,
1104 1107 1204 1163 ista
1253 1115 1337 1161 est
1377 1103 1638 1160 festivitas
1674 1118 1813 1173 qute,
1864 1110 2126 1172 concepta
2227 1116 2430 1172 regem,
2448 1104 2764 1159 moriturum
2786 1103 2898 1158 alto
2919 1115 3286 1172 cognoverant
3305 1111 3784 1171 sacratneuto.ﬂinc

530 1211 779 1273 tempore
805 1199 1040 1266 diverso,
1084 1197 1297 1270 peperit
1338 1196 1439 1251 tria
1479 1195 1696 1250 deitatis
1734 1195 1982 1262 insignia.
2025 1191 2128 1248 Per
2226 1193 2477 1262 estquod
2517 1202 2640 1264 apta
2683 1203 2892 1265 patrum
2925 1193 3046 1250 ﬁdei
3084 1211 3305 1252 munera
3333 1207 3712 1269 portaverunt,
3744 1213 3784 1259 ut

530 1291 888 1364 Epiphaniam
917 1290 1057 1360 magi
1099 1288 1124 1327 δ
1164 1287 1437 1344 Christum
1482 1285 1768 1340 Dominum
1815 1282 2126 1338 muneribus
2226 1300 2415 1340 aurum
2446 1286 2576 1354 regi,
2602 1285 2877 1341 incensum
2899 1287 3030 1352 Deo,
3055 1289 3314 1344 morituro
3335 1293 3621 1362 myrrham
3649 1295 3780 1350 scien-

530 1385 770 1457 mysticis
798 1382 1142 1447 conﬁtentur,
1174 1389 1229 1436 et
1249 1380 1485 1436 cultores
1507 1377 1760 1443 siderum,
1796 1387 1818 1415 ε
1843 1377 2016 1432 noctis
2043 1375 2125 1430 in-
2223 1382 2311 1431 ter
2336 1376 2621 1442 olferrent,
2664 1377 2866 1447 talique
2895 1394 3118 1435 munere
3145 1390 3199 1434 et
3228 1381 3416 1450 pietati
3445 1383 3783 1442 satisfacerent

527 1478 679 1543 colae,
712 1484 990 1532 auctorem
1019 1473 1153 1530 lucis
1172 1472 1354 1528 densis
1375 1471 1655 1527 inveniunt
1683 1471 1736 1524 in
1765 1469 2037 1525 tenebris:
2063 1475 2124 1522 ut
2224 1475 2280 1523 et
2307 1468 2518 1523 honori.
2554 1466 2660 1524 Sed
2690 1469 2758 1524 de
2797 1470 2966 1539 magis
2994 1470 3093 1525 ista
3123 1470 3412 1529 sufﬁciant.
3446 1471 3557 1530 Per
3585 1474 3775 1547 Epipha-

531 1571 604 1627 sit
631 1570 736 1624 hoc
764 1567 1000 1624 auctoris
1026 1566 1218 1636 gratia,
1246 1581 1351 1620 non
1373 1564 1443 1618 sit
1461 1565 1565 1618 hoc
1595 1561 1856 1617 industria
1875 1562 1951 1617 sic
1971 1577 2121 1631 qute-
2222 1561 2364 1615 niam
2393 1560 2639 1618 Christus
2665 1563 2718 1617 in
2749 1564 2948 1630 nuptiis
2987 1579 3156 1633 aquas
3202 1569 3486 1636 saporavit
3536 1568 3593 1622 in
3643 1569 3779 1624 vinum

532 1660 728 1727 rentis;
760 1676 868 1715 non
895 1660 966 1714 sit
990 1658 1177 1723 stellae,
1210 1656 1303 1712 sed
1333 1655 1455 1721 Dei;
1497 1655 1569 1710 sit
1594 1654 1867 1710 Creatoris
1893 1653 2115 1718 donum,
2225 1651 2414 1724 (Joan.
2455 1652 2544 1722 ιι),
2588 1662 2647 1708 ιιι
2691 1651 2962 1710 Christum
3003 1656 3202 1726 nuptiis
3249 1657 3565 1715 interfuisse
3616 1661 3778 1719 virtutis

534 1771 641 1810 non
669 1755 737 1812 sit
764 1752 1085 1808 beneficium
1114 1759 1406 1815 creaturae;
1453 1764 1559 1803 non
1588 1749 1659 1804 sit
1696 1749 1943 1802 humanae
1965 1748 2114 1814 artis,
2153 1757 2192 1816 Β
2222 1741 2399 1808 fuerit.
2432 1759 2539 1798 non
2569 1746 2886 1816 voluptatis;
2939 1762 3044 1802 non
3091 1747 3250 1803 fuerit
3295 1749 3681 1818 humanitatis,
3713 1753 3780 1810 sed

529 1846 765 1901 muneris
791 1844 862 1900 sit
879 1842 1064 1899 divini.
1093 1840 1229 1896 Ecce
1247 1842 1404 1912 magi,
1437 1840 1629 1910 inquit,
1654 1840 1717 1894 ab
1741 1837 1953 1894 Oriente
1972 1856 2122 1894 vene-
2220 1839 2534 1908 potestatis;
2567 1839 2704 1908 signi
2735 1838 2894 1895 fuerit
2915 1856 3102 1906 causa,
3135 1857 3241 1897 non
3268 1845 3511 1904 ventris:
3545 1846 3776 1902 ebrietate

527 1947 662 2003 runt,
696 1938 920 1992 dicentes
953 1953 970 1990 :
1017 1932 1115 1989 Ubi
1142 1943 1219 1988 est
1247 1934 1334 2006 qui
1364 1942 1518 1987 natus
1547 1941 1624 1985 est
1665 1948 1756 1986 rex
1780 1929 2121 1986 Judworum?
2220 1945 2327 1984 non
2358 1929 2516 1985 fuerit
2536 1939 2843 2001 apparatus,
2867 1930 3027 1987 fuerit
3052 1932 3269 1989 deitatis
3287 1936 3559 1991 ostensio.
3587 1936 3778 2007 Denique

536 2029 768 2084 Vidimus
797 2030 935 2082 enim
963 2025 1166 2081 stellam
1194 2025 1307 2095 ejus
1340 2025 1395 2078 in
1427 2021 1659 2086 Oriente,
1688 2031 1737 2076 et
1765 2023 1992 2077 venimus
2025 2022 2122 2076 ad-
2219 2021 2309 2076 ubi
2338 2037 2477 2091 aqua
2511 2023 2737 2077 mutavit
2763 2031 3031 2090 naturam,
3062 2041 3185 2080 mox
3215 2025 3474 2096 patefecit
3517 2039 3772 2096 auctam,

525 2137 677 2177 orare
705 2136 821 2175 eum
851 2115 1075 2190 (Matth.
1105 2117 1195 2186 ιι).
1236 2113 1470 2169 Vidimus
1499 2113 1704 2168 stellam
1734 2113 1866 2184 ejus.
1904 2112 1968 2166 Et
1993 2112 2121 2181 quid
2218 2120 2274 2168 et
2318 2114 2707 2168 elementorum
2753 2124 2968 2170 creator
3009 2113 3036 2153 ιι
3077 2118 3378 2173 mutatione
3418 2119 3688 2175 revelatus
3715 2131 3777 2177 est

527 2226 637 2266 non
655 2209 808 2280 ejus?
830 2207 998 2263 Stella
1018 2207 1137 2276 ejus
1155 2212 1257 2273 est,
1285 2221 1390 2260 non
1419 2204 1511 2259 ille
1531 2203 1718 2259 stellas.
1744 2202 1965 2258 Stellam
1984 2204 2116 2274 ejus.
2219 2214 2498 2260 creatum.
2528 2203 2734 2262 Felices
2754 2206 2972 2276 nuptiae,
3003 2205 3188 2262 felices
3216 2207 3318 2262 illa:
3343 2211 3553 2278 quibus
3579 2209 3774 2266 Christe

528 2301 659 2369 Quae
679 2299 885 2371 accepit
905 2312 1043 2364 esse,
1067 2296 1163 2352 sed
1184 2311 1291 2352 non
1311 2293 1490 2360 dedit;
1513 2294 1744 2360 stellam,
1767 2293 1920 2363 cujus
1940 2302 2119 2348 ortum
2219 2303 2302 2351 est
2323 2311 2576 2367 praesens,
2599 2311 2720 2366 quae
2741 2313 2849 2352 non
2874 2297 3021 2363 luxu,
3047 2297 3140 2353 sed
3163 2299 3460 2355 virtutibus
3491 2317 3776 2358 consecran-

529 2395 751 2451 tenebat
794 2401 1001 2456 auctor,
1052 2406 1162 2446 non
1207 2405 1330 2461 quae
1377 2397 1555 2445 ortum
1603 2389 1822 2444 tenebat
1860 2389 2114 2445 auctoris.
2219 2395 2325 2444 tur.
2357 2387 2494 2456 Quid
2525 2389 2597 2444 ibi
2619 2404 2724 2443 non
2747 2389 2993 2443 transivit
3013 2390 3064 2444 in
3086 2390 3333 2459 gratiam,
3362 2391 3454 2448 ubi
3477 2407 3620 2464 aqua
3645 2400 3776 2448 trans-

527 2481 748 2539 Steltam
768 2481 899 2554 ejus.
923 2480 1262 2547 Venientem,
1292 2477 1318 2517 ά
1351 2495 1458 2536 non
1489 2494 1519 2535 a
1548 2481 1751 2549 genesi,
1783 2480 1878 2535 sed
1905 2495 1935 2534 a
1965 2481 2118 2548 geni-
2218 2479 2316 2534 ivit
2361 2481 2415 2535 in
2469 2481 2686 2535 vinum?
2745 2479 2849 2536 Per
2885 2480 3240 2552 Epiphaniam
3277 2480 3538 2538 Christus
3577 2483 3777 2540 Jordauis

528 2583 676 2639 tore;
705 2571 978 2636 mandato,
1011 2585 1119 2626 non
1147 2568 1286 2634 fato;
1310 2585 1418 2625 nou
1447 2584 1478 2624 a
1505 2578 1901 2640 computatore,
1927 2569 2022 2624 sed
2050 2569 2118 2626 ab
2217 2571 2428 2626 alveum
2449 2572 2712 2641 baptisma
2735 2580 2977 2628 nostrum
2991 2582 3336 2630 consecratus
3360 2575 3591 2632 intravit
3605 2575 3772 2649 (leui.

526 2675 775 2731 auctore;
805 2678 914 2718 non
951 2676 1074 2732 quae
1101 2661 1258 2718 daret
1295 2669 1507 2728 ortum,
1549 2660 1645 2717 sed
1672 2675 1792 2730 qum
1831 2661 2120 2718 sustineret
2216 2663 2307 2734 ιιι)
2326 2704 2341 2730 ,
2375 2670 2433 2717 ιιι
2460 2678 2596 2733 quos
2625 2665 2889 2720 nascendo
2917 2665 2971 2720 in
3003 2673 3174 2720 terrra
3213 2676 3571 2738 susceperat,
3603 2669 3690 2723 hos
3710 2681 3777 2722 re-

527 2770 800 2811 occasum.
850 2753 1075 2810 Stellam
1127 2770 1233 2810 non
1280 2752 1589 2823 legiferam,
1639 2753 1732 2808 sed
1779 2753 2114 2822 signiferam;
2217 2754 2487 2809 nascendo
2526 2754 2792 2810 relevaret
2819 2755 2872 2809 in
2912 2759 3132 2821 celum;
3163 2757 3216 2810 in
3247 2771 3309 2812 se
3335 2757 3569 2814 haberet
3595 2759 3773 2820 liberos.

526 2845 788 2904 ferentem
828 2863 938 2904 non
963 2846 1173 2903 dierum
1201 2846 1446 2902 ordinem
1465 2888 1478 2912 ,
1510 2845 1604 2901 sed
1634 2848 1872 2902 noctium
1914 2847 2113 2904 lumen.
2216 2859 2354 2915 quos
2382 2854 2578 2915 praeter
2608 2862 2669 2902 se
2691 2847 2898 2902 viderat
2926 2863 3046 2902 esse
3077 2849 3356 2920 captivos;
3389 2849 3597 2907 faceret
3621 2850 3777 2906 vitales

525 2939 692 2996 Stella
711 2939 827 2997 haec
845 2939 1086 2995 ministra
1116 2940 1232 3006 viae,
1271 2955 1379 2994 non
1407 2939 1563 3006 vitae;
1595 2954 1780 2996 comes
1808 2955 2112 3010 magorum,
2217 2935 2363 3005 ipse,
2407 2951 2545 3005 quos
2583 2937 2740 3007 culpa
2780 2937 2984 2993 fecerat
3025 2954 3146 2994 esse
3184 2941 3477 3008 mortales;
3525 2949 3776 3014 perpetuos

533 3047 642 3088 non
674 3041 900 3103 cognata
927 3030 1160 3098 Christi;
1203 3047 1312 3087 non
1359 3029 1693 3087 Dominantis
1736 3031 1974 3099 domina,
2021 3032 2115 3088 sed
2217 3026 2490 3090 redderet,
2512 3043 2648 3098 quos
2675 3043 2822 3083 mors
2842 3029 3067 3085 dederat
3093 3033 3453 3102 temporales;
3476 3032 3780 3103 etquosdia-

526 3125 776 3182 ancillula
804 3139 1103 3180 servorum.
1136 3122 1244 3178 Sed
1281 3122 1412 3179 dicit
1439 3123 1633 3192 aliquis
1675 3140 1688 3176 :
1732 3121 1910 3190 Quare
1939 3125 2115 3194 magi?
2141 3145 2185 3206 ρ
2216 3120 2374 3176 belus
2403 3121 2616 3176 exsules
2636 3120 2835 3176 fecerat
2861 3131 3216 3190 terrenorum,
3245 3124 3346 3180 bos
3368 3126 3548 3196 ipsein
3569 3124 3780 3183 calcasti.

526 3217 704 3285 Quare
724 3231 824 3288 per
845 3215 1098 3272 stellam?
1120 3215 1167 3271 si
1206 3230 1329 3271 cum
1356 3213 1546 3280 stellis,
1590 3228 1713 3269 cum
1735 3214 1942 3284 origine
1971 3216 2115 3271 nulla
2217 3215 2319 3270 bus
2330 3215 2430 3270 sibi
2454 3214 2653 3271 faceret
2672 3230 2791 3271 esse
2813 3224 3110 3272 consortes.
3143 3216 3278 3274 Hinc
3305 3227 3408 3284 est,
3429 3220 3628 3281 intres,
3650 3215 3788 3288 quod

525 3322 689 3366 causa
709 3315 812 3372 est,
837 3306 980 3362 nulla
1000 3306 1138 3362 ratio
1158 3320 1280 3361 cum
1303 3306 1526 3361 natura?
1545 3304 1723 3372 Quare
1742 3306 1919 3375 magi?
1941 3304 2119 3373 Quare
2217 3303 2448 3376 Spiritus
2485 3314 2703 3362 sanctus
2731 3315 2860 3364 tunc
2896 3316 3013 3364 toto
3051 3323 3112 3364 se
3151 3308 3288 3364 fudit
3326 3310 3542 3381 illapsu,
3579 3309 3786 3380 quando

527 3399 720 3456 stella?
749 3396 820 3454 Ut
847 3412 944 3469 per
961 3395 1232 3452 Christum
1259 3397 1374 3468 ipsa
1395 3397 1622 3451 materia
1643 3397 1842 3452 erroris
1869 3397 1946 3452 sic
1967 3396 2120 3452 ﬁeret
2218 3396 2378 3454 Pater
2404 3397 2471 3453 de
2499 3399 2806 3455 ccelestibus
2842 3400 3076 3455 clamat:
3111 3400 3213 3455 Hic
3244 3411 3325 3456 est
3358 3400 3528 3457 Filius
3559 3419 3696 3458 meus
3718 3401 3783 3455 di-

527 3491 715 3548 salutis
744 3489 958 3547 occasio
983 3507 995 3541 :
1027 3488 1480 3559 quemadmodum
1508 3503 1606 3558 per
1631 3487 1901 3543 Christum
1930 3489 2120 3543 mortis
2218 3489 2376 3544 lectus
2399 3489 2623 3561 (Matth.
2655 3489 2778 3560 tu);
2810 3498 2870 3545 ut
2896 3491 3090 3560 quibus
3118 3491 3171 3546 in
3204 3493 3457 3549 creandis
3488 3494 3641 3550 nobis
3675 3507 3782 3562 ope-

529 3598 712 3649 causa,
743 3597 905 3639 causa
925 3580 1063 3637 facta
1091 3589 1175 3636 est
1203 3581 1340 3635 vitae.
1368 3579 1588 3634 Hostem
1616 3580 1834 3650 proprio
1863 3594 2118 3635 mucrone
2220 3581 2360 3636 ratio
2389 3579 2564 3634 fuerat
2592 3595 2694 3635 una
2717 3596 2838 3636 cum
2864 3579 3015 3645 Filio,
3040 3598 3145 3636 una
3172 3581 3328 3638 ﬁeret
3352 3583 3423 3640 de
3452 3595 3632 3640 nostra
3649 3597 3780 3653 repa-

529 3674 748 3730 turbare
774 3673 1045 3742 singulare
1071 3680 1155 3728 est
1179 3670 1387 3740 insigne
1408 3670 1638 3725 virtutis.
1663 3670 1821 3740 Apud
1850 3684 2036 3739 magos
2061 3670 2117 3725 in
2219 3673 2432 3728 ratione
2477 3673 2745 3743 dignatio;
2794 3673 2980 3743 sicque
3023 3673 3267 3731 Christus
3309 3676 3531 3733 diverso
3569 3686 3783 3746 tempore

531 3766 694 3838 culpa
722 3773 839 3822 erat
867 3763 1166 3835 ignorantia
1183 3803 1198 3829 ,
1243 3777 1350 3818 non
1389 3761 1668 3828 voluntas;
1699 3769 1755 3816 et
1781 3769 1897 3817 erat
1925 3762 1976 3816 in
2008 3762 2114 3817 cri-
2218 3782 2327 3821 uno
2347 3766 2645 3835 eodemque
2660 3765 2746 3820 die
2762 3780 3039 3834 magorum
3058 3782 3300 3833 munere,
3317 3783 3475 3839 aqua:
3494 3769 3779 3831 mutatione.

529 3857 675 3914 mine
703 3871 809 3914 non
837 3855 1092 3922 studium,
1123 3853 1218 3910 sed
1265 3869 1436 3908 error.
1487 3864 1510 3892 υ
1553 3853 1806 3920 Quaerere
1835 3853 2029 3920 Deum,
2062 3870 2081 3908 ε

2228 3868 2381 3930 atque
2408 3859 2582 3915 Patris
2618 3875 2749 3916 voce
2776 3860 2918 3916 Deus
2949 3862 3091 3916 trino
3121 3862 3435 3918 testimonio
3480 3869 3780 3924 nosceretur.

530 3949 737 4006 nescire
773 3962 1047 4021 quaerere,
1081 3945 1377 4002 necessitas
1406 3945 1575 4014 magis
1603 3953 1688 4000 est
1726 3960 1887 4014 quam
1916 3953 2114 4002 reatus.
2218 3951 2476 4021 ﬁeretque
2505 3951 2571 4007 de
2600 3951 2740 4006 trina
2769 3952 3081 4010 ostensione
3117 3951 3319 4009 Christi
3355 3953 3670 4028 Epiphania:
3693 3966 3778 4010 una

526 4042 652 4099 Fuit
678 4056 805 4113 ergo
828 4041 996 4113 pium,
1027 4048 1087 4096 ut
1108 4047 1164 4095 et
1183 4039 1326 4094 Deus
1347 4038 1588 4094 invenire
1609 4053 1668 4094 se
1694 4053 1724 4092 a
1755 4039 2120 4108 quaerentibus
2218 4051 2274 4100 et
2293 4052 2502 4099 sacrata
2533 4043 2869 4099 solemnitas.

527 4133 682 4189 daret
717 4141 773 4190 et
812 4133 1024 4205 culpam
1063 4131 1351 4201 deputaret
1396 4130 1588 4186 errori.
1639 4129 1878 4200 Denique
1922 4129 2122 4186 Paulus
2742 4157 2759 4196 ι
2801 4155 3034 4213 SERMO
3068 4156 3292 4216 cum],

527 4225 724 4295 judicio
753 4226 847 4280 tali
871 4225 938 4281 de
972 4233 1320 4295 persecutore
1339 4222 1510 4279 factus
1530 4232 1613 4279 est
1632 4224 1969 4294 praedicator,
1992 4225 2118 4295 quia

528 4332 627 4387 per
644 4317 815 4372 zelum
836 4316 969 4385 legis
997 4316 1346 4388 impugnabat
1374 4315 1568 4384 legem,
1593 4323 1649 4370 et
1677 4315 1730 4368 in
1759 4313 1928 4369 Deum
1966 4312 1984 4352 ¹
2021 4314 2118 4370 Dei

529 4421 712 4462 amore
731 4407 1006 4477 peccabat.
1025 4405 1165 4462 Hinc
1179 4413 1263 4461 est
1280 4405 1424 4476 quod
1446 4403 1576 4461 ﬁdes
1591 4404 1760 4461 currit
1779 4403 1846 4459 ad
1868 4403 2113 4471 Paulum,
2293 4405 2448 4477 Saepe
2471 4406 2759 4476 qumrimus
2776 4421 2946 4477 quare
2968 4406 3046 4462 sic
3073 4405 3332 4462 mundum
3352 4405 3602 4465 Christus
3623 4408 3782 4473 intrat,

2857 4269 2938 4326 De
2971 4271 3182 4326 eisdem.

601 4535 1220 4614 f_Latiuam_Ecclesiam
1255 4536 1312 4614 in
1353 4536 1740 4614 hag_die,_tres
1763 4536 1876 4606 jam
1912 4537 2114 4593 dudum
2141 4543 2189 4600 D
2216 4541 2355 4614 legis
2377 4541 2594 4610 ignaros
2635 4542 2852 4614 tradunt
2893 4559 2997 4599 non
3038 4545 3214 4614 pauci.
3258 4544 3367 4601 Sed
3407 4563 3506 4602 eos
3545 4547 3784 4614 primitias

527 4607 828 4690 celebrasse
846 4607 1240 4690 solemnitatem
1255 4607 1342 4689 hic
1360 4605 1742 4690 a‘Cﬂhrysologo
1763 4605 2105 4690 inei'ngratas,
2213 4605 2483 4690 gentium,
2534 4613 2804 4667 communi
2849 4605 3127 4690 consensu
3161 4616 3414 4690 dicuntur
3456 4633 3487 4673 a
3534 4605 3781 4674 Patribus.

526 4684 678 4756 patet
705 4694 771 4756 ex
799 4676 1004 4756 Isidoro
1032 4676 1100 4756 de
1129 4677 1344 4756 Divinis
1367 4675 1613 4756 Dfﬁciis;
1639 4675 1875 4756 Maximo
1913 4676 2107 4756 Tauri-
2215 4675 2577 4756 Maleferiatus
2603 4692 2792 4738 auctor
2824 4699 2965 4756 anno
2995 4683 3130 4739 1656
3160 4685 3430 4756 integrum
3468 4690 3715 4745 volumen
3739 4690 3783 4740 in

528 4745 708 4825 hensi,
723 4747 908 4825 homil.
934 4747 960 4800 1
986 4747 1040 4804 in
1059 4745 1274 4822 Epiph.,
1298 4755 1353 4804 et
1373 4748 1558 4804 homil.
1581 4746 1615 4802 6
1635 4749 1735 4804 sub
1762 4748 1935 4813 initio;
1961 4748 2108 4806 aliis-
2211 4749 2380 4825 Callia
2410 4752 2598 4825 edidit,
2631 4761 2690 4807 ut
2717 4754 3022 4825 ostenderet
3042 4770 3226 4825 magos
3243 4745 3443 4814 Christi
3466 4759 3783 4820 adoraturi-5.

524 4834 632 4896 que
659 4817 919 4896 plurimis.
957 4889 968 4896 _
2212 4821 2351 4896 haud
2376 4823 2521 4896 alios
2551 4823 2709 4896 ﬁiisse
2736 4840 2895 4896 quam
2926 4817 3259 4896 Henoch'um,
3294 4826 3472 4884 Eliam
3499 4844 3554 4885 et
3578 4817 3787 4885 Melchi-

452 4901 474 4944 ’ς
541 4886 560 4890 ’
597 4890 622 4928 ιι
652 4886 816 4954 Alias,
847 4886 1105 4944 Christum
1134 4887 1319 4944 Deum.
2211 4893 2521 4948 sedechum.
2553 4893 2642 4949 Sic
2670 4886 2903 4951 insanire
2923 4895 3096 4951 solet:

446 4987 458 5023 -,.
599 4971 622 4998 ε
650 4960 747 5015 Vel
775 4959 900 5029 quia
941 4959 1116 5015 studio
1161 4960 1396 5015 siderum
1446 4957 1672 5026 addicti;
1721 4958 1807 5012 vel
1857 4958 2099 5029 mystice,

523 5031 649 5080 allia
679 5031 731 5080 in
763 5037 920 5080 nocte
947 5030 1257 5080 gentilitatis
1284 5030 1449 5080 vitam
1479 5037 1715 5080 agerent.
1748 5027 1829 5080 Ex
1850 5028 1996 5080 Mita.

523 5031 650 5102 quia
679 5031 732 5085 in
763 5027 920 5086 nocte
947 5030 1257 5098 gentilitatis
1284 5030 1449 5083 vitam
1479 5037 1715 5098 agerent.
1748 5027 1829 5082 Ex
1850 5027 1996 5082 Mi‘ta.

456 5165 463 5171 _
591 5100 618 5140 ἀ
648 5100 889 5176 Eatalem
936 5099 1391 5176 ho_mim_im_diex_n
1436 5101 1742 5176 observare,
1775 5108 1832 5154 ut
1861 5115 1977 5154 mos

2365 5027 2499 5044 ,ις-,ο
2521 5027 2702 5046 ...ιω-,ς
2725 5027 2918 5058 ,ηις-ιδ,
2948 5027 3000 5047 τι
3021 5027 3239 5050 ...σιιισιυ
3263 5027 3399 5062 μηδι.
3423 5027 3678 5060 cuum-us,

2231 5101 2290 5176 iit
2319 5099 2498 5173 Scrry,
2530 5115 2650 5170 pag.
2689 5100 2934 5176 S56,_qui
2963 5101 3269 5176 opinionem
3299 5103 3440 5176 hanc
3464 5105 3646 5176 potius
3672 5103 3783 5158 irri-

521 5171 804 5243 astrologis
827 5169 1113 5241 improbat.
1131 5169 1294 5225 Multa
1309 5170 1397 5225 hic
1424 5178 1573 5225 extra
1601 5170 1847 5225 semitam
1878 5171 2101 5239 aggerit.
2214 5173 2304 5226 det
2331 5169 2482 5243 quam
2511 5169 2769 5243 expendit.
2794 5169 3078 5236 Caeterum,
3103 5171 3155 5227 id
3183 5173 3326 5242 quod
3357 5169 3548 5230 asserit
3575 5175 3787 5232 Noster.

519 5242 681 5298 Mm.
793 5309 798 5310 7
1332 5309 1342 5310 7
1894 5309 1899 5310 7
2213 5242 2396 5309 magns
2442 5243 2647 5296 scilicet
2688 5242 2849 5297 fuisse
2887 5257 2955 5296 ex
2988 5243 3110 5297 liliis
3146 5243 3407 5310 Abrahae,
3438 5261 3508 5300 ex
3541 5243 3789 5299 Ctethura

593 5323 616 5350 ε
646 5313 744 5386 7M5.
776 5309 1025 5375 Caisente,
1065 5327 1293 5386 quaerere
1321 5309 1514 5386 Deum,
1539 5328 1691 5386 quem
1715 5309 2023 5376 nesciebant,
2055 5321 2106 5365 et
2211 5313 2526 5386 concubina,
2551 5312 2716 5368 habes
2743 5312 2904 5366 etiam
2934 5312 3076 5383 apud
3097 5309 3481 5379 Maldonatum,
3512 5314 3563 5370 in
3596 5330 3724 5386 cap.
3759 5326 3797 5367 tt

518 5385 715 5454 nescire
753 5398 1010 5454 quaerere,
1034 5381 1233 5454 magis
1259 5381 1576 5454 necessitatis
1604 5394 1678 5437 est
1717 5398 1868 5454 quam
1908 5391 2096 5454 reatus.
2208 5381 2460 5454 Matthmi.

519 5453 635 5508 Non
663 5451 805 5534 enim
835 5453 1001 5507 Deum
1017 5451 1086 5534 .in
1109 5451 1594 5576 a'strisaumrebant
1614 5468 1710 5523 per
1729 5451 2098 5522 pertinaciam,
2280 5453 2306 5490 ιι
2336 5455 2470 5521 Quia
2510 5453 2559 5507 id
2592 5461 2707 5536 tam
2750 5452 3017 5519 celeriter,
3059 5459 3114 5508 et
3141 5452 3278 5535 adeo
3318 5455 3559 5536 absolute
3589 5454 3795 5536 factum

519 5523 610 5576 sed
639 5539 737 5576 uer
764 5531 1120 5576 ignorantiam
1138 5562 1152 5576 .
1185 5530 1261 5576 ait
1336 5531 1424 5576 ita.
2203 5533 2302 5576 est.
2337 5536 2392 5576 ut
2423 5543 2527 5576 non
2554 5541 2654 5576 msu
2685 5540 2716 5576 a
2745 5524 2856 5576 Deo
2884 5531 3128 5576 creatore
3155 5523 3210 5576 id
3229 5540 3350 5576 esse
3371 5541 3524 5576 posse
3545 5525 3795 5576 Iudican-

517 5523 614 5597 δοιῇ
639 5539 737 5597 per
764 5523 1152 5597 ignorantiam,
1185 5523 1261 5576 ait
1279 5523 1424 5576 Mita.
1488 5591 1520 5597 _
1816 5591 1827 5597 Δ
1867 5591 1880 5597 _
2067 5593 2080 5597 _
2203 5533 2302 5597 est,
2337 5536 2392 5579 ut
2423 5543 2527 5597 non
2554 5525 2654 5579 nisi
2685 5540 2716 5578 a
2745 5524 2856 5580 Deo
2884 5531 3128 5580 creatore
3155 5523 3210 5578 id
3229 5540 3350 5580 esse
3371 5541 3524 5597 posse
3537 5524 3801 5594 judican-

593 5539 610 5578 l
676 5539 737 5578 er
764 5539 1120 5591 tgnovanuam
1138 5562 1152 5586 ,
1185 5539 1261 5576 all.
1279 5539 1424 5576 Μιιδ.
2203 5539 2302 5589 εςι,
2337 5539 2392 5579 ιιι
2423 5543 2527 5579 llttll
2554 5541 2636 5578 ms

593 5591 614 5631 ί
639 5539 779 5649 glam
805 5591 1107 5656 Christum,
1139 5606 1299 5662 quem
1340 5607 1458 5647 esse
1488 5591 1656 5647 Deum
1685 5591 1990 5659 nesciebat,
2031 5593 2102 5650 ob
2202 5595 2328 5650 dum
2357 5597 2443 5648 sit.
2479 5594 2640 5650 Mm.

519 5660 694 5735 zelum
718 5662 911 5719 divina:
934 5660 1534 5735 legispersequebatur.
1807 5733 1819 5735 _
1871 5731 1894 5735 _
1953 5734 1961 5735 7
2280 5665 2295 5704 ί
2330 5665 2562 5721 Observa
2583 5666 2673 5720 hic
2698 5679 2917 5735 aureum
2938 5663 3256 5731 eloquentiae
3269 5663 3519 5721 Romana:
3545 5663 3794 5720 ﬂumen:

590 5741 617 5778 υ
646 5731 828 5800 Magos
853 5734 968 5788 veri
995 5731 1294 5789 Dei'fuissé
1336 5733 1682 5802 adoratores;
1731 5733 1824 5790 sed
1865 5731 2100 5794 Iudaica:
2201 5753 2300 5810 pro
2339 5737 2590 5803 materia,
2623 5735 2689 5791 de
2716 5733 2930 5790 Christo
2959 5747 3082 5801 rege
3115 5743 3271 5802 nato,
3304 5737 3575 5807 magisque
3626 5735 3771 5793 (Πιιὶ
3795 5765 3813 5785 -ς

2365 4995 2499 5044 Gens
2519 4996 2704 5046 ratione
2725 5008 2918 5058 carens,
2948 5003 3000 5047 et
3020 5003 3239 5050 mentem
3263 5005 3399 5062 pasta
3423 4999 3678 5060 chimeris,
