3878 6368
139 391 224 452 617

1515 384 1750 446 SERMO
1787 389 2010 450 CLVIII.

3299 393 3401 456 διδ

139 513 183 566 ut
209 505 412 563 ventris
438 503 748 576 experiatur
777 503 1068 572 angustias,
1093 511 1280 573 partus
1301 505 1538 574 patiatur
1567 505 1706 574 inju-
1734 509 1784 568 Α
1811 505 2040 575 cupiscit
2069 504 2135 559 ad
2163 503 2414 573 gaudium
2444 522 2453 556 :
2480 501 2705 572 diligens
2727 504 3005 575 operarius
3036 511 3250 577 quando
3273 531 3400 583 opus

137 601 286 662 riam,
329 599 588 654 sustineat
627 596 803 652 vincla
844 611 1176 666 pannorum,
1208 596 1473 652 cunabula
1517 597 1711 652 toleret

135 691 405 760 imbecilla,
425 690 676 764 lacrymis
697 690 923 745 uberum
942 690 1268 745 nutrimenta
1290 689 1567 758 disquirat,
1587 698 1711 744 aeta-

133 799 230 844 tum
265 787 496 857 gradus,
538 784 997 854 necessitatesque
1035 784 1352 854 persentiat.
1385 781 1452 838 Et
1479 784 1709 854 qualiter

131 880 298 951 venire
326 879 531 944 debuit,
554 877 647 948 qui
665 876 836 933 voluit
861 884 1150 948 apportare
1177 877 1425 946 gratiam,
1457 878 1706 933 timorem

131 971 334 1043 pellere,
383 984 627 1041 quatrere
666 967 1020 1024 charitatem?
1061 965 1266 1022 Natura
1312 967 1472 1024 docet
1517 984 1707 1024 omnes

131 1065 235 1136 quid
263 1066 475 1132 valeat,
507 1063 636 1134 quid
675 1070 915 1118 meretur
950 1061 1194 1116 infantia.
1236 1059 1498 1129 Infantia,
1542 1077 1706 1131 quam

128 1161 414 1218 barbariem
441 1175 551 1214 non
579 1158 779 1226 vincit,
808 1172 971 1226 quam
1011 1172 1121 1210 non
1165 1155 1431 1211 {eritatem
1472 1155 1700 1225 mitigat,

128 1268 268 1324 quam
295 1252 672 1309 crudelitatem
700 1266 808 1306 non
837 1249 1172 1320 comprimit,
1215 1263 1379 1318 quem
1415 1264 1527 1304 non
1554 1264 1704 1304 com-

127 1345 277 1420 pescit
307 1344 566 1410 furorem,
591 1357 754 1412 quam
784 1357 890 1395 non
910 1348 1238 1412 potestatem
1267 1340 1508 1411 deponit,
1539 1355 1699 1410 quem

127 1453 213 1494 non
235 1437 416 1492 mollit
443 1437 696 1505 rigorem,
722 1450 886 1504 quam
907 1433 1159 1489 duritiam
1181 1449 1288 1488 non
1311 1433 1549 1500 resolvit,
1573 1434 1702 1503 quid

127 1546 211 1587 non
243 1529 446 1585 amoris
473 1527 812 1599 expostulat,
855 1525 987 1595 quid
1027 1541 1134 1581 non
1176 1523 1476 1580 affectionis
1517 1532 1702 1579 extor-

125 1630 248 1694 quet,
280 1638 446 1692 quam
465 1637 574 1676 non
596 1619 824 1690 imponit
850 1617 1095 1688 gratiam,
1127 1632 1291 1687 quam
1311 1632 1418 1672 non
1450 1617 1701 1686 impetrat

125 1715 458 1774 charitatem?
487 1713 603 1770 Hoc
643 1713 718 1767 ita
757 1726 876 1767 esse
912 1710 1089 1766 sciunt
1117 1717 1318 1781 patres,
1343 1716 1544 1764 matres
1570 1724 1698 1764 sen-

1811 599 2044 668 suscepti
2087 598 2284 653 laboris
2313 598 2645 668 impleverit,
2691 608 2749 652 ut
2790 603 3093 658 mercedem
3121 608 3399 678 percipiat,

1809 689 2248 760 patremfamilias
2299 691 2568 747 desiderat
2623 690 2876 748 advenire
2927 713 2938 746 :
2980 695 3209 752 devotus
3251 701 3405 758 miles

1807 795 1930 856 post
1969 787 2308 854 conflictum,
2353 799 2476 861 post
2514 791 2827 860 victoriam,
2882 799 3224 866 praesentiam
3265 802 3406 869 regis

1807 888 1990 951 optat,
2033 890 2092 936 ut
2119 883 2354 954 prmmiis
2379 884 2603 941 sudores
2633 895 2689 942 et
2715 888 2934 944 vulnera
2964 895 3405 950 remuneratione

1808 982 2150 1044 compenset;
2183 976 2261 1032 sic
2289 977 2358 1032 ad
2383 979 2619 1048 palmam
2648 996 2803 1036 suam
2842 985 2992 1055 cupit
3036 987 3219 1043 venire
3247 986 3402 1043 Chri«

1806 1075 1967 1133 stum,
1999 1067 2090 1136 qui
2118 1067 2260 1123 bella
2289 1070 2473 1126 mundi
2518 1071 2786 1131 indefessa
2829 1077 3029 1135 virtute
3068 1082 3396 1150 prosternit;

1805 1157 1883 1213 sic
1909 1156 2181 1214 Christum
2204 1161 2391 1217 venire
2416 1179 2523 1219 non
2546 1165 2678 1230 vult,
2706 1168 2800 1237 qui
2819 1181 3104 1240 superatus
3133 1173 3402 1230 illecebris

1803 1248 1985 1304 Steculi
2025 1249 2092 1306 de
2138 1267 2298 1320 poena
2346 1255 2610 1324 trepidat,
2662 1257 2730 1314 de
2777 1262 2932 1316 venia
2981 1265 3052 1317 nil
3100 1267 3396 1334 praesumit.

1802 1337 2038 1408 Fratres,
2065 1342 2322 1399 iaciamus
2340 1345 2501 1414 bona,
2523 1348 2854 1407 declinemus
2875 1370 2903 1408 a
2925 1357 3078 1410 malis
3099 1376 3109 1410 :
3134 1359 3399 1428 fugiamus

1801 1431 1964 1499 vitia,
2014 1433 2242 1492 virtutes
2288 1452 2595 1508 sequamur,
2647 1442 3046 1502 dissimulcmus
3093 1452 3398 1519 praesentia,

1801 1522 1978 1580 futura
2030 1527 2360 1596 cogitemus,
2420 1540 2663 1587 nostrum
2719 1543 2965 1604 petamus
3021 1539 3089 1593 ad
3138 1556 3395 1610 regnum,

1802 1625 2041 1673 nostram
2068 1620 2349 1677 veniamus
2382 1623 2450 1678 ad
2479 1625 2744 1695 palmam,
2776 1638 3022 1699 optemus
3052 1633 3118 1686 ad
3147 1635 3396 1702 gloriam,

1799 1710 2082 1768 tendamus
2128 1715 2270 1770 votis
2312 1718 2562 1773 omnibus
2603 1720 2669 1774 ad
2715 1738 2991 1779 coronam.
3041 1727 3148 1782 Sed
3196 1730 3262 1784 ad
3309 1731 3398 1787 illa

124 1814 258 1879 tiunt,
289 1811 526 1883 probant
550 1823 760 1874 omnes,
786 1807 994 1861 viscera
1021 1805 1256 1859 humana
1284 1809 1569 1859 testantur.
1607 1801 1698 1858 Sic
1795 1815 1975 1858 sermo
2013 1820 2134 1874 quae
2161 1815 2286 1860 sunt
2321 1807 2378 1862 in
2407 1813 2758 1878 sequentibus
2794 1815 2909 1883 jam
2947 1829 3210 1874 recurrat.
3255 1821 3399 1877 Tunc

125 1921 232 1976 ergo
260 1904 414 1961 nasci
455 1903 656 1968 voluit,
689 1901 783 1970 qui
813 1898 983 1953 amari
1023 1897 1212 1962 voluit,
1258 1912 1367 1951 non
1397 1895 1574 1950 timeri
1600 1913 1612 1946 :
1644 1903 1700 1951 et
1730 1895 1776 1954 B
1805 1895 2058 1966 Herodes,
2093 1899 2282 1970 inquit,
2306 1901 2438 1958 clam
2470 1907 2659 1961 vocatis
2687 1910 2873 1979 magis,
2912 1910 3184 1983 diligenter
3217 1915 3400 1970 didicit

123 2008 278 2055 tamen
319 1996 462 2068 apud
490 1995 750 2050 malitiam
787 1992 1079 2047 humanam
1105 1989 1184 2045 sic
1221 1989 1451 2056 blanda,
1483 1989 1562 2044 sic
1587 1989 1693 2060 pia,

122 2093 181 2149 sic
222 2091 421 2153 chara,
473 2087 658 2143 audite
702 2085 833 2156 quid
879 2082 1095 2155 proiicit
1148 2081 1392 2138 infantia.
1439 2083 1694 2148 Audiens,

127 2184 296 2253 inquit,
318 2181 557 2236 Herodes
578 2196 689 2245 reas,
716 2181 946 2233 turbatus
966 2186 1059 2243 est,
1076 2186 1125 2229 et
1145 2176 1311 2230 omnis
1335 2173 1697 2244 Hierosolyma

122 2292 216 2330 eum
231 2276 363 2345 ipso,
385 2282 439 2329 et
459 2287 778 2344 congregans
798 2286 973 2326 omnes
995 2268 1256 2339 principes
1276 2265 1624 2332 sacerdotum,
1648 2275 1698 2319 et

120 2367 290 2426 scribas
309 2367 516 2438 populi,
547 2365 909 2421 sciscitabatur
941 2361 1005 2416 ab
1034 2363 1108 2418 eis
1136 2360 1222 2414 ubi
1253 2358 1488 2415 Christus
1511 2376 1696 2414 nasce-

119 2470 242 2518 retur
263 2459 485 2533 (Matth.
521 2457 614 2530 ιι).
647 2456 704 2512 Si
735 2453 1106 2525 Hierosolyma
1129 2495 1143 2520 ,
1176 2453 1222 2507 si
1251 2467 1369 2519 rex,
1400 2452 1446 2507 si
1484 2452 1692 2515 scribae,

119 2556 156 2611 si
179 2552 442 2626 principes
470 2549 812 2607 sacerdotum
842 2547 911 2604 ad
937 2546 1138 2603 Christi
1177 2547 1255 2603 sic
1298 2547 1586 2602 turbantur
1611 2547 1697 2602 in-

121 2646 340 2712 fantiam,
381 2643 516 2717 quid
555 2643 643 2699 isti
681 2640 942 2706 facerent,
965 2639 1208 2696 Christus
1245 2639 1542 2710 perfectum
1570 2655 1700 2694 mox

121 2739 168 2794 in
197 2739 462 2794 hominem
488 2736 539 2794 si
567 2734 822 2798 venisset,
854 2734 901 2788 si
930 2732 1093 2788 fultus
1120 2731 1338 2796 divitiis,
1370 2737 1424 2785 et
1453 2730 1697 2786 multitu-

121 2831 256 2897 dine,
292 2831 337 2886 si
379 2845 506 2887 cum
541 2826 839 2899 suspectis,
879 2825 928 2881 si
967 2840 1092 2882 cum
1129 2823 1438 2880 extraneis?
1473 2819 1576 2890 Qui
1623 2821 1698 2877 nil

123 2923 234 2979 dant
259 2922 508 2994 tempori,
537 2921 615 2978 nil
645 2919 816 2985 aztati,
841 2919 919 2974 nil
945 2917 1190 2989 pauperi,
1221 2915 1298 2972 nil
1325 2916 1572 2988 parenti;
1603 2915 1700 2972 sed

123 3025 172 3072 ut
192 3017 402 3072 audiunt
422 3024 627 3082 natum,
650 3021 852 3088 parant
873 3010 1118 3068 nascenti
1138 3017 1390 3077 mortem,
1422 3009 1699 3065 innocenti

123 3108 270 3173 dolos,
300 3107 480 3164 scelus
506 3107 618 3179 pio,
648 3104 798 3162 nudo
825 3102 1052 3173 gladios,
1084 3100 1188 3157 soli
1213 3099 1432 3168 milites,
1464 3099 1699 3169 vagienti

125 3215 306 3262 necem,
328 3213 549 3271 pmnam
568 3194 781 3270 parenti
806 3213 820 3248 :
845 3202 900 3250 et
928 3201 988 3248 ut
1013 3193 1094 3248 vis
1113 3192 1406 3247 misceatur
1425 3189 1693 3260 sanguini,

1801 1987 1864 2041 ab
1891 1991 1966 2044 eis
1997 1999 2193 2062 tempus
2232 1992 2397 2048 stellae
2442 2012 2556 2067 qua:
2595 2001 2838 2069 apparuit
2875 2002 2976 2069 eis,
3020 2014 3069 2056 et
3097 2006 3301 2060 mittens
3340 2009 3399 2062 in

1802 2079 2115 2150 Bethleltem,
2141 2085 2274 2140 dixit
2295 2103 2312 2140 :
2337 2085 2487 2142 Ite'et
2504 2090 2821 2162 interrogate
2841 2093 3111 2165 diligenter
3131 2097 3194 2151 de
3217 2115 3396 2170 puero,

1799 2183 1850 2228 et
1865 2193 1981 2230 cum
1996 2179 2315 2248 inveneritis,
2332 2185 2627 2238 renuntiate
2641 2187 2787 2252 mihi,
2801 2196 2858 2242 ut
2876 2198 2926 2242 et
2944 2207 3036 2260 ego
3051 2193 3257 2247 veniens
3279 2193 3401 2249 ado-

1801 2283 1909 2320 rem
1935 2284 2069 2322 eum.
2095 2266 2316 2326 Occulte
2349 2280 2509 2328 vocat
2542 2289 2754 2344 magos,
2779 2278 2903 2346 quia
2926 2280 3104 2348 palam
3135 2282 3210 2336 nil
3239 2283 3402 2340 audet

1799 2358 2051 2415 simulata
2100 2377 2288 2429 mens,
2341 2366 2669 2422 conscientia
2717 2367 2922 2424 dolosa.
2975 2368 3194 2428 Occulte
3243 2384 3400 2430 vocat

1800 2465 2005 2520 magos,
2031 2454 2157 2522 quia
2187 2453 2273 2508 fur
2301 2466 2448 2511 amat
2477 2467 2711 2525 noctem,
2739 2460 2878 2515 latro
2904 2463 2959 2516 in
2988 2465 3199 2520 occulto
3229 2466 3403 2522 tendit

1800 2544 2042 2600 insidias.
2092 2546 2385 2616 Diligenter
2412 2551 2634 2620 inquirit
2663 2560 2874 2625 tempus
2915 2556 3084 2612 stellae
3111 2576 3122 2610 :
3153 2559 3247 2613 sed
3276 2575 3400 2615 cum

1800 2635 1954 2691 timet
1982 2650 2226 2707 regnum,
2259 2640 2469 2709 signum
2509 2643 2631 2699 caeli
2659 2661 2765 2700 non
2797 2646 2966 2711 timet,
3001 2651 3259 2718 temporis
3287 2667 3400 2706 non

1798 2729 2132 2799 pertimescit
2169 2740 2466 2789 auctorem.
2513 2734 2651 2803 Quid
2681 2738 2930 2806 turbaris,
2955 2739 3232 2796 Herodes?
3261 2742 3402 2810 Quid

1799 2834 1860 2876 es
1886 2827 2098 2876 tantum
2127 2822 2194 2878 de
2221 2839 2534 2881 successore
2575 2828 2872 2884 sollicitus?
2911 2829 3009 2886 Cui
3040 2823 3216 2887 sidera
3256 2834 3400 2889 mili-

1801 2918 1935 2978 tant,
1968 2919 2187 2969 terreno
2217 2915 2444 2987 imperio
2474 2935 2584 2974 non
2613 2927 2849 2977 tenetur.
2885 2921 2984 2983 Ite,
3010 2933 3059 2977 et
3087 2926 3402 2998 interrogate

1799 3001 2075 3076 diligenter
2099 3004 2163 3060 de
2182 3023 2357 3077 puero,
2382 3018 2432 3062 et
2453 3026 2567 3064 cum
2586 3012 2904 3079 inveneritis,
2929 3017 3224 3071 renuntiate
3249 3018 3396 3072 mihi.

1799 3093 2070 3159 Herodes,
2107 3113 2258 3154 erras
2285 3117 2297 3152 :
2331 3115 2518 3170 magus
2547 3102 2773 3158 adorare
2799 3103 2980 3173 jussus
3013 3114 3124 3169 est,
3165 3123 3276 3162 non
3303 3107 3401 3164 de-

1799 3187 1972 3256 ferre;
2004 3191 2195 3245 testari
2223 3193 2372 3247 venit
2406 3194 2512 3259 ille,
2547 3211 2654 3250 non
2685 3197 2943 3266 prodere;
2977 3199 3162 3254 videre
3191 3199 3268 3253 illi
3300 3200 3401 3255 da-

125 3291 393 3348 crudelitas
422 3291 621 3347 acerba
647 3285 930 3346 cunabulis
967 3284 1107 3340 bella
1135 3282 1352 3348 indicit,
1385 3281 1552 3338 ubera
1581 3281 1703 3336 telis
1727 3274 1772 3334 C
1805 3290 1920 3337 tum
1947 3289 2050 3349 est,
2075 3282 2173 3338 tibi
2205 3299 2314 3339 non
2342 3284 2524 3340 datum
2549 3296 2632 3342 est
2660 3288 2922 3344 invenire.
2956 3288 3056 3357 Ite,
3093 3299 3142 3344 et
3174 3292 3402 3347 interro-

125 3393 285 3456 urget,
326 3386 551 3457 clypeos
589 3382 746 3439 illidit
783 3378 1033 3452 gremiis,
1087 3387 1355 3448 quatenus
1407 3375 1700 3431 humanam

126 3477 446 3548 divinamque
474 3476 721 3532 sobolem
759 3481 888 3530 ante
935 3469 1245 3542 sepulcrum
1288 3468 1453 3524 faciat
1499 3468 1701 3523 intrare

127 3584 266 3640 quam
287 3568 570 3625 mundum.
595 3567 728 3623 Esto
748 3562 898 3636 quod
917 3561 1160 3619 Herodes
1186 3577 1286 3618 rex
1313 3575 1500 3616 amore
1527 3559 1698 3630 regni,

129 3659 432 3716 successoris
480 3657 700 3724 timore,
743 3659 967 3712 coaetus
1005 3652 1078 3708 sit
1117 3652 1244 3707 talia
1283 3651 1491 3718 moliri;
1536 3665 1703 3722 quare

129 3750 480 3825 Hierosolyma
498 3793 514 3819 ,
543 3765 712 3821 quare
739 3745 1014 3820 principes
1029 3787 1044 3813 ,
1087 3760 1257 3816 quare
1299 3744 1523 3800 scribae?
1568 3743 1702 3810 Quia

130 3845 256 3900 nasci
299 3859 409 3900 non
447 3843 564 3899 vult
609 3839 872 3913 profanus
917 3837 1119 3903 Deum,
1163 3851 1353 3892 servus
1401 3835 1700 3900 dominum,

131 3935 336 4008 iudicem
354 3951 502 4002 reus,
516 3934 733 3991 rebellis
751 3932 1073 4005 principem,
1089 3927 1324 4001 perﬁdus
1344 3928 1702 3996 cognitorem.

133 4026 480 4100 Hierosolyma
533 4025 685 4081 varia
743 4040 804 4082 se
855 4020 1317 4082 contaminatione
1362 4017 1703 4089 perfuderat,

131 4119 417 4176 sacerdotes
443 4116 865 4190 profanaverant
903 4119 1126 4178 sancta,
1169 4119 1224 4166 et
1255 4121 1279 4148 ιι
1307 4117 1536 4182 peccata
1574 4124 1707 4164 ven-

133 4212 324 4278 dentes,
365 4211 422 4266 in
454 4218 721 4281 quaestum
760 4208 978 4264 veniam
1014 4203 1382 4278 pietatemque
1422 4207 1707 4258 converte-

132 4314 252 4362 rant.
279 4305 480 4362 Scriba:
504 4303 809 4360 doctrinam
833 4301 1140 4366 coelestem,
1183 4297 1466 4353 scientiam
1505 4296 1708 4351 saluta-

133 4415 248 4465 rem,
277 4400 440 4456 vitale
467 4399 857 4469 magisterium,
890 4399 944 4452 in
971 4407 1174 4452 saevum
1199 4408 1437 4461 sensum,
1469 4393 1524 4448 in
1547 4391 1707 4464 perli-

135 4493 219 4548 dia:
251 4494 487 4564 lapsum,
535 4493 592 4548 in
629 4491 829 4548 lethaie
872 4491 1244 4560 vaniloquittm
1288 4496 1701 4544 commutarant.

136 4583 252 4644 llinc
276 4595 354 4641 est
381 4585 529 4657 quod
556 4583 832 4640 Christum
853 4585 1042 4640 nolunt
1077 4581 1248 4653 nasci,
1281 4583 1460 4639 vivere
1492 4583 1702 4648 timent,

1800 3384 1936 3448 gate.
1989 3375 2156 3444 Quasi
2201 3392 2388 3447 magos
2434 3380 2602 3435 semel
2647 3380 2985 3451 interrogare
3032 3397 3142 3437 non
3181 3382 3399 3442 sufficit.

1801 3468 2263 3538 Interrogantibus
2291 3471 2379 3543 pie
2410 3473 2596 3528 datum
2629 3482 2714 3529 est
2746 3485 2766 3512 ε
2795 3474 2914 3530 sine
2945 3474 3149 3546 pietate
3178 3489 3406 3546 respon-

1802 3579 1939 3632 sum,
1964 3565 2154 3620 salutis
2193 3567 2413 3622 nuntius
2450 3566 2592 3622 male
2631 3567 2972 3625 audientibus
2999 3583 3294 3624 conversus
3322 3576 3408 3625 est

1803 3655 1858 3710 in
1885 3657 2116 3712 ruinam.
2143 3655 2449 3713 Contumax
2481 3674 2669 3714 servus
2697 3658 2848 3714 audit
2876 3666 3064 3714 natum
3092 3659 3402 3727 Domimun,

1805 3748 1902 3804 sed
1932 3749 2160 3804 Domino
2191 3750 2434 3805 nascenti
2471 3757 2627 3822 parat
2654 3751 2910 3820 laqueos,
2957 3767 3065 3807 non
3107 3751 3403 3820 honorem;

1804 3846 2035 3894 mortem
2065 3848 2362 3910 praeparat,
2400 3849 2460 3896 ut
2485 3849 2669 3897 careat
2693 3841 2973 3897 servitute.
3016 3841 3123 3897 Sed
3150 3841 3276 3912 quia
3304 3855 3407 3898 nec

1806 3929 1948 3986 finiri
1977 3931 2141 3996 Deus,
2169 3947 2268 3988 nec
2296 3933 2475 4003 perire
2497 3932 2671 3999 salus,
2704 3947 2805 3987 nec
2843 3933 2954 3987 vita
2984 3941 3200 4003 poterat
3237 3933 3407 3989 inter-

1805 4025 1901 4092 ire,
1933 4035 2218 4097 permanet
2246 4026 2300 4080 in
2330 4025 2541 4081 honore
2577 4025 2856 4092 Dominus,
2901 4041 3090 4081 servus
3138 4025 3406 4080 remansis

1806 4121 1862 4175 in
1891 4121 2147 4186 crimine;
2179 4128 2236 4176 et
2255 4119 2322 4176 ad
2351 4135 2566 4190 poenam
2601 4119 2834 4173 trahitur
2852 4118 2944 4186 qui
2972 4117 3040 4172 ad
3076 4117 3400 4186 obsequium

1807 4213 1992 4269 venire
2039 4212 2394 4283 contempsit;
2444 4211 2659 4280 capitur
2705 4209 2772 4264 ad
2819 4209 3176 4271 sententiam,
3209 4207 3303 4278 qui
3332 4207 3405 4264 ad

1807 4307 2035 4377 gratiam
2065 4307 2238 4361 noluit
2257 4306 2562 4376 pervenire.
2594 4303 2692 4368 Ite,
2718 4313 2768 4358 et
2795 4305 3110 4375 interrogate
3131 4303 3408 4375 diligenter

1809 4399 1872 4455 de
1899 4415 2076 4470 puero,
2113 4408 2163 4452 et
2187 4415 2302 4452 cum
2335 4398 2651 4462 inveneritis,
2689 4397 2983 4452 renuntiate
3015 4396 3162 4450 mihi.
3187 4392 3406 4452 Conveo

1808 4491 2020 4546 nienter
2058 4490 2195 4545 dixit
2235 4489 2528 4544 renuntiate
2566 4487 2726 4553 mihi,
2768 4488 2892 4556 quia
2937 4503 3150 4558 semper
3190 4487 3408 4542 diabolo

1808 4583 2100 4649 renuntiat,
2131 4581 2225 4651 qui
2254 4580 2541 4652 pervenire
2571 4579 2793 4635 festinat
2821 4579 2888 4634 ad
2915 4575 3220 4646 Christum;
3251 4577 3408 4634 Chri-

136 4678 242 4745 quia
268 4686 528 4734 noverant
553 4693 615 4733 se
645 4693 773 4734 mox
799 4679 1106 4746 ignominia:
1142 4674 1352 4734 dandos
1368 4718 1384 4744 ,
1415 4677 1708 4732 trahendos
1732 4653 1784 4712 Ῑ)
1809 4677 2014 4732 stianus
2035 4674 2245 4730 futurus
2265 4689 2296 4728 a
2316 4673 2600 4729 sacerdote
2628 4689 2752 4728 cum
2772 4672 2938 4739 audit,
2963 4670 3260 4728 Renuntias
3288 4670 3407 4726 dia-

137 4770 435 4840 opprobriis,
468 4768 764 4838 ejiciendos
801 4771 1021 4841 templo,
1062 4766 1355 4842 privandos
1381 4768 1704 4835 sacerdotio,

138 4861 448 4918 oblationum
461 4877 686 4918 munere
705 4863 1034 4918 vacuandos.
1051 4862 1230 4918 Semel
1249 4860 1396 4920 enim
1416 4860 1709 4931 cupiditate

138 4953 387 5024 flammati,
411 4956 556 5027 capti
587 4971 805 5028 pompa,
833 4957 972 5012 vitiis
999 4957 1220 5012 sauciati
1240 4999 1254 5023 ,
1281 4955 1522 5014 vanitate
1551 4957 1704 5022 ebrii,

1805 4769 1951 4835 bolo,
1983 4766 2294 4838 respondit,
2337 4764 2634 4820 Renuntio.
2678 4763 2904 4836 Proprie
2945 4778 3074 4833 ergo
3105 4762 3345 4818 Herodes
3374 4777 3408 4816 a

1811 4861 1982 4930 magis
2028 4859 2130 4915 sibi
2174 4859 2481 4914 renuntiare
2523 4856 2720 4912 debere
2766 4857 2916 4920 dicit,
2966 4857 3058 4925 qui
3105 4871 3164 4910 se
3208 4854 3410 4908 diaboli

1813 4954 2018 5012 sciebat
2047 4961 2231 5007 tenere
2255 4950 2454 5016 locum,
2479 4947 2694 5004 Satana:
2720 4955 2945 5002 noverat
2968 4947 3189 5017 implere
3218 4961 3410 5016 perso-

137 5046 393 5104 madefacti
415 5048 569 5116 luxu,
591 5047 717 5118 quia
735 5046 803 5103 de
831 5049 1168 5104 correctione
1187 5048 1264 5103 nil
1286 5045 1527 5116 cogitare
1554 5055 1709 5117 pote—
1778 5063 1960 5120 ,nam.
1989 5045 2057 5101 Ut
2084 5055 2135 5100 et
2151 5061 2247 5116 ego
2273 5045 2475 5098 veniens
2498 5042 2706 5096 adorem
2737 5058 2870 5095 eum.
2898 5040 3025 5096 Vult
3052 5039 3288 5104 mentiri,
3315 5037 3412 5093 sed

139 5146 270 5208 rant,
301 5140 367 5196 de
393 5139 555 5197 venia
594 5139 672 5195 nil
698 5141 1009 5211 sperabant.
1043 5140 1227 5198 Bonus
1253 5137 1467 5198 villicus
1491 5141 1708 5211 quando

139 5231 392 5298 copiosum
423 5230 661 5288 fructum
687 5231 945 5288 continuo
983 5232 1168 5289 labore
1194 5229 1496 5306 conquirit,
1521 5234 1712 5290 venire
1741 5221 1748 5236 ’

140 5319 392 5380 dominum
418 5337 582 5380 suum
605 5322 636 5362 ι)
671 5322 741 5380 ad
766 5322 976 5380 lucrum
1003 5341 1161 5382 suum
1185 5326 1361 5399 cupit,
1391 5337 1552 5385 suum
1577 5341 1712 5384 con-

143 5489 261 5554 slum
296 5483 695 5554 requirentibus
721 5483 926 5551 fusum;
956 5501 1057 5554 pro
1087 5485 1437 5554 auditoribus,
1463 5480 1710 5542 Valenti-

143 5553 286 5629 uiano
313 5553 638 5628 imperatore
654 5596 671 5624 ,
703 5563 760 5610 et
785 5555 940 5629 Galla
958 5553 1235 5629 Placidia,
1268 5553 1516 5629 ejusdem
1538 5563 1713 5629 matre

143 5623 510 5700 Augustafnec
539 5623 992 5700 nonproceribus
1014 5628 1176 5696 aulae;
1207 5623 1314 5700 pro
1331 5638 1599 5700 tempore,
1621 5627 1714 5682 ubi

144 5707 314 5781 {nores
344 5698 626 5781 hominum
669 5696 934 5781 corrupti.
957 5706 1119 5781 erant
1141 5696 1228 5781 _e_t'
1247 5696 1576 5781 depravati;
1613 5712 1713 5781 pro

146 5765 727 5844 eruditionetutntota
773 5765 937 5844 animi
982 5769 1292 5844 placiditate
1335 5765 1460 5828 illos
1497 5765 1710 5844 arguat.

147 5833 405 5916 desumpta
441 5833 795 5916 similitudine
833 5841 902 5896 ab
953 5833 1214 5916 orationis
1233 5913 1251 5916 _
1265 5833 1615 5916 argumento,
1656 5848 1716 5904 et

149 5913 396 5980 quomodo
421 5911 625 5970 sanctis
652 5911 883 5967 instruat
900 5913 1201 5986 praeceptis.
1233 5911 1394 5972 Mm.

403 6011 677 6073 Panos.
727 6005 836 6071 LII

1816 5155 1925 5196 non
1952 5144 2134 5210 potest
2158 5154 2170 5190 :
2195 5134 2396 5199 veniet,
2421 5141 2479 5188 ut
2504 5132 2572 5188 ad
2595 5139 2862 5188 tormenta
2889 5138 3162 5194 curvetur,
3190 5131 3258 5184 ad
3285 5145 3415 5200 sup.

1815 5233 1976 5306 plicia
2021 5231 2276 5301 jaciatur,
2307 5235 2581 5284 sternatur
2627 5225 2696 5282 ad
2742 5240 2991 5296 ptenam,
3042 5224 3134 5293 qui
3184 5223 3417 5278 adorare

1818 5326 2074 5390 tinxerat,
2107 5329 2167 5376 ut
2194 5320 2425 5375 saeviret.
2466 5317 2574 5375 Sed
2601 5318 2762 5388 magi,
2792 5317 2882 5372 ubi
2907 5315 3140 5372 Iudaica:
3178 5315 3418 5387 perﬁdia:

1892 5493 1919 5522 ι
1949 5480 2162 5538 Etenim
2183 5475 2660 5551 oblatasvictimas
2687 5473 2756 5530 ad
2779 5480 3122 5551 peccatorum
3149 5470 3418 5551 expiatio-

1821 5570 1946 5610 nem
1974 5552 2074 5608 sibi
2116 5550 2246 5620 ipsis
2288 5549 2653 5620 vindicabant,
2685 5543 2795 5600 seu
2825 5543 3154 5598 vindicatum
3182 5543 3416 5611 pretium

1821 5625 1923 5681 sibi
1949 5618 2335 5680 recondebant.
2368 5618 2530 5673 MITA.

1892 5696 1920 5734 ι)
1952 5694 2116 5759 Alias,
2149 5693 2218 5766 (rd
2247 5705 2630 5766 agrumﬁuttm.
2714 5758 2727 5766 _
2825 5758 2834 5766 _
2915 5757 2945 5766 ,γ
2994 5763 3000 5766 _
3297 5751 3308 5759 ,
3340 5753 3352 5766 ,

1897 5779 1919 5807 ο
1942 5767 2078 5822 Dum
2100 5757 2244 5819 enim
2264 5757 2506 5817 Herodes
2525 5759 2698 5814 aulica
2714 5757 3043 5824 benignitate
3062 5771 3250 5826 magos
3268 5757 3419 5815 abire

1819 5840 1964 5908 sinit,
1997 5838 2064 5894 de
2091 5833 2291 5891 Christi
2321 5848 2451 5888 nece
2477 5832 2672 5902 impius
2696 5827 2985 5896 cogitabat.

2862 5989 2942 6055 20
