3930 6354
457 323 565 384 619

1701 312 1758 370 S.
1798 307 2007 367 PETRI
2039 306 2480 368 CHRYSOLOGI

459 442 642 499 nubila
671 438 1019 504 transierunt,
1042 441 1098 493 et
1116 435 1174 492 in
1192 431 1515 492 Christianae
1540 428 1666 486 ﬁdei
1694 443 1888 485 sereno
1920 436 1944 465 α
1969 441 2053 480 re-
2079 425 2129 485 Α
2157 423 2407 482 habitavit
2441 430 2498 483 in
2539 427 2686 484 nobis
2712 428 2892 503 (Joan.
2912 431 2971 507 ¹ι)
2999 448 3011 484 :
3044 429 3339 511 habitavit,
3366 446 3437 509 es
3631 442 3749 511 nte-

457 526 640 591 viilent
655 577 671 601 ,
718 547 884 603 quam
927 530 1176 588 viderunt
1218 526 1450 597 stellam,
1498 525 1615 597 ipsa
1656 522 1881 595 praevia,
1930 521 2048 592 ipsa

456 626 612 694 duce,
641 624 711 680 ad
737 631 890 680 ortus
915 620 1179 677 Dominici
1209 620 1387 676 locum
1407 616 1830 675 sacratissimum
1848 629 2047 687 perve-

455 725 667 774 nerunt.
685 714 756 770 Et
773 715 966 788 apertis
989 713 1243 768 thesauris
1279 711 1387 767 suis
1417 708 1711 767 obtulerunt
1745 710 1795 764 ei
1830 723 2047 764 munera

455 828 657 877 aurum,
690 808 823 875 thus,
845 817 897 863 et
921 805 1206 880 myrrham.
1232 802 1437 860 Aurum
1461 802 1599 874 regi,
1621 803 1748 857 thus
1772 800 1905 868 Deo,
1927 815 2049 857 mo-

451 902 623 957 rituro
649 901 944 973 myrrham,
974 896 1269 956 Dominicis
1294 896 1570 953 devotioni
1590 892 1842 962 oﬂerunt,
1865 890 2043 951 scien-

451 994 539 1049 tiae
566 993 848 1049 thesauros
868 989 1135 1047 maxinms
1154 990 1209 1045 in
1229 984 1510 1061 posterum
1528 987 1847 1055 credituris;
1876 987 1956 1043 sic
1976 978 2045 1069 ad

448 1102 545 1143 sua
570 1098 669 1159 per
689 1085 1013 1144 innocentiae
1032 1085 1177 1141 viam
1200 1079 1452 1150 redeunt,
1473 1082 1570 1155 qui
1594 1082 1700 1140 iter
1723 1080 2044 1139 Herodianus

447 1179 653 1239 fraudis
679 1182 1029 1239 calcaverunt
1054 1190 1112 1235 in
1135 1178 1371 1235 ruinam.

1019 1310 1254 1370 ssnno
1280 1280 1461 1369 cui.

1088 1426 1171 1483 De
1197 1426 1410 1482 eisdem.

519 1546 661 1603 Ante
684 1544 789 1602 hos
815 1542 960 1610 dies,
994 1540 1046 1596 id
1084 1548 1199 1606 est,
1230 1538 1373 1595 diem
1400 1536 1654 1595 octavum
1683 1537 2040 1593 kalendarum

448 1638 652 1695 mensis
687 1636 845 1706 hujus
880 1648 989 1706 quo
1026 1644 1273 1690 crescere
1300 1630 1415 1688 dies
1441 1630 1626 1702 erepit,
1658 1630 1787 1701 quia
1805 1629 1922 1686 dies
1948 1644 2041 1686 ve-

446 1746 540 1785 rus
568 1729 769 1793 illuxit,
800 1728 855 1781 in
883 1740 1046 1782 carne
1084 1732 1274 1780 natum
1310 1722 1601 1779 Dominum
1635 1718 1912 1779 Christum
1948 1720 2041 1778 Je-

2149 534 2268 574 rum
2308 516 2545 591 Virginis
2570 498 2859 591 dignanter
2898 498 3159 594 iniplevit.
3192 498 3748 603 ’ῡσωιέὴρεᾷἰώείέι

2148 613 2410 685 scriptum
2429 622 2532 682 est,
2563 630 2765 682 aurum,
2787 617 2902 671 thus
2923 624 2975 671 et
2992 598 3560 689 myrrhamNos‘lidei
3579 626 3602 654 ε
3622 598 3750 674 ἧιἚῆ

2148 705 2455 777 longinquae
2479 707 2736 777 regionis,
2762 723 2863 764 nos
2887 706 2907 746 τ
2941 708 3203 779 proximae
3228 700 3593 764 confessionis
3612 724 3747 781 myr-

2147 798 2301 853 rham
2319 798 2451 855 boni
2478 800 2683 883 odoris,
2716 815 2816 855 nos
2850 799 3233 883 suaveolentia;
3253 800 3397 856 dona
3427 786 3744 870 charitatis;

2148 893 2249 948 tria
2280 906 2514 973 namque
2537 878 2963 973 is'ta‘oiferimus,
2988 890 3207 967 quando
3226 878 3518 973 Christmn
3535 937 3552 960 ,
3577 901 3634 950 et
3664 910 3745 951 re-

2146 974 2300 1055 gem,
2325 993 2381 1040 et
2404 969 2726 1055 Dominum,
2765 968 2822 1042 et
2854 970 3137 1043 hominem
3176 968 3521 1067 conﬁtemur.
3554 983 3667 1041 Sed
3692 986 3743 1042 in

2145 1064 2338 1149 spiritu
2365 1084 2420 1135 et
2446 1080 2679 1134 veritate
2707 1079 2994 1135 adoremus
3021 1064 3318 1147 Christum,
3351 1079 3400 1134 'si
3430 1079 3489 1134 εἰ
3516 1093 3743 1147 munera

2146 1167 2271 1227 ﬁdei
2291 1179 2348 1227 et
2374 1164 2732 1227 confessionis
2752 1171 3047 1227 obtulimus
3080 1189 3092 1226 :
3128 1180 3186 1227 “et
3212 1160 3312 1227 nos
3340 1162 3483 1226 sicut
3522 1166 3603 1225 illi
3640 1185 3744 1224 ma-

2144 1262 2218 1333 gi,
2248 1263 2343 1333 qui
2370 1270 2498 1318 sunt
2518 1254 2643 1318 ﬁdei
2681 1271 2883 1319 nostra:
2919 1264 3086 1320 duces
3122 1252 3576 1334 credulitatisipie
3605 1262 3743 1334 prin-

2144 1354 2292 1426 cipes
2309 1395 2325 1422 ,
2356 1356 2673 1410 commoniti
2701 1353 2757 1409 in
2786 1355 3022 1423 somnis,
3049 1354 3104 1410 id
3124 1364 3237 1421 est,
3262 1355 3317 1410 in
3337 1346 3444 1410 hac
3460 1343 3599 1421 vita,
3628 1368 3740 1424 qua:

2144 1461 2337 1503 somno
2365 1453 2447 1502 est
2468 1445 2676 1512 similis,
2702 1447 2860 1503 illuso
2889 1444 3105 1503 Herode
3126 1458 3277 1517 rege,
3296 1440 3357 1503 id
3374 1442 3495 1513 'esr,
3526 1440 3740 1503 diaboio

2143 1535 2303 1607 hujus
2322 1534 2509 1593 mundi
2536 1537 2804 1609 principe,
2825 1550 2927 1609 per
2945 1538 3106 1593 aliam
3133 1540 3311 1605 viam,
3352 1526 3407 1593 id
3448 1528 3555 1605 “est,
3590 1528 3624 1588 ὲ
3650 1552 3739 1613 ρετ

2144 1627 2370 1683 alteram
2391 1628 2580 1697 vitam,
2600 1629 2669 1685 ad
2693 1628 2838 1685 illam
2870 1639 3112 1685 nostram
3133 1624 3363 1702 patriam
3376 1640 3735 1699 revc'rtamm;

2143 1718 2212 1777 de
2240 1735 2346 1790 qua
2373 1734 2475 1792 per
2502 1720 2673 1777 Adam
2703 1723 2863 1793 ejecti
2895 1721 3184 1779 infeliciter
3214 1734 3430 1792 sumus,
3456 1724 3568 1794 per
3588 1716 3735 1778 Chri-

445 1836 584 1887 sum,
607 1821 661 1875 in
689 1818 980 1889 Evangelia
1008 1818 1267 1888 scriptum
1293 1814 1446 1889 (Luc.
1470 1814 1553 1883 ιι),
1582 1813 1743 1873 facile
1760 1815 2031 1885 recolunt,
2064 1810 2116 1882 Β
2140 1819 2285 1870 stum
2308 1827 2441 1871 vero
2462 1813 2888 1872 misericorditer
2906 1810 3054 1873 nunc
3072 1810 3301 1873 reducti.

442 1914 534 1984 qui
556 1913 834 1982 legerunt,
857 1910 943 1967 vel
969 1910 1063 1981 qui
1090 1924 1279 1967 aurem
1316 1908 1621 1980 legentibus
1661 1906 2031 1981 praebuerunt.

440 2005 719 2063 lsraelitici
755 2012 1005 2077 pastores
1041 2012 1207 2074 super
1239 2014 1461 2073 gregem
1510 1994 1671 2058 suum
1708 2000 1997 2079 vigilantes
2014 2042 2031 2069 ,

440 2098 644 2171 angelis
672 2097 1077 2163 nuntiantibus,
1109 2102 1488 2165 cognoveth
1517 2111 1534 2148 ς
1566 2093 1728 2150 hodie
1755 2095 1812 2149 in
1839 2094 2036 2150 eadem

438 2207 603 2249 carne
630 2188 1032 2247 manifestatum
1052 2187 1288 2259 gentiles
1326 2186 1470 2257 magi
1498 2185 1713 2242 Curiosa
1741 2182 2032 2252 sectantes,

438 2285 606 2356 signis
633 2282 1029 2348 indicantibus,
1061 2279 1405 2336 invenerunt.
1433 2277 1546 2335 Illis
1586 2284 1767 2333 ortum
1796 2278 2038 2333 Domini-

438 2394 519 2438 σε
545 2375 846 2437 nativitatis
873 2373 1202 2433 annuntians
1228 2371 1412 2432 locuta
1438 2377 1522 2430 est
1548 2382 1657 2430 vox
1677 2371 2037 2446 spiritualium

437 2473 844 2538 ministrorum,
874 2470 996 2527 istis
1023 2469 1181 2526 stella
1211 2476 1488 2539 tamquam
1526 2464 1710 2539 lingua
1748 2468 2033 2525 eielorum.

437 2565 635 2621 Dicunt
662 2563 740 2618 illi
768 2560 837 2618 ad
865 2576 1005 2632 quos
1038 2560 1238 2631 saepius
1269 2558 1554 2631 propheta:
1585 2558 1738 2615 missi
1778 2557 2032 2615 fuerant:

437 2656 798 2712 Transeamus
828 2667 1000 2724 usque
1024 2650 1307 2708 Bethleem
1326 2693 1342 2721 ,
1385 2658 1442 2708 et
1469 2650 1748 2707 videamus
1776 2651 1881 2708 hoc
1913 2666 2036 2707 ver-

434 2748 565 2805 bum
602 2746 749 2818 quod
789 2744 990 2801 factum
1036 2754 1122 2801 est
1167 2744 1237 2800 ad
1273 2760 1415 2813 nos;
1456 2742 1645 2801 dicunt
1680 2744 1807 2814 isti,
1837 2746 2035 2816 quibus

437 2839 465 2880 ιι
498 2841 680 2898 nullus
728 2858 984 2914 umquam
1031 2844 1247 2901 locutus
1291 2840 1469 2900 fuerat
1514 2843 1937 2915 prophetarum,
1979 2852 2036 2899 et

436 2934 772 2991 sciscitantes
801 2935 1172 3006 interrogant:
1209 2934 1307 2993 Ubi
1327 2944 1405 2991 est
1430 2936 1518 3009 qui
1547 2946 1702 2990 natus
1724 2943 1804 2990 est
1824 2952 1917 2990 rex
1936 2934 2034 2989 Ju-

436 3026 704 3082 dtzarum?
734 3024 968 3084 Vidimus
989 3030 1193 3085 stellam
1220 3030 1333 3102 ejus
1360 3030 1414 3084 in
1449 3025 1681 3095 Oriente,
1724 3038 1776 3083 et
1804 3029 2032 3084 venimus

436 3118 659 3175 adorare
684 3137 800 3176 eum
828 3119 1043 3192 (Matth.
1067 3123 1163 3193 ιι).
1187 3121 1467 3178 Accedunt
1489 3130 1621 3191 ergo
1650 3121 1727 3176 illi
1754 3120 1823 3177 de
1843 3122 2031 3192 proxi-

2728 1951 2962 2009 SERMO
2988 1951 3144 2008 CLX.

2784 2064 2850 2119 de
2874 2063 3087 2119 eisdem.

2213 2196 2472 2265 Quamvis
2518 2196 2572 2252 in
2620 2197 2739 2268 ipso
2778 2196 3075 2253 Doniinicze
3124 2178 3523 2254 incarnaiid’i‘i‘is
3569 2196 3733 2257 εδδ-ι-

2140 2298 2329 2345 mento
2358 2274 2628 2344 adfuerint
2681 2289 2825 2367 clara
2873 2296 3087 2360 semper
3124 2272 3422 2367 divinitatis
3456 2272 3730 2367 inﬁma,

2142 2376 2314 2436 Deum
2336 2384 2515 2436 tamen
2544 2381 2757 2436 venisse
2772 2381 2833 2463 Vin
2863 2378 3153 2459 humanum
3176 2364 3593 2463 corpus
3625 2370 3727 2438 nio-

2147 2471 2230 2530 dis
2259 2472 2432 2545 aperit
2452 2466 2517 2527 et
2542 2472 2749 2549 revelat
2772 2457 3036 2528 hodierna
3065 2457 3401 2553 solemnitiis,‘
3434 2457 3507 2530 ne
3544 2457 3730 2547 perth

2138 2582 2239 2638 per
2260 2565 2621 2636 ignorantiam
2648 2572 2863 2640 Semper
2883 2550 3723 2647 obscuritatibdsgiiivtiifiﬁ’ﬁidn

2137 2658 2317 2714 talitas
2344 2659 2490 2730 quod
2536 2666 2745 2716 tantum
2776 2668 2961 2718 tenere
2989 2644 3189 2717 meruit
3224 2644 3727 2743 et

2135 2753 2385 2822 gratiam.
2418 2751 2551 2808 Nam
2583 2755 2673 2825 qui
2698 2754 2852 2809 nobis
2876 2756 3021 2811 nasci
3063 2755 3267 2821 voluit,
3296 2736 3331 2835 'a
3562 2736 3727 2813 noluit

2135 2845 2373 2915 ignorari
2405 2864 2418 2899 :
2450 2852 2506 2901 et
2534 2846 2655 2902 ideo
2676 2844 2753 2903 Sic
2782 2848 2989 2919 aperit,
3016 2863 3089 2923 ne
3110 2828 3365 2923 magnum
3648 2864 3729 2905 sa-

2134 2947 2468 2995 cramentum
2489 2941 2669 3010 magni
2686 2940 2844 2996 lieret
2864 2942 3063 2997 erroris
3083 2943 3318 3019 oeca’sio.
3346 2920 3525 3019 Hodie
3547 2948 3728 3017 magus

2133 3048 2294 3102 quem
2326 3032 2619 3102 fulgentem
2639 3034 2918 3104 quaerebat
2945 3034 2998 3088 in
3022 3016 3225 3101 stellis,
3250 3020 3307 3089 in
3336 3016 3499 3090 cunis
3528 3035 3725 3105 reperit

2133 3123 2458 3193 vagientem.
2487 3120 2663 3179 Hodie
2691 3138 2885 3194 magus
2921 3125 3127 3179 clarum
3152 3124 3384 3180 miratur
3408 3120 3465 3181 in
3504 3125 3726 3198 pannis,

435 3226 558 3279 mo,
600 3213 657 3268 hi
703 3216 925 3270 veniunt
968 3215 1036 3271 de
1090 3214 1412 3285 longinquo,
1466 3216 1682 3285 utrique
1723 3221 1904 3270 tamen
1960 3214 2028 3270 ad
2055 3211 2102 3276 C
2131 3213 2470 3282 qnemdiuin
2500 3214 2660 3271 astris
2682 3214 2989 3285 patiebatur
3004 3216 3313 3272 obscurum.
3332 3200 3508 3299 Hodie
3533 3218 3724 3288 magiis

434 3318 601 3359 unum
637 3306 993 3377 eamdemque
1032 3304 1155 3361 ﬁdei
1184 3306 1405 3374 locum,
1441 3307 1531 3379 pia
1572 3306 1865 3364 devotione
1894 3324 2031 3364 con-

434 3397 695 3453 veniunt:
719 3398 899 3468 ibique
919 3412 1099 3468 regem
1120 3397 1395 3454 Christum
1430 3400 1739 3471 appositum
1765 3406 1891 3455 ante
1922 3401 2030 3457 duo

436 3499 461 3529 °
488 3488 810 3561 prophetica
856 3490 944 3545 illa
971 3488 1249 3559 jnmenta,
1289 3489 1521 3545 duorum
1563 3490 1819 3547 videlicet
1865 3508 2033 3563 popu-

433 3578 610 3637 lorum
638 3588 824 3652 typum
877 3578 1205 3649 ﬁguramque
1248 3579 1538 3649 gestantia,
1585 3580 1897 3650 intuentur,
1941 3581 2030 3638 ad-

435 3672 723 3739 mirantur,
754 3678 1071 3742 agnoscunt.
1112 3672 1333 3743 Agnovit
1372 3674 1510 3729 enim
1551 3671 1640 3729 bos
1680 3688 2029 3745 possessorem

434 3780 605 3829 nam,
652 3771 704 3818 et
731 3764 909 3818 asinus
944 3778 1173 3834 prasepe
1207 3762 1402 3818 domini
1434 3764 1517 3819 sui
1553 3761 1707 3836 (Isai.
1740 3763 1804 3837 ι).
1848 3764 2030 3836 Agno-

434 3856 514 3914 vit
541 3859 687 3914 enim
708 3858 808 3915 bos
833 3856 1052 3914 Judmus
1075 3856 1102 3895 τι
1127 3855 1257 3928 lngo
1278 3857 1414 3928 legis
1433 3872 1695 3924 excusso,
1726 3860 1943 3930 agnovit
1973 3868 2029 3917 et

431 3951 615 4006 asinus
640 3964 880 4022 paganus
893 3950 1134 4006 stultitia:
1145 3948 1358 4006 feritate
1372 3950 1616 4021 deposita
1630 3968 1645 4019 ;
1663 3950 1754 4007 ille
1768 3950 2026 4008 deserens

427 4042 758 4115 superﬂuum
780 4042 1177 4100 observatiOnis
1204 4042 1465 4111 laborem,
1490 4043 1579 4101 hic
1597 4044 1909 4115 relinquens
1937 4062 2027 4101 va-

427 4149 555 4206 gum
582 4135 984 4208 superstitionis
1011 4150 1273 4192 errorem.
1315 4132 1560 4206 Uterque
1604 4136 1859 4207 agnovit,
1895 4137 2023 4207 quia

426 4236 653 4301 uterque
669 4229 736 4285 ad
757 4244 925 4286 unum
939 4242 1181 4300 praesepe
1196 4227 1409 4283 Domini
1433 4227 1751 4298 epulaturus
1773 4230 2019 4299 accessit,

425 4320 740 4392 epulaturus
756 4332 865 4375 non
884 4317 1065 4375 fenum
1077 4317 1286 4384 mortis,
1304 4316 1399 4373 sed
1412 4317 1594 4374 cibum
1615 4317 1826 4374 salutis.
1841 4315 2018 4388 Edite,

426 4412 593 4480 edite,
615 4412 704 4483 pia
728 4410 1000 4478 animalia,
1018 4419 1237 4467 aeternae
1253 4410 1379 4467 vitm
1391 4410 1595 4468 cibaria
1622 4431 1637 4465 :
1670 4419 1727 4467 et
1747 4421 2021 4483 perpetuac

424 4504 797 4566 retributionis
834 4518 1012 4561 escam
1036 4503 1207 4559 avidis
1234 4511 1495 4574 quantum
1518 4505 1747 4574 potestis
1777 4502 2020 4560 faucibus

2132 3305 2263 3376 quid
2284 3306 2373 3360 ubi
2397 3305 2576 3361 videat
2604 3306 2872 3378 profundo
2893 3312 3115 3378 stupore
3138 3308 3413 3379 pervolvit
3437 3327 3450 3363 :
3485 3310 3537 3365 in
3559 3312 3713 3365 terra

2130 3398 2347 3464 coelum,
2378 3398 2431 3452 in
2462 3397 2602 3453 cmlo
2627 3406 2847 3465 terram,
2881 3399 2936 3453 in
2966 3398 3079 3454 Deo
3100 3399 3399 3466 hominem,
3426 3384 3725 3457 iii—homine

2131 3489 2318 3554 Deum,
2354 3497 2410 3544 et
2430 3490 2683 3544 universo
2705 3490 2902 3546 satculo
2927 3508 3036 3546 non
3058 3500 3314 3562 capacem
3336 3474 3583 3548 conciam

2128 3596 2261 3652 pore
2289 3581 2609 3653 perpusillo.
2642 3578 2796 3637 Unde
2826 3594 3013 3653 magus
3042 3576 3135 3653 qui
3162 3585 3395 3639 scrutari
3420 3596 3530 3640 non
3551 3582 3721 3651 vam,

2128 3688 2325 3745 capere
2352 3689 2461 3729 non
2490 3678 2702 3746 potest,
2727 3690 2856 3730 mox
2885 3675 3108 3742 adorat;
3133 3676 3283 3731 videt
3320 3677 3465 3732 enim
3484 3658 3611 3755 :n‘on
3632 3674 3719 3755 sic

2127 3768 2309 3823 lucere
2349 3768 2403 3822 in
2445 3767 2583 3823 caelo
2616 3767 2831 3834 stellas,
2878 3768 3093 3839 lunam,
3130 3769 3333 3837 solem,
3378 3750 3621 3847 qualiter
3656 3750 3724 3827 il-

2126 3859 2329 3915 luxisse
2361 3874 2577 3915 carnem
2609 3858 3006 3941 contemplatur
3030 3861 3083 3914 in
3114 3846 3308 3929 terris;
3342 3844 3488 3941 videt
3620 3856 3723 3920 asa

2126 3950 2427 4021 eodemque
2454 3965 2685 4021 corpore
2712 3934 3008 4027 divinitatis
3038 3959 3093 4006 et
3129 3934 3479 4031 humanitatis
3506 3934 3720 4033 conve-

2125 4042 2272 4101 uisse
2316 4042 2718 4098 commercium.
2766 4024 2869 4119 Hic
2920 4041 3048 4098 dum
3094 4042 3269 4099 credit
3310 4024 3517 4115 lieiim,
3562 4024 3723 4123 senii:

2124 4149 2309 4208 regem
2332 4176 2348 4202 ,
2404 4132 2657 4203 intelligit
2710 4133 2933 4188 hiunani
2983 4133 3199 4204 generis
3250 4149 3434 4191 amore
3484 4118 3722 4194 fnd‘i‘i‘l’u-

2122 4243 2265 4293 rum,
2287 4235 2343 4282 et
2363 4225 2555 4307 pavida
2586 4224 2918 4294 cogitatione
2937 4232 3235 4296 pertractat
3263 4208 3721 4297 qdemarimodihu

2122 4320 2296 4392 possit
2338 4319 2480 4375 mori
2528 4318 2703 4386 Deus,
2761 4318 2996 4389 qualiter
3043 4320 3217 4392 possit
3264 4320 3388 4377 vita:
3432 4322 3722 4380 restitutor

2124 4411 2316 4468 occidi.
2348 4412 2426 4466 Ac
2448 4411 2527 4466 sic
2545 4422 2732 4480 magus
2759 4418 2934 4466 cessat
2969 4419 3087 4469 arte
3130 4424 3373 4483 quaerere
3409 4415 3565 4485 quod
3606 4400 3723 4471 arte

2123 4518 2234 4560 non
2274 4511 2458 4574 potest
2508 4502 2753 4587 invenire
2786 4522 2800 4557 :
2835 4513 2890 4559 et
2927 4507 3051 4574 quia
3090 4520 3151 4562 se
3191 4507 3244 4561 in
3282 4508 3420 4589 caelo
3457 4505 3559 4585 diu
3597 4492 3720 4565 cum

426 4604 725 4669 occupate,
765 4611 876 4651 non
920 4595 1220 4653 dividentes
1258 4595 1315 4651 in
1354 4592 1555 4663 frusta,
1596 4595 1693 4652 sed
1732 4597 2018 4668 integrum,
2048 4586 2104 4653 Ι)
2125 4598 2287 4654 astris
2327 4582 2633 4652 errantibus
2660 4595 2808 4651 videt
2847 4611 3092 4664 errasse,
3132 4582 3333 4670 gaudet
3377 4582 3432 4654 in
3472 4582 3635 4656 terra
3656 4610 3722 4656 se

420 4687 765 4758 solidumque
789 4693 1082 4743 sumentes.
1111 4684 1228 4741 Non
1254 4693 1437 4758 potest
1456 4686 1603 4742 enim
1629 4685 1717 4742 edi
1743 4684 2007 4757 Christus,

2121 4689 2191 4745 ad
2222 4688 2394 4743 Deum
2426 4688 2621 4744 ducatu
2657 4688 2802 4744 unici
2830 4688 3023 4745 sideris
3050 4690 3382 4761 pervenisse,
3428 4678 3484 4747 "et
3515 4688 3719 4765 depre-

421 4788 481 4838 et
507 4778 705 4845 dividi;
744 4779 956 4847 integer
988 4792 1021 4833 a
1055 4777 1400 4834 credentibus
1426 4778 1676 4846 sumitur,
1706 4779 1919 4851 integer
1958 4782 2011 4835 in
2117 4780 2307 4838 hendit
2341 4792 2529 4849 magus
2560 4787 2755 4835 cuncta
2793 4792 2915 4850 qua:
2943 4780 3193 4837 videntur
3235 4783 3290 4837 in
3319 4782 3484 4851 coelo,
3524 4784 3719 4840 huma-

421 4884 521 4928 ore
546 4869 727 4928 cordis
746 4870 1020 4941 recipitur.
1063 4864 1286 4925 Verbum
1304 4870 1444 4925 enim
1461 4883 1586 4927 caro
1616 4871 1815 4944 factum
1842 4882 1938 4941 est,
1962 4883 2013 4928 et

494 5062 521 5090 ι
548 5049 667 5108 Non
690 5051 787 5128 abs
814 5064 878 5107 re
900 5049 1243 5128 suspicantur
1262 5051 1425 5128 aliqui
1446 5060 1516 5108 ex
1532 5067 1702 5128 sacras
1718 5053 2013 5128 scripturae

417 5123 827 5198 enarratoribus
846 5120 1155 5198 spectatum
1183 5122 1239 5177 in
1269 5120 1489 5179 Oriente
1519 5122 1588 5198 ab
1632 5127 1805 5198 magis
1836 5120 2008 5198 sidus,

2120 4877 2205 4933 nis
2249 4874 2397 4931 clara
2442 4872 2641 4941 oculis,
2682 4871 2968 4944 profundis
3013 4863 3134 4933 esse
3179 4858 3465 4933 obscurata
3502 4860 3719 4950 ihys‘té-

2117 5058 2172 5125 4,
2206 5050 2889 5141 etnNtim.x§u,'5..Mnira.
2952 5129 2973 5141 ‘
3338 5120 3371 5141 ﬂ,

2193 5141 2215 5169 ο
2255 5126 2336 5181 Ex
2362 5127 2485 5182 loco
2525 5125 2676 5181 Isaiae
2702 5126 2926 5200 inferius
2952 5129 3204 5195 laudato,
3432 5131 3511 5187 id
3548 5131 3713 5188 Chri-

419 5193 849 5272 llierosolymam
879 5193 1057 5272 usque
1068 5193 1261 5272 ducem
1294 5194 1660 5272 praecessisse;
1686 5193 1824 5272 inde,
1840 5193 2011 5272 nega-1
2115 5204 2477 5272 stum__natum_
2505 5198 2863 5272 communiter
2889 5200 3187 5272 applicant.

416 5276 531 5321 tum
562 5262 813 5341 ejusdem
825 5262 1015 5341 lumen
1028 5264 1156 5341 dum
1175 5262 1250 5319 ibi
1269 5262 1583 5341 eoin_mo_r_at_i
1612 5262 1796 5341 fuere,
1813 5262 2008 5329 iterum

413 5351 474 5462 ΞΘ
504 5333 901 5462 egr'gdientibus
929 5335 1252 5404 exhibuisse,
1283 5349 1350 5392 ac
1375 5333 1691 5393 Bethlehem
1717 5333 1890 5412 usque
1917 5342 2010 5399 de-

454 5424 600 5462 IIXISS
638 5446 653 5461 .

454 5422 653 5463 “$1588.

393 5531 397 5539 .
451 5548 468 5554 _
488 5478 515 5516 δ
549 5477 933 5554 Nequeverbo
958 5478 1029 5554 ad
1050 5488 1226 5544 aures,
1251 5486 1431 5554 neque
1459 5477 1664 5554 scrij
1682 5480 2005 5554 armi-1pm-

411 5548 655 5630 pbetiam
687 5567 700 5602 :
730 5549 856 5606 licet
883 5551 1029 5605 enim
1050 5564 1147 5621 per
1161 5550 1520 5676 prophetiam.
1536 5548 1831 5634 Balaam'et
1849 5548 1972 5635 vste
1987 5585 2002 5596 -

411 5631 531 5673 rem
551 5634 815 5676 maiorum
835 5636 1055 5676 suorum
1077 5630 1157 5675 ira
1199 5629 1423 5676 itionem
1444 5631 1703 5676 sciverint
1721 5636 1862 5676 main
1883 5638 2002 5676 eum

411 5631 531 5673 rem
551 5634 815 5687 majorum
835 5636 1055 5677 suorum
1077 5630 1157 5675 tra

410 5687 741 5765 dicunturin
767 5698 961 5765 textu,
980 5700 1160 5765 tamen
1180 5691 1402 5765 Balaam
1429 5707 1539 5748 non
1570 5692 1670 5749 fuit
1697 5687 1965 5765 propheta
1982 5738 1995 5761 ,

410 5759 510 5814 sed
552 5759 755 5834 ariolus
786 5770 891 5834 :_et
921 5764 1061 5834 sicut
1097 5761 1363 5834 Caiphas,
1404 5779 1516 5820 non
1548 5765 1691 5822 sicut

412 5829 773 5909 prophetavit.
806 5831 947 5905 Lege
967 5829 1361 5896 Maldonatum.
1393 5837 1446 5893 in
1476 5853 1596 5908 cap.
1624 5852 1665 5896 tt
1692 5829 1908 5904 Mani-1.,
1935 5850 1991 5911 q.

2186 5246 2492 5355 ἐἶξε
2509 5246 3584 5355 signaretnii'é'imi'na'egguain.
3612 5274 3710 5331 Vi-

2111 5342 2182 5401 de
2202 5338 2963 5412 disertissimeHieronymum
2984 5338 3041 5396 in
3069 5347 3189 5411 cap.
3217 5360 3235 5397 ι
3254 5338 3424 5398 ls‘aiae.

2190 5424 2213 5452 ε
2254 5412 2336 5470 Ab
2363 5410 2601 5467 Hebraeis
2633 5410 2877 5467 enim'ad
2920 5427 3021 5469 nos
3068 5410 3201 5469 ﬁdes
3243 5423 3431 5470 nostra
3458 5415 3709 5488 peregri-

2113 5492 2239 5540 nata
2261 5490 2364 5541 ρει.

2185 5554 2296 5640 ¹-.Α
2321 5554 2443 5640 lese
2463 5553 2616 5640 θηίιη,
2644 5551 2868 5640 οδτίειῖ
2891 5553 3046 5640 "eme
3065 5639 3069 5640 ,
3086 5552 3486 5640 sentientes

1199 5620 1423 5676 itionem
1444 5622 1703 5678 sciverint
1721 5625 1862 5693 magi
1883 5638 2003 5696 qua:
2106 5627 2317 5692 tentias,
2350 5620 2406 5680 ei
2412 5630 2780 5751 (peccatorum
2814 5624 3084 5680 confessio
3337 5667 3353 5692 ,

1199 5691 1402 5748 3alaam
1429 5707 1539 5748 non
1570 5692 1670 5749 fuit
1697 5696 1995 5751 nronheta.
2105 5697 2369 5751 intelligat
2450 5712 2480 5751 e
2518 5694 2645 5751 ﬁdei
2672 5692 3014 5751 confessione
3039 5708 3202 5751 uuam
3230 5694 3400 5751 edrde
3429 5696 3505 5751 iit
3546 5694 3663 5751 eiii

1772 5704 1995 5765 opheta,
2105 5704 2369 5768 intelligat
2412 5704 2480 5752 de
2518 5704 2645 5751 iidei

1772 5766 1998 5825 ronheta
2103 5768 2364 5825 elicimus.
2395 5766 2477 5822 Ex
2508 5766 2653 5822 Mite.

2518 5694 2645 5751 ﬁdei
2672 5692 3014 5753 confessione
3039 5694 3202 5767 quam
3230 5692 3400 5755 corde
3429 5692 3704 5759 ἱεὶοὶρὶἣῆ

2175 5849 2202 5889 s
2242 5838 2346 5895 Per
2371 5839 2656 5912 praesentis
2673 5838 2797 5896 vita:
2815 5836 3269 5899 emendationem.
