3878 6368
170 327 261 384 ιιι

1551 319 1801 398 saeuo
1835 314 2018 380 CLXI.

3323 325 3428 382 622

300 449 325 476 ι
352 431 579 512 Jamque
607 433 795 492 videns
822 435 1047 510 credere
1067 451 1156 506 se,
1185 445 1241 494 et
1279 453 1388 494 non
1427 437 1728 504 discutere,
1757 437 1815 498 Α
1835 437 1914 504 git
1947 435 2016 491 ad
2044 437 2384 506 pmsentiam
2413 436 2603 508 legalis
2623 452 2764 493 arca:
2783 429 2975 510 (Iosue
3003 439 3130 512 111),.
3159 439 3230 508 ad
3249 441 3424 510 totius

167 529 390 606 mysticis
413 526 724 582 muneribus
745 523 1066 584 conﬁtetur:
1100 527 1257 586 thure
1279 527 1466 596 Deum,
1491 543 1622 584 auro
1650 543 1734 604 res

166 640 300 698 gem,
343 621 558 694 myrrha
603 636 724 676 esse
771 620 1112 676 moriturum.
1146 620 1328 678 Thure
1367 622 1536 678 Deum
1553 663 1568 688 ,
1603 637 1736 680 auro

165 732 346 788 regem,
366 725 427 770 ut
447 729 570 771 eum
599 714 752 792 diviti
774 714 1018 786 placaret
1039 716 1320 785 obsequio,
1340 731 1504 800 quem
1517 717 1735 774 curioso

166 822 212 870 et
225 813 522 884 importuno
543 809 842 868 incesserat
867 818 924 868 et
948 809 1249 886 offenderat
1265 812 1516 890 instituto
1535 829 1550 879 ;
1569 809 1737 890 "atque

167 903 336 974 implet
387 901 519 979 illud
563 903 708 972 quod
747 901 906 979 multi
943 901 1293 979 despadone
1340 919 1414 958 ex
1459 902 1737 974 Ethiopia

164 996 188 1036 ιι
209 975 540 1068 suSpicantur
569 1011 584 1048 :
614 977 899 1066 EthiOpia
943 975 1217 1074 praeveniet
1245 1011 1432 1050 manus
1459 997 1574 1068 ejus
1622 994 1736 1052 Deo

165 1088 315 1163 (Psal.
347 1087 537 1166 1.xv11).
553 1086 730 1164 'Videt
749 1084 1026 1144 Christum
1053 1103 1246 1158 magus
1267 1086 1738 1162 Judteum.pr;eve-

163 1183 296 1237 aiens
315 1180 582 1244 manibus
601 1179 764 1257 .suis,
788 1179 916 1249 quia
950 1179 1168 1252 quando
1206 1178 1483 1236 Christum
1519 1178 1736 1236 Judzeus

162 1270 338 1348 Herodi
359 1271 570 1348 scelere
597 1270 878 1341 prodebat,
906 1279 1036 1328 tunc
1058 1285 1247 1341 magus
1271 1272 1442 1328 Deum
1463 1271 1734 1332 Christum

161 1345 452 1438 muneribus
481 1345 772 1419 fatebatur.
805 1361 944 1419 Hinc
971 1370 1055 1418 est
1083 1364 1228 1434 quod
1261 1365 1478 1435 gentilis
1504 1366 1595 1435 qui
1616 1375 1735 1422 erat

162 1453 488 1521 novissimus,
523 1452 698 1508 factus
723 1459 806 1508 est
833 1453 1080 1524 primus:
1119 1456 1246 1528 quia
1283 1463 1412 1510 tunc
1453 1471 1522 1511 ex
1547 1470 1736 1526 mago-

161 1561 259 1602 rum
287 1544 389 1600 fide
411 1552 496 1602 est
531 1545 772 1614 gentium
802 1544 1096 1602 credulitas
1126 1546 1374 1622 dedicata
1393 1586 1420 1626 ._
1442 1554 1499 1601 et
1527 1545 1736 1626 Iudaeo-

161 1651 260 1693 rum
283 1644 366 1691 est
409 1644 600 1692 notata
631 1635 944 1694 crudelitas.
991 1635 1164 1692 Hodie
1201 1622 1447 1694 Christus
1484 1622 1734 1694 Jordanis

161 1731 378 1796 alveum,
404 1731 596 1790 mundi
625 1738 907 1800 peccatum
935 1730 1214 1786 lavaturus
1241 1731 1468 1810 intravit
1493 1731 1733 1810 :Hadhoc

1841 526 2118 586 Trinitatis
2143 530 2488 602 prmsentiam
2507 545 2617 588 non
2638 527 2852 598 refugit.
2877 527 3016 598 Quid
3038 531 3154 598 est?
3173 529 3309 600 Quia
3331 533 3430 602 qui

1839 620 2030 698 pietati
2064 620 2400 698 obsequitur,
2430 622 2620 696 incipit
2647 638 2756 678 non
2789 637 2912 679 esse
2938 624 3140 680 timori.
3176 623 3279 682 Hic
3307 623 3430 690 Tri-

1838 713 1982 792 nitas
2012 721 2232 790 exercet
2269 715 2498 784 gratiam
2526 722 2726 784 totam,
2767 723 2938 771 totam
2969 731 3154 774 secum
3186 716 3429 788 loquitur

1837 804 2160 882 charitatem
2191 823 2204 860 :
2237 806 2312 862 ibi
2339 807 2606 880 elementa
2633 809 2878 880 corripit,
2903 815 2962 864 ut
2981 809 3226 868 servulos
3265 810 3426 876 insti-

1838 891 1956 976 tuat
1975 895 2043 975 ad
2070 897 2340 954 timorem.
2372 898 2518 954 Inter
2555 899 2672 960 haec
2704 906 2887 956 tamen
2915 901 3048 956 talia
3073 909 3131 957 et
3155 909 3303 972 tanta
3342 903 3428 958 iu-

1835 987 2080 1060 trepidus
2105 995 2215 1045 stat
2243 987 2525 1060 Joannes,
2555 990 2682 1062 quia
2716 992 2908 1068 timere
2952 1008 3058 1062 non
3101 1001 3304 1064 potest,
3329 994 3425 1066 qui

1836 1084 1985 1164 totus
2011 1078 2082 1134 ad
2109 1079 2207 1158 Dei
2233 1095 2474 1138 amorem
2495 1090 2653 1152 natus
2681 1083 2923 1164 angelico
2947 1085 3256 1142 testimonio
3275 1102 3426 1144 com-

1835 1153 2117 1250 probatur.
2143 1155 2318 1250 Hodie
2337 1175 2583 1232 Christus
2608 1153 2820 1233 initiuin
2840 1178 2933 1244 dat
2948 1181 3237 1254 signorum
3257 1182 3426 1238 caele-

1835 1268 2034 1336 stium,
2075 1268 2501 1342 dumconvertit
2537 1284 2706 1339 aquas
2733 1270 2800 1338 in.
2825 1270 3009 1326 vinum
3045 1271 3226 1344 (lacn.
3257 1271 3338 1344 11),
3366 1280 3428 1328 ut

1835 1374 1998 1430 quem
2026 1358 2190 1416 Pater
2209 1375 2350 1434 voce
2371 1360 2565 1416 Filium
2587 1359 2701 1432 jam
2724 1361 2998 1432 probarat,
3029 1363 3146 1433 ipse
3167 1379 3227 1420 se
3255 1365 3427 1420 Deum

1841 1451 1862 1490 ί
1893 1452 2181 1509 virtutibus
2201 1453 2545 1524 approbaret,
2570 1453 2696 1522 quia
2724 1462 2914 1510 auctor
2933 1463 3016 1511 est
3035 1455 3428 1522 elementorum

1835 1545 1929 1616 qui
1958 1544 2228 1600 elementa
2256 1551 2584 1611 commutat;
2626 1552 2683 1602 et
2713 1553 2962 1602 naturam
2989 1546 3119 1602 fecit
3157 1547 3301 1618 ipse,
3330 1551 3426 1619 qui

1833 1645 2302 1712 contra‘naturam
2325 1638 2506 1694 facere
2533 1654 2642 1694 non
2671 1639 2919 1696 laborat:
2945 1656 3140 1711 aquam
3170 1641 3426 1698 transfert

1834 1728 1888 1783 in
1931 1727 2150 1796 vinum,
2181 1737 2242 1796 ut
2270 1737 2296 1776 ε
2325 1727 2618 1785 divinitatis
2659 1730 2716 1785 in
2744 1730 2926 1802 vigore
2974 1740 3178 1788 naturae
3227 1743 3426 1797 nostra:

160 1839 261 1878 eum
286 1823 502 1878 venisse
530 1820 764 1877 Joannes
798 1821 913 1892 ipse
945 1828 1189 1878 testatur.
1237 1823 1371 1878 Ecce
1399 1823 1576 1896 Agnus
1597 1822 1728 1888 Dei,
1760 1822 1810 1883 Β
1836 1815 2084 1890 proficiat
2106 1819 2398 1876 hebetudo.
2429 1819 2564 1875 Nam
2581 1823 2674 1892 qui
2695 1837 2864 1893 panes
2883 1825 3120 1896 quinque
3148 1825 3422 1895 lragmen-

159 1932 252 1984 ecce
275 1916 357 1988 qui
400 1914 536 1969 tollit
561 1923 774 1986 peccata
809 1913 988 1968 mundi
1021 1914 1200 1990 (Joan.
1230 1915 1290 1988 1).
1335 1914 1505 1990 Hodie
1539 1931 1730 1972 servus

160 2007 438 2074 Dominum,
469 2007 636 2062 homo
667 2006 855 2073 Deum,
887 2005 1124 2062 Joannes
1144 1991 1422 2062 Christum
1445 2017 1628 2076 tenet;
1655 2017 1730 2064 te-

159 2107 234 2154 net
265 2081 586 2178 accepturus
607 2098 838 2165 veniam,
869 2114 975 2178 non
1007 2098 1248 2156 daturus.
1275 2098 1466 2165 llodie,
1491 2099 1632 2178 sicut
1654 2099 1731 2156 ait

160 2173 438 2261 propheta:
481 2189 598 2244 Vox
633 2177 848 2244 Domini
899 2173 1053 2261 super
1101 2207 1260 2263 aquas
1305 2173 1724 2264 (Psal._xiiv111).

158 2286 262 2352 Qua:
288 2283 433 2340 vox?
479 2281 584 2338 Hic
613 2292 688 2340 est
719 2283 887 2338 Filius
924 2267 1066 2340 naeus
1106 2285 1321 2342 dilectus
1368 2287 1424 2340 in
1472 2304 1576 2362 qua
1601 2289 1728 2360 mihi

158 2363 420 2447 complacui
453 2375 672 2448 (Matth.
703 2375 803 2448 111).
844 2375 1016 2432 Hodie
1055 2394 1162 2434 vox
1191 2378 1287 2433 Dei
1319 2394 1484 2450 super
1523 2395 1725 2452 aquas,

157 2468 259 2548 quia
286 2465 446 2522 Pater
469 2466 616 2524 Deus
644 2474 703 2524 ut
722 2468 976 2538 probaret
1007 2470 1220 2548 generis
1247 2469 1428 2536 ﬁdem,
1457 2481 1480 2512 ο
1513 2461 1625 2544 ipSe
1644 2473 1731 2530 sui

156 2545 283 2616 testis
322 2559 469 2626 Filii,
501 2561 619 2634 ipse
646 2569 887 2639 assertor
909 2564 1132 2620 assistit.
1157 2545 1262 2620 Hic
1289 2575 1366 2622 est
1385 2564 1560 2624 Filius
1583 2585 1728 2626 meus

157 2651 368 2720 dilectus,
408 2654 538 2722 quia
573 2654 803 2710 alterum
844 2641 935 2724 qui
968 2657 1335 2714 testimonium
1377 2658 1583 2716 diceret
1618 2676 1730 2716 non

156 2729 367 2812 habebat
396 2763 411 2800 :
443 2761 710 2804 arcanum
749 2745 958 2812 Patris,
999 2749 1261 2808 arbitrum
1299 2765 1410 2808 non
1450 2752 1726 2824 habebat;

155 2845 330 2896 testem
376 2841 658 2910 generatio
699 2842 874 2898 nescit
908 2842 1120 2920 divina;
1153 2844 1407 2902 divinitas
1449 2854 1731 2904 externam

157 2948 245 3002 non
277 2935 470 3006 recipit
498 2935 809 3004 notionem,
835 2937 956 3010 ipso
994 2937 1132 2994 Filio
1162 2939 1396 2997 dicente.
1440 2938 1613 2998 Nemo
1642 2959 1734 2998 no-

156 3027 212 3080 rit
238 3025 277 3078 F
280 3027 445 3094 ilium,
477 3029 582 3085 nisi
621 3027 803 3098 Pater,
836 3046 1000 3106 neque
1036 3030 1253 3088 Patrem
1296 3035 1410 3106 quis
1449 3037 1593 3092 novit
1629 3038 1732 3094 nisi

156 3119 306 3177 Filius
339 3121 552 3194 (Matth.
584 3121 685 3194 ιι).
709 3123 885 3180 Hodie
905 3124 1138 3195 Spiritus
1165 3136 1388 3183 sanctus
1410 3137 1734 3200 supernatat

1834 1919 1890 1967 to
1916 1910 2127 1992 proﬂuo
2155 1911 2254 1970 eth
2274 1911 2472 1970 furtivo
2503 1914 2855 1986 incremento,
2887 1916 2956 1986 ad
2982 1918 3220 1989 quinque
3254 1920 3422 1976 millia

1831 2006 2122 2086 hominum
2141 2007 2368 2084 tetendit
2394 2016 2450 2064 et
2486 2009 2730 2066 dilatavit
2756 2011 2997 2080 saginam
3028 2011 3244 2088 (Matth.
3276 2013 3418 2087 11v),

1831 2101 2010 2170 potuit
2036 2102 2338 2174 augmentis
2366 2104 2830 2178 succresceutibus
2857 2105 2924 2158 ad
2953 2106 3264 2176 nuptiarum
3287 2107 3426 2164 festa

1829 2192 1944 2246 vini
1973 2193 2234 2264 ampliare
2273 2200 2330 2248 et
2367 2203 2690 2266 perpetuare
2731 2210 3030 2264 mensuras.
3063 2194 3173 2253 Sed
3201 2213 3342 2267 aqua
3369 2198 3428 2255 in

1831 2284 2109 2352 sanguinis
2136 2292 2253 2358 erat
2285 2282 2302 2322 ί
2333 2286 2695 2358 convertenda
2717 2288 3050 2359 mysterium,
3067 2296 3135 2344 ut
3155 2303 3303 2348 mera
3324 2304 3428 2360 po-

1833 2375 1953 2434 cula
1978 2375 2046 2432 de
2074 2391 2201 2432 vase
2233 2376 2478 2448 corporis
2506 2377 2590 2433 sui
2632 2375 2880 2434 Christus
2907 2378 3214 2436 bibentibus
3240 2381 3427 2454 propi-

1832 2478 2007 2534 naret,
2038 2478 2100 2526 ut
2126 2470 2378 2544 impleret
2399 2471 2532 2527 illud
2559 2473 2839 2544 propheta:
2863 2493 2876 2529 :
2905 2473 2973 2528 Et
3007 2475 3150 2534 calix
3173 2484 3288 2532 tuus
3310 2477 3427 2532 ine-

1833 2563 2010 2619 brians
2039 2581 2193 2638 quam
2221 2565 2506 2636 praclarus
2533 2575 2610 2623 est
2636 2566 2809 2638 (Psal.
2842 2569 2994 2637 χχιι).
3029 2567 3223 2626 Tribus
3245 2579 3425 2628 autem

1831 2657 2011 2713 modis
2056 2658 2217 2714 hodie
2247 2655 2446 2730 Christi
2488 2659 2663 2715 dcitas
2695 2669 2780 2716 est
2815 2662 3044 2730 probata
3086 2679 3100 2716 :
3144 2677 3426 2731 magorum

1832 2763 2090 2815 munere,
2129 2747 2306 2806 Patris
2334 2751 2680 2818 testimonio,
2722 2767 2877 2822 aquae
2915 2753 3213 2831 mutatione
3249 2755 3305 2812 in
3343 2757 3426 2812 vi-

1833 2857 1992 2915 num;
2021 2842 2147 2916 quia
2178 2843 2350 2897 tribus
2380 2851 2528 2900 stare
2565 2859 2728 2902 omne
2757 2845 2980 2902 verbum
3007 2847 3300 2916 Scriptura:
3327 2847 3424 2903 lir-

1832 2923 2631 3010 maviptauctoritasrdicendo:
2665 2935 2732 2992 In
2771 2953 2861 2992 ore
2899 2939 3116 2996 duorum
3152 2943 3228 2996 rel
3270 2943 3426 2998 trium

1836 3028 2040 3084 testium
2083 3038 2182 3084 stet
2211 3045 2362 3084 omne
2407 3028 2613 3084 verbum
2643 3027 2882 3101 (Matth.
2913 3046 3041 3088 xviu
3063 3031 3101 3101 ).
3149 3030 3256 3088 Sed
3297 3035 3427 3102 quia

1833 3119 2099 3180 festivitas
2126 3122 2244 3193 ipsa
2269 3123 2338 3178 ad
2365 3137 2607 3192 mensam
2629 3138 2730 3179 nos
2751 3122 2962 3178 Domini
2983 3132 3038 3178 et
3057 3125 3243 3180 calicis
3268 3127 3426 3182 istius

157 3215 290 3298 aquis
317 3215 374 3270 in
396 3215 580 3287 specie
614 3216 909 3284 columbae,
944 3225 1006 3272 ut
1035 3219 1175 3274 sicut
1215 3219 1306 3274 illa
1335 3220 1587 3276 colomba
1613 3221 1731 3279 Noe
1753 3212 1800 3276 C
1833 3211 2076 3270 lictiliam
2111 3223 2421 3276 commonet
2441 3212 2556 3284 jam
2586 3213 2602 3266 ι
2638 3215 2855 3281 venire,
2892 3231 2980 3273 res
3018 3217 3227 3287 amplas
3271 3216 3424 3274 brevi

158 3308 478 3388 nuntiaverat
521 3309 782 3366 diluvium
821 3311 1136 3370 discessisse
1169 3314 1359 3370 mundi
1381 3315 1402 3388 (
1425 3313 1554 3371 Gen.
1584 3316 1722 3391 vin),

158 3399 217 3456 ita
258 3401 361 3480 ista
403 3402 579 3466 indice
627 3411 947 3462 nosceretur
992 3416 1316 3478 perpetuum
1364 3411 1552 3467 mundi
1603 3429 1726 3472 ces-

157 3507 283 3550 sasse
302 3492 668 3566 naufragium;
691 3511 871 3568 neque
899 3498 1040 3554 sicut
1075 3499 1166 3556 illa
1191 3502 1394 3558 veteris
1415 3503 1574 3562 olivae
1605 3521 1726 3562 sur-

159 3582 322 3640 culum
350 3593 624 3662 portaret,
661 3587 758 3644 sed
784 3596 952 3646 totam
984 3588 1012 3630 ἀ
1046 3591 1102 3647 in
1129 3601 1294 3664 caput
1327 3596 1570 3666 parentis
1597 3599 1727 3656 novi

158 3669 843 3758 chrismatisppinguedinem
863 3680 1074 3753 fundit,
1095 3692 1164 3750 ut
1183 3686 1409 3758 impleat
1429 3689 1558 3746 illud
1578 3691 1726 3761 quod

159 3768 395 3850 propheta
422 3770 673 3852 praedirit
696 3771 1024 3846 :PrOpterea
1044 3777 1194 3832 unxit
1215 3786 1262 3834 te
1281 3777 1424 3836 Deus
1443 3779 1594 3844 Deus,
1609 3792 1726 3842 tuus

159 3860 254 3916 oleo
283 3861 473 3944 laetitiae
497 3879 618 3942 {prce
655 3864 978 3924 consortibus
1009 3869 1108 3923 tuis
1151 3867 1324 3940 (Paul.
1354 3870 1522 3944 XLIV).
1556 3873 1728 3934 Hodie

159 3951 391 4034 Dominus
430 3971 606 4032 super.
635 3971 821 4033 aquas.
865 3956 1014 4022 Bene
1063 3974 1229 4031 super
1273 3976 1471 4031 aquas,
1516 3974 1571 4020 et
1617 3980 1725 4026 non

159 4045 538 4130 subtusaquas,
567 4049 694 4119 quia
723 4047 971 4106 Christus
999 4050 1313 4122 baptismati
1339 4067 1441 4109 suo
1470 4070 1580 4110 non
1614 4071 1727 4114 ser-

160 4138 244 4218 vit,
266 4139 355 4196 sed
374 4141 608 4216 immrat
629 4142 1005 4218 sacramentis.
1036 4141 1210 4200 Hodie
1243 4143 1390 4201 Deus
1423 4145 1726 4216 majestatis

159 4228 386 4300 intonuit,
408 4240 464 4288 et
485 4232 544 4308 ,si.
560 4219 725 4310 Pater
745 4232 812 4288 de
832 4231 971 4290 coelo
1000 4232 1243 4302 intonat,
1267 4235 1314 4291 si
1341 4233 1507 4292 Filius
1535 4236 1727 4294 Jorda-

161 4311 440 4404 insistit
467 4325 706 4410 ilue_nt_is,
737 4326 782 4380 si
800 4324 1039 4404 Spiritus
1063 4335 1286 4386 sanctus
1317 4340 1340 4368 ο
1368 4331 1728 4401 corporaliter

162 4424 357 4486 apparet
385 4419 452 4474 de
473 4417 753 4489 supernis;
784 4417 914 4487 quid
940 4425 1025 4475 est
1049 4417 1198 4488 quod
1235 4417 1488 4478 Jordanis
1515 4425 1610 4492 qui
1638 4423 1725 4479 fu-

1828 3323 2082 3364 sermone
2109 3307 2308 3364 sufﬁcit
2333 3308 2693 3378 conclusisse,
2722 3324 2820 3380 per
2861 3307 3147 3368 Dominum
3178 3319 3423 3368 nostrum

1827 3400 2012 3470 Jesum
2030 3400 2306 3474 Christum
2319 3439 2336 3468 ,
2361 3401 2456 3474 qui
2483 3401 2617 3458 vivit
2635 3409 2695 3460 et
2719 3410 2909 3472 regnat
2936 3416 3078 3458 nunc
3097 3411 3155 3458 et
3180 3417 3417 3474 semper,

1829 3501 1887 3550 et
1910 3509 2010 3566 per
2027 3493 2210 3549 omnia
2237 3493 2431 3550 saecula
2459 3493 2802 3552 steculonun.
2831 3492 3024 3550 Arnen.

2391 3609 2626 3668 SERMO
2660 3608 2843 3668 CLXI.

1829 3700 1915 3757 De
1937 3701 2194 3775 parabole
2217 3702 2354 3758 servi
2364 3699 2445 3779 ρο
2466 3718 2596 3775 agro
2612 3705 2853 3779 regressi,
2879 3703 3040 3776 deque
3057 3705 3283 3761 hominis
3304 3723 3429 3779 erga

2341 3770 2523 3848 ﬁcum
2567 3770 2904 3844 graiitudine.

1907 3865 2166 3933 Audistis,
2207 3863 2425 3933 ﬁ'atres,
2454 3865 2913 3936 quemadmodum
2946 3869 3264 3926 famulatum
3294 3870 3432 3926 divi-

1835 3976 1965 4016 num
1991 3958 2253 4015 Dominus
2280 3957 2447 4027 exigit
2471 3958 2724 4015 humana:
2741 3960 3017 4016 servitutis
3043 3961 3313 4032 exemplo,
3344 3961 3432 4017 di-

1829 4051 2004 4109 cendo
2036 4068 2050 4104 :
2085 4046 2214 4115 Quis
2270 4059 2490 4106 uestrum
2537 4047 2734 4104 habens
2783 4065 2986 4105 servum
3029 4060 3285 4117 amntem,
3336 4061 3432 4106 aut

1829 4129 2144 4216 pascentem.
2174 4142 2262 4214 qui
2287 4157 2518 4214 regresso
2547 4139 2613 4194 ab
2639 4157 2768 4213 agro
2795 4141 2938 4195 dicat
2961 4157 2981 4194 :
3009 4139 3202 4196 Statim
3233 4143 3420 4210 transi,

1828 4235 2094 4303 recumbe;
2117 4244 2172 4292 et
2199 4251 2304 4290 non
2333 4235 2460 4290 dicit
2484 4237 2553 4301 ei,
2593 4233 2738 4289 Para
2767 4233 2905 4306 quod
2949 4249 3158 4301 canem,
3202 4242 3255 4290 et
3281 4251 3425 4307 pra:-

1830 4331 2058 4402 cingere,
2086 4337 2139 4386 et
2164 4329 2408 4384 ministra
2428 4326 2555 4381 mihi
2575 4325 2738 4382 donec
2757 4324 3064 4382 manducent
3086 4335 3137 4381 et
3157 4323 3351 4396 bibam,
3379 4336 3435 4383 et

1832 4431 1950 4496 post
1988 4423 2099 4478 hate
2132 4430 2185 4476 tu
2217 4417 2558 4476 manducabis
2584 4428 2636 4475 et
2682 4417 2865 4475 bibes?
2907 4416 3181 4493 Numquid
3203 4419 3432 4494 gratiam

223 4651 246 4680 ι
278 4642 371 4722 iis.
398 4642 632 4722 Cresam,
666 4621 830 4697 credit
856 4650 908 4696 et
948 4657 1056 4698 non
1100 4639 1342 4709 discutit,
1363 4627 1458 4698 sed
1496 4645 1729 4715 mysticis
1756 4647 1811 4708 D
1834 4639 2147 4722 hominibus
2176 4639 2482 4722 videantur,
2514 4653 2658 4722 saepe
2683 4638 3190 4722 humana_corpora
3225 4653 3436 4722 assum-

163 4715 428 4786 mtueribus
455 4715 754 4786 conﬁtetur.
830 4784 838 4786 _
881 4783 890 4786 _
940 4784 949 4786 ξ
1251 4749 1267 4786 ς

199 4782 247 4856 -_.h
279 4784 334 4839 in
359 4785 464 4843 hoc
497 4782 702 4856 nempe
731 4783 990 4856 vaticinia
1011 4783 1430 4841 conversionem
1458 4786 1729 4856 gentium,

167 4853 514 4939 βψ)ῐὶοω
536 4853 780 4939 maiime
806 4862 865 4910 et
899 4853 1522 4939 Ethiopumnquoru'm
1545 4853 1734 4939 primi.

166 4927 238 4997 tia:
255 4925 303 4982 in
321 4929 520 4997 reginas
545 4925 836 4997 Candacis_
849 4925 1109 4995 spadone
1125 4927 1282 4982 multi
1310 4925 1729 4997 recognoscant.

165 4995 367 5054 Hilarius
388 4995 607 5064 autem,
642 5013 766 5054 cum
807 4995 1143 5068 Chrysologo
1171 5005 1325 5068 putat
1352 4995 1538 5068 magos
1572 4997 1733 5054 Chri-

166 5075 283 5194 stunt
309 5072 360 5125 in
381 5069 726 5152 incunabulis
751 5075 1061 5135 veneratos,
1085 5084 1157 5126 ex
1275 5069 1590 5141 regionibus
1609 5085 1732 5127 esse

167 5153 248 5194 oro
265 5150 432 5194 cetos.

167 5145 436 5207 profectos.“

225 5221 245 5284 ς
279 5211 377 5284 his.
407 5209 651 5284 σωθείη
674 5213 786 5284 ipse
809 5210 928 5284 sibi,
951 5214 1034 5268 sui
1056 5212 1200 5268 testis
1219 5209 1372 5284 Filii.

201 5280 503 5348 gd,_Scilie_e_t
524 5279 751 5348 Christi,
770 5283 1136 5353 quiromnium
1157 5281 1544 5339 salvandorum
1563 5297 1630 5339 ac
1649 5297 1738 5339 re-

169 5355 503 5420 parandarum
521 5368 724 5425 parens
743 5352 848 5410 est.
871 5352 1036 5410 Mm.
1143 5385 1150 5408 τ
1199 5407 1204 5412 .
1707 5389 1710 5392 ~

191 5467 212 5505 ..
228 5433 248 5464 ο
285 5424 442 5494 Quod
461 5441 596 5507 vera
621 5440 689 5486 ac
707 5424 968 5507 naturalis
996 5423 1248 5507 columba
1276 5425 1438 5507 fuerit
1463 5424 1601 5507 haene,
1628 5425 1740 5507 pie-

169 5495 296 5568 rique
315 5503 514 5568 negant
543 5515 558 5552 :
582 5504 956 5556 verumtamen
979 5510 1186 5568 corpus
1210 5495 1464 5568 habuisse
1503 5493 1739 5568 aiiirmat

169 5561 581 5639 _S.~'Augustinus,
611 5569 710 5626 sed
737 5583 936 5639 corpus
955 5561 1145 5624 aerum
1173 5566 1229 5621 in
1258 5567 1496 5639 speciem
1525 5566 1738 5623 colum-

168 5633 253 5710 hat.
281 5633 396 5696 Non
423 5633 606 5696 tamen
627 5639 730 5696 fuit
753 5633 888 5698 illud
915 5653 1133 5710 corpus.
1165 5633 1549 5710 quodcumque
1570 5647 1736 5706 esset,

171 5706 625 5784 {Spiritusgncto
637 5711 978 5784 hypostatice
997 5706 1354 5784 {SSMDWmv
1379 5718 1438 5764 ιιι
1459 5706 1609 5784 T3150,
1619 5711 1741 5784 Opi"

171 5787 308 5854 natus
334 5791 418 5838 est
444 5780 843 5850 Tertulliaiius;
882 5783 983 5854 sed
1015 5780 1249 5854 Spiritus
1289 5791 1510 5838 sanctus
1541 5780 1740 5839 fuit’in

172 5846 268 5924 illo,
287 5860 562 5929 tamquam
588 5846 839 5930 signatus
861 5854 918 5912 in
944 5846 1100 5928 sign'o
1125 5869 1141 5908 :
1171 5853 1314 5912 sicut
1335 5856 1516 5928 angeli
1533 5899 1548 5926 ,
1580 5864 1640 5914 ut
1672 5856 1740 5913 ab

1909 4710 2184 4767 ere-Vide
2207 4709 2574 4782 Maldonatum
2589 4708 2650 4782 in
2674 4725 2794 4782 cap.
2817 4727 2906 4778 111;
2927 4708 3142 4782 Matth,
3169 4725 3318 4782 num.
3344 4709 3432 4764 16.

1871 4782 2140 4851 inte—In
2162 4782 2268 4837 hac
2285 4796 2364 4848 re,
2391 4781 2563 4851 inquit
2582 4780 2875 4846 Calmetus,
2907 4781 3146 4850 religiosi
3167 4780 3305 4836 adeo
3325 4795 3437 4837 non

1842 4853 1994 4910 fuere
2022 4849 2232 4918 Patres,
2263 4855 2341 4908 uti
2372 4849 2706 4908 recentiores
2733 4852 2933 4918 nostri;
2967 4849 3141 4920 neque
3161 4851 3438 4920 indignam

1841 4934 2103 4998 putavere
2131 4923 2333 4998 Spiritu
2363 4922 3130 4998 sanctocolumbiespeciem,
3163 4936 3439 4998 eum_pas-

1841 4991 1946 5053 sim
1975 4997 2031 5051 in
2055 4991 2334 5053 Scriptura
2363 4995 2461 5051 Dei
2482 4993 2648 5050 Filius
2679 4991 3016 5050 describatur
3042 4993 3263 5049 nomine
3292 4991 3434 5050 Leo-

1841 5069 1926 5125 nis
1952 5067 2107 5135 Juda,
2139 5064 2349 5123 Vermis
2375 5065 2574 5133 Jacob,
2605 5065 2775 5136 Agni,
2807 5064 3042 5137 Lapidis,
3075 5069 3180 5118 etc.

1917 5139 1940 5179 ί
1982 5139 2082 5194 Ms.
2112 5137 2343 5210 Ctesen.,
2369 5140 2748 5210 manifestaret.

1913 5221 1940 5289 tl
1979 5210 2080 5289 bis.
2110 5209 2540 5289 idem,_Deita_tis
2565 5211 2699 5265 vino.
2742 5279 2756 5289 _
2947 5277 2959 5289 θ
3125 5277 3158 5289 υ
3235 5277 3246 5289 ⁸

1913 5281 1941 5321 h
1979 5280 2097 5337 Hoc
2135 5290 2221 5336 est
2247 5281 2599 5346 abscondito,
2646 5289 2703 5336 et
2742 5277 2991 5333 humanis
3018 5277 3192 5334 oculis
3232 5277 3435 5348 imper-
3501 5339 3504 5344 ,

1841 5369 2010 5411 v1o..
2131 5389 2134 5391 λ
2347 5383 2506 5390 ~~

1919 5427 1937 5464 ί
1979 5423 2198 5481 Scilicet
2226 5424 2279 5478 in
2302 5422 2568 5480 sacriﬁcio
2591 5422 2784 5478 Missae.
2809 5420 2973 5476 Mm.

1917 5495 1932 5548 i
1980 5494 2132 5552 lline
2163 5494 2440 5551 subinfero
2484 5493 2777 5552 Auctorem
2825 5500 3068 5548 nostrum
3098 5491 3440 5562 praedicasse

1839 5568 2048 5640 p0pulo
2074 5567 2313 5644 divinum
2341 5567 2565 5644 verbum
2595 5573 2720 5644 ante
2741 5579 2976 5644 sacrum,
3026 5561 3114 5644 vel
3145 5569 3438 5644 antequam

1840 5633 2060 5696 sacrum
2087 5639 2308 5694 faceret.
2342 5635 2711 5708 Mirm-fVel
2738 5637 2920 5708 potius
2963 5636 3106 5689 inter
3149 5633 3437 5689 Missurum

1841 5711 2128 5777 solemnia,
2161 5711 2407 5780 proxime
2425 5725 2524 5780 pro
2552 5707 2827 5777 Evangelii
2855 5709 3112 5776 lectione,
3143 5713 3435 5776 antequam

1839 5783 2045 5856 populo
2073 5797 2226 5838 sacra
2255 5780 2509 5853 mysteria
2538 5781 3005 5837 distribuerentur.
