3878 6368
470 313 574 373 6ὶὲ

1721 311 1779 369 S.
1821 309 2028 370 PETRI
2065 309 2500 372 CHRYSOLOGI

3588 321 3676 387 Ott

466 431 619 490 habet
638 449 783 488 servo
809 433 908 496 illi,
934 433 1052 504 quia
1075 431 1194 502 fecit
1213 447 1328 502 qua:
1355 423 1450 484 sibi
1479 431 1790 500 imperavit?
1811 428 1935 484 Non
1958 448 2056 502 pu-
2082 433 2137 494 Α
2161 445 2259 485 suo
2288 443 2520 494 orenam,
2545 433 2601 483 et
2628 427 2836 483 cinctus
2863 416 3010 495 quod
3038 433 3310 495 paraverat
3336 427 3668 496 subministrat:

469 535 540 580 to.
572 523 663 580 Sic
689 535 740 579 et
765 540 870 590 vos,
905 541 1018 577 cum
1048 523 1271 594 feceritis
1300 523 1478 577 omnia
1505 537 1619 595 qua:
1657 530 1915 594 pracepta
1942 533 2062 579 sunt

466 614 629 683 vobis,
662 616 817 671 dicite
845 633 863 670 :
895 615 1044 670 Servi
1083 614 1290 668 inutiles
1343 630 1554 680 sumus;
1605 614 1742 686 quod
1797 611 2062 670 debuimus

462 713 492 782 ί
495 726 663 775 acere,
688 711 900 782 fecimus
924 708 940 778 (
966 707 1090 761 Luc.
1125 724 1232 763 xvrr
1255 706 1294 778 ).
1329 707 1420 764 Sic
1467 717 1518 762 et
1544 724 1652 764 vos.
1684 706 1824 775 Quid
1850 707 2063 763 simile?

468 802 639 858 [mmo
685 801 844 870 longe
903 800 1179 856 dissimile.
1231 799 1462 856 Tantum
1515 801 1677 857 debet
1715 801 1880 857 homo
1927 801 2062 867 Deo,

468 902 732 965 quantum
759 893 921 949 debet
957 893 1164 948 homini
1209 893 1413 948 homo?
1452 893 1626 949 Absit.
1657 893 1793 948 Nam
1820 901 1904 949 est
1929 892 2068 949 alter

470 987 625 1052 ordo,
657 986 869 1041 diversa
891 1000 1072 1052 causa,
1099 994 1124 1022 ⁸
1145 984 1420 1039 dissimilis
1448 982 1597 1040 ﬁdes.
1623 984 1764 1040 Deus
1791 984 2067 1039 hominem

468 1077 597 1133 fecit
611 1092 748 1144 esse,
775 1077 923 1132 nasci
944 1075 1127 1145 jussit,
1150 1075 1298 1131 dedit
1325 1077 1528 1141 vivere,
1559 1077 1828 1133 concessit
1853 1067 2065 1147 sapere,

469 1170 692 1225 donavit
719 1178 775 1226 et
812 1177 1077 1240 tempora,
1125 1168 1398 1223 distribuit
1428 1176 1637 1234 mtates,
1689 1167 1961 1223 concessit
1997 1167 2068 1223 ad

470 1262 720 1331 gloriam,
753 1261 965 1332 aperuit
1003 1260 1073 1315 ad
1099 1260 1384 1327 honorem,
1417 1259 1656 1330 prmfecit
1681 1259 2065 1327 animantibus,

472 1360 529 1409 et
567 1354 667 1409 toti
715 1362 873 1409 terrae
900 1353 1180 1409 dominum
1233 1351 1455 1407 deﬁnita
1501 1351 1620 1421 lege
1646 1358 1703 1406 et
1739 1357 1900 1406 aetate
1925 1366 2068 1422 prat-

473 1445 690 1516 scripsit
723 1463 735 1499 :
778 1453 834 1500 et
863 1460 987 1500 cum
1015 1444 1162 1508 talia,
1221 1451 1481 1512 tantaque
1518 1444 1692 1514 prima
1737 1442 1943 1499 homini
1971 1442 2071 1498 Dei

471 1535 737 1594 beneﬁcia
765 1538 1140 1609 deperiissent,
1165 1539 1401 1592 secunda
1427 1539 1703 1608 reparavit
1721 1544 1876 1593 tanto
1905 1537 2092 1618 majo-_

476 1646 558 1696 ra,
591 1638 796 1700 quanto
834 1630 1047 1696 divina;
1077 1630 1454 1700 praestantiora
1493 1636 1665 1697 tanto,
1705 1638 1910 1700 quanto
1957 1645 2069 1685 co:-

472 1721 647 1778 lestia.
679 1722 813 1777 Nam
834 1723 956 1778 cmli
979 1731 1103 1792 post
1130 1721 1490 1778 habitatorem
1518 1722 1686 1788 dedit,
1708 1737 1873 1792 quem
1900 1721 2069 1778 dede-

2165 538 2274 578 non
2303 527 2387 576 est
2407 519 2602 587 elatus,
2634 519 2759 588 quia
2782 517 2926 584 fecit,
2957 516 3053 572 sed
3079 532 3200 572 cum
3228 519 3490 580 devotione
3509 527 3674 598 singula

2163 616 2366 672 faciens
2403 612 2793 680 contremiscit,
2850 619 2906 667 et
2933 613 3156 682 apponit
3198 611 3405 671 domino
3453 633 3539 675 suo
3560 623 3677 684 cibos

2165 709 2513 783 multiplices,
2563 716 2681 764 arte
2726 713 2843 763 tota
2870 704 3038 762 totius
3082 707 3286 778 saporis
3321 710 3568 782 conditos;
3591 716 3679 790 ipse

2166 810 2349 859 autem
2393 801 2765 865 semicoctam,
2822 813 2925 855 nec
2969 798 3182 854 salitarn
3222 798 3432 858 forsitan
3467 809 3680 868 ccenulam

2165 903 2504 964 gustaturus;
2531 893 2815 964 porrigens
2843 890 3034 947 crebra
3052 892 3262 962 pocula,
3287 902 3311 931 ο
3338 896 3497 952 variat
3512 899 3678 969 calices,

2167 987 2291 1042 vina
2318 993 2523 1052 mutat;
2564 983 2631 1040 ad
2661 982 2954 1053 longissimi
2987 979 3008 1020 τ
3041 983 3274 1038 convivii
3310 982 3497 1042 fabulas
3527 988 3685 1062 longio-

2167 1093 2256 1134 res
2281 1085 2392 1134 stat
2411 1077 2564 1141 ﬁxus,
2597 1083 2706 1131 stat
2733 1074 2937 1130 moveri
2987 1074 3220 1142 nescius,
3250 1084 3354 1131 stat
3377 1077 3517 1147 cujus
3531 1080 3683 1140 lasses-

2168 1184 2294 1226 cere
2321 1184 2432 1224 non
2460 1168 2589 1224 licet
2614 1166 2882 1223 servituti.
2906 1164 3114 1222 Etcum
3143 1165 3382 1224 dominus
3401 1169 3502 1239 jam
3522 1181 3685 1244 partem

2168 1260 2345 1316 noctis
2390 1260 2445 1314 in
2473 1274 2665 1314 somno
2692 1256 2931 1322 deducit,
2989 1256 3203 1327 peragit
3237 1257 3290 1312 in
3315 1259 3500 1329 quiete,
3542 1277 3687 1322 servus

2170 1352 2394 1422 colligit,
2417 1359 2591 1418 curat,
2623 1357 2862 1415 accurat,
2894 1347 3070 1420 ponit,
3093 1349 3382 1418 componit,
3424 1354 3618 1422 reponit,
3647 1364 3688 1413 et

2170 1446 2249 1502 sic
2268 1446 2323 1500 in
2351 1444 2516 1501 rebus
2556 1442 2874 1500 necessariis
2903 1442 3238 1506 immoratur,
3267 1449 3326 1496 ut
3353 1443 3473 1498 nihil
3497 1445 3596 1512 sibi,
3621 1456 3689 1504 aut

2170 1555 2360 1612 parum
2399 1537 2573 1594 noctis
2617 1537 2686 1593 ad
2714 1551 2893 1593 escam
2947 1543 3191 1591 reservet
3235 1543 3291 1591 et
3317 1551 3560 1608 soporem.
3594 1537 3690 1598 Post

2171 1634 2286 1690 hac
2312 1633 2495 1689 omnia
2525 1632 2628 1687 nisi
2655 1631 2943 1703 pervigilet
2983 1631 3038 1684 in
3066 1629 3374 1697 crastinum,
3409 1637 3460 1686 et
3475 1630 3692 1692 dominum

2170 1724 2494 1796 pravenerit
2520 1723 2898 1788 dormientem,
2941 1719 3136 1788 fessus,
3182 1721 3484 1787 indefessus,
3513 1732 3536 1773 ι
3560 1726 3690 1780 mani.

473 1823 560 1870 rat
597 1823 722 1870 ante
769 1815 1000 1872 incolam
1029 1824 1389 1882 terrenorum,
1433 1823 1491 1870 ut
1518 1815 1806 1870 adversum
1860 1814 2067 1869 nullum
2096 1817 2144 1880 B
2171 1816 2316 1873 cabit
2342 1814 2411 1871 ad
2429 1815 2674 1881 verbera,
2706 1815 2774 1870 ad
2797 1821 3118 1886 praesentem
3139 1829 3349 1886 poenam
3379 1815 3496 1870 nihil
3521 1815 3687 1873 hester-

473 1907 570 1974 illi,
603 1908 779 1962 nullus
807 1908 1072 1975 incursus,
1107 1907 1132 1946 b
1156 1908 1443 1977 nullusque
1481 1923 1706 1978 serpens
1732 1908 1965 1964 terrenis
1985 1907 2067 1962 la-

472 2009 594 2057 tens
614 2001 669 2056 in
696 2001 874 2070 bonis,
906 2003 1148 2074 irrepere
1173 2003 1402 2072 amplius
1440 2005 1492 2057 in
1523 2004 1798 2060 hominem
1827 2019 1938 2060 non
1973 2017 2071 2058 va-

471 2092 640 2159 leret;
680 2101 1031 2164 servaretque
1060 2093 1298 2149 conditio
1341 2094 1454 2163 jam
1491 2103 1660 2162 certa,
1695 2109 1859 2164 quem
1886 2093 2069 2166 perdi-

471 2183 626 2239 derat
659 2196 679 2222 ε
713 2185 920 2240 incerta
947 2185 1201 2252 libertas;
1226 2193 1282 2240 et
1301 2195 1445 2242 esset
1464 2187 1627 2242 homo
1647 2187 1785 2242 liber
1803 2188 2063 2252 omnium,

469 2275 586 2330 sola
602 2275 815 2331 Domini
835 2277 1113 2343 servitute,
1146 2278 1234 2333 cui
1272 2278 1638 2334 conditionem
1657 2294 1764 2349 qua
1793 2277 1964 2335 factus
1985 2286 2070 2334 est

468 2367 650 2434 debet,
681 2369 844 2425 debet
889 2370 1153 2439 originem
1187 2371 1370 2441 :quod
1409 2371 1724 2444 redemptus
1770 2381 1890 2440 est,
1923 2373 2070 2443 quod

468 2470 682 2531 emptus
711 2468 812 2528 est,
847 2461 1009 2518 debet
1039 2464 1226 2532 utique
1275 2465 1611 2531 servitutem,
1661 2464 1877 2521 dicente
1922 2465 2070 2536 Apo-

467 2553 608 2607 stolo
641 2571 654 2607 :
688 2553 867 2610 Pretio
895 2556 1052 2627 empti
1102 2557 1246 2622 estis,
1297 2557 1459 2611 nolite
1485 2557 1602 2627 ﬁeri
1630 2557 1762 2612 servi
1800 2557 2069 2612 hominum

468 2644 511 2715 (l
533 2642 652 2700 Cor.
683 2645 800 2716 vn).
832 2644 902 2700 Et
928 2647 1197 2718 propheta
1217 2655 1278 2702 ut
1297 2647 1685 2715 conditionem,
1715 2654 1774 2704 ut
1803 2649 2068 2719 originem

465 2735 764 2791 fateretur:
789 2734 904 2810 Ego
941 2754 1118 2793 seruus
1171 2746 1307 2804 tuus,
1366 2739 1561 2809 inquit,
1603 2749 1654 2794 et
1680 2739 1822 2811 ﬁlius
1860 2739 2070 2794 ancilla:

464 2837 566 2881 tute
588 2826 761 2898 (Psal.
785 2829 929 2898 cxv).
963 2827 1076 2884 Deo
1106 2828 1231 2895 ista,
1263 2829 1472 2885 homini
1494 2829 1624 2900 quid
1643 2829 1755 2886 tale
1774 2830 1938 2887 debet
1965 2831 2066 2886 ho-

461 2922 591 2977 mo?
613 2920 678 2977 Et
707 2928 888 2978 tamen
909 2924 1113 2992 qumrit
1136 2922 1278 2978 Deus
1296 2923 1385 2979 vel
1413 2929 1660 2990 tantum;
1683 2925 1812 2994 quia
1840 2924 2070 2983 reddere

461 3013 626 3068 homo
664 3013 778 3070 Deo
807 3014 881 3069 nil
910 3014 1044 3080 vult,
1075 3013 1163 3069 cui
1190 3013 1353 3070 debet
1375 3022 1570 3070 totum.
1608 3014 1718 3072 Sed
1757 3024 2070 3088 repetamus

460 3105 768 3174 lectionem,
802 3116 858 3163 et
885 3109 1056 3164 oculis
1084 3109 1285 3164 nostris
1331 3109 1743 3166 similitudinem
1792 3125 2067 3183 propona-

2170 1924 2242 1964 no
2268 1908 2319 1964 ei
2347 1908 2597 1964 subvenit
2616 1907 2684 1964 de
2712 1907 2916 1974 labore,
2949 1907 3078 1977 quia
3108 1905 3366 1976 quidquid
3398 1907 3611 1963 dominus
3631 1909 3694 1965 in-

2169 1998 2372 2066 debite,
2433 1999 2710 2066 iracunde,
2760 1999 2955 2066 libens,
3003 1998 3213 2064 nolens,
3255 1998 3457 2064 oblitus,
3485 2000 3692 2069 cogitans,

2168 2092 2364 2160 sciens,
2397 2092 2645 2148 nesciens
2687 2092 2830 2147 circa
2868 2107 3089 2148 servum
3129 2090 3332 2159 fecerit,
3363 2091 3609 2161 judicium,
3628 2094 3694 2164 ju-

2169 2185 2334 2251 stitia,
2368 2185 2457 2240 lex
2503 2193 2605 2250 est,
2650 2184 2967 2255 imperantis
2996 2184 3076 2240 ira
3107 2183 3320 2240 subdito
3358 2183 3440 2255 jus
3465 2195 3554 2253 est,
3585 2186 3694 2246 etad

2167 2276 2380 2331 libitum
2399 2275 2606 2332 domini
2631 2291 2823 2331 vocem
2864 2292 2974 2332 non
3003 2276 3171 2332 habet
3203 2275 3434 2332 conditio
3459 2277 3692 2338 servitutis.

2169 2366 2227 2422 Si
2267 2380 2396 2437 ergo
2427 2374 2484 2422 et
2510 2381 2700 2422 servus
2726 2367 2891 2422 sentit
2925 2367 3056 2436 quid
3098 2366 3294 2423 debeat
3338 2367 3526 2423 homini
3560 2370 3694 2426 taliter

2169 2459 2475 2525 serviendo,
2510 2472 2567 2515 et
2587 2461 2914 2517 dominando
2941 2461 3198 2518 dominus
3216 2463 3422 2532 qualem
3443 2465 3696 2521 servitutem

2171 2551 2400 2607 Domino
2428 2551 2770 2608 dominorum
2817 2552 3034 2620 debeat,
3087 2551 3316 2610 docetur
3342 2562 3397 2610 et
3431 2555 3697 2625 intelligitse

2171 2646 2449 2716 magistro.
2477 2645 2594 2702 Hoc
2618 2645 2878 2717 implebat
2901 2644 3125 2712 Paulus,
3157 2648 3250 2716 qui
3280 2644 3308 2685 ιι
3349 2648 3590 2706 servitutis
3617 2663 3698 2704 stre

2171 2739 2356 2794 titulos
2383 2739 2462 2795 sic
2488 2739 2761 2796 scribebat
2785 2757 2798 2793 :
2822 2738 2994 2813 Usque
3022 2740 3097 2795 ad
3126 2740 3261 2795 hanc
3288 2741 3458 2796 horam
3481 2742 3696 2808 currimus,

2171 2841 2222 2886 et
2247 2833 2471 2899 sitimus,
2495 2841 2547 2887 et
2574 2833 2701 2887 nudi
2728 2849 2926 2900 sumus,
2949 2842 3000 2888 et
3027 2833 3266 2905 colaphis
3286 2833 3516 2890 audimus
3533 2832 3584 2906 (l
3603 2832 3694 2889 Cor.

2171 2921 2268 2995 tv).
2299 2921 2368 2977 Et
2394 2923 2523 2979 alibi
2549 2941 2562 2977 :
2587 2922 2833 2980 Lividum
2871 2923 3012 2981 facio
3040 2940 3243 2996 corpus
3268 2940 3459 2992 meum,
3503 2932 3550 2982 et
3572 2926 3699 2981 servi-

2173 3018 2275 3074 tuti
2303 3017 2532 3088 subjicio
2563 3018 2616 3090 (l
2637 3016 2757 3074 Cor.
2782 3035 2856 3086 rx,
2881 3020 3036 3092 juxta
3057 3017 3257 3092 LXX).
3293 3018 3549 3076 Praebebat
3570 3019 3698 3074 vindi-

2175 3118 2317 3166 tcam
2337 3110 2512 3166 bonus
2531 3125 2740 3179 servus,
2763 3110 2858 3181 qui
2887 3125 2947 3166 se
2975 3125 3150 3181 usque
3171 3112 3238 3168 ad
3258 3112 3470 3168 livorem
3492 3113 3559 3168 sic
3573 3124 3698 3181 agens

459 3214 578 3254 mus
598 3199 786 3270 ipsam,
818 3208 874 3256 et
899 3200 1048 3272 quod
1091 3201 1327 3256 diximus
1353 3209 1487 3258 tunc
1514 3203 1736 3270 lucebit,
1770 3204 1898 3273 quia
1941 3203 2066 3258 nul-
2094 3199 2140 3262 (Ξ
2167 3205 2371 3276 jugiter
2408 3204 2732 3261 verberabat
2763 3224 2775 3258 :
2818 3220 2922 3261 nec
2966 3205 3190 3261 laxabat
3232 3204 3381 3262 frena
3415 3206 3616 3277 corpori,
3649 3217 3699 3260 ne

458 3289 564 3348 lam
592 3291 724 3359 Deo,
757 3292 963 3347 homini
983 3300 1154 3348 totam
1181 3292 1541 3364 dependimus
1569 3295 1910 3350 servitutem.
1936 3292 2066 3360 Quis

456 3390 676 3437 uestrum
704 3381 896 3438 habens
922 3400 1126 3438 servum
1153 3392 1391 3440 orantem
1419 3395 1510 3440 aut
1523 3395 1842 3457 pascentem,
1867 3388 1956 3459 qui
1980 3404 2075 3447 res

455 3490 630 3546 gressa
651 3473 716 3528 ab
739 3491 864 3546 agro
894 3475 1073 3529 dicat:
1106 3473 1301 3530 Statim
1331 3478 1518 3543 transi,
1543 3474 1814 3543 recumbe;
1867 3486 1916 3531 et
1955 3493 2060 3532 non

455 3565 582 3619 dicit
608 3567 674 3631 ei,
708 3566 854 3620 Para
891 3565 1028 3637 quod
1058 3581 1270 3631 carnem,
1299 3575 1350 3620 et
1373 3568 1713 3638 praecingere,
1737 3575 1789 3620 et
1818 3569 2060 3622 ministra

455 3657 600 3721 mihi,
631 3657 794 3710 donec
820 3656 1148 3724 manducem,
1180 3666 1231 3711 et
1259 3655 1448 3724 bibam,
1478 3667 1530 3712 et
1557 3667 1672 3730 post
1685 3658 1797 3714 Itth
1827 3668 1879 3712 tu
1907 3675 2058 3712 man-

454 3747 667 3803 ducabis
695 3757 745 3802 et
774 3747 953 3802 bibes?
981 3748 1154 3816 Quam
1192 3748 1494 3817 familiaris,
1547 3765 1712 3822 quam
1740 3751 2051 3818 vernacula,

453 3855 617 3911 quam
642 3839 709 3895 de
731 3841 1045 3910 quotidiano
1066 3858 1166 3896 usu
1188 3843 1429 3910 veniens,
1453 3858 1618 3912 quam
1646 3845 1950 3900 communis
1971 3852 2055 3900 est

453 3932 552 3988 ista
583 3931 850 3986 doctrina.
873 3930 931 3986 Si
950 3932 1202 3988 dominus
1229 3944 1331 4001 est,
1375 3935 1469 4004 qui
1497 3935 1666 4001 audit,
1699 3937 1945 4007 agnoscit
1967 3945 2049 3993 ta-

451 4023 522 4080 lia
552 4039 610 4078 se
639 4024 857 4093 exigere
877 4039 905 4077 a
927 4039 1119 4091 servo;
1144 4025 1188 4079 si
1216 4041 1425 4092 servus,
1459 4026 1715 4082 exhibere
1736 4042 1797 4083 se
1825 4028 2050 4084 domino

451 4118 554 4174 ista
588 4117 885 4186 cognoscit.
918 4116 944 4153 ά
976 4116 1178 4172 Servus
1208 4133 1440 4187 namque
1481 4125 1605 4188 post
1633 4118 1843 4188 vigilias
1891 4127 2048 4176 ante-

451 4207 690 4274 lucanas,
722 4218 846 4280 post
875 4209 1037 4264 totius
1065 4209 1172 4264 diei
1192 4210 1372 4265 varios
1399 4218 1454 4265 et
1472 4210 1636 4266 duros
1665 4210 1897 4276 labores,
1921 4220 2048 4283 post

452 4302 781 4373 trepidantes
827 4312 882 4358 et
925 4304 1114 4358 anxios
1143 4320 1458 4370 concursus,
1509 4312 1566 4360 et
1604 4313 1764 4376 parat
1810 4305 2042 4362 Domino

454 4533 548 4648 Mn
578 4522 694 4579 Hoc
742 4531 825 4578 est
873 4523 1121 4592 ﬁdelitas,
1153 4525 1240 4580 vel
1285 4527 1592 4582 constantia
1633 4527 2040 4598 promissorum.

511 4611 620 4648 l'l'A.

511 4611 620 4648 l'l'A.

523 4665 547 4703 b
581 4664 703 4718 Alta
724 4665 811 4720 hic
841 4681 948 4720 nox
971 4666 1024 4720 in
1049 4666 1322 4724 veteribus
1350 4667 1695 4724 editionibus.
1725 4667 1925 4726 Lucem
1953 4668 2050 4724 de-

451 4737 629 4792 dimus
657 4751 724 4789 ex
755 4735 902 4789 Mita.

527 4819 546 4844 c
581 4806 832 4879 Anceps,
851 4804 1136 4879 ﬂuctuans,
1169 4811 1292 4879 quia
1321 4811 1374 4865 in
1416 4810 1662 4866 mutabili
1691 4810 1927 4867 hominis
1954 4826 2047 4866 ar-

449 4878 615 4933 bitrio
641 4877 932 4932 residebat.
966 4877 1129 4934 ΜιτΑ.

529 4946 556 4986 ἀ
588 4948 902 5034 [laudantur
949 4950 1113 5005 verba
1156 4951 1272 5006 haec
1314 4969 1342 5006 a
1395 4951 1670 5023 Pignorio,
1717 4952 1786 5010 de
1837 4951 2048 5019 Servis,

447 5035 583 5092 page
613 5019 701 5074 68.

522 5103 544 5129 ι·
579 5090 678 5145 Ms.
711 5091 998 5156 V'allicell.,
1035 5094 1207 5147 varios
1229 5094 1436 5148 calices.

522 5161 539 5200 ί
575 5161 672 5216 Vel
702 5163 827 5230 quia
853 5177 996 5232 s:epe
1037 5163 1090 5217 in
1120 5165 1381 5220 conviviis
1401 5165 1690 5229 fabulatur,
1719 5165 1806 5222 vel
1827 5164 2050 5235 respicit

448 5248 655 5288 rnorem
686 5235 1052 5302 antiquorum,
1097 5235 1151 5288 in
1177 5249 1407 5303 quorum
1455 5237 1716 5292 conviviis
1758 5235 1964 5292 ludicra
1991 5243 2048 5291 et

446 5306 660 5358 scenica
691 5304 1008 5376 agebantur,
1033 5305 1118 5360 vel
1143 5307 1428 5376 mttigmata
1457 5322 1489 5362 a
1517 5308 1759 5363 convivis
1786 5307 2044 5363 solvenda

447 5375 913 5446 proponebantur.

521 5443 685 5500 {llas
732 5444 955 5519 serviles
1004 5443 1244 5519 delicias,
1295 5448 1468 5519 inquit
1514 5447 1818 5518 Pignorius,
1867 5449 2040 5519 tangit

445 5514 721 5586 eleganter
747 5513 884 5571 Geta
913 5514 1268 5574 Terentianus
1289 5513 1510 5576 Phorm.
1542 5513 1660 5576 Act.
1682 5519 1746 5589 ll,
1779 5513 1925 5579 scen.
1947 5513 2000 5579 r':

1126 5629 1293 5683 Herus
1323 5633 1364 5683 si
1380 5633 1586 5685 redierit

511 5687 789 5740 Iolendum
828 5702 985 5753 usque
1028 5693 1078 5742 in
1128 5695 1354 5759 pistrino,
1396 5696 1756 5761 vapulandum.‘
1800 5697 2042 5750 habenda

623 5789 628 5794 .
754 5815 763 5824 '
788 5816 802 5824 ι
863 5815 874 5824 .
963 5816 976 5824 _
1715 5761 1732 5821 [
1755 5763 2039 5824 compedes,

508 5811 646 5874 Opus
666 5815 766 5866 ruri
786 5815 1082 5880 tactendum,
1111 5824 1208 5869 etc.

2074 4840 2129 4903 D

2171 3312 2270 3368 per
2297 3296 2684 3367 indulgentiam
2709 3312 2839 3353 caro
2868 3297 3049 3352 laxata
3076 3298 3303 3354 alterius
3332 3298 3600 3354 incurreret
3619 3309 3699 3352 ser-

2167 3391 2414 3446 vitutem.
2437 3389 2565 3457 Sed,
2602 3391 2786 3458 homo,
2813 3391 2961 3462 quod
2987 3407 3020 3447 a
3048 3406 3211 3448 servo
3234 3391 3416 3462 exigis,
3438 3388 3699 3461 impendeei

2166 3481 2259 3552 qui
2306 3490 2360 3537 te
2388 3481 2666 3537 dominum
2714 3480 2860 3538 fecit.
2894 3482 2975 3538 Tu
3003 3483 3096 3553 qui
3124 3498 3341 3554 semper
3383 3481 3579 3547 dormis,
3613 3487 3698 3537 ets

2163 3587 2322 3628 servo
2350 3572 2521 3642 exigis
2548 3572 2760 3642 vigilias
2786 3572 3104 3641 indefessas,
3138 3572 3424 3645 aliquando
3458 3572 3596 3643 vigila
3629 3579 3698 3626 tuo

2162 3665 2393 3722 Domino
2435 3682 2535 3737 pro
2565 3674 2618 3722 te
2661 3666 2780 3723 sine
2807 3667 3112 3724 cessatione
3151 3666 3410 3736 vigilanti,
3439 3665 3606 3721 assiste
3627 3671 3697 3717 tuo

2160 3757 2390 3814 Domino
2421 3757 2506 3814 vel
2534 3765 2814 3814 momento
2843 3773 2952 3814 uno
2975 3757 3268 3830 jejunanti,
3300 3758 3386 3815 cui
3409 3753 3699 3814 manducanti

2158 3858 2282 3906 tuus
2303 3866 2492 3907 servus
2514 3866 2732 3922 semper
2758 3851 2997 3918 assistit;
3023 3852 3245 3908 remitte
3271 3866 3424 3908 servo
3450 3845 3696 3909 innocenti.

2163 3943 2178 3980 ¹
2213 3944 2300 3999 cui
2347 3942 2598 4014 peccanti
2625 3943 2901 3999 blanditur
2937 3943 3201 4000 Dominus
3230 3951 3383 4008 tuus;
3426 3941 3490 3998 da
3529 3936 3698 3996 interim

2154 4037 2388 4102 veniam,
2420 4037 2509 4092 cui
2538 4044 2662 4092 tuus
2705 4036 2969 4092 Dominus
2993 4051 3214 4109 semper
3242 4034 3480 4106 ignoscit.
3515 4029 3698 4088 Certesi

2155 4128 2450 4199 quidquam
2478 4129 2609 4186 boni
2637 4130 2855 4195 feceris,
2912 4129 3073 4186 crede
3101 4137 3159 4186 te
3204 4132 3219 4183 l
3269 4130 3488 4186 Domino
3521 4125 3700 4183 solvisse

2154 4219 2418 4287 debitum,
2469 4235 2578 4276 non
2606 4218 2932 4277 beneﬁcium
2976 4222 3315 4292 praestitisse.
3345 4219 3468 4277 Cum
3501 4216 3695 4292 feceritis.

2153 4310 2346 4381 inquit,
2378 4313 2554 4368 omnia
2581 4329 2697 4385 qua:
2725 4323 2984 4386 pracepta
3028 4323 3150 4370 sunt
3188 4313 3351 4383 vobis,
3394 4312 3552 4378 dicite,
3597 4309 3698 4364 serti

2229 4525 2257 4566 ¹ι
2287 4527 2483 4608 Nescio
2511 4529 2758 4608 qui_d_‘de_
2794 4533 2930 4608 viris
2976 4534 3311 4608 principibus
3354 4535 3508 4608 vulgo
3525 4526 3698 4608 Διὶιοιιξεὶ

2151 4599 2388 4654 somniet
2414 4599 2562 4656 Mita.
2596 4600 2763 4656 Tituli
2790 4599 3068 4660 servitutis
3111 4599 3269 4662 erant
3299 4599 3498 4662 tabellae
3524 4603 3570 4658 in
3602 4599 3698 4669 qui-

2150 4669 2715 4745 bu_s_ins_c_ribebantur
2741 4675 3135 4745 mancipiorum
3164 4677 3359 4740 morbi,
3415 4682 3467 4732 et
3489 4671 3632 4745 rvitia_,
3656 4674 3698 4722 et

2150 4740 2413 4865 quidquid
2434 4742 2577 4799 aliud
2606 4739 3199 4829 emptorum'intererat
3231 4739 3570 4804 non’nescire.
3594 4739 3699 4794 Pen-

2189 4811 2352 4865 ebant
2379 4821 2560 4865 autem
2588 4813 2897 4865 hmusmodt
2931 4816 3071 4865 tituli
3098 4832 3167 4865 ex
3195 4833 3384 4865 eorum
3417 4815 3564 4865 ωηο.
3593 4808 3698 4865 Pru-

2189 4808 2352 4884 ebant
2379 4808 2897 4884 antemhujusmodi
2931 4816 3072 4872 tituli
3098 4832 3170 4874 ex
3195 4833 3386 4876 eorum
3417 4815 3564 4874 collo.
3593 4808 3698 4865 Pro-

2153 4882 2363 4953 pertius
2383 4880 2534 4954 Eleg.
2570 4881 2604 4936 5
2626 4880 2723 4940 lib.
2753 4901 2845 4942 tv:

2217 5059 2314 5109 Aut
2335 5071 2543 5122 quorum
2565 5058 2738 5111 titulus
2758 5071 2853 5125 per
2873 5061 3080 5113 barbara
3094 5062 3218 5114 colla
3242 5061 3491 5128 pependit.

2152 5249 2241 5323 Ait
2268 5264 2400 5320 ergo
2426 5250 2625 5308 Paulus
2643 5252 2787 5309 inter
2810 5253 2996 5312 titulos
3014 5270 3128 5312 sua:
3149 5255 3440 5322 servitutis,
3462 5247 3698 5323 εαὶμὶεεθ

2155 5320 2371 5392 famem,
2402 5324 2698 5379 nuditatem
2716 5365 2732 5392 ,
2769 5333 2878 5381 etc.

2231 5391 2248 5429 ί
2282 5391 2566 5480 Blanditur
2584 5389 2726 5480 Deus
2744 5399 3040 5480 peccatori,
3063 5398 3150 5480 ve_l
3171 5399 3353 5455 statim
3379 5411 3481 5480 nun
3503 5389 3695 5480 ριιξιξςξι·

2150 5462 2243 5540 d_o,
2275 5464 2373 5540 vel
2389 5462 3036 5540 largiendogte'tnporalia,
3060 5470 3145 5540 vel
3167 5485 3318 5526 more
3338 5462 3523 5540 οι)ῐῇφῖ
3533 5473 3693 5536 μετω-

2148 5533 2236 5612 tis,
2283 5533 2720 5612 quiumaledictis
2758 5533 2978 5612 suorum
3018 5533 3301 5612 infantium
3340 5533 3563 5612 arridet}
3603 5542 3693 5612 (1Εο

2147 5603 2321 5661 bonos
2343 5605 2567 5674 elﬁciat;
2591 5609 2678 5664 vel
2699 5610 2775 5664 uti
2798 5609 3024 5674 loquens
3043 5611 3112 5669 de
3131 5611 3296 5668 Saulo
3322 5610 3454 5668 dixit
3480 5603 3692 5674 Augusti-

2147 5691 2440 5803 serm.
2475 5669 2648 5735 l5'de
2675 5680 2826 5736 verb.
2854 5669 3068 5755 Apost"
3097 5685 3221 5741 usui
3265 5691 3318 5739 et
3340 5669 3606 5739 κακῶς
3624 5669 3694 5738 ΕΚ

2201 5765 2295 5804 lla.

2224 5821 2238 5872 t
2279 5819 2443 5890 Alias,
2469 5820 2782 5880 dominanti.
