3878 6368
159 461 253 518 625

1537 441 1772 500 SERMO
1809 442 2014 498 CLXII.

3326 457 3436 515 628

157 579 348 639 inutiles
377 591 592 640 sumus;
618 572 757 648 quod
785 569 1050 626 debuimus
1073 568 1264 640 facere,
1299 564 1533 637 fecimus.
1559 559 1740 628 Quan-
1762 562 1814 623 Α
1839 559 2013 648 voluit
2043 559 2322 618 divisionis
2347 570 2646 631 auctorem,
2682 565 2775 634 qui
2817 566 2886 621 ad
2921 567 3310 626 restituendam
3334 587 3436 630 ve-

155 677 217 734 do
234 687 330 746 per
353 685 413 726 se
436 670 604 725 homo
625 667 774 723 utilis
803 664 872 721 ad
893 662 1094 728 divina,
1127 659 1220 730 qui
1239 659 1318 715 sic
1338 657 1441 714 sibi
1462 665 1548 713 est
1566 655 1733 710 inuti-

154 769 210 824 fis
253 765 320 821 ad
358 762 634 820 humana?
667 759 882 828 Cogitet
926 756 1092 812 homo
1144 752 1325 810 cordis
1361 750 1522 815 mala,
1555 749 1734 806 carnis

154 862 286 927 vitia,
306 857 646 928 voluptatum
669 851 882 917 ﬂuctus,
905 847 1298 906 desideriorum
1325 843 1611 917 procellas,
1633 843 1735 898 ira-

153 969 256 1009 rum
280 948 552 1020 scopulos,
586 943 864 1016 naufragia
901 940 1208 1006 criminum,
1239 944 1296 994 et
1321 943 1450 992 tunc
1474 933 1735 1006 quidquid

151 1046 198 1101 in
223 1049 380 1099 seest
406 1040 540 1097 utile
571 1048 598 1077 ἰ
627 1038 780 1094 dabit
815 1036 947 1103 Deo,
986 1033 1090 1090 sibi
1125 1031 1386 1103 quidquid
1423 1029 1614 1084 inutile
1648 1035 1736 1084 est
1763 1071 1788 1096 ,

150 1132 433 1208 deputabit.
459 1130 568 1187 Sed
595 1129 664 1185 ad
701 1127 983 1200 proposita
1004 1123 1308 1188 redeamus,
1340 1128 1403 1177 ut
1429 1135 1600 1190 quare
1624 1118 1736 1175 Do-

149 1230 308 1285 minus
332 1223 628 1296 discipulos
647 1235 778 1277 suos
796 1215 1141 1276 admonuerit
1161 1213 1274 1285 jam
1295 1218 1557 1284 patescat.
1580 1209 1732 1282 Apo-

149 1322 301 1380 stolos
335 1333 469 1374 suos
514 1314 762 1372 Christus
806 1309 834 1351 δ
869 1319 932 1367 ιιι
969 1310 1211 1365 mitteret
1238 1305 1540 1378 adpopulos
1577 1303 1732 1360 vario

148 1415 322 1472 dolore
348 1411 690 1481 languentes,
726 1406 878 1464 dedit
923 1403 1030 1460 illis
1055 1401 1311 1457 virtutem
1346 1399 1585 1471 spiritus,
1625 1412 1730 1470 po-

147 1513 380 1564 testatem
430 1515 722 1574 supernam
750 1498 918 1564 dedit,
948 1495 1099 1554 dedit
1123 1493 1357 1566 gratiam
1401 1493 1728 1558 sanitatum,

146 1597 270 1655 unde
315 1593 761 1668 perambulantes
807 1591 884 1646 illi
939 1589 1240 1646 reddebant
1298 1587 1476 1643 visum
1543 1586 1726 1653 caecis,

146 1689 329 1748 claudis
354 1701 600 1752 cursum,
624 1685 804 1742 surdis
858 1683 1120 1750 auditum,
1177 1689 1236 1737 et
1279 1695 1350 1736 ne
1375 1694 1476 1751 per
1519 1678 1730 1747 singula

144 1797 227 1838 vos
249 1795 451 1848 morer,
484 1778 697 1836 cunctis
717 1777 860 1832 male
897 1774 1223 1831 habentibus
1247 1772 1453 1829 dabant
1475 1771 1726 1834 salutem,

143 1873 267 1930 unde
284 1872 582 1928 redeuntes
605 1869 978 1940 gloriabantur
997 1866 1239 1922 dicentes
1268 1883 1282 1917 :
1306 1862 1550 1929 Domine,
1573 1863 1732 1917 etiam

1839 642 1994 710 uerat
2019 653 2239 712 humani
2289 655 2503 726 generis
2530 657 2814 712 unitatem.
2858 657 3133 731 Magister,
3166 659 3251 716 dic
3280 664 3438 735 fratri

1838 765 1951 804 meo
1974 757 2031 804 ut
2059 747 2257 803 dividat
2293 766 2491 804 mecum
2518 750 2892 808 hereditatem.
2916 749 3018 808 Hic
3040 768 3148 808 non
3177 755 3438 824 magister

1837 852 2075 913 quaestus
2115 849 2225 910 est,
2265 852 2288 880 ο
2317 843 2414 898 sed
2459 859 2632 900 amor.
2663 843 2766 900 Dic
2795 847 2947 918 fratri
2980 862 3095 902 meo
3140 855 3199 902 ut
3237 847 3438 904 dividat

1836 953 2035 994 mecum
2062 937 2436 992 haredilatem.
2473 937 2608 993 Cum
2637 938 2786 1006 dicit,
2831 939 2913 994 dic
2943 942 3100 1013 fratri
3127 959 3260 1005 meo,
3289 958 3435 1014 prae-

1834 1028 1984 1084 misit
2010 1027 2157 1100 quod
2181 1027 2501 1084 charitatem
2537 1037 2776 1095 moneat,
2823 1030 2968 1100 quod
3009 1031 3317 1104 interpellet
3345 1049 3438 1089 na-

1834 1131 2031 1191 turam,
2071 1121 2218 1193 quod
2258 1122 2436 1194 pulset
2455 1121 2723 1178 aﬁectum.
2755 1121 2858 1178 Dic
2879 1125 3035 1197 fratri
3069 1141 3184 1181 meo
3210 1135 3270 1181 ut
3297 1126 3434 1182 divi-

1835 1215 1928 1271 dat
1948 1231 2148 1271 mecum
2165 1214 2539 1270 Itazreditatem.
2569 1213 2689 1270 Non
2713 1223 2895 1286 potest
2921 1216 3104 1272 dicere
3133 1217 3304 1284 fratri,
3334 1217 3435 1273 Di-

1831 1308 1965 1377 vide,
1992 1309 2086 1380 qui
2115 1323 2212 1378 per
2233 1308 2556 1379 prophetam
2575 1307 2762 1363 docuit
2793 1325 2806 1360 :
2829 1306 2968 1362 Ecce
2990 1325 3146 1380 quam
3166 1307 3357 1364 bonum
3383 1317 3436 1364 et

1833 1417 1988 1474 quam
2004 1401 2294 1473 jucundum
2321 1399 2558 1456 habitare
2579 1401 2770 1471 fratres
2789 1401 2847 1454 in
2873 1417 3034 1455 unum
3057 1400 3173 1473 (Ps.
3206 1401 3433 1472 cum).

1833 1493 1934 1549 Dic
1972 1495 2128 1568 fratri
2173 1511 2286 1549 meo
2312 1503 2373 1548 ut
2410 1493 2611 1548 dividat
2657 1509 2856 1548 mecum
2897 1492 3272 1549 hereditatem.
3302 1494 3436 1562 Qua:

1833 1587 2009 1658 major
2036 1587 2341 1654 haereditas,
2373 1601 2494 1658 quae
2517 1587 2710 1642 melior
2734 1585 3022 1642 haereditas
3049 1601 3212 1656 quam
3241 1586 3434 1643 divinae

1831 1679 2106 1735 vinculum
2135 1680 2454 1736 cbaritatis?
2482 1679 2618 1746 Quia
2647 1679 2934 1736 hzereditas
2955 1679 3246 1750 aliquando
3271 1681 3430 1752 perit,

1831 1771 2066 1827 charitas
2092 1787 2405 1842 numquam,
2437 1772 2653 1827 dicente
2682 1771 2944 1844 Apostolo
2970 1791 2982 1825 :
3013 1770 3253 1827 Charitas
3282 1788 3434 1827 num-

1831 1879 1987 1935 quam
2005 1862 2200 1918 excidit
2231 1863 2287 1935 (l
2309 1861 2430 1918 Cor.
2458 1862 2595 1934 xm).
2629 1861 2734 1920 Sed
2755 1863 2886 1920 dicit
2906 1863 3116 1933 aliquis,
3141 1862 3284 1933 Ergo
3304 1864 3434 1918 cha-

143 1967 188 2020 in
212 1964 418 2020 nomine
447 1971 535 2017 tuo
563 1960 824 2017 dmonia
853 1955 1087 2030 subjecta
1110 1965 1231 2011 sunt
1252 1953 1419 2009 nobis.
1446 1952 1596 2020 Quos
1624 1951 1731 2007 Do-
1760 1955 1808 2016 B
1833 1954 1966 2009 ritas
1993 1969 2284 2024 numquam
2301 1956 2461 2026 perit,
2492 1971 2785 2024 numquam
2807 1955 3072 2011 violatur?
3096 1953 3261 2011 Plane
3281 1971 3434 2010 num-

144 2055 296 2110 minus
322 2060 618 2125 temperat,
648 2051 835 2107 dicens
868 2068 882 2103 :
916 2046 1097 2104 Nolite
1131 2047 1359 2120 gaudere
1377 2047 1500 2118 quia
1529 2044 1726 2100 daemo-

144 2149 218 2202 nia
241 2146 476 2218 subjecta
513 2155 635 2202 sunt
663 2143 804 2201 vobis
831 2161 850 2199 :
880 2143 1099 2216 gaudete
1140 2150 1312 2196 autem
1361 2142 1483 2214 quia
1515 2141 1730 2195 nomina

143 2249 286 2295 rastra
309 2240 513 2310 scripta
533 2246 656 2292 sunt
681 2238 738 2291 in
759 2236 898 2291 castis
934 2233 1088 2308 (Luc.
1120 2232 1200 2305 Χ).
1227 2233 1371 2304 Ergo
1393 2248 1463 2289 ne
1497 2247 1596 2303 per
1614 2231 1728 2288 ela-

143 2332 319 2386 tionem
348 2329 649 2402 perderent
692 2327 840 2398 quod
868 2326 1272 2396 conquisierant
1323 2340 1422 2394 per
1463 2323 1725 2390 laborem,

142 2423 533 2496 etdeputarent
576 2422 678 2479 sibi
715 2420 861 2492 quod
889 2419 1145 2477 divinitus
1186 2419 1400 2474 fuerant
1427 2417 1724 2483 consecuti,

143 2515 198 2570 ad
217 2515 595 2582 humilitatem,
626 2529 748 2584 quae
773 2522 950 2569 mater
978 2521 1063 2568 est
1084 2512 1364 2578 doctrinae,
1389 2511 1482 2566 tali
1504 2517 1728 2566 revocat

142 2607 370 2680 exemplo
404 2625 418 2661 :
447 2605 578 2672 Quis
607 2616 830 2662 uestrum
875 2604 1068 2660 habens
1097 2621 1297 2659 servum
1345 2611 1602 2669 orantem,
1636 2611 1729 2656 aut

141 2708 429 2770 pascentem,
461 2700 548 2772 qui
571 2715 801 2772 regresso
819 2697 881 2752 ab
905 2714 1031 2770 agro
1061 2697 1203 2750 dicat
1219 2698 1286 2761 ei,
1313 2695 1509 2750 Statim
1532 2695 1722 2760 transi,

140 2790 455 2859 etrecumbe,‘
486 2800 536 2846 et
564 2807 672 2846 non
701 2790 830 2845 dicit
857 2791 923 2856 ei,
957 2788 1102 2843 Para
1125 2787 1262 2860 quod
1282 2804 1489 2854 comem,
1521 2798 1572 2842 et
1585 2803 1723 2859 pra:-

146 2885 351 2957 ciugere,
386 2894 439 2939 et
473 2885 720 2939 ministra
747 2883 874 2937 mihi
900 2881 1062 2937 donec
1104 2880 1413 2936 manducem
1449 2890 1499 2936 et
1531 2881 1722 2949 bibam,

144 2984 186 3027 et
205 2985 317 3045 post
343 2975 456 3031 lucc
477 2984 531 3028 tu
566 2972 907 3029 manducabis
941 2982 992 3028 et
1033 2971 1211 3028 bibes?
1239 2971 1369 3028 Post
1389 2981 1611 3028 exactos
1638 2973 1723 3028 la-

141 3069 294 3134 bores,
333 3077 388 3124 et
407 3083 606 3138 magna
635 3077 692 3124 et
719 3069 888 3123 multa
911 3067 1238 3125 documenta
1269 3068 1549 3135 virtutum,
1588 3084 1723 3141 apo-

139 3162 246 3218 stoli
279 3162 416 3218 satis
445 3162 548 3218 sibi
578 3163 738 3218 utiles
765 3162 1107 3228 videbantur,
1139 3162 1236 3218 sed
1263 3163 1468 3218 versari
1502 3163 1557 3216 in
1607 3163 1722 3218 luto

141 3255 318 3320 carnis,
345 3264 401 3310 et
424 3255 556 3310 limo
583 3255 832 3326 corporis
859 3253 1038 3325 hujus,
1077 3263 1134 3310 et
1154 3255 1300 3324 quod
1343 3263 1526 3310 essent
1555 3255 1720 3311 inuti-

1830 2061 2012 2116 quam,
2043 2047 2169 2116 quia
2202 2045 2223 2084 ί
2253 2048 2488 2102 charitas
2517 2047 2563 2101 si
2590 2054 2696 2111 est,
2729 2055 3042 2118 permanet;
3093 2048 3139 2102 si
3169 2063 3277 2103 non
3305 2062 3432 2118 per-

1829 2147 2032 2205 manet,
2065 2155 2175 2196 non
2205 2149 2306 2196 est.
2338 2139 2491 2196 Sicut
2515 2141 2716 2196 sterilis
2737 2141 2901 2196 arbor
2920 2154 3040 2210 quae
3061 2140 3270 2196 vernali
3291 2148 3430 2196 tem-

1830 2249 1964 2304 pore
1992 2250 2115 2290 cum
2151 2242 2263 2289 tota
2285 2233 2563 2290 candescit
2591 2234 2646 2288 in
2675 2232 2831 2300 ﬂore,
2867 2244 2891 2279 κ
2917 2233 3149 2289 fructum
3199 2249 3309 2290 non
3336 2233 3432 2289 dat

1829 2326 1940 2392 illa,
1972 2326 2068 2380 sed
2098 2325 2264 2392 fallit;
2307 2327 2382 2381 ita
2411 2333 2494 2381 est
2521 2325 2759 2382 Charitas
2802 2341 2922 2396 qua:
2961 2333 3202 2397 putatur,
3234 2333 3291 2381 et
3318 2341 3431 2381 non

1830 2426 1944 2474 est:
1979 2419 2326 2474 occasionum
2369 2434 2631 2474 concussa
2663 2416 2911 2476 fluctibus
2936 2419 3229 2486 evanescit,
3261 2433 3325 2475 ac
3351 2418 3431 2474 sic

1830 2510 1977 2566 lmdit
2003 2511 2267 2567 sollicitos
2295 2519 2351 2567 et
2377 2511 2577 2583 decipit
2605 2512 2872 2567 incautos.
2899 2511 3006 2568 Sed
3035 2513 3101 2568 ad
3135 2520 3315 2584 coepta
3341 2528 3431 2568 re-

1829 2601 2072 2657 deamus.
2116 2601 2392 2676 Magister,
2444 2603 2526 2656 dic
2566 2605 2722 2675 fratri
2751 2621 2863 2658 meo
2905 2612 2963 2656 ut
3007 2604 3205 2658 dividat
3229 2620 3429 2660 mecum

1829 2693 2202 2748 Itwreditatem.
2228 2694 2525 2749 Haareditas
2551 2695 2841 2761 mundana,
2866 2702 2992 2749 ante
3012 2695 3246 2766 posteris
3266 2695 3430 2752 infert

1823 2783 2000 2854 jurgia
2029 2799 2192 2854 quam
2221 2785 2431 2840 confert
2471 2801 2723 2851 censum;
2755 2794 3046 2856 antequam
3097 2786 3302 2843 dividat
3345 2787 3428 2842 fa-

1827 2875 2075 2942 cultates,
2094 2873 2122 2913 ιι
2152 2875 2348 2932 scindit
2373 2877 2644 2944 hzeredes;
2676 2885 2964 2947 antequam
3005 2877 3218 2934 debitas
3245 2877 3428 2934 tradat

1826 2972 2050 3042 singulis
2077 2974 2376 3043 portiones,
2409 2988 2750 3028 successores
2798 2974 2946 3044 ipsos
2973 2973 3194 3028 desecat
3216 2980 3274 3029 et
3300 2974 3426 3029 ιιιὶι·

1827 3065 1893 3120 tit
1912 3065 1965 3119 in
1995 3072 2195 3136 partes.
2229 3064 2460 3120 Proinde
2491 3081 2600 3119 non
2629 3073 2713 3119 est
2740 3064 3027 3120 hatreditas
3055 3065 3180 3131 ista,
3205 3063 3302 3120 sed
3323 3081 3425 3136 pu-

1825 3172 1962 3228 gna;
1993 3165 2049 3213 et
2075 3158 2186 3214 haec
2213 3173 2446 3214 noverca
2477 3155 2708 3213 ﬁliorum
2756 3165 2856 3224 est,
2899 3173 3009 3213 non
3035 3156 3283 3214 facultas.
3326 3157 3426 3214 llle

1825 3249 1960 3304 ditat
1979 3247 2137 3313 ﬁlios,
2162 3249 2254 3318 qui
2273 3249 2528 3318 relinquit
2547 3248 2670 3304 ﬁliis
2688 3248 3056 3319 plenissimam
3077 3249 3418 3305 charitatem.

143 3349 222 3412 les,
248 3349 583 3413 nesciebant,
628 3347 725 3404 sed
763 3348 1242 3420 deprehenduntur
1277 3364 1400 3404 cum
1427 3347 1592 3403 Judas
1613 3356 1722 3402 tra-
1749 3336 1795 3398 C
1827 3340 1896 3395 At
1931 3349 2005 3408 tu,
2037 3342 2280 3412 quisquis
2315 3343 2404 3396 ille
2451 3357 2510 3398 es
2545 3341 2638 3412 qui
2686 3342 2970 3397 Dominum
3015 3342 3112 3396 tali
3157 3341 3424 3413 petitione

141 3437 222 3503 dit,
247 3436 442 3494 Petrus
467 3447 629 3508 negat
651 3438 867 3509 (Matth.
907 3437 1076 3510 xxvx),
1101 3437 1339 3494 Joannes
1367 3439 1519 3509 fugit,
1551 3439 1718 3494 relin-

143 3540 290 3600 quunt
321 3546 507 3588 omnes
538 3530 731 3604 (Marc.
763 3531 898 3603 xw),
927 3539 987 3586 ut
1013 3532 1162 3588 solus
1187 3533 1239 3586 in
1266 3547 1374 3602 quo
1401 3541 1538 3596 erat,
1570 3538 1626 3588 et
1651 3548 1721 3588 ex

142 3638 232 3693 quo
257 3631 377 3680 erat
407 3631 522 3680 tota
552 3623 759 3678 utilitas
787 3631 1094 3693 appareret.
1132 3623 1288 3691 Quod
1327 3631 1509 3680 autem
1537 3624 1672 3679 dixit
1702 3641 1717 3678 :

145 3713 398 3785 Etpostea
425 3725 478 3768 tu
523 3713 887 3780 manducabis,
932 3723 1119 3771 monet
1159 3715 1471 3787 discipulos,
1509 3723 1568 3772 ut
1595 3725 1722 3787 post

143 3808 492 3863 ascensionem
518 3823 670 3863 suam
699 3807 883 3862 statim
905 3807 1148 3878 copulari
1189 3822 1248 3863 se
1274 3808 1506 3864 Domino
1538 3809 1591 3864 in
1627 3809 1718 3865 illa

144 3898 454 3954 beatitudine
481 3913 716 3970 superna
741 3899 1020 3967 gestirem.
1053 3897 1188 3953 Nam
1216 3897 1448 3968 denique
1471 3900 1563 3956 hic
1585 3911 1609 3940 ο
1639 3916 1722 3956 re-

144 3989 349 4048 licturos
367 3991 549 4047 omnia
568 3990 853 4062 approbat,
885 4000 943 4046 et
969 3991 1250 4062 praecingit
1277 3991 1345 4046 ad
1376 3993 1719 4048 tolerantiam

143 4084 411 4153 passionis,
443 4092 500 4140 et
535 4083 822 4139 ministerii
848 4083 933 4139 sui
961 4081 1174 4155 perﬁcit
1201 4085 1270 4140 ad
1297 4084 1557 4141 laborem.
1583 4086 1719 4143 Nam

146 4185 258 4233 tunc
284 4185 435 4233 tanto
469 4184 719 4247 tempore
766 4175 1146 4232 ministrarunt
1191 4178 1425 4248 apostoli
1478 4177 1716 4234 discum-

146 4269 300 4337 benti,
330 4279 531 4342 quanto
556 4279 804 4342 tempore
842 4270 986 4326 inter
1004 4277 1353 4342 peccatorum
1375 4273 1634 4343 coquinas
1663 4281 1720 4329 et

147 4366 366 4434 gentium
384 4365 536 4422 focos
561 4379 773 4422 umnam
801 4363 1017 4420 Domini
1045 4379 1210 4436 super
1228 4380 1444 4421 mensas
1466 4365 1718 4420 Ecclesiae

147 4454 192 4510 in
228 4457 540 4512 memoriam
583 4465 860 4526 perpetem
907 4463 1298 4525 praepararant.
1329 4454 1482 4511 Hanc
1506 4470 1717 4512 coenam

146 4547 224 4615 qui
242 4544 269 4586 δ
297 4546 464 4604 ﬁdelis
492 4555 576 4604 est
615 4547 785 4614 novit,
819 4547 914 4616 qui
941 4545 1134 4612 nescit,
1163 4553 1220 4602 et
1256 4548 1397 4604 scire
1422 4547 1714 4614 desiderat,

146 4639 206 4693 sit
229 4639 409 4697 ﬁdelis.

677 4729 909 4788 SERMO
953 4730 1158 4787 CLXII.

336 4825 414 4882 De
440 4823 616 4899 coqui
643 4823 844 4880 volebat
869 4824 1095 4879 dividere
1122 4823 1494 4879 Itwreditatem.

209 4915 447 4982 Audistis,
482 4915 696 4982 fratres,
729 4915 892 4971 hodie
911 4915 1043 4987 quid
1082 4930 1114 4970 a
1155 4914 1386 4970 Domino
1413 4915 1587 4970 haeres
1613 4916 1719 4971 bo-

151 5022 319 5064 norum
346 5009 562 5080 petierit
608 5007 1025 5062 mundanorum.
1077 5007 1352 5080 Magister,
1403 5007 1596 5076 inquit,
1635 5007 1720 5062 dic

152 5101 284 5171 fratri
314 5118 424 5157 meo
454 5109 515 5154 ut
551 5099 750 5155 dividat
783 5116 983 5155 mecum
1030 5099 1385 5154 [nereditatem
1415 5099 1566 5172 (Luc.
1600 5101 1716 5173 xu).

152 5185 367 5264 Pmceps
393 5191 682 5264 cupiditas,
735 5197 791 5246 et
839 5191 1074 5258 incauta,
1105 5191 1390 5247 mundanae
1435 5191 1545 5247 litis
1573 5193 1718 5248 arbi-

151 5286 273 5340 trum
289 5283 513 5341 credidit
539 5283 718 5354 ipstun
745 5282 928 5340 satculi
962 5285 1326 5354 cognitorem;
1358 5292 1414 5340 et
1451 5301 1576 5341 eum
1602 5283 1720 5341 ﬁeri

214 5461 306 5531 ξω
325 5471 429 5531 est,
454 5461 692 5519 ascribet
718 5461 851 5517 Deo.

215 5528 241 5572 δ
259 5528 422 5601 Alias,
437 5549 557 5588 cum
584 5535 826 5588 mitteret.
1077 5595 1080 5598 ,

218 5613 236 5642 ε
261 5603 366 5661 Νοη
392 5621 565 5678 ρειῃο
580 5605 686 5678 loci
706 5603 1032 5678 detrimento
1048 5603 1102 5658 in
1117 5601 1276 5658 editis
1296 5602 1546 5658 omnibus
1560 5601 1714 5658 deest

152 5685 243 5746 vos
258 5674 437 5746 omnia.
471 5674 755 5746 Supplevit
783 5674 1044 5730 Latinius.

214 5741 236 5780 δ
253 5744 459 5804 Sacram
482 5741 692 5803 scilicet
711 5747 1110 5810 eucharistiam,
1138 5761 1258 5815 qua:
1288 5761 1351 5799 ea
1367 5752 1526 5800 aetate
1555 5759 1711 5801 arca-

154 5813 206 5870 ni
224 5821 439 5888 tenebris
462 5818 822 5888 obtegebatur
842 5817 1146 5872 inﬁdelibus
1158 5813 1222 5871 iet
1250 5817 1671 5872 catechumenis.

219 5887 410 5961 fliditi,
434 5887 744 5961 perperam,
769 5887 860 5943 sed
887 5889 1099 5961 amoris.
1189 5957 1236 5961 η
1314 5959 1320 5961 Α
1481 5958 1514 5961 __
1576 5958 1586 5961 Α
1707 5903 1712 5922 =

220 5907 239 5925 '
263 5907 410 5955 uuln,
507 5907 744 5961 rperam,
769 5907 860 5943 sea
887 5907 1099 5944 amoris.

220 5957 238 5996 '
259 5907 852 6030 Juxta.geAugttstinum
880 5960 1109 6022 relatum
1136 5974 1166 6014 a
1189 5957 1442 6030 Magistro
1466 5958 1704 6019 distinct.

1824 3435 2136 3505 compellas,
2189 3434 2472 3489 Dominum
2520 3449 2804 3506 provocas,
2853 3435 3140 3490 Dominum
3164 3435 3422 3508 producis

1825 3527 1892 3582 ad
1908 3527 2076 3591 litem,
2091 3542 2213 3582 cum
2234 3542 2343 3596 quo
2365 3527 2463 3582 tibi
2479 3527 2771 3597 Apostolus
2792 3527 3160 3583 baereditatem
3185 3528 3347 3584 docet
3365 3535 3423 3583 et

1825 3619 2061 3674 ostendit
2081 3634 2200 3675 esse
2215 3635 2554 3675 communem
2573 3619 2649 3673 εΗ
2658 3619 2871 3687 (credes,
2891 3620 3083 3690 inquit,
3102 3619 3202 3674 Dei
3221 3637 3419 3686 sumus,

1824 3710 2114 3766 cohwredes
2131 3722 2298 3766 autem
2323 3709 2516 3765 Christi
2537 3710 2714 3783 (Rom.
2737 3728 2830 3768 vut
2851 3711 2892 3784 ).
2918 3711 3017 3768 Hic
3033 3712 3129 3766 tibi
3156 3712 3237 3768 sic
3250 3715 3423 3768 haeres

1823 3810 1926 3868 est,
1942 3803 2033 3858 hic
2053 3811 2136 3858 est
2159 3803 2256 3858 tibi
2284 3802 2470 3867 frater,
2499 3803 2592 3872 qui
2616 3802 2893 3859 nascendi
2910 3811 3076 3869 sorte,
3101 3804 3420 3861 conditione

1823 3894 2119 3959 crescendi,
2151 3895 2368 3950 vivendi
2390 3895 2598 3960 ordine,
2629 3894 2896 3951 moriendi
2917 3895 3084 3962 exitu,
3115 3912 3213 3966 per
3233 3895 3417 3951 omnia

1823 3988 1921 4042 tibi
1934 3988 2105 4054 voluit
2119 3988 2309 4042 similis
2331 3988 2580 4043 inveniri.
2611 3987 2746 4041 Nam
2766 4002 2887 4042 cum
2905 3995 3124 4042 essetet
3144 3987 3292 4042 solus
3318 3986 3419 4042 Dei

1823 4082 2014 4147 hatres,
2064 4091 2119 4136 et
2147 4080 2314 4136 Filius
2343 4083 2534 4137 unicus
2575 4097 2676 4152 per
2704 4091 2969 4148 naturam,
3012 4091 3064 4136 te
3087 4082 3415 4153 participem

1820 4173 1944 4240 sibi,
1973 4182 2025 4228 te
2064 4174 2404 4230 cohazredem
2447 4175 2548 4230 sibi
2591 4175 2763 4230 voluit
2787 4182 2842 4229 et
2863 4172 2991 4230 fecit
3018 4189 3138 4230 esse
3166 4189 3264 4245 per
3289 4189 3418 4244 gra-

1821 4267 1972 4332 tiam,
2003 4268 2097 4337 qui
2143 4283 2266 4323 eras
2304 4267 2470 4323 miser
2509 4275 2566 4322 et
2605 4266 2878 4337 subjectus
2903 4268 3104 4322 ultima:
3147 4267 3413 4323 servituti.

1821 4358 2057 4414 Habebis
2083 4359 2285 4429 itaque,
2317 4366 2373 4414 et
2401 4359 2600 4416 collata
2629 4359 2833 4430 poteris
2860 4359 3090 4416 feliciter
3115 4359 3415 4430 possidere,

1821 4451 1866 4506 si
1891 4452 2155 4506 manseris
2185 4452 2239 4505 in
2268 4451 2390 4506 aula
2421 4449 2614 4517 Patris,
2647 4451 2692 4506 si
2720 4450 2884 4507 fueris
2905 4452 2959 4506 in
2987 4449 3168 4506 divina
3199 4450 3418 4506 hazredi-

1821 4550 1932 4597 tate
1960 4542 2279 4597 communis.
2315 4542 2439 4596 Dari
2486 4551 2684 4613 potest,
2735 4542 2899 4598 dividi
2941 4558 3050 4598 non
3091 4549 3273 4614 potest
3298 4557 3420 4598 sors

1821 4635 2020 4702 divina,
2064 4635 2191 4703 quia
2220 4635 2461 4691 caelestia
2504 4643 2560 4690 et
2585 4635 2678 4705 qui
2719 4636 2928 4691 dederit
2961 4651 3070 4691 non
3114 4635 3332 4702 amittit,
3363 4642 3422 4690 et

1741 4726 1797 4787 D
1821 4727 1913 4796 qui
1956 4727 2228 4797 acceperit
2273 4727 2374 4782 sibi
2416 4727 2759 4797 singulariter
2805 4743 2914 4783 non
2956 4727 3218 4783 recondit.
3263 4724 3421 4781 Unde

1819 4824 1984 4879 homo
2012 4821 2141 4892 quid
2184 4821 2326 4877 hunc
2355 4821 2424 4876 ad
2451 4822 2769 4878 divisionem
2800 4837 2980 4886 vocas,
3011 4821 3141 4890 quid
3180 4821 3322 4874 hunc
3349 4817 3419 4874 ad

1821 4915 2210 4972 discussionem
2240 4915 2576 4970 miserandus
2603 4915 2830 4980 invitas,
2862 4915 2990 4984 quid
3019 4915 3087 4968 ab
3116 4928 3182 4968 eo
3206 4918 3419 4982 partem

1820 5009 1981 5080 petis,
2013 5008 2104 5077 qui
2143 5005 2237 5061 tibi
2284 5007 2530 5077 quatsivit
2576 5014 2632 5062 et
2660 5007 2890 5062 contulit
2932 5005 3143 5060 totum?
3189 5003 3290 5058 Vel
3318 5019 3417 5058 ex-

1818 5111 2007 5172 pertus
2049 5116 2220 5165 cessa,
2251 5109 2306 5154 et
2331 5099 2442 5170 jam
2473 5099 2733 5170 pteniteat
2763 5098 2888 5152 talia
2930 5105 2985 5152 te
3011 5096 3251 5168 petiisse.
3283 5093 3420 5148 Nam

1821 5203 2030 5265 partem
2059 5192 2374 5248 substantize
2399 5190 2708 5262 principalis
2737 5188 3011 5260 accepisti,
3043 5195 3098 5242 et
3138 5193 3418 5256 acceptam

1821 5285 2160 5358 peregrinus,
2191 5297 2379 5352 vagus,
2409 5283 2716 5339 luxuriosus
2754 5295 2878 5337 cum
2916 5278 3205 5334 luxuriosis
3236 5277 3420 5333 helluo

1825 5460 1887 5515 51
1922 5460 2016 5516 lib.
2048 5477 2104 5516 ιιι
2139 5457 2446 5532 :_Charitas,
2477 5476 2590 5532 qua:
2619 5459 2786 5532 deseri
2815 5467 2998 5532 potest,
3029 5473 3308 5532 numquam
3333 5472 3420 5532 ue-

1820 5549 1882 5585 ra
1911 5533 2011 5604 fuit
2024 5549 2048 5604 ;Δ
2073 5539 2130 5587 et
2149 5525 2502 5604 Ambrosius}
2535 5530 2690 5585 Ficta
2721 5525 2950 5584 clta'ritas
2977 5537 3072 5593 est,
3103 5525 3218 5600 qua:
3237 5529 3293 5581 in
3320 5525 3420 5580 uda

1819 5601 1978 5657 uersis
2012 5601 2218 5656 deserit.
2263 5601 2342 5656 Ex
2373 5601 2518 5656 Mita.

1894 5683 1919 5746 β
1943 5672 2043 5746 his.
2071 5672 2302 5738 Caesen.,
2330 5673 2668 5746 fructumdat
2693 5672 2911 5746 nullum.

1891 5745 1917 5782 ³·
1947 5737 2366 5816 Chrysostomu's
2395 5745 2536 5813 apud
2564 5743 2814 5814 Lippom.
2847 5744 2900 5797 in
2928 5739 3133 5797 Catena
3156 5760 3180 5816 Δξ
3213 5737 3416 5816 Facul-

1825 5825 1987 5870 tatum
2011 5811 2285 5871 multitudo
2316 5811 2618 5870 divisionem
2632 5811 2906 5885 operatur,
2939 5813 3272 5870 concordiam
3311 5811 3414 5868 int-

1820 5887 1978 5960 pedit,
2005 5895 2060 5942 et
2086 5887 2410 5958 cognationis
2443 5886 2704 5941 vinculum
2735 5886 2953 5944 dirimit.
