3878 6368
502 407 608 465 627

1754 383 1810 441 S.
1853 377 2056 437 PETRI
2095 329 2529 434 CHRYSOLOGI
3413 358 3415 360 ’
3449 346 3452 350 ’
3621 385 3694 439 m

499 518 779 598 perdidisti
804 517 953 591 (Luc.
979 512 1092 586 xv).
1124 508 1262 566 Hinc
1284 502 1524 578 paradisi
1549 500 1734 566 exsul,
1765 499 1890 556 hinc
1917 498 2093 553 btere-
2118 502 2173 563 Α
2197 513 2312 552 rum
2334 494 2375 566 (Ι
2405 491 2538 548 Tim.
2569 490 2645 560 vi)
2672 507 2685 543 :
2717 503 2836 560 qum
2864 501 2983 544 cum
3014 484 3248 564 radicari
3265 486 3467 578 ceperit
3485 489 3532 544 in
3557 445 3694 565 corde,

501 590 687 672 ditatis
725 590 932 672 exsors,
963 605 1090 660 hinc
1116 600 1350 658 extorris
1386 613 1419 654 a
1447 598 1576 653 vita.
1609 595 1802 660 Homo,
1835 592 1965 648 dicit
1995 590 2092 646 tibi

501 702 774 780 Christus,
804 696 970 772 Quod,
988 711 1020 750 a
1046 709 1153 760 me,
1177 700 1233 749 et
1259 706 1358 762 per
1397 703 1487 746 me
1513 694 1836 744 consecutus
1864 699 1944 747 es,
1975 683 2094 738 sine

500 776 590 853 me
618 809 728 850 non
753 789 960 864 poteris
979 785 1275 866 possidere,
1304 782 1432 853 quia
1451 781 1570 838 sine
1590 793 1677 835 me
1703 777 1879 850 qualis
1905 776 2089 840 fueris,

501 889 613 961 jam
667 884 895 950 vidisti;
957 881 1062 937 hoc
1111 879 1288 935 sciens
1341 890 1441 947 pro
1495 881 1552 931 te
1614 870 1832 928 Patrem
1885 870 2096 938 ingrate

501 980 746 1039 omnium
771 978 852 1034 sic
875 973 1099 1048 poposci
1127 990 1139 1025 :
1171 970 1353 1036 Pater,
1375 984 1501 1042 quos
1522 965 1707 1021 dedisti
1733 964 1882 1027 mihi,
1904 962 2017 1018 uolo
2038 969 2096 1016 ut

501 1072 589 1127 ubi
615 1087 709 1143 ego
741 1085 877 1136 sum,
915 1075 966 1122 et
1001 1065 1079 1120 illi
1107 1065 1214 1120 sint
1249 1077 1446 1118 mecum
1474 1057 1656 1134 (Joan.
1689 1055 1840 1127 xvn).
1873 1053 1941 1110 Et
1967 1053 2095 1126 quia

501 1180 607 1221 nec
642 1164 749 1220 hoc
777 1161 872 1216 tibi
914 1156 1161 1215 sufﬁcere
1187 1161 1406 1228 poterat
1430 1152 1498 1208 ad
1542 1150 1787 1217 tutelam,
1816 1163 1944 1204 nam
1973 1160 2096 1203 cum

502 1270 718 1316 mecum
745 1268 895 1311 esses
921 1252 977 1306 in
1004 1249 1274 1322 paradiso,
1301 1254 1363 1304 et
1389 1255 1416 1284 ι
1444 1252 1596 1303 extra
1623 1258 1712 1299 me
1742 1251 1799 1297 tu
1821 1241 2095 1313 periisses,

505 1349 701 1422 adjeci,
726 1348 912 1403 dicens
937 1363 952 1399 :
982 1343 1164 1412 Pater,
1193 1343 1326 1398 sicut
1356 1349 1408 1395 tu
1439 1341 1492 1394 in
1519 1355 1621 1402 me,
1651 1346 1700 1391 et
1726 1353 1818 1412 ego
1845 1337 1899 1390 in
1927 1344 1990 1400 te,
2021 1335 2098 1387 ita

506 1454 560 1499 et
572 1421 662 1499 isti
682 1443 740 1497 in
758 1440 906 1496 nobis
925 1454 1088 1492 unum
1112 1439 1237 1492 sint.
1259 1433 1374 1505 Ego
1395 1442 1453 1488 ut
1473 1431 1650 1487 Patris
1676 1431 1818 1486 bona
1846 1421 2094 1492 habeam,

504 1535 748 1611 processi
795 1533 864 1589 de
902 1529 1083 1596 Patre,
1133 1547 1164 1584 a
1193 1527 1354 1583 Patre
1382 1525 1598 1597 penitus
1621 1538 1732 1579 non
1772 1520 1974 1576 recessi
2000 1536 2013 1573 :
2042 1526 2099 1574 et

505 1630 631 1686 ideo
670 1635 883 1684 tantum
920 1631 976 1680 te
1000 1623 1069 1695 Ein
1105 1621 1262 1678 nobis
1289 1619 1492 1675 habere
1515 1616 1659 1682 volo,
1689 1622 1952 1685 quantum
1999 1626 2098 1666 nos

505 1723 614 1796 ipsi
639 1736 843 1786 sumus,
868 1724 924 1775 et
938 1730 1218 1772 manemus
1239 1713 1296 1769 in
1317 1711 1494 1767 nobis.
1518 1709 1715 1766 Desine
1738 1721 1867 1775 ergo
1888 1705 1974 1760 vel
2007 1720 2097 1759 su-

505 1832 672 1889 perna
689 1812 946 1878 dividere,
968 1809 1056 1865 vel
1068 1808 1136 1864 de
1149 1807 1380 1863 terrenis
1400 1819 1488 1860 me
1507 1801 2003 1870 audientelitigare,
2029 1812 2098 1852 ne

2191 588 2271 643 sic
2301 602 2511 641 morum
2541 583 2765 652 dissipat
2805 587 3148 643 ornamenta,
3190 571 3368 632 sicut'c
3399 575 3539 635 arbor
3579 587 3696 644 noxia

2190 680 2448 736 feralibus
2475 677 2748 733 radicibus
2777 689 2915 729 nexa
2938 670 3114 738 solvit,
3146 678 3199 724 et
3219 668 3429 742 dissipat
3451 687 3697 736 monumen-

2191 784 2248 832 ta
2275 772 2561 844 majorum.

2742 859 2974 948 smnio
3011 856 3234 914 CLxm.

2480 1001 2563 1059 De
2609 1011 2927 1058 terrenarum
2965 1012 3092 1052 cura
3139 995 3472 1067 despicienda.

2265 1162 2418 1220 Beati
2443 1177 2674 1234 quorum
2701 1158 2867 1216 corda
2894 1155 3189 1214 hodiernus
3226 1153 3475 1210 Dominici
3501 1159 3704 1214 sermonis

2193 1258 2502 1332 penetravit
2538 1256 2766 1312 auditus.
2808 1253 2960 1310 Beati
3001 1265 3233 1322 quorum
3272 1255 3467 1304 mentes
3499 1253 3706 1318 promovit

2195 1354 2268 1410 ad
2305 1353 2466 1410 tidem
2507 1358 2656 1407 tanta
2685 1358 2740 1406 et
2779 1348 2912 1405 talis
2945 1343 3237 1418 promissio
3278 1341 3562 1398 Salvatoris.
3597 1342 3706 1401 Beati

2197 1448 2292 1520 qui
2311 1446 2630 1504 credulitate
2654 1444 2955 1502 caelestium
2983 1439 3356 1496 mandatorum
3381 1436 3512 1492 duris
3535 1437 3707 1494 absoluti

2198 1546 2326 1596 sunt
2353 1537 2700 1609 praesentium
2727 1535 2890 1592 curis.
2925 1532 3044 1588 Tali
3071 1544 3300 1600 namque
3318 1528 3470 1584 hodie
3487 1528 3708 1600 discipulos

2197 1646 2349 1697 suos,
2399 1630 2563 1685 immo
2609 1643 2800 1684 omnes
2845 1626 3294 1688 auditores-suos,
3347 1620 3579 1676 Dominus
3615 1638 3709 1678 vom

2199 1722 2492 1794 compellat
2521 1739 2535 1774 :
2561 1718 2742 1777 Nolite
2776 1719 2984 1776 solliciti
3036 1732 3148 1772 esse
3197 1714 3380 1768 anima
3431 1722 3588 1767 vestra
3619 1715 3705 1784 quid

2200 1815 2552 1878 manducetis,
2615 1829 2776 1885 neque
2819 1810 3024 1882 corpori
3077 1816 3240 1864 vestro
3294 1804 3423 1869 quod
3463 1805 3703 1859 mtinmini.

506 1924 668 1980 quem
695 1916 848 1963 ῐθηθδ
869 1912 925 1961 ει
948 1903 1117 1960 habes
1140 1901 1303 1958 hOdie
1327 1899 1638 1970 largitorem
1661 1897 1840 1968 Pium:
1872 1894 2097 1950 εθνθτίε·
2128 1889 2170 1947 Β
2198 1909 2389 1962 Anima
2417 1905 2528 1977 plus
2568 1916 2642 1960 est
2669 1921 2824 1978 quam
2859 1919 2995 1968 esca,
3045 1910 3098 1956 et
3146 1914 3327 1970 corpus
3372 1897 3480 1969 plus
3503 1906 3568 1952 est
3596 1915 3706 1969 quan

507 2005 701 2060 simum
730 2000 936 2057 sentias
959 1997 1300 2071 postmodum
1323 1993 1678 2064 cognitorem.
1704 1989 1810 2045 Sed
1833 1987 1947 2058 jam
1970 1987 2100 2057 quid

507 2096 849 2166 responderit
877 2093 1136 2149 Dominus
1169 2089 1448 2145 audiamus
1479 2104 1493 2140 :
1527 2084 1718 2150 Homo,
1763 2083 1954 2153 inquit,
1987 2082 2099 2154 quis

509 2204 591 2242 me
625 2185 890 2240 constituit
912 2183 1141 2255 judicem
1180 2187 1272 2234 aut
1309 2178 1582 2232 divisorem
1620 2191 1776 2247 super
1815 2172 1941 2228 vos?
1972 2169 2100 2236 Quis

510 2295 592 2333 me
614 2277 880 2332 constituit
901 2275 1130 2346 judicem
1153 2274 1176 2326 ?
1197 2271 1260 2324 Et
1285 2270 1371 2325 ubi
1400 2275 1484 2324 est
1505 2266 1630 2324 illud
1647 2264 1790 2335 quod
1811 2272 1869 2318 tu
1897 2261 2098 2328 dixisti,

511 2372 740 2425 Domine
773 2388 787 2423 :
817 2368 977 2424 Pater
1004 2368 1258 2422 neminem
1291 2364 1513 2436 judicat,
1556 2360 1647 2416 sed
1677 2377 1826 2415 omne
1846 2359 2102 2430 judicium

511 2462 654 2517 dedit
685 2459 826 2514 Filio
863 2457 1042 2530 (Joan.
1085 2457 1140 2526 v)
1162 2458 1185 2510 ?
1214 2456 1317 2510 Aut
1363 2454 1635 2508 divisorem
1672 2469 1828 2522 super
1874 2451 2008 2504 vos?
2038 2448 2103 2502 Et

512 2555 638 2625 quis
663 2554 866 2608 dividet
891 2553 1066 2621 justos
1095 2551 1162 2605 ab
1207 2547 1434 2618 injustis,
1466 2548 1605 2600 sicut
1645 2551 1893 2614 segregat
1919 2551 2106 2614 pastor

517 2661 649 2702 oves
692 2646 759 2699 ab
789 2643 957 2699 hatdis
988 2641 1202 2713 (Matth.
1236 2641 1362 2709 xxv)
1387 2640 1410 2694 Υ
1439 2637 1497 2694 Si
1533 2638 1629 2692 tibi
1653 2635 1912 2707 judicium
1941 2635 2106 2690 debe-

514 2745 603 2792 tur
627 2735 882 2801 hominis,
923 2742 982 2789 et
1021 2748 1118 2803 per
1160 2740 1212 2787 te
1250 2739 1333 2787 est
1367 2729 1532 2785 totius
1576 2728 1756 2784 saeculi
1784 2725 2106 2782 celebranda

514 2829 730 2895 divisio,
779 2826 1054 2898 quomodo
1093 2825 1247 2888 dicis,
1293 2820 1420 2888 Quis
1468 2839 1550 2877 me
1584 2821 1848 2876 constituit
1878 2819 2107 2890 judicent

514 2929 606 2976 aut
635 2918 909 2975 divisorem
926 2933 1081 2988 super
1100 2916 1231 2970 vos?
1259 2912 1356 2968 Est
1375 2912 1594 2983 quidem
1616 2927 1784 2984 penes
1809 2908 2104 2970 Christum,

516 3021 575 3070 et
599 3011 716 3080 fuit,
749 3019 913 3081 atque
937 3010 1042 3065 erit
1066 3022 1228 3064 omne
1251 3005 1532 3077 judicium,
1555 3005 1650 3060 sed
1681 3014 1808 3060 tunc
1834 3019 1943 3059 non
1967 3001 2111 3073 judi-

513 3114 736 3164 caturus
758 3110 1000 3172 venerat,
1023 3102 1120 3159 sed
1134 3100 1476 3173 judicandus,
1501 3115 1603 3157 nec
1630 3099 1940 3155 addicturus
1962 3113 2106 3163 reos,

2200 2001 2554 2056 uestimentum
2599 1996 2748 2067 (Luc.
2781 1995 2898 2064 xn).
2926 1991 2953 2031 ά
3005 1992 3138 2060 Quis
3174 1991 3254 2046 sic
3281 1989 3351 2043 ita
3393 1987 3578 2042 invidus
3595 1988 3708 2042 bonis

2201 2093 2334 2158 suis,
2365 2092 2488 2162 quis
2514 2091 2592 2146 sic
2619 2090 2828 2146 deliciis
2853 2089 2965 2146 suis
3002 2086 3270 2149 inimicus,
3317 2090 3372 2137 ut
3409 2087 3657 2150 spontaneo
3677 2089 3714 2134 et

2201 2185 2413 2241 emlitus
2459 2191 2756 2253 prteparata
2814 2179 3098 2249 despiciat,
3149 2185 3206 2230 et
3251 2171 3567 2241 concupiscat
3600 2185 3710 2224 mun-

2203 2275 2361 2332 danis
2408 2274 2685 2330 laboribus
2734 2281 2790 2326 ct
2844 2269 3126 2326 doloribus
3165 2264 3494 2335 conquisita?
3533 2261 3714 2331 Degener

2209 2368 2369 2423 nimis
2417 2367 2646 2430 animus,
2702 2380 2857 2419 mens
2898 2372 3010 2416 tota
3034 2359 3254 2416 servilis
3299 2365 3396 2424 est,
3425 2369 3532 2425 qua:
3569 2368 3718 2422 coquo-

2205 2476 2324 2516 rnm
2353 2469 2376 2498 ε
2408 2457 2639 2523 alllatus,
2671 2457 2950 2526 squalorcs
2991 2453 3258 2523 coquinae,
3302 2451 3534 2506 hesterno
3557 2447 3721 2502 horrore

2207 2549 2428 2606 fetentia
2455 2550 2733 2622 perquirat
2769 2548 3014 2611 obsonia,
3057 2545 3147 2600 cui
3181 2543 3378 2612 jugiter
3412 2540 3566 2609 regius
3588 2537 3721 2592 descr-

2206 2645 2285 2700 vit
2311 2653 2474 2713 atque
2502 2643 2710 2712 adjacct
2738 2647 3047 2712 apparatus.
3113 2636 3236 2692 Noli
3279 2649 3422 2703 ergo,
3463 2633 3616 2696 homo,
3641 2631 3722 2684 ina-

2205 2738 2296 2793 nia
2327 2737 2658 2809 providendo
2686 2751 2923 2806 gemere,
2951 2734 3061 2788 noli
3092 2733 3344 2787 laborare
3371 2727 3552 2784 caduca
3573 2740 3723 2796 prepa-

2208 2832 2398 2896 rando,
2431 2831 2557 2901 quia
2586 2829 2796 2902 prandii
2828 2829 2904 2885 tui
2937 2841 3158 2897 semper
3186 2833 3242 2880 et
3269 2822 3459 2891 ubique
3483 2819 3606 2874 Deus
3623 2832 3721 2888 pre-

2208 2933 2434 2996 parator
2469 2923 2694 2979 assistit.
2725 2920 2859 2989 Quis
2895 2936 2993 2976 rex
3033 2917 3250 2974 devotis
3285 2912 3524 2968 militibus
3550 2909 3724 2966 debitam

2209 3033 2321 3074 non
2351 3025 2606 3088 procurat
2631 3015 2946 3072 annonam?
2975 3012 3110 3079 Quis
3137 3008 3386 3066 dominus
3412 3003 3622 3062 ﬁdelibus
3645 3016 3725 3056 ser-

2211 3111 2294 3168 vis
2340 3110 2442 3166 ista
2470 3110 2674 3167 cibaria
2703 3124 2813 3164 non
2859 3104 3178 3163 ministrat?
3211 3101 3343 3170 Quis
3381 3106 3524 3170 pater
3546 3110 3634 3150 non
3667 3092 3728 3148 dat

515 3200 613 3258 sed
639 3215 674 3256 a
719 3199 830 3256 reis
859 3199 1122 3254 innocens
1161 3193 1508 3252 addicendus.
1556 3192 1615 3248 ln
1660 3192 1877 3248 homine
1918 3192 2113 3262 agebat
2149 3268 2184 3276 _
2212 3218 2411 3276 panem
2441 3201 2608 3257 ηιίίεσρ
2635 3199 2692 3258 εί
2720 3214 2851 3270 ει.εο
2880 3199 3036 3256 nobis
3056 3199 3223 3263 Deus,
3253 3203 3310 3251 ει
3334 3208 3426 3248 re,
3445 3200 3496 3246 ει
3517 3187 3726 3246 Dominus,

515 3295 708 3363 Deum,
741 3294 797 3349 in
824 3308 984 3350 servo
1009 3290 1308 3358 dominum,
1332 3297 1393 3345 ut
1412 3295 1560 3345 esset
1583 3285 1806 3342 vernula
1829 3286 2104 3357 temporis,

2215 3268 2271 3354 et
2297 3295 2462 3352 Pater
2488 3303 2592 3362 est,
2622 3293 2752 3364 quid
2789 3268 3040 3362 negabit?
3086 3286 3380 3360 Stipendiis
3422 3283 3522 3342 suis
3557 3280 3731 3335 militans

515 3388 610 3460 qui
638 3398 755 3444 erat
783 3392 840 3443 et
867 3384 1041 3441 factor
1064 3390 1120 3438 et
1137 3382 1387 3451 cognitor
1398 3381 1738 3437 smculorum.
1761 3378 1953 3433 Merito
1981 3391 2112 3447 ergo

517 3479 802 3552 respondit
843 3496 857 3533 :
891 3476 1019 3543 Quis
1052 3493 1135 3532 me
1161 3475 1426 3530 constituit
1447 3473 1679 3546 judicent
1715 3481 1806 3525 aut
1843 3471 2114 3525 divisorem

517 3589 674 3644 super
691 3571 815 3627 vos?
835 3569 905 3625 Et
922 3569 1044 3640 quis
1070 3583 1194 3624 eum
1214 3567 1568 3623 constitueret
1582 3562 1839 3633 judicem,
1869 3563 1962 3632 qui
1982 3578 2115 3617 con-

519 3666 695 3724 stituit
714 3672 770 3719 et
798 3661 1033 3718 restituit
1058 3659 1344 3715 universa?
1366 3656 1612 3712 Christus
1633 3656 1700 3710 ad
1717 3654 2002 3722 litigatoris
2028 3670 2114 3708 ar-

519 3756 743 3813 bitrium
779 3753 982 3808 arbiter
1021 3766 1141 3806 esse
1184 3766 1291 3804 non
1321 3755 1554 3819 poterat,
1595 3746 1690 3816 qui
1728 3747 1894 3804 totius
1926 3745 2114 3814 judicii

519 3861 729 3904 summa
756 3853 840 3900 est
867 3852 924 3898 et
959 3851 1219 3913 potestas.
1252 3839 1277 3878 δ
1315 3837 1384 3893 At
1423 3838 1500 3892 illi
1523 3836 1768 3906 jurgator
1795 3852 1965 3906 quare
2005 3853 2111 3892 non

519 3938 814 4010 opposuit:
844 3934 1128 4004 Quomodo
1167 3949 1274 3988 non
1305 3931 1561 3986 invitatus
1587 3945 1618 3983 a
1647 3928 1813 3984 fratre
1854 3930 2035 3985 taliter
2057 3940 2112 3986 tu

517 4030 747 4105 petisti?
775 4028 980 4092 Nescis,
1011 4025 1154 4096 quod
1172 4026 1347 4092 justus
1371 4021 1635 4078 mediator
1662 4036 1770 4075 non
1798 4028 1900 4088 est,
1931 4022 2022 4091 qui
2045 4021 2113 4076 ab

518 4137 626 4180 una
667 4128 874 4176 tantum
911 4117 1127 4188 eligitur
1163 4115 1358 4187 parte?
1398 4113 1595 4168 Verum
1633 4113 1748 4168 haec
1788 4127 1895 4166 non
1937 4113 2108 4178 dixit;

519 4215 616 4272 sed
654 4213 859 4268 invisus
887 4210 1076 4274 astitit,
1120 4216 1178 4264 ut
1206 4206 1562 4276 adjudicantis
1590 4205 1665 4260 illi
1694 4203 1775 4259 fas
1805 4213 1967 4268 esset,
2001 4205 2110 4261 fra-

518 4308 590 4364 tri
627 4322 734 4360 non
764 4311 931 4368 esset,
973 4301 1180 4358 resilire
1219 4299 1561 4355 sententiam.
1607 4296 1676 4353 Et
1712 4299 1838 4368 quia
1867 4295 2113 4354 Christus

413 4381 420 4388 ’
520 4406 868 4456 correcturus
911 4400 1154 4455 venerat,
1204 4408 1312 4445 non
1360 4390 1709 4446 damnaturus
1751 4405 1922 4456 reum,
1971 4406 2109 4460 prae-

518 4500 681 4562 cepto
709 4496 955 4546 removet
994 4487 1235 4542 fomitem
1261 4485 1592 4555 jurgiorum,
1623 4485 1884 4541 dicendo:
1909 4484 2107 4551 Videte,

522 4593 699 4639 cavete
714 4581 778 4636 ab
805 4581 1047 4634 avaritia.
1069 4578 1182 4634 Hoc
1202 4587 1288 4633 est
1314 4578 1495 4633 dicere
1515 4595 1528 4630 :
1547 4577 1843 4647 Abjieiatur
1857 4577 2103 4642 avaritia,

2214 3388 2442 3458 derogat
2467 3387 2624 3442 miles
2662 3385 2810 3453 regi;
2853 3384 2965 3440 suis
2991 3381 3300 3452 sumptibus
3317 3377 3492 3434 vivens
3523 3371 3732 3430 dominum

2213 3494 2403 3536 servus
2429 3484 2683 3543 accusat;
2715 3492 2815 3546 pro
2846 3491 2907 3532 se
2934 3473 3204 3530 sollicitus
3232 3469 3371 3526 ﬁlius
3412 3466 3574 3536 culpat
3594 3476 3731 3533 super-

2213 3571 2394 3627 stitem
2424 3577 2658 3641 patrem.
2689 3567 2810 3624 Noli
2831 3581 2981 3636 ergo,
3005 3566 3195 3628 homo,
3221 3573 3485 3633 exponere
3508 3556 3646 3612 Deum
3665 3566 3732 3621 pro

2216 3669 2272 3719 te
2301 3661 2486 3717 taliter
2511 3659 2824 3729 cogitando,
2855 3658 2949 3729 qui
2994 3666 3052 3714 et
3072 3654 3285 3725 jnstitia
3314 3647 3582 3721 regnantis,
3606 3651 3650 3700 et
3663 3641 3732 3696 do-

2213 3753 2472 3810 minantis
2497 3753 2696 3818 studio,
2722 3760 2779 3808 et
2797 3748 3105 3821 generantis
3127 3746 3344 3811 affectu,
3374 3743 3425 3799 in
3449 3755 3503 3797 se
3524 3745 3662 3794 totam
3681 3731 3734 3785 tui

2213 3847 2421 3917 recepit
2467 3845 2904 3907 sollicitudinem,
2953 3840 3154 3899 refudit
3196 3847 3254 3896 et
3297 3849 3493 3896 curam,
3530 3825 3734 3917 dicendo;

2215 3913 2398 3997 Nolite
2425 3939 2637 3996 solliciti
2656 3953 2768 3994 esse
2787 3938 2978 3992 anime
2996 3944 3180 3990 vestra
3197 3930 3323 4006 quid
3341 3921 3643 3986 manducetis.
3661 3913 3738 3971 Sed

2214 4039 2270 4088 te
2303 4032 2444 4088 forte
2472 4030 2709 4087 mellitus
2737 4029 2935 4092 imber,
2986 4035 3042 4083 et
3069 4022 3360 4095 singularis
3403 4018 3559 4082 cibus,
3582 4006 3738 4066 ludaici

2211 4125 2412 4182 fastidii
2442 4125 2683 4181 deterret
2723 4122 2996 4193 exemplo,
3041 4135 3144 4176 nec
3171 4131 3388 4176 carnem
3424 4109 3581 4170 credis
3597 4105 3739 4160 humo-

2211 4234 2333 4275 rum
2376 4216 2639 4273 varietate
2684 4222 2994 4272 concretam
3048 4227 3150 4282 per
3188 4210 3366 4266 solum
3410 4215 3588 4260 manna
3623 4195 3638 4233 ί
3671 4204 3739 4246 sua

2214 4311 2496 4367 voluntate
2523 4305 2784 4378 compleri
2817 4323 2831 4359 :
2858 4305 3014 4369 dicis,
3044 4281 3188 4360 Deus
3227 4302 3366 4358 sicut
3392 4307 3572 4367 corpus
3603 4302 3662 4378 et
3681 4281 3739 4336 di-

2212 4405 2386 4462 versis
2413 4402 2586 4458 voluit
2610 4377 2863 4458 constare
2903 4397 3179 4460 membris,
3224 4395 3298 4449 ita
3334 4387 3540 4444 variatis
3570 4377 3741 4449 dapibus

2211 4495 2385 4552 voluit
2412 4502 2469 4550 et
2491 4492 2654 4564 jussit
2672 4490 2919 4547 enntriri.
2951 4487 3272 4559 Superlluus
3297 4492 3399 4548 est,
3440 4496 3473 4536 ο
3496 4469 3741 4564 homo,isle

2214 4588 2308 4658 qui
2338 4595 2394 4643 te
2429 4563 2670 4656 exagitat
2707 4584 2870 4640 timor
2899 4601 2914 4638 :
2958 4598 3083 4637 nam
3122 4577 3398 4636 Creatoris
3425 4573 3488 4629 ad
3515 4563 3740 4658 prandiurp

519 4681 706 4732 etnon
726 4673 832 4728 erit
856 4672 908 4727 in
933 4671 1248 4727 haereditate
1269 4669 1569 4725 contentio.
1594 4669 1851 4736 Avaritia,
1894 4668 2106 4734 fratres,
2145 4655 2190 4714 ί)
2215 4651 2332 4736 ἀπε
2360 4651 2634 4736 conuii-it
2660 4685 2717 4733 ει
2743 4675 2961 4734 advolat
2985 4682 3255 4730 “eam”.
3287 4667 3438 4725 Unde
3463 4664 3506 4721 si
3524 4671 3570 4718 ιθ
3603 4651 3744 4724 legalis

517 4773 775 4839 parentes
822 4771 1010 4832 negat,
1052 4775 1339 4830 germanos
1375 4761 1592 4824 dividit,
1645 4770 1864 4832 separat
1909 4763 2106 4831 socios,

517 4859 811 4916 amicitiam
841 4856 1033 4920 solvit,
1066 4854 1302 4910 excludit
1338 4852 1586 4910 allectum
1628 4873 1642 4909 :
1676 4856 1815 4912 hanc
1843 4857 1932 4926 qui
1972 4857 2110 4913 intra

517 4969 580 5011 se
607 4953 876 5018 habuerit,
907 4951 1011 5007 erit
1038 4951 1254 5016 nullius,
1286 4966 1416 5004 suus
1447 4966 1552 5006 non
1573 4951 1696 5006 erit.
1719 4951 1978 5018 Avaritia,
2000 4951 2110 5007 fra-

517 5052 650 5113 tres,
681 5046 823 5102 sicut
849 5043 987 5100 dixit
1008 5042 1318 5114 Apostolus,
1363 5043 1522 5099 mdia:
1567 5051 1647 5099 est
1672 5045 1915 5111 omnium
1946 5046 2113 5102 malo-

595 5211 627 5243 ι
659 5200 826 5273 Alias,
855 5208 1082 5256 extreme
1110 5209 1163 5255 tu
1183 5202 1400 5273 periisti.

591 5272 850 5359 'bJMiEum
888 5281 1151 5359 quantpm
1183 5272 1304 5359 tota.
1327 5273 1439 5330 hate
1453 5272 1720 5359 periodus
1753 5273 1812 5356 in
1861 5274 2112 5359 omnibus

515 5345 850 5427 editionibus
876 5349 1084 5427 scateat
1115 5344 1410 5427 erroribus.
1452 5344 1668 5427 Etcum
1695 5345 1858 5427 etiam
1897 5347 2111 5403 codices

515 5416 767 5474 mendosi
794 5415 922 5481 sint,
955 5429 1077 5471 eam
1106 5429 1174 5470 ex
1195 5413 1508 5481 conjectura
1529 5413 1670 5469 Mitte
1702 5417 2055 5472 restituimus.

592 5500 614 5529 ο
656 5484 924 5570 Observat
963 5485 1212 5570 plurimis
1267 5484 1457 5570 Mite,‘
1488 5486 1720 5570 primum
1763 5497 2113 5570 monumenta

513 5573 670 5642 more
699 5557 924 5642 antiquo
961 5557 1016 5642 in
1037 5558 1200 5642 .agris
1219 5557 1460 5612 construi
1487 5557 1646 5642 solita
1677 5572 1746 5642 ex_
1775 5557 1952 5628 lapide
1981 5561 2116 5642 litte-

515 5631 662 5712 ritio.
807 5641 943 5712 vere.
979 5627 1192 5712 ibidem
1213 5642 1394 5712 prope.
1417 5631 1653 5712 _arbores
1693 5626 1949 5712 plant—atas
1985 5631 2116 5712 filis-

514 5708 672 5784 sent,
703 5699 1099 5784 illte‘ra.dicil_tus
1119 5699 1261 5784 intra
1290 5699 1982 5784 lapidum‘connexionibus
2012 5703 2114 5758 im-

515 5770 733 5835 missis,
784 5778 842 5826 et
884 5770 1091 5840 lapides
1137 5770 1428 5846 titulares,_
1450 5772 1773 5846 etplateres,
1813 5775 2117 5846 sepulcrum

516 5848 930 5972 ﬁam‘ponentes,
962 5855 995 5895 e
1015 5844 1238 5911 proprio
1265 5842 1386 5898 loco
1416 5843 1726 5900 indistincte
1743 5842 2114 5916 prosternunt.

575 5928 685 5969 ITA.

2215 4773 2322 4832 cibi
2350 4772 2695 4842 singularitas
2722 4779 2778 4825 et
2807 4767 3044 4840 parcitas
3071 4771 3262 4830 terret,
3295 4761 3480 4816 invitet
3515 4761 3565 4811 et
3593 4761 3744 4842 provo-

2213 4873 2302 4922 cet
2328 4841 2624 4933 evangelici
2654 4859 2890 4918 convivii
2929 4857 3168 4915 coelestis
3213 4853 3420 4916 effusio,
3461 4860 3570 4918 qua:
3600 4841 3644 4896 in
3666 4847 3743 4890 ιιῐιο

2212 4955 2421 5016 ferculo
2465 4955 2858 5013 manducaturo
2910 4949 3075 5008 Petro
3130 4949 3300 5005 totius
3347 4941 3557 5016 apponit
3593 4941 3743 5005 genera

2213 5059 2479 5108 creaturis
2506 5048 2643 5121 (Act.
2679 5046 2760 5118 x).
2793 5043 2930 5102 Nam
2956 5041 3222 5114 quidquid
3250 5040 3367 5097 Noe
3396 5048 3422 5086 κ
3468 5039 3634 5089 vector
3652 5017 3745 5078 novi

2285 5203 2313 5245 δ
2352 5205 2616 5279 Latinius,
2644 5206 2761 5279 quis
2778 5204 2866 5279 sit.

2287 5287 2312 5316 ο
2351 5276 2450 5332 Ms.
2481 5273 2688 5333 Cmsen'.
2722 5274 2882 5336 Editi,
2906 5273 3117 5343 aﬂ'alus.
3161 5339 3213 5343 μ
3373 5336 3408 5343 __
3576 5330 3587 5342 ,

2295 5347 2315 5387 ¹
2359 5349 2566 5403 Auctor
2592 5347 2893 5418 Sapientia;
2911 5336 3020 5418 x'vt,
3044 5342 3131 5406 20,
3155 5339 3256 5418 21,Δ
3273 5336 3665 5418 tradit‘omltiggl

2217 5419 2324 5476 stui
2351 5435 2550 5474 manna
2581 5405 2978 5474 accommodari
3001 5405 3372 5472 conSuevisse,
3393 5415 3453 5463 ut
3471 5405 3666 5476 singng
3679 5409 3745 5476 53-

2215 5470 3121 5563 pereth‘."Augustinusﬁﬂetract.
3172 5482 3266 5538 lib.
3309 5470 3364 5563 ll.
3391 5492 3506 5549 cap.

2217 5551 2776 5616 animadvertitvhanc
2801 5558 2924 5616 cibo
2946 5557 3200 5612 virtutem
3219 5592 3234 5618 ,
3268 5560 3330 5607 ut
3354 5566 3416 5606 se
3439 5551 3747 5620 omniaqtu'

2214 5610 3136 5698 ﬁiiiiéc'énﬁhoiﬁiét',"non’nisi
3162 5610 3263 5697 pro
3291 5622 3436 5698 liliis‘
3457 5617 3547 5675 Dei
3569 5610 3746 5670 inditam

2215 5703 2576 5786 fuisse.__}lide
2594 5694 2828 5786 iit-eger.
2853 5702 3040 5758 Mora].
3065 5694 3245 5786 lib._'v't‘
3259 5715 3382 5786 cap.
3411 5694 3463 5786 9ἶ

2291 5785 2317 5824 s
2357 5774 2490 5829 Aliis
2526 5759 2784 5846 epithe't'is
2806 5791 2930 5831 eum
2969 5781 3167 5830 ornant
3194 5759 3411 5846 Patr-es.
3436 5766 3616 5846 Dictus
3637 5759 3750 5846 ςξξξ

2216 5828 3161 5918 Chrysogoni.{antiquatam
3194 5843 3236 5896 v
3269 5857 3392 5914 pag.
3436 5828 3749 5918 ztmqfff'

2213 5908 2361 5983 aiunt
2384 5908 2839 5973 facientis'natura:
2858 5916 3021 5972 bonus
3040 5908 3372 5986 guberttaluf;
3395 5927 3425 5966 a
3443 5908 3743 5965 Nazianlenot
