3878 6368
153 365 247 425 62‘)

1539 360 1771 440 δεικΜο
1806 361 2040 420 ewa.

3329 371 3438 428 650

155 474 347 560 mli,
399 475 577 538 seculi
624 475 858 530 servavit
894 474 965 552 ad
987 490 1192 550 semen,
1221 475 1482 554 quidquid,
1518 455 1737 552 inhaere
1765 479 1817 540 Α
1840 454 2076 552 mulceat
2102 477 2500 552 blandimento,
2535 496 2674 558 quos
2700 484 3108 558 comparatione
3129 484 3436 560 {indissimas

157 555 338 648 volitat
363 579 420 626 et
449 568 633 638 fertur,
667 569 921 644 quidquid
950 569 1185 644 gignitur
1221 581 1275 625 et
1315 571 1442 646 vivit
1483 565 1543 624 in'
1575 579 1738 636 terra,

157 661 407 738 quidquid
437 663 490 716 in
512 662 667 732 aquis
695 667 797 728 est,
829 669 884 717 et
913 669 1178 738 movetur,
1203 662 1306 718 hoc
1334 680 1442 718 uno
1465 661 1610 718 Petri
1632 678 1743 719 c03-

156 763 268 816 litus
291 764 581 822 mactatur,
622 763 678 811 et
718 755 1003 812 exhibetur
1030 755 1096 810 ad
1126 751 1374 812 Cinnam.
1397 755 1453 811 Si
1483 771 1612 826 ergo
1643 756 1741 820 vis,

154 853 333 928 homo,
377 848 625 922 accipere
670 855 726 903 et
772 848 952 904 omnia
991 845 1345 913 manducare,
1377 847 1592 918 despice
1620 847 1746 903 vilia

159 943 238 999 tibi
268 941 563 1018 providere
587 940 821 996 cellaria.
862 939 930 1018 Et
960 955 1058 995 nos
1085 941 1301 1012 quidem
1329 942 1537 1012 magnis
1565 957 1748 997 exem-

157 1035 249 1112 plis
272 1015 372 1112 tibi
401 1047 634 1108 superna
663 1015 919 1102 cogitanti
946 1031 1182 1087 carnalia
1214 1050 1320 1087 non
1350 1031 1593 1088 defutura
1627 1047 1751 1101 pro-

157 1107 278 1200 bare
319 1107 736 1202 contendimus:
785 1124 928 1180 Deus
966 1132 1145 1180 autem
1175 1141 1274 1196 pro
1303 1141 1413 1180 sua:
1451 1124 1752 1194 majestatis

162 1217 457 1294 insignibus
501 1217 568 1298 de
605 1217 717 1294 suis
763 1216 1098 1272 dubitantem
1136 1217 1416 1287 promissis
1444 1217 1510 1271 ad
1544 1217 1667 1270 vilia
1697 1221 1753 1270 et

161 1320 396 1370 extrema
439 1311 663 1388 remittit
709 1311 994 1382 exempla;
1044 1320 1103 1367 ut
1143 1320 1194 1367 te
1233 1311 1325 1366 tali
1355 1312 1753 1368 examinatione

163 1391 465 1482 redarguat,
498 1417 659 1474 quem
691 1411 713 1438 ἰ
746 1408 894 1456 tanta
925 1403 1225 1457 imitatione
1253 1418 1360 1457 non
1392 1402 1580 1456 traxit.
1615 1401 1754 1456 Con-

163 1491 400 1572 siderate,
429 1493 620 1562 inquit,
653 1510 851 1560 corvos,
883 1495 1004 1567 quia
1025 1511 1128 1548 non
1157 1495 1434 1562 seminam,
1459 1510 1621 1566 neque
1647 1511 1756 1549 me-

167 1569 288 1664 tunt,
312 1569 498 1664 quibus
521 1601 624 1639 non
645 1593 722 1639 est
749 1586 1017 1640 cellarium
1034 1628 1048 1652 ,
1084 1603 1242 1658 neque
1263 1587 1519 1650 horreum,
1545 1595 1594 1640 et
1615 1585 1755 1641 Deus

167 1661 324 1749 pascit
340 1661 507 1741 illos;
531 1686 721 1747 quanto
742 1677 906 1748 magis
930 1695 1014 1731 ros
1037 1678 1198 1748 pluris
1217 1679 1338 1732 estis
1360 1677 1502 1733 illis?
1525 1678 1754 1732 Dubium

168 1767 353 1848 merito
375 1768 645 1824 infidelem
675 1769 741 1824 ad
769 1785 921 1824 avem
953 1771 1146 1834 mittit,
1180 1770 1406 1825 amicam
1435 1771 1580 1838 belli,
1613 1770 1759 1826 furo-

1847 571 1962 628 avis
1991 588 2339 644 exasperasse
2380 571 2678 642 videbatur,
2716 575 2780 630 ad
2823 575 2970 632 floris
3001 569 3212 633 odorati
3235 571 3436 651 elspe-

1846 659 1984 720 ciosi
2031 665 2252 720 nimium
2300 665 2401 722 hos
2439 665 2648 723 reducit
2685 669 3014 740 exemplum.
3076 669 3435 740 Considerate,

1847 753 2039 824 inquit,
2083 757 2194 814 lilia
2233 747 2485 830 quomodo
2533 770 2799 814 crescunt:
2841 760 2944 814 non
2981 755 3241 829 laborant,
3280 781 3444 837 neque

1849 855 1990 918 nent.
2034 846 2165 906 Dico
2209 859 2379 926 autem
2420 849 2578 919 vobis,
2602 869 2694 907 nec
2734 850 2982 926 Salomon
3019 855 3071 908 in
3102 858 3242 910 omni
3273 857 3443 930 gloria

1849 953 1944 1020 sua
1965 938 2274 995 vestiebatur
2301 941 2433 996 sicut
2465 960 2623 997 unum
2645 939 2710 997 ex
2731 945 2862 998 istis.
2914 943 2958 998 0
2987 955 3243 1016 quantum
3267 964 3326 1002 se
3355 964 3446 1002 su-

1853 1035 2018 1102 perna
2041 1032 2212 1102 pietas
2233 1033 2468 1090 hominis
2489 1050 2674 1090 amore
2697 1035 2920 1106 deponit
2945 1036 2957 1090 !
3009 1035 3140 1092 Nam
3167 1039 3260 1110 qui
3290 1047 3447 1110 pote-

1851 1133 1936 1180 rat
1959 1135 2222 1196 praecepta
2253 1143 2349 1182 sua
2391 1127 2507 1183 sola
2546 1129 2868 1184 auctoritate
2898 1128 3132 1196 firmare,
3177 1131 3448 1186 totoinsi—

1855 1225 1983 1270 nuat
2022 1228 2075 1272 et
2104 1219 2296 1272 astruit
2335 1217 2519 1276 labore
2546 1220 2801 1285 doctoris,
2835 1230 2890 1276 et
2927 1222 3018 1292 qui
3059 1221 3356 1277 sufﬁciebat
3396 1223 3451 1278 in

1854 1309 1968 1364 sola
2004 1309 2102 1364 lide
2125 1311 2496 1380 promissionis
2516 1327 2626 1366 sua:
2667 1311 2952 1368 terminum
2983 1313 3272 1379 collocare,
3297 1311 3452 1368 audi-

1854 1408 2003 1456 tores
2032 1403 2097 1456 ad
2128 1401 2284 1458 fidem
2310 1403 2558 1473 promissi
2601 1403 2840 1460 suasoris
2889 1389 3134 1476 perducit
3176 1404 3446 1476 exemplo;

1855 1491 2048 1549 dubios
2078 1494 2172 1549 lilii
2192 1495 2598 1566 comparatione
2619 1493 2922 1563 conﬁrmat,
2948 1495 3115 1551 lilium
3145 1495 3453 1551 Salomonis

1856 1585 2109 1640 sublimat
2137 1586 2424 1656 exemplo:
2463 1585 2588 1656 quia
2621 1587 2737 1658 ipso
2773 1585 3000 1641 Domino
3030 1596 3280 1653 testante,
3314 1587 3455 1642 inter

1859 1695 2047 1734 omnes
2075 1679 2258 1733 mundi
2287 1694 2440 1748 reges
2460 1675 2716 1734 Salomon
2745 1679 3000 1748 singulari
3038 1679 3228 1748 gloria,
3260 1685 3456 1734 ornatu

1859 1772 2039 1838 unico,
2073 1772 2349 1840 speciosus
2371 1769 2586 1835 effulsit,
2617 1779 2670 1826 et
2691 1786 2879 1825 omnes
2901 1780 3060 1826 terra:
3094 1769 3255 1825 ﬂores
3285 1770 3456 1824 lilium

167 1859 230 1916 ris
257 1859 488 1926 sociam,
522 1861 829 1916 insatiatam
859 1862 1145 1932 sanguine,
1179 1870 1234 1917 et
1256 1863 1306 1917 in
1339 1863 1483 1934 ipsos
1513 1871 1756 1919 mortuos
1791 1873 1838 1947 Β,
1859 1863 2023 1919 vincit
2044 1871 2098 1920 et
2127 1863 2381 1933 prurcellit
2413 1865 2464 1918 in
2487 1865 2677 1933 gratia;
2703 1872 3018 1933 tantumque
3050 1863 3215 1918 distat
3244 1863 3311 1917 ab
3333 1860 3455 1916 uni-

168 1951 301 2008 ferro
348 1953 571 2032 gravius
617 1954 947 2009 sazvientem.
1005 1953 1248 2024 Namque
1293 1964 1540 2010 cessante
1579 1955 1757 2025 gladio

169 2043 399 2100 carnifex
430 2043 858 2117 improbissimus
887 2048 1134 2101 exanime
1162 2055 1438 2115 grassatur
1466 2048 1517 2102 in
1540 2063 1755 2118 corpus,

168 2137 358 2214 laniat,
410 2125 670 2210 dissipat,
715 2141 946 2211 spargit,
979 2155 1047 2194 ne
1080 2141 1208 2209 quid
1239 2139 1440 2195 funeris
1461 2142 1757 2204 inventum,

170 2231 326 2300 quieti
356 2232 668 2288 misericors
706 2233 981 2302 sepultura
1020 2233 1383 2288 commendet.
1427 2232 1611 2302 Itaque
1652 2233 1760 2287 Do-

171 2322 336 2378 minus
383 2325 635 2393 exemplo
683 2324 773 2378 tali
816 2331 1103 2394 exaggerat
1142 2325 1434 2380 dubitantis
1474 2325 1758 2390 insaniam,

172 2413 252 2482 qui
289 2423 449 2485 putat
497 2415 664 2470 Deum
709 2415 814 2472 hoc
853 2417 956 2486 piis
1003 2413 1124 2472 ﬁliis
1164 2417 1586 2487 denegaturum,
1619 2417 1764 2487 quod

173 2505 339 2578 itnpiis
355 2507 390 2547 δ
407 2510 598 2584 avibus
626 2510 1024 2577 subministrat;
1055 2517 1111 2565 et
1139 2511 1442 2565 existimant
1468 2512 1768 2580 relinquen-

175 2597 308 2655 tibus
335 2610 560 2680 propter
605 2616 664 2657 se
709 2602 960 2672 patriam,
997 2601 1236 2670 domum,
1285 2613 1558 2674 parentes,
1605 2601 1761 2669 filios,

175 2694 443 2765 coniuges,
477 2695 651 2750 victus
679 2695 915 2750 subsidia
938 2710 1045 2749 non
1075 2695 1322 2750 daturum
1346 2738 1362 2762 ,
1393 2695 1487 2766 qui
1527 2698 1766 2752 nascenti

175 2788 387 2843 indulsit
416 2803 695 2852 crescere,
731 2775 1046 2842 terminavit
1075 2789 1321 2858 corporis
1351 2789 1760 2844 incrementum.

179 2877 220 2936 0
239 2880 517 2945 miserum,
562 2895 595 2932 ο
625 2887 738 2933 tota
761 2877 1073 2935 infelicitate
1101 2881 1470 2949 dignissimum
1489 2923 1504 2948 ,
1536 2881 1622 2936 cui
1643 2897 1766 2936 cum

180 2957 325 3030 detur
344 2987 591 3042 regnum,
616 2971 850 3042 suspirat
878 2987 1108 3043 panem;
1148 2989 1269 3028 cum
1292 2974 1649 3044 perpetuitate
1670 2973 1768 3030 do-

181 3049 345 3146 aletur,
378 3064 544 3121 deﬂet
579 3073 808 3138 potum;
859 3081 980 3122 cum
1029 3066 1446 3122 immortalitatis
1491 3066 1658 3135 gloria
1684 3065 1766 3121 in-

183 3145 380 3236 duatur,
423 3159 630 3230 plangit
665 3159 911 3229 corporis
939 3160 1336 3216 vestimentum.
1397 3158 1653 3215 Genuinae
1682 3161 1768 3215 in-

1860 1972 2017 2012 verso
2044 1957 2285 2025 germine
2316 1955 2501 2022 lilium,
2534 1963 2792 2026 quantum
2825 1969 3006 2024 regem
3037 1957 3235 2026 specie,
3261 1955 3453 2023 gloria,

1860 2047 2108 2111 cunctis,
2151 2053 2364 2102 consmt
2411 2045 2696 2102 excellere.
2757 2044 2866 2100 Nec
2907 2059 2937 2099 a
2979 2045 3132 2100 nobis
3164 2046 3321 2099 latius
3363 2044 3459 2100 lilii

1861 2137 2216 2193 describenda
2240 2144 2324 2192 est
2347 2136 2712 2208 pulchritudo,
2741 2135 2895 2205 cujus
2915 2137 3325 2206 prterogativam
3353 2135 3461 2190 Do-

1863 2232 2060 2286 miuica
2091 2232 2308 2286 testatio
2327 2230 2502 2286 reddit
2523 2231 2848 2300 singularem
2873 2248 2888 2283 :
2913 2229 3154 2284 iteranda
3185 2238 3309 2283 sunt
3330 2243 3462 2284 sane

1863 2325 1954 2380 illa
1999 2340 2118 2394 qua
2157 2324 2222 2378 ad
2261 2323 2426 2378 robur
2475 2322 2596 2379 fidei
2637 2332 2832 2378 nostra:
2879 2322 3151 2391 geminato
3204 2321 3463 2376 Dominus

1867 2418 2266 2475 commendavit
2294 2417 2576 2488 exemplo;
2623 2416 2748 2486 quia
2769 2413 3108 2470 Christianus
3136 2414 3204 2469 de
3233 2415 3360 2479 vita,
3394 2413 3464 2470 de

1866 2528 2066 2583 regno,
2098 2512 2166 2568 de
2205 2512 2610 2576 immortalitate
2637 2521 2838 2578 certus,
2867 2521 2888 2549 ε’
2913 2510 2980 2565 de
3000 2518 3184 2580 pastus
3213 2519 3267 2564 et
3294 2507 3464 2564 vesti-

1868 2612 1955 2661 tus
1975 2621 2081 2659 non
2121 2603 2282 2660 debet
2322 2604 2641 2660 necessitate
2679 2601 2917 2674 pulsari,
2949 2617 3072 2658 cum
3094 2601 3272 2656 videat
3295 2600 3466 2655 Deum

1867 2696 2030 2752 hodie
2053 2704 2211 2760 nato,
2244 2705 2299 2750 et
2340 2696 2582 2767 perituro
2613 2695 2666 2749 in
2695 2693 2989 2750 crastinum
3029 2692 3256 2761 germiui
3280 2695 3310 2737 ει
3340 2701 3464 2745 tan-

1869 2797 1979 2843 tam
2003 2787 2246 2844 vestibus
2275 2788 2501 2858 gloriam
2542 2786 2856 2842 contulisse.
2919 2784 3023 2841 Sed
3054 2785 3193 2841 sicut
3215 2786 3465 2839 ariditate

1871 2884 1993 2947 ista,
2023 2883 2164 2939 sicut
2189 2881 2388 2939 clibani
2408 2881 2736 2951 deputantur
2757 2878 3026 2943 incendio,
3051 2879 3123 2932 ita
3151 2877 3359 2942 mortis,
3393 2876 3467 2933 ita

1869 2977 2130 3048 gehennae
2163 2975 2377 3046 ignibus
2414 2973 2774 3040 destinantur,
2823 2971 2916 3043 qui
2963 2971 3249 3044 przesentia
3290 2969 3392 3024 sibi
3433 2984 3466 3023 a

1871 3067 1984 3124 Deo
2012 3067 2254 3139 pnestari
2283 3065 2548 3131 dubitant,
2573 3081 2693 3121 cum
2736 3063 2911 3118 futura
2950 3062 3052 3118 sibi
3081 3060 3192 3132 jam
3231 3061 3468 3116 sentiant

1871 3159 2199 3217 contributa.
2240 3157 2310 3214 Et
2330 3175 2415 3213 vos
2437 3159 2597 3213 nolite
2615 3173 2846 3230 querere
2872 3155 2996 3229 quid
3010 3153 3350 3217 manducetis,
3376 3159 3468 3208 aut

185 3251 441 3308 felicitatis
481 3252 732 3307 conscius
753 3292 768 3318 ,
821 3251 934 3308 ﬁeri
978 3267 1084 3307 non
1123 3253 1294 3308 credit
1322 3269 1381 3307 se
1420 3251 1662 3318 felicem;
1711 3261 1766 3308 et
1792 3260 1838 3322 (ζ
1869 3252 1994 3326 quid
2022 3251 2227 3318 bibatis,
2251 3261 2300 3306 et
2320 3249 2480 3305 nolite
2498 3251 2553 3304 in
2575 3249 2816 3304 sublimia
2839 3248 2979 3312 tolli;
3003 3247 3111 3302 haec
3132 3246 3268 3300 enim
3289 3246 3468 3300 omnia

187 3353 387 3401 terreno
416 3346 688 3401 enutritus
712 3345 766 3400 in
796 3344 1018 3417 pulvere
1049 3346 1173 3402 caeli
1204 3347 1434 3401 incolam
1472 3346 1681 3400 dubitat
1708 3362 1768 3402 se
1831 3343 1834 3346 ’

189 3435 428 3514 futurum.
469 3435 868 3492 Convenienter
887 3450 1018 3506 ergo
1047 3435 1306 3492 Dominus
1333 3451 1452 3506 quae
1475 3445 1770 3506 sequuntur

192 3528 406 3606 adjecit:
443 3526 573 3593 Quis
603 3535 774 3606 mrtem
807 3538 1026 3583 vestrum
1059 3529 1334 3602 cogitando
1357 3538 1521 3599 potest
1543 3527 1770 3600 adjicere

193 3605 258 3676 ad
283 3605 538 3696 staturam
574 3605 736 3675 suam"
751 3621 979 3675 cubitum
1010 3621 1208 3674 unum?
1235 3619 1599 3674 Humanarum
1619 3634 1771 3674 men-

193 3699 316 3792 tium
352 3714 712 3792 cogitationes
771 3707 991 3769 intimus
1027 3721 1298 3770 scrutator
1343 3714 1595 3785 exponit;
1645 3729 1770 3768 nam

195 3795 349 3886 omnis
373 3791 542 3886 hoino
570 3805 697 3860 dum
735 3805 818 3860 sui
868 3803 1112 3876 corporis
1149 3803 1601 3876 pulchritudinem
1639 3820 1771 3860 con-

195 3882 434 3972 cupiscit,
501 3913 784 3976 procerum
834 3914 894 3954 se
931 3913 1052 3953 esse
1090 3906 1350 3968 exeptat:
1391 3897 1487 3952 sed
1534 3897 1772 3966 cogitare

194 3992 342 4048 homo
363 3993 473 4049 hoc
491 3998 692 4062 potest,
724 3991 830 4047 hoc
849 4006 946 4062 per
977 4006 1036 4046 se
1067 3990 1234 4045 homo
1268 3990 1512 4045 obtinere
1544 4005 1650 4042 non
1672 4004 1773 4059 po—

197 4069 307 4150 test;
335 4077 482 4140 adid
510 4082 780 4138 credendo
809 4081 1073 4152 pervenit,
1111 4080 1178 4135 ad
1215 4079 1319 4135 hoc
1359 4080 1641 4150 pervenire
1663 4094 1772 4134 non

198 4182 359 4246 potest
403 4174 712 4246 cogitando.
763 4171 901 4230 Hinc
945 4181 1028 4228 est
1073 4172 1218 4242 quod
1258 4171 1517 4226 Dominus
1553 4171 1774 4226 humani

200 4268 428 4323 conscius
467 4265 719 4322 desiderii
757 4265 1030 4321 hominem
1069 4262 1268 4319 Christi
1308 4263 1533 4319 tetendit
1572 4263 1625 4318 in
1664 4261 1774 4318 for-

202 4373 346 4424 mam,
375 4366 436 4414 ut
462 4359 518 4412 in
540 4372 848 4412 mensuram
875 4354 1074 4411 Christi
1096 4355 1442 4426 speciositate
1465 4363 1576 4409 tota
1606 4353 1770 4409 deco-

203 4469 281 4509 ris
304 4461 461 4526 esset,
503 4452 597 4522 qui
627 4452 681 4506 in
709 4450 974 4506 brevitate
1012 4465 1109 4504 sua
1143 4458 1260 4504 erat
1281 4450 1400 4520 ipso
1420 4447 1774 4503 erubescente

203 4533 463 4612 deformis;
487 4536 631 4600 unde
657 4543 797 4599 bene
837 4539 1151 4611 subjunxit:
1205 4539 1264 4595 Si
1294 4558 1415 4611 ergo
1448 4556 1610 4612 neque
1637 4537 1775 4610 quod

1872 3353 2049 3417 gentes
2095 3343 2277 3398 mundi
2315 3351 2568 3415 quarunt.
2612 3339 2773 3395 Pater
2815 3349 2984 3394 autem
3010 3348 3173 3393 vester
3209 3338 3309 3392 scit
3335 3352 3468 3409 quo-

1873 3437 2014 3489 niam
2035 3431 2114 3489 his
2142 3433 2404 3507 indigetis.
2474 3431 2840 3488 Verumtamen
2861 3432 3074 3505 quaerite
3101 3447 3317 3502 regnum
3345 3427 3464 3496 Dei,

1872 3537 1922 3584 et
1961 3527 2072 3583 haec
2099 3527 2275 3583 omnia
2303 3525 2619 3598 adﬁcientur
2658 3525 2817 3580 vobis.
2877 3521 3014 3579 Cum
3043 3539 3102 3578 se
3129 3531 3340 3594 patrem
3369 3536 3470 3576 no-

1873 3627 2045 3676 strum
2073 3617 2224 3684 dicit,
2267 3618 2440 3673 nostri
2475 3617 2578 3673 sibi
2605 3616 2750 3690 piam
2789 3632 2971 3672 curam
3009 3614 3330 3685 comprobat
3358 3627 3469 3668 non

1873 3710 2104 3767 deesse:
2153 3724 2278 3766 cum
2323 3724 2424 3765 nos
2473 3723 2697 3778 regnum
2737 3707 2959 3764 cmleste
3002 3705 3156 3776 jubet
3201 3719 3466 3775 quzerere,

1874 3801 2209 3876 subjicienda
2231 3808 2498 3859 monstrat
2523 3801 2738 3866 omnia;
2771 3799 2926 3856 nobis
2953 3797 3211 3880 quidquid
3233 3796 3470 3853 ccclesiis

1875 3897 2042 3968 exigit
2069 3903 2360 3968 apparatus
2384 3893 2584 3951 indicat
2603 3889 2932 3948 adfuturum.

2422 4005 2655 4064 SERMO
2691 3983 2922 4061 CLXIV.-

1875 4104 1958 4160 De
1960 4106 2105 4178 _igne
2141 4101 2450 4178 caelesti,_de
2485 4100 2820 4178 separatione
2847 4099 3051 4178 [ποια-α
3085 4092 3312 4178 Christi},
3336 4089 3470 4178 etde

1951 4161 2202 4231 Ecclesiae
2247 4183 2296 4228 et
2342 4161 2640 4243 Synagbgw
2673 4161 2940 4223 divisione.
2983 4165 3042 4219 lu
3092 4163 3222 4219 illud
3263 4161 3464 4217 Lucae:

1949 4247 2132 4320 Ignem
2153 4247 2266 4302 veni
2295 4245 2496 4298 mittere
2521 4244 2575 4296 in
2597 4252 2808 4300 terram,
2841 4245 2946 4293 etc.

1947 4360 2100 4417 Sicut
2127 4356 2480 4413 febrientibus
2513 4369 2728 4408 amarus
2757 4359 2838 4406 est
2866 4362 3083 4417 semper
3109 4345 3361 4402 salutaris
3388 4344 3470 4401 ci-

1875 4457 1995 4520 bus,
2022 4454 2095 4508 ita
2125 4459 2179 4506 et
2207 4465 2348 4521 saepe
2367 4447 2678 4504 Dominicus
2707 4458 2886 4500 sermo
2916 4437 3222 4498 contrarius
3251 4436 3473 4509 imperi-

1876 4548 1984 4603 tis:
2017 4545 2254 4614 utrisque
2284 4551 2462 4597 tamen
2492 4540 2670 4605 aliter,
2702 4543 2794 4592 aut
2835 4551 2902 4592 ex
2943 4532 3209 4603 corporis,
3265 4539 3360 4585 aut
3404 4544 3474 4585 ex

206 4639 451 4694 minimum
489 4646 568 4692 est
606 4629 837 4709 potestis,
869 4634 944 4690 ’de
976 4635 1175 4690 caeteris
1207 4634 1331 4708 quid
1369 4634 1577 4688 solliciti
1613 4632 1775 4688 estis?
1807 4655 1850 4712 ι)
1877 4637 2074 4694 mentis
2101 4633 2410 4690 infirmitate
2437 4628 2717 4699 contingit.
2747 4626 2918 4682 Hodie
2948 4623 3207 4680 Dominus
3243 4633 3473 4712 exaspe—

207 4729 304 4786 Hoc
338 4740 436 4795 est,
469 4730 599 4800 quid
636 4729 983 4799 cogitatione,
1017 4729 1200 4790 homo,
1242 4725 1448 4796 majora
1475 4725 1770 4796 praesumis,

206 4809 280 4891 qui
299 4837 390 4894 per
417 4823 577 4878 tidem
607 4823 816 4877 minora
837 4821 1130 4892 desperas?
1157 4819 1297 4888 Quid
1325 4821 1646 4875 vestimento
1674 4819 1776 4874 mi-

207 4911 314 4990 nus,
359 4916 486 4988 quid
530 4914 705 4986 majus
743 4915 987 4986 corporis
1028 4915 1400 4971 incremento?
1438 4912 1611 4969 Crede
1650 4927 1778 4983 ergo

204 5011 284 5066 tibi
319 5027 348 5066 a
387 5011 503 5066 Deo
533 5010 788 5076 vestitum
827 5010 1072 5081 corporis
1103 5023 1263 5079 posse
1299 5007 1573 5078 pnestari,
1617 5022 1647 5061 a
1668 5021 1778 5075 quo

207 5103 282 5158 tibi
312 5088 436 5160 ﬁdes
485 5104 732 5175 corporis
778 5103 1109 5158 incrementa
1155 5101 1502 5172 repromittit.
1554 5101 1774 5164 Verum,

206 5194 306 5262 quia
339 5195 478 5250 Deus
507 5196 586 5251 sic
612 5195 908 5250 humanum
947 5194 1119 5264 diligit
1147 5207 1336 5264 genus,
1369 5202 1427 5248 ut
1465 5194 1612 5264 ipsos
1640 5207 1778 5262 quos

206 5283 506 5342 dominantis
541 5287 668 5356 jure
711 5286 968 5356 corripit,
1009 5300 1138 5340 mox
1175 5292 1406 5356 paterno
1452 5285 1678 5352 soletur,
1720 5291 1778 5340 et

207 5451 324 5514 orat.
372 5444 440 5498 18
485 5457 610 5514 pag.
651 5440 776 5514 297,
823 5445 1038 5498 secundi
1079 5441 1444 5514 hujusmundi
1483 5458 1671 5514 parens
1687 5455 1773 5514 _;_a

210 5511 530 5572 Theodoreto
553 5511 608 5568 in
635 5513 920 5586 psalm_um.
940 5531 1044 5586 xc,
1080 5511 1280 5586 generis
1319 5511 1491 5586 nostri
1521 5511 1772 5586 scintilla;

210 5593 254 5638 et
268 5586 450 5642 iterum
470 5593 613 5643 orat.

211 5657 438 5728 princeps,
462 5665 568 5712 etc.

269 5735 292 5763 ⁸
327 5725 412 5784 Sic
445 5727 649 5800 placuit
674 5742 939 5798 reponere
973 5744 1093 5782 cum
1135 5726 1362 5782 Latinio.
1398 5725 1536 5780 Editi
1569 5741 1774 5791 omnes,

213 5801 336 5852 tnta
351 5800 650 5853 mutatione.
1243 5813 1246 5818 ·

270 5867 296 5905 ³
331 5868 660 5937 Ambrosius,
692 5868 834 5942 apud
878 5869 958 5924 Du
979 5869 1315 5924 -Hamelium
1350 5869 1467 5923 hic:
1505 5870 1632 5922 Aves
1669 5867 1782 5922 ccli

699 5586 766 5641 de
791 5583 1034 5650 Provid.,
1060 5583 1313 5640 secundus
1335 5584 1548 5637 humani
1570 5584 1773 5655 generis

1879 4745 2030 4786 rasse
2051 4725 2430 4782 nonnullorum
2457 4723 2670 4778 videtur
2691 4719 2952 4783 auditum,
2984 4714 3212 4771 dicendo
3239 4731 3253 4765 :
3288 4711 3474 4784 Ignem

1880 4821 1994 4878 veni
2032 4819 2236 4874 mittere
2274 4815 2331 4871 in
2367 4823 2577 4880 terram,
2606 4819 2657 4868 et
2683 4810 2808 4884 quid
2835 4809 2968 4873 volo,
2995 4808 3096 4862 nisi
3127 4813 3182 4858 ut
3210 4803 3471 4857 accenda-

1885 4914 2005 4970 tur?
2033 4910 2101 4966 Et
2121 4907 2256 4965 infra
2284 4925 2298 4961 :
2323 4905 2532 4961 Putatis
2553 4905 2674 4978 quia
2701 4919 2877 4976 pacem
2907 4901 3018 4956 veni
3052 4898 3252 4951 mittere
3284 4895 3338 4948 in
3372 4902 3474 4946 ter-

1881 5005 2036 5062 ram?
2064 5001 2212 5066 Non,
2237 4999 2351 5054 dico
2380 4997 2538 5061 vobis,
2569 4995 2661 5052 sed
2689 4995 3068 5065 separationem
3091 4986 3242 5058 (Luc.
3269 4986 3378 5054 xu).
3405 4982 3474 5038 Et

1881 5099 1973 5154 ubi
2003 5102 2084 5152 est
2105 5093 2271 5150 illud:
2304 5090 2441 5144 Ecce
2466 5091 2642 5161 Agnus
2667 5086 2761 5141 Dei
2805 5083 2995 5154 (Joan.
3028 5079 3123 5152 i)?
3161 5076 3259 5131 Ubi
3302 5073 3468 5128 illud:

1883 5189 2032 5248 Sicut
2058 5189 2165 5244 ovis
2193 5185 2264 5241 ad
2291 5184 2599 5241 occisionem
2619 5181 2798 5234 ductus
2818 5186 2914 5241 est,
2944 5185 2993 5230 et
3019 5175 3151 5229 sicut
3181 5185 3346 5241 agnus
3380 5182 3473 5220 co-

1879 5297 1996 5338 ram
2016 5277 2260 5335 tondente
2275 5292 2332 5332 se
2350 5284 2540 5338 mutus,
2562 5272 2639 5328 sic
2666 5286 2770 5326 non
2799 5267 3002 5339 aperuit
3033 5279 3090 5319 os
3128 5275 3274 5317 suum
3301 5255 3470 5328 (Isai.

1881 5434 2107 5512 speciale
2137 5431 2404 5512 sibi
2430 5427 2737 5512 vindicant;
2785 5433 2837 5480 et
2861 5419 3209 5512 ideoupabulis
3239 5417 3476 5490 indigere

1881 5500 2138 5572 nesciunt,
2166 5504 2290 5572 quia
2308 5503 2429 5558 aliis
2447 5500 2675 5555 invidere
2691 5513 2796 5554 non
2816 5502 3048 5572 possunt.

1961 5555 2137 5632 {iis}
2161 5555 2490 5641 “de
2519 5578 2674 5642 pastu
2710 5577 2762 5622 et
2800 5555 2982 5621 vestitu
3013 5578 3118 5618 non
3141 5558 3292 5617 debet
3309 5555 3476 5616 ain“-

1883 5667 2121 5774 ge’deobls.
2153 5715 2386 5779 Caesen.,
2421 5719 2623 5767 tantam
2667 5708 2876 5766 vestitu
2915 5705 3155 5779 gloriam.
3208 5699 3474 5768 Latinius,

1889 5801 2086 5848 tantam
2112 5788 2326 5844 vestium
2346 5784 2586 5858 gloriam.
