3878 6368
505 277 608 338 651

1762 276 1822 334 5.
1861 274 2072 334 PETRI
2107 273 2541 334 CIIRYSOLOG!
3619 301 3698 362 ﬁ

503 396 660 470 un)?
688 394 797 454 Sed
828 402 884 453 et
921 394 1053 451 illud
1078 411 1091 448 :
1135 393 1306 449 Dicite
1338 392 1468 466 ﬁlia:
1495 390 1660 450 Sion:
1695 390 1834 448 Ecce
1863 409 1958 448 rex
1978 400 2093 448 tuus
2120 397 2171 458 Α
2199 390 2266 448 In
2293 407 2498 448 omnem
2524 398 2717 447 terram
2739 393 2897 447 exivit
2915 408 3070 447 sonus
3093 408 3281 460 eorum,
3315 406 3362 451 et
3391 397 3440 454 in
3465 403 3574 472 fines
3593 414 3696 472 orbis

502 492 642 546 venit
679 488 771 544 tibi
808 495 1105 544 mansuetus
1145 484 1359 557 (Matth.
1401 483 1551 557 xxi)?
1577 483 1645 540 Et
1676 483 1806 556 quid
1833 492 1918 540 est
1947 483 2096 555 quod

501 582 688 651 Agnus
734 581 838 636 iste
885 586 995 633 tam
1019 578 1154 635 dure
1172 579 1228 632 in
1255 578 1638 649 praedicatione
1663 577 1932 648 percutit?
1956 575 2098 644 Quid

499 680 581 734 sic
602 677 799 733 arietat
826 675 882 730 in
900 673 1088 740 verbo,
1111 673 1204 744 qui
1233 673 1285 730 in
1319 671 1572 743 passione
1601 680 1628 709 ⁴ι
1657 677 1806 727 tanta
1833 670 2096 743 patientia

499 778 665 835 tacet,
697 770 751 824 in
772 775 950 824 morte
969 774 1085 824 tota
1104 766 1408 822 humilitate
1431 765 1768 822 succumbit?
1794 763 1864 818 Et
1882 779 2091 831 revera,

498 861 713 928 fratres,
744 861 1003 917 mundum
1041 875 1198 916 suum
1223 856 1470 913 Christus
1502 872 1599 928 per
1636 857 1816 912 omnia
1853 856 1998 911 mitis
2041 861 2098 911 et

499 961 818 1010 mansuetus
846 953 1084 1020 intravit,
1125 951 1253 1007 dum
1300 950 1542 1006 nascitur
1585 956 1774 1005 nostro
1828 948 1999 1004 dulcis
2038 947 2095 1004 in

500 1037 760 1118 germine,
779 1048 904 1103 dum
920 1047 1074 1103 cunis
1091 1045 1288 1101 blande
1305 1044 1554 1101 blandior
1578 1044 1693 1115 ipse
1712 1044 1944 1106 fovetur,-
1966 1043 2096 1099 dum

501 1139 757 1212 parvulus
785 1139 840 1194 in
859 1137 1068 1208 gremio
1095 1151 1156 1192 se
1176 1135 1347 1192 fundit
1372 1144 1429 1192 et
1448 1136 1672 1192 resolvit
1690 1136 1944 1200 humano,
1968 1135 2095 1190 dum

452 1230 458 1240 '
500 1233 742 1304 parentis
762 1233 814 1286 in
837 1231 980 1287 collo
1003 1231 1302 1300 stringitur,
1343 1239 1400 1286 et
1427 1230 1644 1300 stringit
1672 1238 1790 1286 toto
1818 1229 2096 1286 charitatis

501 1326 773 1396 amplexu.
805 1323 874 1379 Et
899 1331 960 1380 ut
1001 1325 1239 1380 enutriat
1279 1331 1396 1380 toto
1435 1324 1563 1380 dum
1603 1324 1838 1380 nutritur
1876 1322 2092 1388 affectu,

501 1431 601 1489 per
620 1433 808 1474 omnes
835 1415 1036 1473 sensim
1064 1417 1232 1472 currit
1261 1425 1316 1472 et
1344 1417 1605 1472 adolescit
1632 1423 1820 1472 aetates
1847 1435 1859 1470 :
1891 1431 2098 1487 pauper

501 1510 610 1578 agit
650 1524 884 1580 semper,
932 1509 1205 1565 solitarius
1243 1524 1460 1580 semper
1487 1508 1705 1574 incedit,
1735 1509 1863 1578 quia
1890 1523 2098 1580 pauper

501 1601 805 1657 communis
833 1607 917 1656 est
943 1616 1185 1672 semper;
1216 1608 1368 1670 patet
1396 1601 1647 1656 omnibus
1668 1601 1942 1656 solitarius
1961 1616 2098 1656 sem-

499 1706 616 1764 per.
649 1693 718 1748 Et
753 1693 884 1763 quid
912 1702 995 1749 est
1033 1694 1179 1763 quod
1207 1700 1417 1748 tantum
1444 1693 1624 1748 verbis
1651 1693 1854 1764 spargit
1893 1694 2092 1763 ignem,

2200 495 2351 543 teme
2375 483 2530 542 verba
2557 501 2734 542 eorum
2756 483 2930 557 (Psal.
2953 483 3122 558 xvm).
3147 485 3250 543 Sed
3272 489 3335 544 ad
3357 490 3472 549 illud
3485 495 3580 565 jam
3590 510 3698 572 quod

2196 580 2440 650 sequitur
2459 585 2813 634 transeamus.
2851 576 3033 650 Ignem
3059 581 3171 634 veni
3194 582 3383 637 mittere
3406 585 3455 638 in
3479 597 3646 663 terram,
3663 609 3700 654 et

2196 671 2321 744 quid
2340 671 2454 728 uolo
2475 671 2577 726 nisi
2605 678 2659 724 ut
2686 669 3036 726 accendatur?
3059 671 3166 727 Sed
3185 669 3423 744 baptismo
3440 678 3577 738 habeo
3602 686 3698 759 ιαμ.

2197 766 2366 830 tizari,
2411 773 2462 819 et
2499 764 2753 838 quomodo
2789 773 3026 820 coarctor
3056 764 3215 820 donec
3251 769 3556 840 perﬁciatur?
3580 775 3701 849 Urget

2197 873 2336 928 aqua
2357 858 2537 928 ignem
2561 875 2575 911 :
2606 855 2889 926 cogitanda
2917 863 3000 912 est
3023 857 3163 926 talis,
3186 867 3293 913 tam
3319 859 3474 917 divisa
3502 867 3702 937 conjunc.

2196 953 2292 1008 tio.
2327 951 2495 1022 Urget
2514 951 2655 1006 unda
2677 949 2968 1018 ﬂammam,
2984 951 3299 1022 multiplicat
3323 951 3516 1012 ﬂamma
3533 961 3700 1018 undam.

2197 1044 2327 1113 Quae
2351 1052 2433 1101 est
2479 1044 2619 1110 talis,
2651 1049 2762 1098 tam
2795 1041 2814 1082 ί
2846 1058 3076 1099 concors
3103 1043 3204 1098 ista
3230 1043 3514 1103 discordia?
3540 1047 3703 1112 Geritur

2197 1138 2301 1204 hic,
2350 1137 2491 1193 sicut
2526 1136 2776 1203 diximus,
2817 1135 3070 1206 agricola:
3105 1135 3270 1192 divini
3315 1140 3506 1208 species
3536 1159 3548 1196 :
3588 1145 3703 1214 plena

2197 1247 2430 1301 namque
2458 1230 2640 1287 omnia
2667 1229 2850 1285 calore
2868 1229 3191 1299 germinant,
3213 1229 3429 1286 humore
3447 1233 3702 1293 nutriuntur.

2199 1323 2353 1380 Unde
2390 1339 2573 1380 rerum
2616 1337 2814 1394 parens
2841 1321 2984 1377 Deus
3021 1321 3159 1390 ignis
3184 1329 3240 1377 et
3275 1336 3420 1392 aqua:
3453 1330 3706 1386 commercio

2198 1432 2299 1474 nos
2325 1416 2610 1486 germinat,
2637 1430 2736 1470 nos
2763 1415 2985 1477 enutrit,
3009 1429 3239 1483 quorum
3258 1421 3403 1470 tanto
3423 1415 3572 1481 ardet,
3591 1419 3706 1487 calet,

2199 1517 2482 1576 exaestuat,
2523 1508 2743 1564 anhelat
2771 1506 2986 1563 affectu.
3020 1505 3286 1578 Baptism
3318 1506 3468 1562 habeo
3495 1506 3705 1578 baptizari.

2197 1602 2441 1660 Christus
2469 1617 2567 1657 suo
2595 1602 2900 1672 baptizatur
2928 1601 2982 1656 in
3003 1601 3284 1666 sanguine,
3314 1609 3372 1674 ut
3412 1601 3631 1674 quidquid
3663 1620 3710 1664 ex

2200 1705 2383 1752 nostra
2429 1711 2594 1751 carne
2631 1669 2887 1765 suscepit,
2918 1694 3173 1762 diluatur,
3204 1669 3495 1759 rendvetur,
3520 1669 3568 1751 et
3587 1705 3709 1753 totam

500 1785 644 1854 quod
667 1792 816 1839 tanta
844 1792 901 1840 et
922 1785 1047 1840 talia
1070 1782 1388 1852 inﬂammat,
1420 1792 1476 1839 et
1496 1784 1688 1839 dilatat
1717 1784 1982 1851 incendia,
2014 1784 2097 1840 di-
2127 1791 2172 1852 Β
2199 1802 2309 1842 sua:
2335 1786 2529 1841 divinae
2556 1785 2854 1854 majestatis
2873 1785 3149 1854 redigatur
3175 1785 3228 1840 in
3258 1783 3490 1840 formam.
3526 1785 3711 1858 Baptiza-

499 1877 671 1932 cendo
693 1895 705 1930 :
741 1876 924 1949 Ignem
944 1865 1059 1932 veni
1083 1879 1285 1932 mittere
1302 1878 1359 1930 in
1389 1877 1622 1931 terram?
1641 1874 1781 1942 Quid
1804 1878 1927 1932 est?
1953 1876 2098 1946 Ager

497 1967 713 2035 quoties
741 1967 900 2036 longa
929 1967 1136 2023 incuria
1160 1967 1417 2034 silvescit,
1454 1972 1509 2022 et
1537 1973 1654 2022 toto
1683 1966 1910 2022 luxuriae
1938 1981 2096 2036 agre-

496 2058 595 2114 stis
614 2058 880 2114 sordescit
900 2059 1146 2125 horrore,
1173 2058 1486 2130 peritissimi
1506 2059 1729 2115 cultoris
1750 2060 1937 2130 utique
1957 2075 2099 2116 sem-

495 2165 597 2223 per
615 2152 857 2222 aperitur
884 2160 939 2208 et
958 2161 1221 2223 purgatur
1241 2153 1491 2209 incendio
1517 2171 1530 2207 :
1563 2169 1629 2208 ac
1660 2153 1838 2208 studio
1865 2153 2098 2224 benigno

498 2244 676 2299 cultor
696 2244 836 2313 ignis
874 2247 1182 2315 apponitur,
1217 2252 1276 2300 ut
1303 2245 1512 2302 exustis
1539 2247 1783 2301 sentibus
1829 2247 2101 2304 reveletur

497 2337 669 2406 prima
699 2335 866 2392 facies
891 2339 1087 2407 campi,
1114 2337 1140 2376 b
1171 2346 1457 2408 praestetur
1495 2339 1745 2408 agricolae
1785 2340 1973 2406 libera,
2005 2339 2101 2396 ﬁat

495 2427 668 2484 facilis
690 2429 774 2484 via
801 2431 1026 2497 vomeri,
1058 2431 1127 2485 sit
1145 2432 1401 2500 germinis
1422 2430 1574 2486 ferax
1595 2432 1792 2488 sterilis
1819 2432 1911 2488 diu
1933 2440 2096 2501 terra,

497 2528 555 2576 et
599 2522 758 2592 longa
806 2539 871 2579 ac
897 2531 1091 2579 maesta
1121 2525 1231 2579 otia
1269 2525 1391 2580 laeto
1421 2525 1691 2580 laetissima
1715 2525 1830 2595 jam
1848 2535 2102 2598 repenset

493 2610 552 2666 in
597 2611 792 2668 fructu.
836 2612 980 2682 Ergo
1013 2615 1103 2669 ubi
1140 2613 1392 2672 Judaicus
1422 2631 1612 2687 cespes
1638 2617 1897 2673 continuo
1918 2625 2100 2674 aratro

497 2703 633 2774 legis
661 2712 716 2760 et
730 2704 845 2774 jugi
865 2706 1016 2761 cultu
1041 2717 1063 2746 ο
1091 2705 1284 2763 eﬂ‘etus
1303 2706 1372 2762 ad
1401 2708 1658 2779 inopiam,
1688 2725 1796 2764 non
1822 2711 2101 2780 respondit

495 2797 744 2866 germini,
793 2812 901 2853 non
939 2797 1132 2865 labori,
1165 2799 1260 2855 sed
1286 2815 1387 2870 pro
1422 2801 1604 2857 tritico
1639 2801 1824 2856 lolium
1845 2801 2096 2870 reddidit,

496 2891 724 2962 protulit
752 2906 852 2962 pro
880 2891 1083 2947 viribus
1103 2893 1306 2963 spinas,
1329 2891 1578 2950 Christus
1611 2893 1681 2950 ad
1707 2902 1825 2950 sata
1858 2897 2102 2966 gentium

495 2981 662 3038 divini
691 2983 870 3038 cultus
897 2985 1166 3040 convertit
1205 2985 1564 3040 industriam:
1597 3001 1663 3042 ac
1708 2986 1802 3042 diu
1839 3003 2101 3058 oppressa

495 3075 672 3131 dumis
699 3076 981 3132 nationum
1009 3077 1233 3148 cupiens
1258 3079 1471 3134 novalia
1499 3093 1753 3150 purgare,
1784 3080 1964 3150 ignem
1984 3081 2104 3136 mit-

2203 1887 2292 1934 tur
2309 1877 2556 1933 Christus
2575 1893 2685 1933 sua:
2704 1877 3027 1948 baptismate
3047 1874 3338 1941 Passionis,
3362 1877 3448 1946 qui
3473 1878 3610 1934 totius
3629 1895 3712 1949 pee-

2200 1980 2382 2028 catum
2411 1971 2595 2026 mundi
2626 1971 2772 2036 lavit,
2801 1969 2946 2040 quod
2975 1985 3087 2025 non
3115 1968 3219 2024 nisi
3246 1969 3312 2024 ab
3331 1983 3395 2024 eo
3412 1969 3498 2039 qui
3519 1971 3711 2028 mundum

2199 2063 2421 2130 fecerat,
2451 2070 2668 2135 poterat
2695 2063 2917 2118 aboleri.
2944 2061 3175 2128 Putatis,
3202 2062 3295 2128 ait,
3325 2063 3440 2135 quia
3464 2079 3613 2133 pacem
3633 2068 3711 2118 mi

2201 2157 2407 2210 mittere
2433 2157 2490 2210 in
2513 2156 2744 2210 terram?
2773 2153 2919 2219 Non,
2953 2154 3068 2209 dico
3099 2154 3258 2220 vobis,
3279 2153 3368 2208 sed
3393 2156 3710 2226 separationen.

2203 2249 2417 2317 Quare?
2438 2250 2573 2318 Quia
2594 2249 2904 2320 conjunctio
2925 2249 3164 2305 cmlestis
3183 2255 3264 2303 est
3277 2248 3330 2302 in
3343 2247 3438 2302 ista
3451 2249 3716 2318 separatione

2203 2351 2437 2399 terrena.
2469 2345 2642 2400 Nemo
2669 2351 2850 2415 potest
2876 2342 3132 2400 connecti
3159 2350 3335 2408 terrae,
3365 2350 3418 2397 et
3444 2341 3573 2412 jungi
3599 2343 3712 2400 cutio.

2203 2433 2368 2491 Grata
2396 2449 2525 2505 ergo
2567 2444 2622 2491 et
2668 2436 2829 2491 chara
2869 2436 2941 2490 sit
2986 2435 3090 2490 ista
3117 2442 3331 2490 terrena
3358 2433 3610 2505 separatio,
3634 2448 3716 2502 qua

2205 2543 2306 2583 nos
2345 2528 2424 2583 sic
2464 2544 2495 2582 a
2542 2527 2772 2584 terrenis
2816 2534 3060 2598 separat,
3106 2533 3166 2581 ut
3203 2525 3400 2581 inserat
3439 2540 3528 2580 nos
3559 2525 3716 2579 divinis.

2205 2620 2404 2685 Erunt,
2436 2621 2636 2690 inquit,
2661 2637 2728 2674 ea:
2754 2620 2850 2674 hoc
2876 2620 3103 2691 quinque
3127 2619 3184 2672 in
3204 2616 3351 2672 domo
3376 2632 3473 2670 una
3491 2615 3628 2680 divisi,
3647 2623 3717 2669 tres

2203 2715 2260 2768 in
2286 2714 2407 2780 duo,
2438 2724 2488 2768 et
2533 2713 2634 2768 duo
2672 2713 2727 2766 in
2773 2722 2908 2766 tres:
2940 2711 3200 2766 dividetur
3246 2720 3387 2782 pater
3424 2711 3474 2764 in
3515 2708 3662 2780 ﬁlium,
3683 2718 3718 2760 et

2205 2807 2346 2878 ﬁlius
2374 2809 2430 2861 in
2457 2816 2689 2877 patrem;
2720 2814 2884 2860 mater
2910 2806 2966 2859 in
3010 2805 3203 2876 ﬁliam,
3234 2813 3283 2859 et
3327 2804 3435 2874 filia
3459 2803 3507 2857 in
3527 2812 3716 2866 matrem;

2205 2915 2384 2955 socrus
2418 2900 2474 2953 in
2503 2915 2690 2952 nurum
2710 2915 2880 2964 suam,
2911 2907 2962 2953 et
2983 2914 3146 2952 nurus
3167 2899 3223 2952 in
3241 2912 3435 2952 socrum
3459 2911 3598 2950 suam.
3621 2891 3717 2949 Cum

2206 2993 2445 3062 quinque
2466 2991 2664 3046 dixerit
2683 3007 2751 3046 ex
2777 3006 2883 3046 una
2903 2991 3066 3046 domo
3097 2988 3411 3046 dividendos
3428 3001 3633 3052 numero,
3650 3002 3719 3043 no-

2207 3084 2353 3138 mina
2376 3098 2471 3138 sex
2485 3082 2809 3150 dividentur,
2833 3092 3004 3154 pater,
3042 3081 3204 3149 ﬁlius,
3227 3089 3413 3147 mater,
3435 3079 3549 3142 ﬁlia,
3565 3093 3720 3147 socrus,

497 3171 563 3225 tit
582 3171 815 3241 primum
835 3171 1104 3227 maximus
1124 3172 1384 3242 magister
1413 3173 1468 3228 in
1493 3181 1717 3239 terram,
1760 3182 1817 3230 et
1842 3174 2102 3245 quidquid
2128 3185 2174 3248 ο
2209 3191 2375 3230 nurus
2400 3193 2413 3228 :
2444 3174 2540 3230 sed
2567 3175 2694 3244 quia
2722 3184 2807 3230 est
2829 3175 2943 3246 ipsa
2973 3190 3167 3230 socrus
3193 3188 3314 3243 quae
3351 3181 3509 3228 mater
3533 3177 3615 3234 est,
3636 3185 3720 3226 cer-

494 3265 754 3320 naturalis
775 3265 1166 3336 squalefecerat
1182 3266 1360 3334 luxus,
1384 3267 1646 3338 quidquid
1668 3267 1967 3324 arefecerat
1984 3267 2111 3323 bru-
2208 3276 2324 3324 tum
2371 3277 2453 3324 est
2479 3269 2718 3338 quinque
2757 3275 2965 3322 tantum
3004 3283 3270 3338 personas
3297 3268 3350 3323 in
3387 3267 3464 3321 his
3485 3263 3720 3321 nominibus

495 3359 656 3414 malis
693 3359 860 3429 rigor,
902 3359 1096 3416 artiﬁci
1133 3360 1398 3431 depurgat
1440 3369 1496 3417 et
1513 3363 1781 3418 consumit
1808 3361 2096 3428 incendio;

495 3458 763 3520 quatenus
789 3450 906 3506 sola
935 3451 1098 3520 longo
1127 3453 1391 3509 exhausta
1415 3452 1625 3523 jejunio
1654 3453 1772 3524 ipso
1797 3469 1897 3509 suo
1919 3453 2104 3509 cinere

493 3543 740 3612 saginata
770 3543 1203 3614 pinguescerent,
1245 3551 1302 3600 et
1338 3553 1466 3616 post
1492 3546 1803 3602 diuturnam
1843 3546 2099 3603 duritiem

495 3642 684 3690 tenera
711 3634 1069 3692 redderentur
1087 3643 1143 3692 et
1168 3639 1386 3706 mollia;
1417 3653 1483 3694 ac
1511 3640 1593 3696 sic
1619 3640 1933 3709 evangelico
1973 3648 2102 3712 apta

495 3725 642 3780 cultu
682 3725 875 3781 semini
928 3726 1288 3783 redderentur
1333 3730 1648 3796 commoda;
1691 3737 1746 3786 et
1765 3730 1908 3786 felici
1948 3731 2101 3787 sulco

496 3813 609 3884 jam
640 3816 930 3873 redderent
967 3818 1317 3887 tricesimum,
1349 3822 1745 3892 sexagesimum
1773 3839 1841 3880 ac
1867 3825 2100 3880 centesi-

500 3923 649 3964 mum
678 3908 926 3966 fructum.
957 3910 1064 3968 Sed
1083 3912 1172 3969 hic
1199 3914 1314 3985 ipse
1334 3915 1510 3972 cultus
1531 3932 1639 3972 non
1661 3924 1745 3972 est
1773 3933 1946 3973 novus
1965 3918 2102 3987 agri-

496 4002 632 4058 cola:
655 4003 826 4059 veteri
855 4011 912 4060 et
937 4005 1167 4073 caelesti,
1192 4022 1318 4062 nam
1339 4007 1514 4078 legem
1535 4007 1562 4046 ά
1591 4024 1849 4081 pangere,
1871 4011 2098 4079 gratiam

495 4110 696 4163 serere,
746 4097 884 4166 ignis
924 4113 1140 4170 semper
1175 4101 1254 4155 uti
1303 4116 1470 4172 opere
1514 4104 1814 4159 consuevit.
1865 4103 2100 4159 Daturus

495 4184 669 4257 legem
697 4190 874 4258 ignem
914 4192 1174 4262 praemisit
1212 4193 1267 4248 in
1313 4194 1478 4260 rubo;
1519 4193 1618 4250 sed
1652 4194 1894 4251 divinum
1932 4196 2099 4250 rubus

494 4281 748 4351 portavit,
803 4298 911 4338 non
965 4285 1214 4354 concepit
1260 4285 1566 4341 incendium
1615 4286 1811 4359 (Exod.
1865 4286 1939 4357 v),
1985 4287 2098 4356 jam

495 4378 624 4428 tunc
641 4373 842 4429 aculeis
870 4374 1088 4430 malitia:
1109 4376 1327 4446 plenum
1346 4384 1402 4432 et
1423 4377 1691 4446 ingratum
1711 4378 1939 4433 cultura:
1960 4378 2096 4446 legis

501 4473 526 4501 ο
556 4465 809 4536 populum
839 4467 1204 4538 prrettgurans.
1227 4467 1296 4523 Et
1314 4485 1458 4526 nunc
1478 4470 1533 4525 in
1553 4485 1682 4525 arva
1711 4470 1950 4540 gentium
1971 4486 2096 4526 cum

2210 3361 2457 3416 inveniri.
2483 3360 2803 3415 Dividuntur
2830 3368 3012 3415 autem
3041 3367 3155 3415 tres
3175 3359 3230 3414 in
3258 3358 3380 3423 duo,
3404 3357 3518 3414 dum
3535 3357 3581 3412 in
3603 3369 3720 3426 spon-

2208 3468 2271 3508 so
2296 3467 2495 3523 sponsa
2516 3451 2825 3521 conjuncta,
2850 3467 3039 3509 socrus
3066 3465 3191 3520 qua:
3210 3450 3370 3506 tertia
3387 3456 3481 3512 est,
3509 3446 3646 3502 divisa
3661 3459 3723 3500 re-

2207 3546 2445 3602 manebit
2474 3547 2528 3600 in
2557 3546 2737 3601 domo.
2784 3543 2928 3614 Ergo
2969 3545 3074 3599 ista
3107 3545 3164 3599 in
3183 3558 3291 3613 qua
3318 3540 3540 3599 Ecclesia
3555 3536 3723 3607 conjun-

2205 3641 2350 3710 gitur
2375 3639 2592 3695 Christo
2631 3638 2936 3712 Synagoga,
2967 3653 3088 3709 qua:
3127 3647 3302 3694 mater
3341 3643 3438 3701 est,
3481 3643 3530 3691 et
3569 3646 3720 3694 socius.

2204 3739 2488 3803 permanet
2507 3748 2606 3787 suo
2629 3731 2742 3802 jam
2770 3732 2966 3787 marito
2987 3731 3280 3802 perdivisa.
3304 3730 3416 3786 Duo
3435 3743 3550 3800 ergo
3567 3728 3612 3783 in
3646 3731 3724 3780 tres

2204 3823 2278 3878 ita
2307 3823 2636 3890 dividuntur,
2665 3822 2794 3878 dum
2828 3822 2896 3878 de
2925 3823 3030 3878 isto
3057 3820 3264 3878 Christi
3292 3828 3346 3878 et
3377 3819 3603 3878 Ecclesiae
3631 3830 3724 3873 con-

2204 3917 2373 3971 sortio
2397 3917 2566 3971 altera
2594 3926 2618 3964 ε
2651 3917 2824 3971 haeres
2852 3915 3118 3972 scinditur
3146 3924 3203 3972 et
3225 3915 3471 3972 dividitur
3487 3914 3723 3987 Synagoslt

2203 4017 2263 4064 ut
2289 4007 2534 4063 Christus
2561 4015 2617 4064 et
2643 4007 2882 4064 Ecclesia
2905 4007 3063 4064 divisi
3093 4005 3121 4046 δ
3145 4009 3214 4064 ab
3236 4008 3508 4070 haereticis,
3535 4020 3623 4060 uno
3639 4017 3723 4057 ma-

2203 4111 2370 4158 neant
2397 4111 2452 4158 et
2474 4103 2770 4173 jungantur
2797 4104 2852 4158 in
2881 4102 3106 4174 Spiritu.
3141 4103 3404 4158 Dividitur
3437 4110 3488 4158 et
3529 4107 3653 4172 pater
3685 4095 3723 4150 in

2204 4195 2390 4259 ﬁlium,
2415 4203 2471 4249 et
2500 4196 2638 4250 filius
2668 4195 2722 4249 in
2751 4203 2982 4266 patrem,
3014 4194 3145 4250 dum
3171 4194 3422 4250 Judaicus
3447 4191 3642 4264 populus
3661 4186 3724 4256 qui

2199 4303 2299 4358 per
2319 4287 2590 4343 carnalem
2610 4287 2810 4344 Christi
2831 4289 3240 4358 generationem
3262 4295 3530 4359 paternum
3554 4281 3722 4340 sortitus

2199 4390 2285 4435 est
2307 4395 2524 4447 nomen,
2544 4395 2574 4434 a
2587 4378 2806 4435 Christo
2826 4379 2964 4436 Filio
2985 4396 3082 4452 per
3103 4381 3360 4437 invidiam
3380 4385 3641 4452 separatur,
3656 4387 3727 4444 pa-

2199 4478 2284 4526 ter
2311 4471 2506 4526 lividus
2534 4472 2587 4526 in
2617 4471 2798 4528 odium
2825 4472 2991 4527 vertit
3031 4470 3305 4539 affectum,
3345 4471 3430 4528 cui
3475 4467 3558 4524 ﬁlii
3596 4463 3723 4536 gloria

495 4555 796 4612 destinaret
815 4558 1112 4628 apostolos,
1143 4559 1221 4615 sic
1247 4575 1343 4616 eos
1371 4561 1530 4631 igneo
1559 4561 1731 4617 imbre
1750 4560 2006 4633 perfudit,
2037 4569 2093 4618 et
2124 4597 2172 4656 ι)
2191 4561 2336 4632 jugis
2365 4572 2448 4618 est
2466 4578 2647 4634 paena,
2671 4571 2756 4620 est
2775 4565 3065 4621 continuus
3095 4564 3384 4630 cruciatus,
3409 4563 3599 4619 dicente
3621 4557 3726 4628 Apo-

495 4648 635 4718 ignis
661 4651 909 4706 consedit
935 4667 1100 4722 super
1119 4668 1234 4721 eos,
1257 4663 1318 4709 ut
1341 4663 1564 4724 possent
1582 4656 1833 4711 humecta
1863 4657 2088 4723 siccare,

494 4741 639 4797 sicca
661 4741 960 4809 infundere,
992 4743 1295 4814 decoquere
1332 4747 1516 4813 cruda,
1549 4746 1740 4816 frigida
1769 4747 2089 4816 calefacere,

495 4835 793 4892 accendere
819 4837 1104 4902 exstincta,
1136 4839 1458 4895 comburere
1489 4841 1672 4906 noxia,
1729 4849 1786 4895 et
1831 4840 1885 4895 in
1925 4856 2092 4911 opere

495 4929 712 4985 diverso
737 4945 844 4986 uno
875 4938 1037 5000 atque
1085 4931 1278 4987 eodem
1307 4933 1431 5000 igne
1469 4933 1539 4988 ad
1565 4934 1838 4989 omlestem
1878 4933 2092 5004 copiam

494 5029 610 5078 tota
636 5023 918 5094 percolere
955 5023 1170 5082 deserta
1198 5033 1485 5090 terrarum,
1524 5026 1736 5083 dicente
1776 5027 2038 5098 propheta
2075 5045 2087 5080 :

569 5241 597 5270 ι
635 5232 735 5290 Ms.
765 5232 937 5290 Vatic.
967 5241 1023 5289 et
1060 5231 1326 5296 Vallicel.,
1360 5234 1445 5305 qui
1473 5234 1529 5286 in
1563 5234 1817 5304 patientia
1851 5241 1996 5286 tanta
2023 5232 2093 5286 ad

500 5312 717 5376 mortem
743 5305 972 5376 festinat.

445 5395 448 5400 ·
571 5375 598 5412 b
637 5375 695 5431 ld
723 5372 825 5440 est,
877 5392 909 5430 a
963 5373 1611 5446 vepribusjsentilntsque
1651 5374 1845 5430 soluta.
1892 5372 2090 5429 Verum

501 5461 622 5529 cum
643 5446 854 5529 Latinio
874 5446 952 5502 sic
973 5443 1392 5500 emendavimus.
1418 5443 1559 5499 Editi
1581 5460 1787 5511 omnes,
1819 5452 2093 5523 pratgtetur

502 5518 750 5586 agricola:
770 5517 999 5572 libertas.

577 5598 598 5657 ς
641 5587 718 5640 lta
748 5603 870 5642 cum
892 5588 1084 5643 eodem
1105 5587 1318 5644 Latinio
1344 5605 1356 5640 :
1388 5584 1552 5654 Editi,
1583 5587 1811 5657 eﬁ'ectus.

571 5655 598 5692 δ
639 5658 805 5730 Alias,
830 5675 1089 5730 spargere.

575 5737 598 5762 θ
639 5727 882 5802 Divinam
931 5727 1104 5800 legem
1147 5746 1252 5785 non
1291 5731 1539 5802 rmicepit
1563 5729 1796 5793 Iudaeus,
1848 5728 1942 5783 sed
1972 5744 2090 5802 eam

499 5803 713 5858 tantum
738 5799 1036 5858 forinsecus
1064 5803 1317 5872 portavit,
1353 5799 1517 5857 veluti
1541 5802 1704 5859 rubus
1752 5803 1807 5858 in
1835 5801 2092 5858 exteriori

2197 4657 2376 4711 stolo:
2412 4654 2642 4721 Quorum
2681 4667 2874 4729 patres,
2915 4675 2981 4712 ex
3008 4658 3190 4730 quibus
3220 4667 3299 4712 est
3337 4655 3554 4710 Christus
3589 4663 3726 4704 seats-

2198 4750 2320 4804 dum
2359 4768 2585 4816 carnem,
2626 4751 2712 4823 qui
2750 4760 2829 4805 est
2864 4768 3018 4822 super
3063 4752 3242 4806 omnia
3266 4749 3402 4804 Deus
3424 4739 3725 4801 benedictusitt

2196 4841 2387 4895 saecula
2422 4840 2600 4913 (Rom.
2645 4841 2743 4912 ιχ).
2786 4841 3051 4897 Dividitur
3083 4850 3140 4897 et
3171 4849 3349 4896 mater
3383 4840 3436 4894 in
3469 4837 3640 4891 ﬁliam:
3667 4835 3726 4885 est

2196 4948 2430 5002 namque
2470 4931 2754 5004 Synagoga
2793 4940 2987 5000 mater,
3019 4949 3087 4989 ex
3113 4948 3221 5003 qua
3249 4948 3350 5006 per
3371 4931 3570 4988 Petrum
3592 4932 3725 4981 etce-

2196 5036 2345 5083 teros
2372 5025 2650 5098 apostolos
2689 5027 2930 5083 nascitur
2957 5024 3203 5082 Ecclesia
3224 5025 3352 5092 ﬁlia,
3374 5037 3489 5095 quae
3505 5018 3584 5076 ubi
3601 5009 3726 5072 divini

2200 5240 2410 5304 tantum
2435 5239 2591 5303 parte
2619 5232 2998 5304 exardescens.
3020 5228 3275 5304 Ex_Mita_.
3371 5300 3382 5304 Α
3477 5298 3488 5304 _
3575 5292 3605 5304 η

2281 5303 2299 5343 ῐ
2342 5293 2516 5359 Verba
2567 5304 2685 5368 illa,
2739 5303 2991 5372 baptismo
3039 5301 3198 5357 habeo
3222 5298 3516 5372 (baptizari,
3560 5293 3727 5372 dit:qu

2199 5357 2518 5446 tempore—ti
2549 5357 2767 5446 Christo
2796 5357 3328 5445 fuissepronuntiata'
3355 5357 3602 5426 existimat
3623 5357 3725 5446 Mal:

2200 5441 2433 5503 donatus
2459 5463 2470 5498 :
2503 5445 2646 5503 unde
2666 5446 2840 5501 inanis
2860 5441 3041 5518 opera:
3069 5449 3213 5500 esset
3232 5457 3415 5518 eorum
3436 5441 3725 5518 nesumnfuin

2197 5500 2570 5642 suregioribus
2583 5500 2846 5588 quaerere.
2865 5500 2922 5572 id
2944 5500 3125 5572 autem
3140 5514 3355 5583 egregie
3367 5508 3591 5584 praestitit
3601 5500 3728 5569 οιιη·

2199 5605 2260 5642 so
2284 5606 2316 5642 ο
2357 5604 2435 5642 us.

2199 5602 2582 5714 8Οιιιξηιῗίῗίίιιίιιε
2610 5658 2758 5728 legit,
2791 5668 2846 5716 et
2869 5657 2990 5729 jurc
3013 5658 3258 5724 fortasse,
3285 5656 3443 5710 altera
3469 5647 3660 5706 haresis.

2272 5730 2299 5768 ιι
2340 5729 2503 5795 Alias,
2532 5747 2564 5785 a
2584 5729 2800 5787 Judteis.
