3960 6358
1750 314 1808 370 S.
1846 313 2055 372 PETRI
2090 315 2530 375 CHRISOLOGI

3673 329 3785 388 636

485 437 730 496 aucturis
770 435 857 494 sui
900 435 1115 508 gratiae,
1151 433 1268 506 jam
1302 432 1530 500 debere;
1577 431 1859 504 ipsamque
1904 433 2076 488 nostri
2101 434 2157 497 Α
2177 441 2238 488 ιιι
2264 433 2488 491 relaxet.
2511 433 2650 495 Hinc
2672 439 2754 491 est
2776 449 2907 505 ergo
2932 434 3372 514 quodDominus,
3396 444 3592 505 auctor
3612 457 3646 496 a
3677 457 3782 498 sm-

485 528 1077 606 baptlsm'atis'formam
1105 536 1268 595 terra,
1291 527 1463 583 nostri
1481 526 1728 598 corporis
1747 526 1918 596 origo,
1942 542 2078 598 prte-

483 622 708 696 libaret;
749 633 812 683 ut
845 639 967 695 quas
1003 623 1131 678 ante
1169 630 1326 678 natos
1363 621 1611 676 homines
1648 621 1982 692 producebat
2008 620 2077 677 ad

482 731 733 788 mortem,
756 721 858 776 hos
876 718 945 774 ad
965 718 1124 773 vitam
1146 715 1468 788 produceret
1482 715 1596 786 jam
1623 723 1860 771 renatos.
1887 715 2077 771 Atten-

481 803 614 882 dite,
663 812 872 876 lintres,
921 819 1157 882 quantus
1202 811 1272 866 sit
1314 809 1774 880 quadragenarius
1819 825 2075 866 numerus

479 896 600 971 iste,
641 905 735 975 qui
771 911 827 960 et
864 911 993 960 tunc
1021 901 1226 960 cmlum'
1245 903 1404 957 terris
1431 902 1646 973 aperuit
1680 901 1989 969 abluendis,
2022 909 2078 957 et

479 1009 624 1051 nunc
650 993 798 1051 fonte
824 994 1164 1066 baptismatis
1189 994 1376 1049 orbem
1403 999 1576 1062 totum
1606 992 1796 1063 pandit
1827 993 2076 1060 gentibus

479 1085 816 1143 inuovandis.
850 1085 1042 1141 Merito
1072 1101 1172 1140 nos
1208 1083 1563 1154 quadraginta
1601 1083 1792 1139 diebus
1811 1099 1910 1153 per
1929 1082 2074 1152 jeju-

478 1179 626 1235 nium
664 1179 961 1253 currimus,
992 1186 1053 1232 ut
1087 1177 1468 1248 perveniamus
1496 1177 1566 1232 ad
1593 1175 1795 1232 fontem
1821 1186 1844 1214 ε
1867 1177 2073 1248 baptis-

478 1271 638 1327 matis
657 1279 712 1327 et
731 1269 938 1327 salutis.
954 1269 1315 1340 Quadraginta
1331 1271 1485 1324 annis
1496 1270 1751 1340 populum
1766 1269 2073 1326 Judaeorum

478 1365 739 1437 panificus
767 1365 821 1420 in
855 1363 1040 1420 eremo
1075 1365 1222 1434 pavit
1243 1363 1417 1418 imber
1439 1361 1635 1434 (Exod.
1662 1361 1726 1432 x)
1755 1380 1768 1414 :
1792 1377 1895 1417 nec
1913 1362 2073 1418 solito

476 1456 786 1512 ministram
806 1455 1139 1511 incrementa
1159 1455 1415 1523 germinis
1439 1453 1696 1523 produxit
1723 1468 1754 1509 e
1784 1465 1948 1519 terra,
1979 1453 2073 1508 sed

479 1544 597 1616 ipse
613 1545 778 1600 terris
806 1546 984 1616 potius
1006 1543 1157 1598 ﬂuxit
1171 1544 1472 1609 frumenta;
1500 1552 1779 1614 totumque
1798 1545 2072 1600 servitutis

479 1641 732 1695 humana:
758 1638 958 1694 ademit
992 1639 1247 1704 laborem,
1283 1639 1376 1708 qui
1403 1638 1602 1694 blando
1630 1654 1755 1694 rore
1783 1639 2070 1694 esurienti-

479 1727 582 1787 bus
595 1730 869 1786 caelestem
887 1731 1113 1801 pnebuit
1131 1738 1186 1785 et
1201 1731 1380 1785 evexit
1397 1745 1687 1786 annonam.
1707 1729 2071 1800 Quadraginta

2176 528 2312 584 culis
2357 528 2412 584 in
2459 528 2564 585 hoc
2612 543 2836 586 numero
2881 529 3179 590 absconditi
3225 535 3587 610 sacramenti,
3631 535 3782 590 intra

2175 621 2353 692 ipsum
2391 635 2673 678 numerum
2709 621 2915 677 dierum
2953 621 3303 692 quadraginta
3329 623 3522 693 jejunii
3545 625 3778 698 (Matth.

2173 713 2282 785 Iv),
2326 720 2386 768 ut
2421 713 2567 783 quod
2605 713 3020 772 adumbraverat
3064 716 3118 770 in
3158 715 3374 782 famulis
3417 718 3536 788 ipsa
3579 735 3684 790 per
3723 736 3782 778 se

2178 814 2204 844 ο
2228 804 2342 875 jam
2367 805 2614 870 Veritas,
2663 805 2804 862 facta
2844 815 2900 862 et
2945 814 3124 877 coepta
3167 808 3481 878 perliceret,
3533 809 3781 868 ﬁrmaret

2175 907 2383 966 tenera,
2406 899 2652 956 inchoata
2677 898 2976 969 suppleret,
3001 907 3057 954 et
3074 914 3196 970 qua:
3215 903 3497 973 prteceptis
3518 904 3778 960 institue-

2173 998 2287 1058 rat,
2318 991 2603 1052 roboraret
2621 992 2899 1061 exemplo;
2923 1007 3031 1053 non
3050 993 3193 1050 enim
3215 993 3628 1058 atdfeoeratboc
3658 1006 3781 1052 tan-

2175 1091 2288 1139 tum
2317 1083 2454 1140 tanti
2471 1083 2684 1142 numeri
2703 1092 3098 1152 sacramentum
3118 1085 3416 1156 imperasse
3433 1089 3636 1154 verbis,
3675 1091 3777 1144 nisi

2175 1174 2605 1230 commendasset
2624 1181 2680 1230 et
2705 1173 2867 1238 facto.
2892 1174 2961 1230 Et
2985 1183 3189 1244 tamen,
3220 1176 3432 1245 fratres,
3464 1193 3497 1244 a
3526 1187 3780 1250 tempore

2175 1265 2360 1322 diluvii
2388 1267 2710 1322 sacramenti
2742 1267 2904 1336 hujus
2923 1269 3300 1326 contendimus
3325 1271 3540 1340 aperire
3568 1280 3778 1343 myste-

2173 1359 2333 1424 rium,
2352 1378 2461 1416 non
2481 1362 2596 1417 ausi
2618 1363 2888 1418 anteriora
2909 1364 3241 1434 contingere,
3264 1366 3548 1436 superiora
3569 1367 3774 1431 rimari,

2174 1452 2322 1521 loqui
2352 1453 2512 1508 tacita
2531 1495 2546 1520 ,
2581 1460 2691 1508 tam
2718 1455 2812 1510 diu
2839 1464 2990 1511 certe
3014 1459 3254 1527 reposita
3285 1458 3533 1528 proferre
3577 1477 3593 1512 :
3635 1475 3775 1531 prie—

2172 1545 2359 1599 sertim
2387 1560 2508 1600 cum
2537 1547 2669 1600 mihi
2708 1549 3058 1604 temerarium
3084 1558 3140 1604 et
3177 1550 3331 1606 vobis
3372 1565 3485 1608 non
3526 1567 3771 1610 necessa'

2172 1635 2312 1691 rium
2338 1637 2548 1692 videam
2577 1654 2862 1694 causarum
2889 1640 3026 1698 tales
3067 1647 3354 1711 tantasque
3382 1643 3631 1712 origines
3657 1659 3771 1715 per-

2172 1731 2421 1784 scrutari.
2452 1729 2605 1786 Verae
2642 1731 2946 1788 devotionis
2983 1741 3098 1798 est,
3138 1733 3467 1790 fidelissima;
3505 1736 3776 1791 sanitatis

479 1822 673 1878 diebus
711 1833 910 1878 terram
937 1823 1372 1893 repromissionis
1400 1822 1704 1892 exploratio
1732 1823 1898 1880 missa
1932 1823 2072 1879 divi-
2103 1821 2152 1882 B
2176 1829 2288 1886 est,
2319 1823 2450 1891 quid
2479 1823 2593 1878 ﬁeri
2629 1823 2786 1889 velit,
2823 1841 2930 1880 non
2959 1841 3130 1894 quare
3155 1826 3288 1882 velit
3315 1827 3658 1896 dominator,
3697 1831 3775 1887 in-

376 1941 380 1946 ·
481 1912 626 1970 nitus
651 1913 898 1969 circuivit
920 1911 1106 1983 (Num.
1133 1913 1258 1982 xm)
1287 1931 1298 1966 :
1324 1922 1384 1968 ut
1421 1914 1509 1970 hic
1546 1924 1789 1970 sacratus
1818 1931 2074 1970 numerus

477 2004 772 2077 promissas
797 2003 1149 2059 lsraeliticum
1179 2005 1440 2074 populum
1477 2011 1732 2060 evocaret
1769 2004 1838 2060 ad
1880 2014 2069 2072 terras,

475 2097 571 2167 qui
599 2112 699 2151 nos
725 2095 1168 2166 quadragenariis
1201 2095 1533 2165 jejuniorum
1571 2096 1818 2151 cursibus
1857 2104 2069 2164 evocat,

477 2198 536 2245 et
559 2189 806 2260 perducit
833 2190 900 2243 ad
929 2191 1144 2245 cmlum.
1169 2189 1412 2259 Namque
1430 2199 1487 2246 et
1506 2191 1679 2246 nostri
1698 2193 1940 2262 corporis
1961 2200 2072 2249 ter-

478 2294 601 2335 ram
627 2278 982 2348 quadraginta
1011 2280 1200 2335 diebus
1229 2283 1476 2350 explorat
1503 2297 1644 2338 nunc
1676 2290 1733 2338 et
1750 2283 1942 2340 circuit
1960 2300 2073 2341 cm-

479 2373 638 2430 lestis
677 2375 974 2446 inspectio,
1001 2383 1058 2429 ut
1096 2377 1414 2446 expugnatis
1440 2385 1496 2432 et
1539 2377 1776 2446 expulsis
1822 2378 2074 2435 vitiorum

478 2469 748 2538 gentibus,
782 2469 1058 2538 regionem
1091 2471 1259 2525 nostri
1279 2471 1459 2528 cordis
1485 2473 1758 2542 possideat
1786 2473 1942 2528 turba
1968 2474 2075 2529 vir-

479 2569 673 2616 tutum.
706 2562 773 2616 Et
799 2562 923 2632 quia
964 2562 1096 2617 nihil
1143 2564 1500 2619 omittendum
1545 2573 1658 2631 est,
1709 2565 1921 2638 Moyses
1960 2566 2076 2638 ipse

478 2653 686 2709 dierum
709 2654 1064 2724 quadraginta
1080 2653 1289 2724 jejunio
1310 2656 1384 2710 ita
1403 2657 1640 2712 humano
1669 2656 1960 2714 defmcatus
1986 2667 2071 2715 est

477 2751 535 2801 et
561 2746 870 2801 exinanitus
899 2760 929 2800 a
958 2761 1186 2816 corpore
1211 2745 1406 2818 (and.
1431 2748 1600 2820 xxiv),
1632 2757 1692 2804 ut
1711 2756 1856 2804 totus
1883 2749 2076 2805 divini-

478 2843 608 2894 tatis
635 2848 941 2895 mutaretur
969 2841 1020 2894 in
1050 2841 1308 2910 gloriam;
1341 2849 1397 2897 et
1426 2842 1603 2899 adhuc
1642 2844 1694 2897 in
1739 2844 1912 2898 nostri
1950 2859 2074 2900 cor-

479 2931 630 3001 poris
658 2930 890 2987 obscuro
922 2941 1036 2986 toto
1084 2933 1312 3002 fulgeret
1357 2935 1561 2991 lumine
1605 2935 1850 3005 deitatis;
1901 2953 2078 3008 neque

479 3021 678 3077 intueri
698 3037 822 3078 eum
851 3024 1156 3078 mortalium
1188 3025 1332 3081 visus
1358 3035 1561 3097 posset,
1591 3028 1684 3097 qui
1717 3027 1746 3067 δ
1778 3031 2078 3086 substantia

480 3112 580 3169 Dei
606 3115 699 3170 diu
727 3123 914 3185 pastus
942 3124 1053 3170 tota
1087 3117 1335 3172 mortalis
1360 3119 1465 3173 cibi
1495 3119 1692 3177 oblitus
1721 3120 1898 3176 fuerat
1925 3121 2078 3192 adju-

2175 1917 2408 1986 quirere.
2434 1913 2492 1974 Si
2511 1931 2642 1986 ergo
2670 1918 3026 1988 quadraginta
3055 1919 3263 1979 dierum
3283 1921 3540 1991 simplex,
3565 1939 3773 1993 pum,

2174 2011 2400 2080 aequale,
2428 2012 2594 2066 tantis
2640 2013 2983 2077 testimoniis,
3014 2013 3115 2070 sub
3150 2015 3290 2069 tanti
3329 2031 3565 2071 numero
3604 2032 3778 2073 sacra-

2175 2104 2344 2158 menti
2365 2102 2622 2158 traditum
2652 2104 2808 2160 nobis
2829 2120 2860 2159 a
2881 2105 3109 2162 Domino
3136 2105 3401 2175 jejunium
3431 2108 3773 2178 perdocetm,

2175 2193 2318 2250 unde
2338 2194 2440 2249 ista
2452 2195 2708 2261 varietas,
2725 2194 2869 2250 unde
2889 2197 3102 2252 novitas
3122 2197 3244 2264 ista,
3262 2197 3410 2253 unde
3429 2198 3776 2255 hebdomade

2175 2301 2320 2342 nunc
2359 2285 2630 2352 resolutae,
2680 2301 2824 2342 nunc
2860 2287 3066 2355 rigidm,
3117 2303 3261 2344 nunc
3307 2288 3656 2358 indulgentes
3699 2290 3775 2345 ni-

2174 2377 2362 2444 mium,
2398 2373 2419 2414 τ
2451 2392 2596 2432 nunc
2622 2377 2859 2434 severas?
2888 2375 3045 2434 Unde
3071 2378 3422 2449 intemperati
3443 2379 3777 2450 jejuniiusus

2175 2467 2299 2534 iste,
2323 2469 2418 2537 qui
2438 2475 2531 2522 aut
2551 2466 2750 2526 aﬂiciat
2767 2468 2888 2525 sine
2906 2470 3083 2535 venia,
3107 2477 3202 2525 aut
3222 2471 3473 2527 remittat
3500 2471 3569 2526 ad
3597 2487 3778 2543 crapao

2175 2563 2322 2617 lam?
2351 2561 2467 2617 Hoc
2504 2569 2620 2626 est,
2661 2562 2954 2633 separatim
2992 2562 3186 2629 calida,
3229 2566 3531 2634 separatim
3573 2562 3775 2633 frigida,

2177 2654 2468 2724 separatim
2508 2653 2666 2720 salis,
2708 2654 3002 2725 separatim
3040 2654 3147 2710 cibi
3174 2655 3416 2710 remedia
3454 2654 3570 2710 suis
3604 2656 3779 2710 usibus

2176 2747 2458 2817 deputare,
2490 2754 2546 2802 et
2565 2753 2739 2801 totum
2760 2745 2884 2800 vitae
2913 2745 3184 2815 negligere
3216 2747 3602 2802 conditorem?
3622 2744 3780 2803 Cra-te

2176 2840 2272 2911 qui
2299 2841 2542 2910 corporis
2562 2841 2711 2895 cibos
2740 2839 3020 2906 condiunt,
3052 2838 3326 2910 sapienter
3356 2840 3575 2896 discant
3595 2841 3778 2895 anim:

2177 2933 2436 3006 pabulum
2459 2941 2782 3003 temperare,
2807 2947 2875 2987 ne
2897 2941 2992 2987 aut
3012 2932 3134 3002 plus
3160 2933 3404 2996 salituut,
3441 2942 3538 2990 aut
3568 2935 3780 3005 penitus

2179 3026 2441 3082 insulsum
2461 3025 2714 3080 salutaris
2732 3025 2838 3081 cibi
2858 3033 3083 3093 generat
3099 3024 3300 3080 lethale
3322 3025 3614 3090 fastidium.
3637 3024 3781 3096 Jeju-

2179 3117 2329 3173 nium
2358 3118 2429 3172 sit
2447 3117 2658 3187 aequale
2680 3134 2693 3170 :
2719 3124 2792 3184 et,
2817 3123 2878 3172 ut
2896 3123 2981 3171 est
3003 3115 3157 3171 nobis
3177 3115 3438 3172 traditum
3465 3116 3675 3187 (Matth.
3696 3118 3780 3188 ιι),

479 3213 662 3262 menta
687 3224 700 3259 :
725 3207 865 3263 unde
885 3206 1071 3264 didicit
1097 3223 1280 3264 coram
1309 3209 1420 3265 Deo
1447 3218 1503 3266 et
1535 3227 1656 3266 cum
1685 3211 1796 3268 Deo
1829 3228 2074 3270 commo-
2101 3206 2148 3272 C
2177 3217 2423 3266 servetur
2451 3209 2519 3264 ad
2546 3208 2792 3280 corporis
2820 3214 2875 3264 et
2899 3209 3092 3264 animm
3120 3208 3477 3279 disciplinam.
3498 3207 3653 3273 Certe
3682 3211 3785 3279 qui

480 3301 724 3357 rantibus
744 3303 867 3357 vita:
887 3303 1127 3363 subsidia
1151 3319 1258 3359 non
1287 3304 1496 3360 deesse.
1530 3304 1596 3360 Et
1628 3321 1836 3373 revera,
1860 3307 2073 3376 fratres,

481 3380 656 3449 nescit
692 3394 902 3457 lassari,
946 3396 1084 3450 mori
1115 3411 1221 3451 non
1251 3404 1463 3466 potest,
1496 3398 1585 3453 cui
1613 3399 1800 3468 panis,
1841 3401 1929 3455 cui
1967 3399 2077 3455 vita

479 3486 624 3544 Deus
651 3497 752 3545 est.
791 3487 985 3546 Merito
1014 3490 1101 3545 hic
1128 3491 1250 3546 talis
1277 3491 1451 3561 legem
1483 3493 1696 3548 sancire
1728 3493 1954 3559 meruit,
1985 3493 2078 3564 qui

484 3589 662 3658 totum
687 3581 946 3651 quidquid
975 3584 1032 3637 in’
1057 3584 1276 3639 h’omine
1314 3584 1402 3639 lex
1448 3598 1639 3654 urgere
1679 3594 1921 3656 poterat,
1953 3601 2078 3656 per—

482 3674 682 3729 amisit.
706 3672 1038 3731 Prmstitcrat
1057 3678 1160 3732 hoc
1189 3676 1358 3748 Moysi
1375 3676 1502 3746 juge
1530 3676 1758 3734 fortasse
1780 3677 2076 3747 jejunium;

482 3765 579 3823 sed
611 3766 846 3821 nondum
877 3767 1182 3822 reddiderat
1215 3769 1397 3832 talem,
1423 3769 1466 3823 si
1497 3768 1756 3824 defuisset
1781 3770 2082 3839 quadrage-

485 3856 672 3911 narius
693 3861 947 3911 numerus
966 3857 1053 3912 hic
1085 3865 1346 3912 sacratus.
1376 3856 1646 3927 Jejunium
1675 3858 1847 3913 Eliam
1885 3860 2084 3915 levavit

485 3946 556 4002 ad
575 3946 769 4003 cmlum
794 3945 892 4018 (IV
917 3946 1042 4018 Reg.
1069 3946 1149 4016 ιι),
1180 3957 1232 4002 ει
1266 3949 1549 4019 purilicato
1581 3950 1659 4005 sic
1689 3952 1906 4021 corpori
1939 3953 2083 4021 ignei

483 4054 677 4096 currus
705 4039 911 4096 addixit
933 4040 1278 4110 obsequium;
1316 4048 1374 4096 ut
1405 4042 1715 4098 ostenderet
1756 4055 1778 4082 ο
1814 4045 2077 4112 gehenna,

483 4147 604 4204 qua:
633 4136 812 4191 exurit
840 4151 962 4191 reos
980 4175 993 4200 ,
1029 4137 1272 4191 innocuis
1299 4151 1462 4205 quam
1489 4136 1720 4192 deservit
1759 4157 1772 4191 :
1805 4138 1900 4193 sed
1927 4146 1987 4192 ut
2013 4138 2083 4193 ad

484 4226 591 4283 hoc
625 4229 906 4299 perveniat
945 4234 999 4283 et
1040 4225 1215 4292 Elias,
1257 4228 1670 4297 quadragenarii
1709 4229 1918 4284 numeri
1956 4237 2085 4285 ante

483 4323 629 4373 viam
669 4320 953 4391 mysticam
995 4321 1277 4390 prmcurrit
1317 4320 1418 4392 (ιιι
1472 4321 1599 4394 Reg.
1643 4321 1786 4394 xix).
1833 4321 2084 4378 Ezechiel

487 4409 715 4464 eximius
759 4412 1146 4482 prophetarum
1198 4412 1555 4481 quadraginta
1600 4413 1788 4468 diebus
1833 4414 1860 4450 ἀ
1897 4416 2083 4481 jacens

487 4497 660 4555 latere
704 4514 844 4568 uno,
893 4501 1187 4556 scientibus
1233 4501 1406 4571 legem
1453 4503 1663 4572 loquor,
1715 4503 2081 4573 captivitatem

2175 3300 2425 3373 jejunare
2453 3318 2560 3357 non
2593 3309 2795 3373 potest,
2828 3317 2937 3358 non
2957 3309 3252 3371 praesumat
3281 3300 3526 3368 inducere
3551 3301 3786 3355 novim-

2181 3401 2328 3450 tem:
2355 3394 2452 3458 sed,
2489 3393 2726 3450 fateatur
2763 3408 2884 3450 esse
2911 3393 3219 3462 fragilitatis
3246 3395 3480 3466 propria:
3505 3393 3652 3464 quod
3685 3411 3787 3450 re-

2181 3485 2347 3549 laxat,
2373 3492 2428 3539 et
2451 3471 2476 3532 ts
2499 3484 2732 3540 redimat
2754 3484 3113 3562 eleemosynis
3131 3484 3278 3554 quod
3307 3500 3414 3541 non
3437 3491 3613 3555 potest
3653 3500 3784 3556 sup-

2179 3577 2332 3650 plere
2372 3576 2622 3646 jejuniis;
2673 3577 2800 3646 quia
2853 3576 2998 3632 illius
3049 3575 3284 3646 gemitus
3337 3576 3598 3634 Dominus
3665 3592 3775 3632 non

2179 3670 2428 3740 requirit,
2469 3669 2563 3739 qui
2591 3685 2692 3740 pro
2729 3684 2789 3725 se
2815 3669 3046 3738 gemitus
3072 3683 3376 3739 pauperum
3413 3667 3492 3737 sic
3528 3667 3781 3725 redemit.

2728 3779 2961 3838 SERMO
2997 3779 3250 3836 CLXVII.

2183 3879 2265 3934 De
2289 3877 2360 3932 D.
2390 3840 2598 3933 Joanne
2637 3875 2877 3949 Baptista
2903 3875 3254 4001 magistrate,
3288 3874 3450 3948 deque
3483 3876 3786 3947 pertinatia

2875 3964 3006 4001 aaeu
3085 3987 3100 4000 .

2875 3964 3100 4019 ageuaa.

2254 4039 2569 4114 Opportune
2607 4040 2764 4097 nobis
2794 4038 3031 4097 Joannes
3065 4039 3408 4096 beatissimus
3435 4037 3634 4112 ieiunii
3655 4047 3789 4095 tem-

2183 4150 2317 4207 pore
2345 4134 2677 4207 pmnitentize
2708 4133 2901 4190 doctor
2928 4132 3174 4200 advenit;
3205 4131 3400 4200 doctor
3431 4131 3579 4188 dicto
3612 4129 3787 4198 facto-

2184 4243 2311 4299 que,
2334 4227 2591 4297 magister
2616 4241 2794 4292 verus,
2827 4224 2971 4295 quod
2998 4225 3168 4281 verbo
3195 4225 3417 4292 asserit,
3449 4224 3791 4292 demonstrat

2185 4320 2455 4392 exemplo.
2487 4319 2856 4389 Magisterium
2875 4325 2985 4372 stat
3011 4317 3080 4372 de
3099 4317 3346 4383 scientia,
3370 4315 3468 4372 sed
3488 4316 3789 4386 magisterii

2186 4412 2480 4468 auctoritas
2507 4418 2722 4466 constat
2741 4425 2811 4466 ex
2837 4410 2978 4474 vita;
3015 4408 3261 4465 docenda
3281 4407 3507 4472 faciens,
3532 4407 3792 4468 obedie-

2185 4512 2297 4559 tem
2316 4501 2528 4574 perficit
2561 4503 2882 4558 auditorem.
2909 4501 3115 4557 Docere
3143 4499 3316 4567 factis,
3348 4499 3463 4556 sola
3486 4509 3579 4555 est
3601 4513 3792 4555 norma

487 4592 722 4647 futuram
749 4590 878 4648 dum
905 4593 1230 4663 prmligurat,
1273 4594 1502 4650 absolvit
1543 4593 1763 4670 (Ezech.
1808 4596 1891 4665 ιν)
1939 4613 1950 4648 :
1994 4595 2086 4664 qui
2111 4597 2162 4657 D
2188 4595 2477 4662 doctrinae;
2501 4593 2747 4648 doctrina
2775 4593 2831 4647 in
2851 4591 3012 4676 dictis
3032 4593 3257 4648 scientia
3280 4600 3361 4648 est
3378 4633 3393 4658 ,
3416 4591 3472 4646 in
3494 4590 3662 4648 factis
3689 4591 3794 4648 vir-

488 4693 732 4742 sacratus
764 4702 1019 4742 numerus
1048 4686 1150 4742 iste
1178 4687 1401 4757 suscipit
1427 4688 1756 4757 iniquitates,
1785 4696 1844 4742 ut
1871 4687 2076 4754 deleat;

489 4779 826 4853 captivitates
865 4789 926 4836 ut
965 4780 1209 4837 absolvat
1247 4780 1573 4849 ingreditur;
1614 4782 1826 4834 vincula
1861 4782 2080 4851 patitur,

557 4992 586 5022 ι
615 4979 843 5049 Peracto
885 4979 1210 5049 expletoque
1248 4979 1699 5049 quadragesimali
1741 4979 1947 5049 jejunio
1990 4995 2080 5036 so-

486 5053 677 5110 lemnis
707 5052 760 5106 in
793 5048 1056 5106 Pascliate
1085 5048 1384 5105 habebatur
1404 5052 1718 5120 baptismus.

553 5123 584 5164 δ
613 5123 729 5180 Ηοε
757 5130 841 5179 est
860 5122 1093 5178 essentia
1113 5122 1314 5187 divina,
1337 5122 1425 5175 vel
1449 5137 1700 5176 sermone
1733 5121 1964 5189 Domini,
1989 5123 2082 5192 qui

486 5195 725 5262 Mevsem
747 5211 844 5279 per
871 5205 995 5279 aera
1029 5193 1650 5279 per‘quadralginta‘dies
1662 5193 1752 5279 bis
1778 5208 2079 5279 ren'otmve-

486 5279 601 5336 rat,
626 5277 687 5323 ut
715 5263 792 5322 ait
811 5273 1001 5322 auctor
1027 5263 1097 5321 de
1129 5263 1320 5319 Mirab.
1353 5263 1551 5334 Script.
1576 5265 1630 5320 in
1660 5274 1790 5319 tom.
1821 5264 1886 5319 lll
1915 5264 2075 5335 Oper.

485 5339 542 5395 S.
571 5338 874 5409 Augustini.
909 5336 1074 5409 Mm.

561 5422 583 5448 ο
617 5405 693 5479 De
725 5407 1032 5479 hujusmOdi
1063 5407 1211 5479 vocis
1225 5415 1422 5479 _etymo
1450 5406 1573 5479 vide
1611 5405 1992 5479 Hofmannum,
2026 5407 2080 5462 in

487 5477 713 5548 Lexico;
755 5476 1064 5548 Fungerum
1083 5518 1098 5543 ,
1132 5478 1186 5534 in
1213 5476 1501 5545 Gehenna;
1531 5477 1840 5544 Seldenum,
1872 5479 1940 5533 de
1970 5479 2081 5533 Diis

487 5549 658 5603 Svris.
684 5560 898 5603 svntaa.
936 5551 959 5603 i
987 5565 1106 5603 can.
1132 5549 1183 5603 6.
2054 5588 2060 5596 -

487 5551 667 5625 Syris.
684 5560 898 5625 syntag.
936 5551 959 5603 i
987 5565 1106 5621 cap.
1132 5551 1183 5603 6.
2054 5588 2060 5596 .

556 5620 861 5699 "Ezechiel
890 5623 1276 5699 prophetarum
1308 5621 1701 5699 vetustissimus
1741 5619 1930 5699 diebus
1971 5628 2080 5699 tre-

489 5695 660 5750 centis
680 5702 736 5750 et
761 5691 1054 5764 nonaginta
1077 5694 1131 5747 in
1152 5693 1426 5747 sinistrum
1454 5693 1612 5756 latus,
1641 5691 1994 5764 quadraginta
2024 5691 2078 5746 in

488 5765 769 5822 dexterum
815 5761 1002 5822 cubuit
1045 5783 1058 5818 :
1103 5765 1322 5819 omnino
1369 5764 1556 5820 diebus
1603 5761 1992 5834 quadragintis,
2025 5771 2079 5815 et

485 5836 706 5908 triginta
730 5850 829 5909 per
854 5843 1128 5892 trecentos
1155 5842 1211 5888 et
1238 5836 1528 5905 nonaginta
1566 5835 1700 5900 dies,
1738 5849 1909 5888 annos
1951 5836 2075 5888 toti-

2187 4697 2292 4744 tus.
2325 4687 2562 4744 Scientia
2585 4701 2716 4756 ergo
2745 4687 2835 4741 illa
2864 4701 2995 4742 vera
3027 4694 3128 4754 est,
3159 4701 3277 4756 quae
3291 4684 3454 4741 fuerit
3474 4684 3662 4740 mixta
3683 4683 3792 4740 vir-

2187 4781 2318 4847 tuti;
2349 4781 2473 4845 illa,
2506 4779 2598 4834 illa
2636 4778 2816 4834 divina
2857 4785 2967 4842 est,
3000 4793 3111 4832 non
3148 4778 3412 4841 humana,
3451 4775 3796 4846 evangelista

2185 4981 2309 5038 dem
2337 4980 2795 5050 significantibus,
2837 4977 3052 5034 Israelis
3095 4978 3344 5050 iniquitas
3372 4975 3671 5050 deﬁnitur;
3702 4994 3799 5049 per

2184 5045 2539 5122 quadraginta
2556 5093 2570 5118 ,
2604 5051 2928 5122 diuturnitas
2957 5045 3284 5122 captivitatis
3306 5045 3456 5122 dudm
3478 5045 3793 5122 indicatur.

2186 5118 2264 5179 De
2291 5118 2580 5180 cubatione
2603 5132 2782 5178 autem
2825 5120 3140 5185 Ezechielis,
3165 5135 3231 5174 an
3257 5118 3324 5173 ad
3361 5118 3680 5188 prodigium
3707 5136 3794 5172 re-

2185 5195 2507 5250 currendum
2531 5195 2618 5258 sit,
2653 5194 2772 5248 vide
2799 5191 3241 5258 Chrysostomum
3268 5188 3336 5246 de
3365 5188 3613 5255 Provid.,
3645 5189 3802 5244 Basi-

2185 5264 2318 5320 lium
2339 5268 2394 5321 in
2423 5266 2573 5320 isaim
2596 5251 2711 5328 vni,
2746 5251 3072 5318 Theodoret.
3098 5262 3152 5315 in
3186 5257 3337 5316 Oscae
3369 5275 3418 5326 ι,
3447 5251 3803 5330 casurasque

2188 5347 2550 5393 enarratores.

2261 5417 2285 5445 ο
2321 5407 2587 5477 Corrupte
2621 5406 2672 5460 in
2703 5405 2880 5470 editis,
2911 5405 3151 5477 ipsa‘per
3169 5418 3224 5457 se
3237 5402 3354 5474 jam
3374 5401 3595 5456 actitata
3615 5404 3802 5473 facta;

2188 5477 2276 5533 vel
2300 5496 2312 5532 :
2344 5481 2460 5548 ipsa
2488 5475 2580 5548 per
2599 5493 2654 5530 se
2672 5477 2786 5548 jam
2813 5476 3001 5548 ueritas
3022 5475 3240 5548 faciens.

2265 5548 2284 5588 τ
2328 5541 2404 5604 De
2441 5541 2821 5617 superstitione
2860 5545 2914 5599 in
2955 5541 3060 5599 hoc
3086 5543 3295 5617 jejunio
3317 5541 3614 5617 aApluribus
3639 5543 3806 5617 adbi-

2186 5622 2295 5674 bita
2325 5620 2488 5675 habet
2511 5612 2571 5674 S.
2605 5616 2919 5671 Ambrosius
2955 5612 3120 5672 serm.
3151 5615 3222 5668 25
3248 5622 3304 5669 et
3329 5612 3416 5678 2-1,
3447 5612 3499 5666 in
3519 5615 3803 5669 vetustis.

2186 5691 2348 5746 Mm.

2258 5772 2280 5807 ε
2305 5761 2438 5815 Vide
2465 5777 2625 5830 quam
2649 5759 2850 5829 optime
2871 5756 2928 5812 S.
2953 5755 3062 5813 Leo
3083 5772 3244 5811 serm.
3259 5755 3328 5810 de
3340 5753 3544 5826 jejunio
3561 5754 3808 5828 septimi

2181 5847 2406 5890 lliCﬂSlS.
3439 5846 3448 5854 ’
3513 5847 3522 5854 ⁵
