3878 6368
155 374 252 476 v7

181 567 192 584 δ

153 655 336 746 struit,
365 669 423 730 et
447 672 707 746 informat
725 655 995 744 exemplo.
1040 665 1106 726 In
1137 657 1343 736 diebus,
1387 655 1606 740 inquit,
1631 655 1735 744 illis

315 753 554 822 ιοάηηεε
604 743 839 836 Βάῥιὶεεα
877 743 1169 836 prtcdicans
1198 763 1252 832 in
1281 749 1731 836 desertohludans’,

150 853 194 914 ἐι
221 833 462 913 dicens:
500 833 887 913 Ptznit‘e‘ntiam'
921 856 1092 928 agite,
1135 837 1562 928 apprOpinquavit
1600 835 1737 907 enim

149 937 359 1024 regnum
409 931 664 1006 caelorum
699 937 928 1034 (Matth.
973 944 1082 1019 ιιι).
1136 935 1514 1002 Pmnitentiam
1560 935 1733 1015 agite,

147 1053 309 1114 quare
329 1033 441 1097 non
462 1041 633 1118 magis
652 1039 917 1120 gaudete?
943 1038 1174 1110 gaudete
1194 1033 1382 1108 magis,
1406 1037 1531 1118 quia
1552 1052 1739 1093 succe—

149 1123 271 1190 dunt
301 1134 553 1190 humanis
573 1119 774 1200 divina,
798 1132 1038 1189 cmleslia
1069 1119 1324 1199 terrenis,
1353 1123 1738 1204 temporalibus

149 1215 492 1302 sempiterna,
511 1211 664 1283 malis
683 1221 1053 1292 bona,'secura
1075 1225 1266 1292 anxiis,
1283 1225 1537 1280 aerumnis
1555 1201 1734 1290 beata,

93 1323 99 1366 ῖ
149 1311 400 1380 ωειιίέιιτιι
418 1323 689 1395 perituris.
711 1311 1070 1376 Pantitentiam
1091 1321 1246 1393 agite.
1270 1318 1536 1376 Pwniteat
1554 1319 1734 1390 plane,

149 1409 408 1489 pcnniteat
429 1413 522 1488 qui
561 1413 755 1470 divinis
800 1415 1036 1486 praetulit
1079 1413 1347 1481 humana,
1397 1413 1490 1484 qui
1535 1412 1738 1468 servire

148 1487 308 1563 valuit
337 1487 562 1573 mundo,
595 1514 651 1561 et
688 1491 1114 1562 dominationem
1161 1505 1344 1560 mundi
1391 1521 1515 1561 cum
1553 1503 1737 1560 mundi

148 1597 368 1678 Domino
406 1614 514 1656 ιιοιι
541 1597 763 1656 habere.
796 1596 1066 1654 Pmniteat
1091 1597 1183 1668 qui
1203 1597 1392 1652 maluit
1418 1595 1596 1668 perire
1616 1612 1738 1652 cum

148 1683 389 1762 diabolo,
433 1709 597 1766 quam
637 1708 866 1764 regnare
905 1707 1028 1748 cum
1067 1691 1305 1748 Christo.
1349 1690 1618 1749 Pceniteat
1644 1691 1737 1762 qui

147 1789 397 1844 virtutum
421 1789 722 1856 libertatem
746 1787 972 1860 fugiens,
991 1789 1234 1859 captivus
1256 1788 1426 1842 voluit
1447 1802 1565 1841 esse
1584 1786 1740 1841 vitio-

146 1897 271 1968 rum.
302 1869 590 1966 Ptnniteat,
615 1889 670 1938 et
697 1883 828 1968 satis
855 1883 1144 1953 pmniteat,
1175 1882 1268 1954 qui
1298 1896 1365 1964 ne
1385 1881 1550 1936 vitam
1584 1889 1736 1966 tene-
1767 1907 1816 1968 Β

147 1965 236 2039 ret,
255 1989 454 2030 manus
476 1961 694 2030 tradidit
713 1965 892 2034 morti.
911 1961 1354 2047 ApprOpinquavit
1367 1975 1501 2028 enim
1525 1963 1736 2044 regnum

145 2066 399 2122 calorum.
435 2064 678 2136 Regnum
721 2067 980 2122 caelorum
1013 2074 1096 2121 est
1129 2066 1407 2136 ptvcmium
1441 2051 1730 2134 iustorum,

144 2157 400 2228 judicium
459 2141 837 2229 peccatorum,
895 2157 1072 2227 impiis
1123 2171 1303 2227 paena.
1360 2155 1556 2210 Beatus
1606 2168 1735 2223 ergo

146 2233 407 2316 Joannes,
439 2249 534 2320 qui
563 2249 878 2320 pamitentia
914 2247 1178 2319 judicium
1215 2247 1384 2302 voluit
1423 2247 1732 2318 prmveniri;

146 2350 456 2412 peccatores
478 2356 584 2396 non
601 2339 861 2410 judicium
885 2339 1055 2394 voluit
1074 2339 1292 2404 habere,
1318 2338 1412 2394 sed
1435 2323 1732 2409 prtcmiuin;

147 2431 330 2505 impios
349 2433 525 2489 voluit
552 2448 777 2504 regnum
818 2435 1040 2498 intrare,
1067 2449 1176 2487 non
1215 2447 1454 2504 pmnam.
1498 2431 1566 2485 Et
1605 2440 1736 2486 tunc

144 2525 373 2584 Joannes
411 2527 646 2584 vicinum
687 2527 884 2583 cecinit
923 2541 1147 2596 regnum
1189 2527 1478 2590 caalorum,
1518 2525 1734 2595 quando

147 2621 312 2677 adhuc
341 2637 477 2692 puer
516 2621 742 2678 mundus
785 2630 1003 2676 aetatum
1031 2620 1386 2691 conquirebat
1419 2627 1724 2687 augmenta.

147 2711 297 2776 Modo
326 2714 592 2771 cmlorum
622 2728 843 2783 regnum
867 2729 1029 2783 quam
1052 2713 1357 2785 proximum
1379 2712 1494 2782 jam
1513 2713 1731 2778 scimus,

147 2793 354 2875 quando
381 2795 615 2864 mundus
643 2816 923 2863 senectute
951 2807 1122 2864 fessus
1161 2816 1404 2862 extrema
1423 2845 1438 2870 ,
1479 2814 1738 2860 vacuatur

146 2899 358 2965 viribus,
406 2900 646 2956 membra
687 2897 939 2968 deponit,
982 2898 1178 2954 amittit
1205 2913 1426 2964 sensus,
1458 2897 1736 2953 doloribus

149 3002 377 3061 urgetur,
417 3007 602 3048 curam
633 2991 868 3061 respuit,
900 2990 1022 3046 vitae
1052 2991 1298 3058 moritur,
1332 2990 1463 3044 vivit
1502 2989 1732 3055 morbis,

149 3076 408 3138 defectum
437 3083 664 3148 clamat,
698 3091 926 3138 testatur
965 3080 1144 3138 finem.
1189 3081 1298 3138 Nos
1325 3097 1455 3151 ergo
1491 3081 1738 3137 duriores

149 3171 352 3242 Judatis,
378 3176 472 3248 qui
495 3175 788 3246 fugientem
816 3175 1093 3246 sequimur
1122 3156 1397 3241 nnmdum,
1421 3175 1512 3244 qui
1536 3173 1739 3229 futuro-

1519 368 1754 456 §Fé1illg
1781 367 2034 458 φιτκνιιρ

215 489 432 576 cliente,
456 504 580 574 cum
606 487 772 570 dicit:
799 484 930 560 Quae
955 487 1102 574 erepit
1119 484 1272 570 (esus
1295 487 1464 576 facere
1483 495 1531 539 et
1551 485 1732 568 docere

1845 484 2017 568 mn.)-
2051 482 2128 566 ξξι,
2144 498 2263 574 ηρδρ
2292 483 2505 572 (mea
2535 482 2712 570 (ιυίιίξβ
2732 483 3020 568 voluntate.
3037 485 3292 568 meritum
3319 503 3428 554 non

211 556 282 656 ἷεέ.
299 557 380 654 ‘1’);
402 553 723 654 ’rne'éepta'r
739 553 891 662 .cum'
908 553 1154 634 docenda
1181 573 1324 662 facit,
1357 563 1416 658 ei
1451 563 1634 633 auditu
1655 577 1735 662 in-
1773 569 1784 580 ”
1838 553 2228 662 maesta}

3321 367 3427 456 ειβ

1838 579 2198 658 ᾳμειιεὶγίηιιιε,
2224 578 2564 652 acquiramus
2582 577 2669 636 vel
2695 578 2762 633 de
2797 579 3118 636 necessitate
3150 580 3426 658 virtutem,

1839 655 1907 760 ne
1935 655 2238 760 iudicemur
2261 659 2468 741 iudices
2500 659 2671 756 nostri
2695 670 2896 730 simus:
2929 655 3428 754 pcnnitpntiamde-

1837 764 2026 822 bemus
2056 765 2230 829 nobis,
2264 771 2323 818 ut
2356 765 2622 846 possimus
2651 761 2806 846 nobis
2839 765 3048 846 auferre
3080 768 3425 844 sententiam.

1839 845 2021 930 Prima
2067 862 2154 930 est
2194 843 2420 930 felicitas
2457 843 3092 928 iperpetua'innqcentia:
3135 858 3430 916 securitate

1838 943 2088 1020 gaudere,
2106 935 2418 1020 inviolatam
2438 963 2653 1007 servare
2674 949 2868 1024 mentis
2890 956 2944 1006 et
2963 949 3208 1024 corporis
3227 951 3428 1022 sancti-

1839 1033 2040 1107 tatem,
2071 1039 2213 1095 nulla
2245 1040 2519 1095 immunda
2551 1023 2734 1114 mundi
2775 1021 3176 1110 inquinamenta
3204 1043 3425 1110 sentire,

1839 1125 2021 1188 reatus
2041 1131 2428 1188 conscientiam
2451 1148 2556 1186 non
2579 1115 2806 1210 habere,
2820 1115 3058 1190 vulnera.
3072 1121 3280 1210 nescire
3300 1149 3428 1206 pec-

1839 1228 1963 1294 cati,
1987 1219 2211 1297 gratiam
2237 1213 2450 1300 semper
2480 1217 2756 1310 possi_dere
2787 1209 3062 1310 virtutum,
3087 1213 3301 1306 semper
3331 1226 3431 1282 sub

1839 1337 1935 1394 spe
1962 1321 2144 1378 vivere
2183 1321 2480 1396 cmlestium
3045 1297 3242 1394 sitquo
3289 1320 3432 1400 forte

1841 1426 2024 1496 nostra
2063 1432 2214 1472 mens
2256 1415 2436 1486 iaculo
2484 1403 2642 1472 fuerit
2681 1399 2894 1494 conlisa
2925 1399 3174 1496 peccati,
3216 1417 3261 1473 si
3299 1431 3430 1474 caro

1840 1495 2104 1566 tumescat
2152 1525 2220 1564 ex
2264 1508 2518 1574 crimine,
2575 1508 2623 1584 si
2652 1495 2925 1566 dvitiorum
2971 1509 3120 1586 sanie
3168 1507 3431 1582 fragilitas

1839 1599 2074 1653 humana
2094 1605 2498 1668 corrumpatur;
2523 1583 2650 1654 tunc
2670 1599 2824 1678 aegris
2846 1600 2933 1674 illa
2949 1641 2964 1665 ,
3123 1615 3231 1662 non
3263 1599 3428 1674 sanis,

1841 1693 2172 1763 poenitentiae
2199 1693 2465 1748 medicina
2494 1676 2791 1759 succurrat,
2819 1677 3026 1772 ferrum
3043 1676 3431 1764 ‘compunctio-

1841 1789 1924 1842 nis
1952 1788 2203 1854 accedat,
2236 1797 2538 1860 apponatur
2579 1771 2790 1864 adustio
2832 1799 2964 1848 tunc
3005 1790 3240 1856 doloris,
3282 1788 3434 1844 adhi-

1840 1883 2068 1938 beantur
2111 1883 2466 1956 suspiriorum
2512 1890 2642 1940 tunc
2687 1875 2956 1950 fomenta,
3006 1884 3262 1952 tumentis
3298 1898 3435 1940 con-

1842 1977 2080 2032 scientia:
2122 1976 2302 2034 fervor
2346 1986 2630 2048 evaporet;
2665 1986 2792 2034 tunc
2829 1985 3011 2046 reatus
3043 1978 3224 2045 ulcera
3253 1978 3430 2050 lacry-

1839 2069 1942 2148 mis
1989 2070 2309 2137 abluantur,
2360 2071 2754 2127 immunditiam
2791 2072 3036 2143 corporis
3082 2071 3257 2127 cilicia
3304 2079 3436 2126 tunc

1840 2164 2141 2233 detergant.
2205 2163 2398 2232 Ferat,
2461 2164 2600 2220 ferat
2658 2181 2897 2224 amaram
2957 2165 3286 2236 paenitentia
3333 2180 3432 2220 cu-

1840 2271 1975 2321 ram,
2025 2256 2118 2327 qui
2165 2272 2385 2313 servare
2422 2267 2448 2295 ⁸
2487 2257 2723 2314 debitam
2772 2258 2944 2313 noluit
2980 2257 3288 2314 sanitatem.
3328 2255 3430 2312 Cui

1839 2349 1952 2404 vita
1999 2364 2097 2405 sua
2143 2349 2308 2404 chara
2355 2356 2468 2416 est,
2518 2349 2654 2406 dura
2701 2348 2728 2390 ι)
2777 2349 2924 2406 nulla
2964 2358 3048 2404 est
3085 2365 3265 2418 cura:
3310 2365 3429 2404 me-

1840 2443 1991 2498 dicus
2021 2459 2128 2498 non
2167 2443 2236 2498 sit
2271 2443 2539 2512 ingratus,
2571 2444 2666 2513 qui
2701 2459 2799 2515 per
2835 2444 3080 2501 dolorem
3113 2453 3338 2500 revocat
3366 2443 3435 2498 ad

1839 2535 2089 2589 salutem.
2132 2534 2234 2604 Qui
2265 2535 2588 2590 innocentia:
2617 2535 2879 2592 creditum
2908 2544 3118 2602 servat,
3170 2535 3438 2606 paeniten-

1837 2628 1928 2684 tia:
1958 2644 2065 2682 non
2094 2628 2254 2684 solvit
2282 2644 2520 2684 usuram.
2554 2629 2814 2685 Dominus
2842 2630 2947 2685 hoc
2967 2629 3140 2700 aperit
3165 2628 3397 2685 dicendo
3421 2646 3434 2682 :

1842 2719 1967 2776 Non
2003 2728 2081 2775 est
2114 2737 2240 2792 opus
2275 2721 2420 2777 sanis
2458 2721 2705 2786 medicus,
2741 2720 2834 2775 sed
2852 2705 3329 2775 male/tabentibus.
3370 2715 3438 2790 Et

1839 2814 1933 2883 qui
1983 2813 2123 2868 male
2171 2813 2434 2880 baberent
2482 2812 2767 2884 patefecit,
2813 2813 3010 2890 iterum
3046 2813 3266 2868 dicens:
3313 2810 3438 2868 Non

1840 2905 1954 2959 veni
1976 2922 2157 2960 vocare
2177 2906 2370 2978 justas,
2393 2905 2486 2961 sed
2503 2915 2798 2978 peccatores
2825 2903 3039 2978 (Matth.
3064 2906 3164 2976 lx).
3196 2903 3439 2962 Revocat

1841 3013 1939 3070 per
1965 2998 2338 3069 pmnitentiam
2372 2997 2610 3056 Joannes
2631 3041 2647 3066 ,
2690 2996 2937 3055 Christus
2962 3013 3060 3069 per
3083 2997 3310 3068 gratiam
3338 3011 3437 3053 vo-

1839 3099 1963 3146 cat:
1995 3091 2122 3148 hinc
2147 3099 2230 3147 est
2256 3091 2400 3161 quod
2427 3089 2665 3147 Joannes
2688 3091 2902 3154 vestitu,
2933 3090 3100 3157 victu,
3126 3089 3269 3152 loco,
3292 3095 3439 3144 totus

1839 3184 2159 3254 paenitentia
2203 3183 2464 3240 formatus
2492 3183 2712 3240 incedit.
2761 3182 2945 3250 Venit,
2976 3181 3176 3252 inquit,
3205 3179 3440 3237 Joannes

150 3285 258 3324 rum
297 3277 604 3341 temporum
644 3268 1027 3333 obliviscimur,
1065 3269 1417 3340 praesentibus
1447 3267 1734 3333 inhiamus,
1766 3295 1813 3361 ο
1847 3275 2083 3348 Baptism
2103 3276 2397 3348 ρτωάίεαηε
2425 3277 2480 3331 in
2505 3274 2706 3331 άεεενεο
2732 3273 2934 3331 Iudam
2960 3281 3010 3330 ει
3031 3273 3238 3330 diem;
3260 3273 3440 3328 Ρωηί-

151 3361 233 3431 qui
255 3361 306 3415 in
329 3361 448 3432 ipso
461 3362 623 3433 positi
639 3360 749 3431 jam
767 3361 970 3432 judicio
987 3378 1092 3417 non
1111 3362 1377 3428 timemus,
1394 3361 1485 3432 qui
1502 3360 1739 3416 venienti

147 3450 251 3524 jam
294 3452 526 3516 Domino
565 3468 674 3511 non
718 3455 1069 3520 occurrimus,
1112 3453 1205 3523 qui
1233 3454 1480 3509 volumus
1517 3466 1739 3507 manere

152 3556 390 3616 mortem,
439 3549 893 3606 resurrectionem
940 3548 1189 3604 nolumus
1235 3555 1598 3612 mortuorum,
1647 3545 1739 3616 qui

151 3640 342 3696 scrvire
361 3641 630 3706 volmnus,
658 3642 907 3698 nolumus
929 3655 1171 3711 regnare,
1197 3648 1254 3696 ut
1277 3647 1483 3694 tantum
1513 3653 1739 3708 regnum

155 3741 330 3802 nostro
351 3731 584 3792 Domino
603 3730 932 3789 differamus.
954 3730 1052 3788 Ubi
1075 3740 1158 3787 est
1179 3730 1337 3786 illud:
1357 3729 1483 3786 Cum
1503 3727 1736 3796 orabitis,

155 3827 329 3881 dicite:
354 3813 540 3880 Veniat
561 3841 772 3899 regnum
795 3834 933 3879 tuum
957 3823 1106 3896 (Luc.
1125 3824 1201 3894 χι)
1217 3825 1242 3877 ?
1264 3821 1454 3892 Majori
1474 3835 1604 3891 ergo
1624 3837 1737 3893 pte-

154 3921 369 3978 nitentia
389 3936 528 3992 opus
561 3929 646 3976 est
678 3919 854 3985 nobis,
885 3927 940 3974 et
969 3934 1069 3989 pro
1107 3917 1268 3974 modo
1289 3917 1527 3972 vulneris
1549 3915 1740 3971 modus

156 4013 477 4072 adhibendus
506 4021 590 4070 est
624 4012 922 4069 medicinaa.
960 4011 1343 4077 Paeniteamus,
1375 4010 1589 4076 fratres,
1619 4024 1739 4080 poe-

156 4107 409 4164 niteamus
427 4108 558 4173 cito,
581 4107 708 4177 quia
729 4106 885 4162 nobis
904 4107 1137 4178 spatium
1159 4105 1417 4176 temporis
1436 4104 1548 4175 jam
1579 4118 1742 4173 nega-

157 4205 259 4263 tur,
276 4199 382 4268 jam
402 4198 559 4255 nobis
581 4199 694 4269 ipsa
715 4200 849 4254 hora
870 4198 1224 4262 concluditur,
1245 4197 1430 4268 judicii
1458 4196 1742 4268 prmsentia

156 4288 262 4360 iam
287 4291 438 4347 nobis
459 4289 841 4348 satisfactionis
861 4290 1036 4347 locum
1058 4289 1314 4347 excludit.
1343 4287 1538 4345 Currat
1565 4289 1738 4359 patui-

159 4385 348 4449 t’entia,
377 4385 647 4444 sententia
678 4400 746 4440 ne
774 4392 1070 4456 pnncurrat
1095 4401 1107 4437 :
1145 4384 1270 4454 quia
1299 4383 1558 4439 Dominus
1596 4381 1744 4452 quod

161 4491 264 4530 non
289 4477 432 4534 venit
460 4477 654 4543 adhuc,
686 4476 831 4547 quod
865 4475 1043 4532 adhuc
1061 4483 1360 4547 exspectat,
1393 4475 1537 4545 quod
1565 4489 1745 4530 moras

163 4569 298 4635 facit,
342 4587 442 4629 nos
487 4571 592 4629 sibi
633 4570 813 4627 redire
857 4569 1159 4636 desiderat,
1210 4585 1318 4624 non
1363 4569 1558 4639 perire,
1607 4583 1746 4638 quos

167 4659 362 4736 pietate
372 4664 468 4720 tali
487 4677 704 4736 semper
729 4671 813 4719 est
832 4663 1097 4718 allocutus
1122 4679 1133 4714 :
1159 4659 1302 4716 Noto
1331 4670 1544 4716 mortem
1565 4675 1746 4731 pecca-

171 4758 301 4824 toris,
322 4757 409 4814 sed
428 4767 486 4811 ut
505 4763 789 4812 revertatur
812 4756 997 4827 impius
1018 4771 1050 4808 a
1071 4754 1152 4809 via
1172 4769 1287 4816 sua,
1311 4763 1362 4808 et
1380 4755 1515 4808 vivat
1531 4751 1742 4827 (Ezech.

175 4835 374 4920 xxxm)'.
407 4846 744 4905 Pmnitentes
771 4860 902 4916 ergo
943 4854 1299 4910 revertamur,
1343 4843 1556 4914 fratres,
1597 4854 1653 4901 et
1682 4862 1750 4901 ne

172 4940 232 4997 de
263 4951 408 4999 arcto
445 4942 709 5013 temporis
740 4939 1204 5012 pertimescamus,
1238 4939 1364 5008 quia
1392 4947 1582 4994 auctor
1610 4945 1748 4994 tem-

175 5037 302 5106 poris
338 5036 512 5093 nescit
538 5035 739 5092 arctari
781 5052 794 5089 :
837 5033 1035 5106 probat
1071 5033 1177 5090 hoc
1217 5033 1560 5104 evangelicus
1587 5033 1746 5100 latro,

176 5132 250 5199 qui
276 5131 329 5186 in
355 5144 521 5188 cruce
540 5127 672 5185 etin
704 5128 839 5183 hora
865 5125 1057 5183 mortis
1088 5126 1268 5198 rapuit
1291 5126 1523 5190 veniam,
1555 5125 1750 5182 invasit

179 5225 337 5291 vitam,
361 5223 574 5294 eth-egit
592 5221 922 5294 paradisum,
942 5219 1247 5292 penetravit
1267 5219 1336 5276 ad
1353 5234 1576 5290 regnum
1594 5219 1744 5294 (Luc.

237 5419 262 5450 ι
286 5409 459 5474 Alias,
490 5405 789 5464 delicatam.

235 5480 260 5521 δ
287 5479 384 5538 Ms.
415 5471 674 5544 Cesenat,
696 5475 780 5531 cui
799 5475 906 5532 vita
929 5489 1027 5530 sua
1049 5484 1128 5531 est
1152 5472 1334 5542 chara,
1362 5471 1511 5528 nulla
1530 5488 1654 5528 cura
1673 5481 1751 5530 est

181 5569 766 5699 'm-gumicatcamelum
797 5616 998 5699 animat
1026 5624 1337 5699 tortuosum,
1375 5613 1610 5699 fortasse
1628 5616 1751 5688 quia

181 5694 302 5750 totus
323 5687 580 5760 candus,
614 5688 884 5748 referente
919 5686 1067 5745 Horo
1105 5688 1198 5744 lib.
1234 5704 1275 5760 ιι
1308 5701 1435 5760 cap.
1469 5684 1557 5754 95,
1584 5684 1750 5759 [εὖνιν

183 5769 408 5842 inﬂectit;
437 5757 606 5842 habet
630 5763 780 5842 enim
801 5769 1038 5842 quatugr
1055 5759 1314 5842 articulos
1333 5757 1389 5814 in
1411 5757 1635 5842 femore,
1663 5768 1748 5842 to-

188 5829 330 5896 tidem
358 5829 570 5898 ossibus
591 5829 907 5904 interiectis.
956 5829 1237 5890 Camelum
1275 5831 1354 5886 ira
1382 5831 1646 5901 percitum
1678 5830 1749 5882 ita

185 5910 422 5973 describit
447 5909 854 5970 Nazianzenus:

1845 3370 2060 3424 tentiam
2098 3369 2252 3440 agite.
2295 3367 2399 3424 Per
2439 3369 2656 3426 deserta
2695 3366 2892 3426 Iudaeae
2920 3365 3292 3440 paenitentiam
3328 3365 3440 3420 cla-

1841 3469 1954 3516 mat
1981 3458 2234 3527 Joannes,
2260 3476 2382 3530 qute
2422 3461 2558 3532 legis
2598 3461 2833 3526 cultum,
2869 3459 3262 3532 prophetarum
3282 3458 3440 3514 labo-

1842 3570 1977 3618 rem,
2012 3552 2395 3610 fecunditatem
2415 3562 2650 3626 patrum,
2680 3553 2886 3626 frugem
2913 3553 3011 3624 Dei
3039 3567 3135 3608 sua
3155 3549 3441 3608 sterilitate

1841 3647 2102 3720 perdebat
2127 3666 2140 3701 :
2173 3648 2315 3704 unde
2345 3648 2412 3704 ad
2440 3648 2813 3720 paenitentiam
2842 3646 3037 3720 merito
3056 3651 3322 3702 vocantur
3359 3644 3442 3700 di-

1843 3741 2192 3820 sciplinarum
2233 3741 2478 3807 deserta,
2518 3757 2629 3798 non
2664 3740 2975 3807 hominum,
3007 3755 3116 3794 non
3154 3738 3436 3814 locorum:

1842 3841 2004 3890 vocat
2040 3821 2266 3902 Clamor,
2310 3835 2401 3890 ubi
2439 3851 2548 3891 non
2589 3833 2792 3890 assistit
2827 3833 3057 3906 auditor.
3108 3830 3232 3907 Ipse
3270 3839 3442 3886 autem

1841 3926 2077 3986 Joannes
2106 3928 2328 3982 habebat
2357 3929 2712 3984 vestimentum
2740 3927 2804 3982 de
2831 3927 2954 3998 pilis
2975 3925 3308 3982 cantaturum.
3342 3921 3442 3980 P0-

1843 4021 1948 4075 tuit
1968 4020 2035 4076 de
2062 4035 2348 4092 caprarum
2369 4061 2386 4086 ,
2416 4019 2511 4076 sed
2533 4019 2710 4076 cilicio
2739 4034 2876 4090 Opus
2905 4033 3014 4074 non
3039 4024 3157 4090 erat
3180 4035 3192 4070 :
3233 4015 3330 4072 sed
3349 4029 3440 4070 ac-

1845 4112 1990 4184 cepit
2015 4123 2039 4151 °
2071 4111 2453 4168 tortuosissimi
2494 4111 2636 4184 pilos
2683 4109 2971 4166 animantis
3012 4107 3144 4162 nihil
3193 4105 3442 4162 habentis

1845 4207 2000 4273 recti,
2033 4205 2165 4261 nihil
2202 4206 2415 4276 gratim,
2449 4205 2579 4260 nihil
2607 4204 2848 4270 decoris,
2888 4217 3048 4272 quem
3079 4207 3270 4256 natura
3295 4198 3442 4254 dedit

1845 4307 2019 4363 labori
2047 4305 2213 4372 duro,
2245 4305 2450 4361 addixit
2487 4317 2682 4373 magno
2709 4303 2966 4375 ponderi,
2992 4308 3249 4357 extrema:
3273 4298 3443 4355 tradi-

1846 4409 1924 4466 dit
1948 4409 2214 4466 servituti.
2255 4408 2372 4464 Tali
2409 4407 2739 4481 pmnitentia:
2778 4406 3036 4475 magister
3073 4403 3223 4482 indui
3259 4401 3444 4466 debuit

1847 4511 2202 4576 vestimento;
2243 4515 2304 4565 ut
2331 4510 2425 4578 qui
2451 4525 2484 4563 a
2514 4508 2648 4563 recti
2676 4507 3018 4586 detorserant
3047 4504 3358 4576 disciplina,
3388 4508 3445 4558 et

1848 4611 2119 4668 deformes
2166 4627 2227 4667 se
2274 4619 2418 4667 totos
2463 4607 2651 4665 formis
2688 4607 3032 4665 reddiderant
3077 4597 3444 4680 peccatorum,

1851 4713 2061 4783 magnis
2101 4712 2434 4784 poenitentiae
2462 4711 2689 4768 sarcinis
2729 4687 3112 4774 subderentur,
3141 4689 3445 4778 adiiceren-

1854 4823 1944 4894 tur
1968 4813 2116 4872 duris
2135 4812 2517 4870 satisfactionis
2557 4813 2846 4884 angoribus
2872 4829 2886 4875 ;
2917 4810 3149 4884 suspiria
3188 4825 3449 4881 compun-

1853 4919 2048 4976 ctionis
2078 4919 2350 4975 laboriosa
2379 4926 2691 4989 portarent;
2722 4925 2782 4972 ut
2810 4916 3005 4973 directi
3025 4923 3081 4972 et
3099 4913 3365 4972 attenuati
3392 4912 3448 4969 in

1851 5023 2074 5080 modum
2104 5038 2232 5080 acus
2268 5037 2367 5096 per
2383 5029 2671 5094 angustum
2698 5018 3033 5098 pmnitentize
3060 5015 3301 5096 foramen
3331 5031 3447 5070 am-

1855 5125 1946 5198 pla
1965 5123 2301 5182 remissionis
2330 5123 2629 5188 intrarent,
2676 5129 2733 5178 et
2769 5121 3084 5192 impleretur
3109 5117 3449 5196 Dominicum

1857 5225 2059 5282 dictum
2087 5244 2100 5280 :
2132 5229 2159 5264 ιι
2195 5225 2460 5280 Cametum
2492 5243 2584 5296 per
2617 5227 2852 5298 foramen
2888 5236 3012 5275 acus
3050 5235 3201 5317 posse
3230 5221 3452 5275 transire

2050 5402 2206 5467 Quid?
2235 5406 2276 5454 si
2299 5405 2514 5454 camelos
2533 5403 2781 5467 quispiam
2796 5400 2934 5451 ferox
2957 5404 3098 5467 tonet

2049 5453 2282 5532 culture,
2309 5468 2495 5528 tibique
2520 5453 2686 5515 tendat
2708 5462 2938 5512 infestum
2959 5453 3148 5576 caput?

2049 5529 2271 5576 Stabisne
2297 5542 2517 5576 nuznans
2530 5529 2554 5576 ?
2573 5539 2734 5576 nonne
2755 5526 2841 5576 aut
2861 5527 2990 5576 sapit
3033 5523 3148 5576 utﬁt“

2043 5521 2281 5580 Stabisne'
2296 5521 2517 5592 pugnans
2530 5529 2554 5578 Υ
2573 5539 2734 5578 nonne
2755 5526 2841 5590 qui
2861 5527 2990 5591 sapit
3011 5521 3184 5606 fugit?“

1933 5626 1952 5653 ε
1995 5615 2053 5670 In
2075 5613 2160 5671 his
2186 5613 2388 5672 Christi
2415 5612 2594 5684 verbis
2618 5610 2776 5670 multi
2795 5613 3087 5684 opinantur
3119 5611 3350 5684 nonagi
3369 5612 3452 5670 hic

1857 5685 1926 5742 de
1950 5686 2157 5743 camelo
2190 5685 2448 5750 animali,
2481 5681 2580 5743 sed
2616 5687 2684 5743 de
2712 5681 2927 5753 camelo,
2969 5689 3064 5740 aut
3089 5681 3303 5750 camt'lo,
3329 5681 3453 5743 fune

1858 5759 2094 5812 nautica.
2160 5757 2294 5812 Nam
2348 5759 2592 5814 eainitum
2636 5759 2819 5815 vocari
2864 5773 3102 5818 crassum
3143 5759 3450 5825 rudentem,

1856 5843 1967 5902 quo
1997 5837 2170 5902 nauta:
2199 5839 2426 5887 utuntur
2471 5831 2538 5886 ad
2578 5831 2856 5902 iaciendas
2884 5833 3180 5898 anchoras,
3223 5831 3451 5887 advertit

1853 5899 2314 5984 ,Thcophylactus,
2368 5904 2421 5959 in
2469 5899 2593 5976 cap.
2640 5920 2731 5962 xxx
2777 5903 2965 5961 Matth.
3015 5920 3138 5984 pag.
3171 5903 3293 5960 115.
3323 5902 3449 5964 Jure
