3878 6368
108 370 183 427 αι
1456 334 1692 402 SERMO
1729 331 1964 415 cum.

3213 343 3323 395 66!

112 483 232 541 unius
247 480 294 531 et
310 469 511 528 sinistra
547 455 823 520 clauderet
851 473 1058 529 omnes,
1091 465 1146 515 et
1172 457 1392 516 dextera
1421 459 1496 515 nil
1524 460 1624 514 ha-
1653 466 1705 524 Α
1731 460 1907 515 lorum
1953 458 2190 514 lectitiam
2228 466 2396 514 totam
2434 455 2654 514 cceleste
2686 455 2801 529 jam
2845 457 3031 515 retulit
3058 457 3127 514 ad
3153 459 3313 522 ovile,

111 579 241 633 heret.
274 560 645 632 Nonagesimus
689 566 747 614 et
790 571 965 612 nonus
1010 569 1265 612 numerus
1317 555 1371 610 in
1411 553 1628 610 sinistra

112 672 209 725 latet
223 660 414 717 clausus
433 697 450 723 ,
479 651 799 712 constrictus
825 651 994 706 hieret
1016 691 1031 716 ,
1063 655 1280 704 tenetur
1299 662 1625 719 oppressus:

109 759 177 829 qui
198 762 352 807 tamen
378 746 466 802 ubi
500 759 639 800 unus
672 741 975 813 perceperit
1009 749 1064 797 et
1108 740 1338 797 senserit
1375 754 1630 811 augmen-

109 861 206 910 tum,
231 856 342 898 mox
363 838 592 894 dextera:
618 833 811 889 transit
841 833 910 888 ad
938 832 1192 904 palmam,
1215 848 1342 888 mox
1373 840 1630 888 centena-

108 942 155 998 rii
178 931 351 994 numeri
389 927 631 1002 pervenit.
671 925 741 981 ad
775 940 1066 994 coronam;
1097 933 1152 981 et
1171 925 1218 980 si
1246 940 1355 981 non
1377 924 1632 981 habuisse

110 1025 412 1088 centenarium
439 1034 722 1077 numerum
759 1017 965 1074 doloris
992 1023 1094 1085 est,
1137 1016 1292 1088 cujus
1317 1017 1522 1073 doloris
1549 1025 1633 1074 est

110 1115 382 1195 perdidisse?
417 1113 620 1170 Videtis
647 1111 776 1182 quia
812 1126 912 1182 per
939 1111 1099 1166 unius
1127 1111 1247 1166 ovis
1287 1110 1630 1166 amissionem

109 1222 248 1287 pastor
285 1209 376 1264 iste
417 1213 588 1262 totum
629 1218 848 1275 gregem
891 1202 1153 1261 cecidisse
1192 1203 1261 1259 de
1301 1203 1545 1269 dextera,
1577 1210 1633 1258 et

110 1315 237 1362 totum
259 1301 307 1356 in
340 1297 606 1354 sinistram
652 1295 902 1352 doluerat
928 1295 1214 1364 recidisse;
1257 1303 1313 1350 et
1353 1295 1474 1351 ideo
1501 1295 1632 1350 reli-

110 1398 183 1454 ctis
203 1391 463 1462 nonaginta
492 1404 707 1454 novem,
739 1403 905 1444 unam
933 1387 1194 1458 sequitur,
1227 1403 1389 1442 unam
1416 1387 1631 1457 quaerit,

111 1499 152 1545 ut
169 1484 395 1544 inveniret
418 1483 472 1538 in
498 1498 608 1538 una
637 1496 857 1549 omnes,
888 1481 1279 1551 redintegraret
1306 1490 1333 1519 ι
1363 1496 1552 1537 omnes
1578 1480 1634 1536 in

111 1595 204 1637 una.
226 1575 432 1647 Sedjam
452 1575 692 1631 caelestis
719 1574 990 1645 parabola:
1017 1573 1314 1645 pandamus
1341 1582 1628 1629 secretum.

110 1671 238 1729 Homo
249 1667 434 1725 habens
448 1681 579 1724 oves
597 1674 814 1723 centum
832 1665 1078 1723 Christus
1099 1676 1202 1722 est.
1231 1665 1420 1726 Pastor
1437 1668 1630 1734 bonus,

110 1769 248 1836 pastor
268 1761 406 1832 pius,
453 1760 549 1830 qui
577 1760 632 1815 in
671 1773 779 1815 una
807 1775 928 1827 ove,
960 1759 1065 1817 hoc
1092 1767 1176 1816 est
1202 1759 1259 1815 in
1299 1759 1503 1826 Adam,
1537 1775 1635 1830 po-

1732 553 1928 609 mulier
1947 551 2254 622 evangelica
2281 551 2596 624 producitur
2609 551 2665 608 in
2692 551 2913 621 ligni-am
2939 570 2952 606 :
2984 567 3102 622 quae
3120 549 3319 606 lumine

1732 663 1964 705 accenso
2005 647 2073 702 de
2099 646 2286 703 decem
2312 646 2582 703 drachmis
2615 661 2776 700 unam
2804 645 3115 700 drachmam
3145 644 3319 716 ρει-αἱς

1732 751 1843 798 tam
1871 742 1952 798 sic
1978 741 2219 811 requirit,
2251 748 2311 794 ut
2331 740 2547 794 inventa
2577 740 2678 794 hac
2699 739 2766 794 de
2796 739 2946 794 lucro
2979 754 3098 803 suo,
3129 738 3198 794 de
3217 753 3316 793 suo

1732 834 1962 906 gaudio,
2025 848 2244 889 causam
2285 833 2458 903 pariat
2507 833 2807 888 ccelestium
2846 831 3184 902 gaudiorum.
3231 831 3321 888 Sic

1733 927 1879 981 enim
1899 925 2030 981 dicit
2059 943 2072 978 :
2105 925 2206 978 Aut
2227 941 2340 996 qua:
2359 925 2543 978 mulier
2570 923 2762 978 habens
2802 923 3075 978 drachmas
3105 923 3280 980 decem
3305 965 3320 990 ,

1732 1022 1780 1076 si
1806 1019 2088 1093 perdiderit
2121 1018 2423 1073 drachmam
2452 1034 2634 1083 unam,
2667 1033 2770 1071 non
2804 1016 3039 1071 accendit
3059 1016 3323 1071 lucernam

1733 1122 1786 1168 et
1811 1113 1998 1168 everrit
2025 1112 2250 1178 domum,
2276 1120 2324 1165 et
2352 1111 2536 1184 quierit
2556 1110 2844 1182 diligenter,
2876 1110 3037 1164 donec
3056 1109 3326 1164 inveniat?

1735 1201 1808 1258 Et
1832 1221 1948 1258 cum
1974 1204 2254 1268 invenerit,
2279 1211 2524 1257 convocat
2552 1203 2748 1255 amicas
2767 1210 2817 1254 et
2838 1202 3059 1267 vicinas,
3098 1200 3273 1255 dicens
3306 1216 3324 1253 :

1737 1292 2188 1368 Congratulamini
2216 1293 2364 1356 mihi,
2382 1294 2501 1366 quia
2515 1293 2685 1347 inveni
2707 1291 3009 1347 drachmam
3035 1308 3187 1365 quam
3207 1308 3326 1364 per-

1738 1389 1992 1444 dideram.
2029 1387 2114 1442 Ita
2137 1389 2250 1442 dico
2281 1387 2418 1442 vobis
2439 1426 2452 1450 ,
2498 1387 2745 1458 gaudium
2789 1387 2886 1440 erit
2916 1402 3091 1440 coram
3127 1385 3325 1456 angelis

1736 1479 1837 1536 Dei
1877 1498 2031 1553 super
2075 1497 2177 1535 uno
2218 1490 2486 1552 peccatore
2539 1479 2896 1551 paenitentiam
2934 1487 3118 1551 agente
3157 1477 3322 1551 (Luc.

1735 1571 1850 1643 xv).
1883 1571 2116 1628 Putasne
2137 1573 2328 1628 mulier
2353 1573 2453 1628 ista
2491 1572 2792 1628 communis
2819 1579 2922 1636 est,
2955 1578 3047 1626 aut
3073 1570 3326 1626 habuisse

1737 1681 1859 1722 eam
1887 1666 2075 1723 decem
2095 1666 2381 1723 drachmas
2407 1667 2645 1722 humano
2674 1673 2896 1737 putatur
2923 1681 2992 1721 ex
3019 1680 3202 1732 sensu,
3233 1672 3327 1720 aut

1737 1775 1900 1815 unam
1922 1777 2049 1816 casu
2077 1759 2312 1816 creditur
2337 1761 2636 1832 perdidisse
2663 1761 2937 1818 mundano
2959 1802 2975 1829 ,
3007 1768 3102 1816 aut
3127 1758 3328 1831 simpli-

109 1863 243 1912 suerat
280 1860 438 1910 totum
485 1866 706 1922 gregem
750 1853 964 1923 generis
1011 1853 1264 1920 humani,
1309 1854 1450 1910 hanc
1495 1855 1638 1909 inter
1667 1868 1711 1926 Β
1738 1852 1874 1908 citer
1899 1853 2164 1923 contingit
2197 1853 2344 1923 quod
2365 1869 2485 1908 eam
2521 1863 2787 1910 nocturno
2825 1853 3053 1924 requirit
3091 1853 3145 1908 in
3187 1861 3324 1908 tem-

112 1961 269 2005 ammna
294 1944 537 2017 paradisi,
577 1945 716 2001 hanc
743 1945 798 2000 in
819 1945 1042 2014 regione
1067 1945 1248 2000 vitalis
1275 1960 1488 2016 pascuae
1515 1945 1632 2001 col-

109 2041 296 2096 locarat:
323 2037 411 2093 sed
445 2036 540 2092 illa
574 2053 765 2094 vocem
806 2037 1043 2109 pastoris
1071 2037 1240 2093 oblita
1267 2045 1369 2103 est,
1401 2035 1530 2092 dum
1551 2037 1633 2092 lu-

108 2132 209 2204 pinis
229 2129 494 2186 ululatibus
522 2129 729 2194 credit,
781 2137 836 2184 et
862 2129 1046 2185 caulas
1086 2128 1320 2200 perdidit
1346 2129 1629 2196 salutares,

109 2235 146 2281 et
172 2233 262 2281 tota
297 2223 580 2280 lethalibus
626 2224 866 2280 sauciata
915 2223 1240 2280 vulneribus.
1304 2221 1458 2279 Hanc
1501 2237 1633 2293 ergo

109 2317 293 2372 Christus
307 2315 522 2372 veniens
544 2329 788 2386 quaerere
828 2315 885 2370 in
913 2314 1192 2382 mundum,
1237 2313 1292 2369 in
1324 2321 1480 2370 utero
1521 2313 1632 2368 vir-

109 2411 232 2480 ginea:
250 2407 466 2478 regionis
483 2408 712 2463 invenit.
745 2406 907 2464 Venit
926 2422 1036 2463 sua:
1057 2407 1354 2462 nativitatis
1374 2406 1428 2462 in
1449 2420 1631 2472 carne,

110 2510 145 2556 et
159 2502 202 2556 in
221 2514 411 2557 crucem
436 2500 628 2556 levans
650 2500 892 2556 humeris
919 2515 1030 2556 sua:
1063 2499 1320 2571 imposuit
1340 2497 1631 2567 Passionis,

112 2600 147 2648 et
167 2592 367 2662 gaudens
392 2600 506 2648 toto
548 2591 967 2648 resurrectionis
1004 2591 1200 2662 gaudio
1227 2606 1325 2662 per
1351 2605 1635 2647 ascensum

111 2686 156 2741 ad
176 2685 411 2742 omlestem
439 2685 568 2741 tulit
601 2693 658 2741 et
684 2685 907 2756 pertulit
931 2685 1289 2742 mansionem.
1334 2683 1405 2740 Et
1440 2685 1638 2742 vocavit

111 2777 252 2833 mices
267 2785 310 2832 et
326 2779 534 2833 vicinos.
581 2777 698 2834 Hoc
728 2786 812 2834 est
851 2779 1090 2849 angelos.
1130 2778 1476 2835 Dicensillis:
1501 2777 1636 2835 Con-

113 2868 378 2939 gratslarnini
396 2869 546 2937 mihi,
569 2871 691 2943 quia
710 2869 880 2926 inveni
901 2887 1043 2925 ovem
1063 2887 1230 2926 meam
1250 2888 1364 2945 qua:
1385 2873 1632 2944 perierat.

113 2958 491 3030 Congratulantur
539 2968 597 3017 et
636 2961 977 3032 congaudent
1014 2960 1231 3018 Christo
1270 2962 1447 3032 angeli
1475 2976 1639 3033 super

113 3054 193 3108 ovis
213 3052 476 3109 Dominicaa
518 3053 733 3121 reditu,
777 3068 879 3109 nec
925 3053 1272 3124 indignantur
1297 3055 1351 3109 in
1378 3059 1497 3110 toto
1533 3053 1638 3111 sibi

113 3145 333 3215 prasidere
357 3146 488 3202 solio
536 3145 836 3218 majestatis
857 3189 873 3215 ,
917 3148 1042 3219 quia
1063 3147 1090 3187 δ
1112 3147 1181 3205 de
1207 3148 1515 3206 coelestibus
1553 3148 1639 3206 in-

1735 1960 1904 2016 pore,
1939 1955 2032 2000 aut
2058 1946 2332 2000 lucernam
2367 1948 2432 1999 de
2464 1946 2634 2001 nostri
2671 1961 2800 2001 usus
2833 1960 2985 2000 more
3012 1943 3322 2013 succendit,

1737 2045 1830 2091 aut
1869 2045 2188 2092 consuetum
2225 2035 2369 2106 quod
2409 2052 2528 2092 eam
2568 2037 2803 2108 perdidit
2843 2044 2900 2092 et
2934 2035 3142 2092 invenit
3181 2036 3325 2092 intra

1736 2128 1955 2183 domum
1975 2171 1988 2195 ,
2013 2137 2108 2182 aut
2135 2127 2398 2184 familiare
2426 2128 2572 2198 quod
2602 2129 2806 2184 amicas
2833 2127 2903 2183 ad
2930 2127 3175 2184 lzetitiam
3195 2142 3328 2185 con-

1736 2232 1899 2279 vocat
1918 2231 1973 2278 et
2002 2223 2206 2278 vicinas
2230 2262 2245 2287 ,
2276 2236 2412 2292 quas
2439 2223 2672 2293 perdens
2698 2236 3028 2278 convocasse
3056 2237 3166 2278 non
3195 2220 3327 2290 legi-

1738 2322 1828 2370 tur
1863 2315 1929 2370 ad
1969 2315 2299 2370 maerorem?
2339 2313 2547 2370 Novum
2597 2312 2781 2368 damni
2825 2326 3033 2383 genus,
3081 2320 3140 2368 et
3181 2311 3330 2383 quod

1738 2408 2051 2464 drachmam
2081 2407 2108 2445 ά
2138 2423 2248 2463 non
2276 2407 2510 2462 ablatam
2537 2406 2858 2478 patefaciat,
2894 2406 2990 2463 sed
3016 2405 3278 2477 dilapsam
3311 2424 3325 2463 :

1737 2509 1795 2558 et
1821 2501 1965 2570 quod
1994 2516 2114 2556 eam
2137 2499 2448 2557 domesticis
2468 2501 2838 2556 absconditam
2865 2499 3105 2556 tenebris
3132 2507 3190 2556 et
3218 2514 3330 2558 non

1738 2594 2010 2651 defossam
2031 2593 2169 2650 dolis
2197 2594 2451 2664 loquatur
2474 2594 2766 2649 extraneis.
2797 2592 3002 2649 Videtis
3022 2607 3188 2663 quam
3213 2591 3331 2648 sin-

1737 2688 1925 2759 gulare
1946 2687 2017 2744 sit
2044 2695 2236 2754 totum,
2267 2702 2430 2758 quam
2457 2701 2666 2742 morem
2695 2693 2936 2741 transeat
2961 2692 3018 2741 et
3041 2697 3330 2756 supergre-

1738 2779 1918 2836 diatur
1936 2781 2266 2846 humanum,
2308 2793 2473 2848 quam
2513 2777 2754 2834 divinum
2788 2777 2956 2849 spiret
2991 2783 3049 2832 et
3085 2774 3332 2833 redoleat

1739 2889 1976 2940 sensum,
2009 2888 2171 2944 quam
2199 2871 2412 2928 attollat
2431 2869 2500 2926 ad
2526 2871 2724 2928 caelum
2751 2871 2948 2926 mentis
2969 2869 3328 2936 intellectum,

1740 2981 1902 3037 quam
1929 2965 2161 3022 collocet
2193 2964 2247 3019 in
2275 2963 2541 3034 supernis,
2573 2977 2736 3033 quam
2764 2969 2922 3032 cogat
2948 2959 3172 3033 superni
3206 2974 3332 3016 cor-

1740 3058 1824 3114 dis
1851 3056 2146 3114 accendere
2173 3057 2448 3112 lucernam
2465 3095 2480 3120 ,
2515 3064 2571 3110 et
2595 3055 2764 3110 instar
2789 3053 3113 3124 evangelicae
3138 3051 3332 3108 mulie-

1741 3154 1836 3219 ris,
1868 3166 1967 3223 per
1988 3150 2281 3206 Dominicac
2299 3149 2548 3204 lectionis
2572 3147 2821 3212 obscura,
2845 3146 3158 3202 drachmam
3184 3157 3334 3215 quae-

115 3236 216 3292 vidia
231 3253 335 3294 cum
353 3237 572 3296 diabolo
600 3237 776 3294 fuerat
789 3238 905 3310 jam
924 3238 1143 3311 fugata:
1174 3254 1275 3298 nec
1300 3247 1518 3312 poterat
1541 3255 1642 3312 per
1667 3258 1714 3326 ρ
1744 3259 1867 3300 rere
1893 3243 2134 3299 scientiae
2162 3241 2433 3298 salutaris.
2465 3240 2769 3310 Antequam
2804 3237 3050 3294 Christus
3075 3236 3144 3294 ad
3172 3251 3332 3292 ovem

115 3329 268 3397 Agnum
299 3331 384 3402 qui
424 3340 715 3404 peccatum
771 3331 958 3388 mundi
1013 3333 1246 3402 tulerat,
1300 3334 1356 3390 in
1405 3348 1640 3406 superna

118 3423 326 3494 =amplius
359 3424 577 3481 invidiae
603 3433 888 3497 penetrare
925 3434 1230 3497 peccatum.
1269 3425 1518 3494 Fratres,
1553 3427 1643 3484 ille

116 3528 185 3569 nos
197 3515 408 3586 qusivit
434 3516 491 3573 in
519 3524 698 3586 terra,
732 3531 832 3573 nos
859 3516 1010 3573 illum
1037 3532 1343 3589 quaeramus
1372 3518 1426 3573 in
1452 3517 1640 3586 caelis;

115 3605 177 3662 ille
197 3622 276 3664 nos
297 3610 528 3681 portavit
551 3626 665 3667 suae.
683 3610 980 3667 divinitatis
1000 3611 1069 3667 ad
1097 3612 1346 3682 gloriam,
1371 3627 1471 3668 nos
1492 3611 1644 3666 illum

115 3701 336 3760 sanctitate
359 3710 475 3761 tota
516 3713 710 3761 nostro
743 3712 1024 3778 portemus
1053 3706 1105 3761 in
1128 3722 1395 3778 corpore:
1429 3705 1644 3779 Cloriﬁ-

115 3802 206 3862 cate,
229 3795 382 3867 inquit
410 3796 710 3870 Apostolus
731 3840 746 3866 ,
789 3809 839 3855 et
877 3808 1082 3872 portate
1119 3798 1289 3855 Deum
1327 3801 1384 3856 in
1431 3818 1646 3874 corpore

114 3893 233 3941 nstro
255 3885 422 3959 (ἶσον.
449 3888 554 3960 vr).
595 3887 691 3945 Ille
728 3888 899 3945 Deum
944 3889 1000 3945 in
1041 3905 1272 3962 corpore
1316 3907 1416 3948 suo
1444 3900 1642 3962 portat,

114 3977 178 4048 qui
191 3978 365 4037 nullum
387 3989 574 4054 portat
601 3980 656 4037 in
677 3997 787 4038 suae
806 3981 986 4039 carnis
1006 3983 1321 4054 operatione
1339 3987 1642 4056 peccatum.

603 4113 836 4172 SERMO
862 4115 1093 4172 CLXIX.

390 4227 470 4284 De
495 4228 758 4302 parabola
785 4228 1050 4286 drachma:
1067 4229 1304 4302 perdita.

162 4355 246 4414 Per
266 4375 444 4418 omnes
488 4362 835 4432 evangelicas
879 4362 1142 4420 lectiones
1189 4364 1358 4420 latere
1393 4363 1650 4437 mysticos

115 4464 256 4508 sensus
279 4463 330 4510 et
362 4455 604 4512 cmlestis
645 4455 1012 4524 intelligentiae
1038 4471 1260 4512 manere
1286 4465 1526 4525 secreta,
1551 4471 1650 4512 no-

1744 3337 1954 3394 veniret
1985 3343 2288 3403 errantem,
2313 3342 2369 3390 et
2389 3331 2710 3389 miserandis
2736 3329 3065 3388 discursibus
3093 3328 3332 3384 attritam

1742 3429 2183 3487 misericordihus
2227 3428 2467 3484 humeris
2523 3426 2832 3484 sublevaret
2877 3424 2946 3481 ad
2993 3423 3190 3481 uelum
3210 3463 3227 3491 ,
3277 3431 3336 3480 et

1745 3531 1973 3582 onustus
2007 3538 2208 3594 pecore
2250 3522 2344 3593 pio
2383 3525 2688 3577 inaccessas
2732 3519 2874 3592 lupis
2911 3517 3222 3591 perveniret
3265 3515 3337 3573 ad

1745 3618 1961 3684 caulas;
1984 3615 2179 3671 mulier
2198 3613 2405 3670 habens
2427 3613 2617 3669 decem
2637 3612 2922 3668 drachmas
2944 3608 3196 3666 tenebras
3222 3607 3337 3664 diu.

1745 3711 1888 3766 tinas
1915 3709 2247 3775 sustinebat,
2285 3716 2342 3764 et
2370 3722 2480 3763 non
2516 3707 2693 3762 solum
2728 3705 3040 3762 drachmam
3069 3703 3337 3776 perditam

1745 3803 1978 3862 deﬂebat
2006 3819 2166 3860 unam
2186 3845 2200 3871 ,
2227 3801 2325 3860 sed
2356 3801 2502 3874 ipsas
2526 3815 2724 3857 novem
2757 3798 3044 3856 drachmas
3069 3797 3174 3854 sibi
3198 3796 3340 3854 resi-

1746 3899 1882 3956 duas
1910 3915 2018 3954 non
2047 3897 2284 3953 videbat.
2317 3895 2436 3953 Nox
2465 3896 2516 3952 ei
2537 3904 2656 3952 erat
2677 3893 2840 3965 jugis,
2865 3901 2983 3950 erat
3005 3892 3053 3949 ei
3071 3891 3339 3964 profunda

1747 4001 1804 4050 et
1831 4007 2186 4065 perseverans
2219 3990 2429 4060 caligo;
2474 3990 2560 4046 cui
2589 3989 2810 4045 lucerna
2840 3987 2958 4044 sine
2993 3987 3177 4042 divino
3217 3985 3340 4058 igne

1748 4085 1818 4143 ad
1845 4086 2019 4142 noctis
2051 4084 2304 4141 solatium
2332 4098 2441 4138 non
2463 4081 2696 4138 lucebat.
2728 4079 2836 4136 Sed
2865 4087 3220 4150 posteaquam
3245 4091 3340 4132 su»

1746 4193 1949 4251 pernus
1977 4177 2142 4246 ignis,
2172 4176 2311 4246 ignis
2332 4173 2567 4246 Spiritus
2606 4172 2779 4228 sancti
2809 4169 3058 4226 flammeo
3088 4183 3148 4224 se
3177 4182 3340 4239 super

1749 4270 2028 4341 apostolos
2054 4268 2226 4325 imbre
2253 4265 2495 4334 diffudit,
2527 4273 2584 4321 et
2611 4280 2720 4321 non
2746 4264 2924 4319 minus
2952 4259 3142 4333 frigida
3177 4275 3340 4331 quam

1748 4370 1890 4418 tetra
1913 4360 2221 4417 mortalium
2244 4358 2408 4416 corda
2437 4365 2555 4414 toto
2577 4356 2717 4427 ignis
2737 4355 2820 4411 sui
2840 4354 3021 4411 calore
3040 4351 3338 4414 succendit,

1750 4456 1962 4523 mulier,
1995 4454 2049 4510 id
2071 4460 2154 4510 est
2174 4452 2453 4517 Ecclesia,
2482 4449 2730 4507 accendit
2769 4449 3046 4504 lucernam
3072 4460 3245 4512 suam,
3288 4444 3342 4501 id

115 4551 206 4596 runt
239 4544 328 4600 soli
360 4547 691 4618 quicumque
729 4547 896 4604 divini
923 4546 1157 4619 Spiritus
1195 4549 1422 4619 gratiam
1463 4564 1653 4621 perce-
1753 4555 1866 4615 est,
1898 4548 2168 4602 internum
2189 4545 2336 4600 illum
2365 4543 2450 4600 sui
2477 4542 2656 4600 cordis
2688 4542 2965 4609 obtutum,
2995 4539 3102 4598 hoc
3125 4545 3246 4605 est,
3276 4537 3342 4592 il-

116 4648 222 4701 pene.
256 4635 384 4694 Ecce
428 4647 789 4712 posteaquam
825 4648 1014 4712 pastor
1060 4639 1337 4713 Supernus
1381 4643 1649 4714 perditam
1673 4653 1728 4717 ι)
1755 4641 2064 4703 luminatos,
2097 4644 2156 4693 ut
2195 4637 2368 4706 inquit
2408 4634 2731 4708 Apostolus,
2771 4633 2944 4689 oculos
2989 4630 3162 4687 cordis
3190 4629 3344 4684 vestri

116 4728 348 4784 centenarii
374 4731 557 4800 gregis
583 4744 742 4786 ovem
787 4731 1131 4803 perquisivit,
1163 4731 1369 4789 invenit
1401 4743 1458 4790 et
1483 4749 1649 4805 ange-

116 4863 310 4940 usitatam
345 4866 510 4926 fuisse
531 4911 548 4937 ,
587 4877 640 4925 et
676 4870 970 4940 quomodo.
1030 4870 1183 4928 Unde
1220 4870 1423 4929 Auctor
1465 4881 1653 4931 noster

116 4931 218 4990 hunc
238 4951 432 5015 morem
459 4931 774 5015 respiciens,
797 4941 1002 5015 inquit:
1034 4945 1424 5015 nonagesimum
1455 4960 1651 5001 nonum

117 5021 329 5082 {umerum
361 5011 416 5064 in
453 5011 674 5082 sinistra
706 5011 879 5067 latere
905 5013 1157 5068 clausum.
1177 5011 1494 5082 'Qnoniam,
1526 5032 1649 5072 cum

224 5093 416 5162 manus,
439 5081 623 5152 digitis
653 5083 988 5155 complicatis
1003 5092 1107 5162 ,_et
1127 5071 1321 5154 pollice
1349 5071 1648 5162 superine;

117 5141 222 5200 ditnn
244 5141 456 5220 digitum
484 5141 817 5226 compressi},
849 5141 1242 5220 ostendere-tur,
1270 5141 1650 5226 nonagesimus

118 5228 246 5274 nonus
277 5236 528 5278 numerus
564 5223 902 5281 indicabatur
936 5245 950 5280 :
1000 5228 1086 5282 cui
1134 5241 1358 5282 numero
1395 5223 1442 5283 si
1481 5244 1648 5284 unum

118 5290 277 5369 tantum
302 5291 592 5369 addamus,
627 5310 755 5352 mox
783 5298 1126 5354 centenarius
1153 5313 1410 5354 numerus
1438 5299 1647 5369 evadit;

119 5365 183 5440 qui
203 5372 295 5440 non
317 5377 414 5434 per
453 5365 674 5440 laevam,
703 5376 766 5422 ut
791 5383 953 5440 supra
981 5383 1375 5439 compressam,
1406 5365 1648 5426 ostendi-'-

120 5431 194 5506 ίξιτ,
440 5431 722 5493 dexteram
743 5431 1054 5510 compresso
1085 5431 1269 5496 v'ersus
1296 5431 1529 5512 palmam
1549 5457 1648 5498 au-

121 5498 286 5556 nculan
345 5514 492 5558 nuto.
538 5505 689 5558 Unde
729 5525 985 5558 numerus
1022 5511 1109 5558 ille
1137 5513 1515 5558 nonagesimum
1548 5530 1648 5558 nn-

121 5498 519 5592 digito._
538 5505 689 5592 ﬁnde
729 5498 1002 5592 numerus
1022 5511 1109 5592 ille
1137 5498 1515 5592 nonagesimus
1547 5530 1648 5592 no-

123 5580 231 5652 tlpﬁ,
257 5577 296 5628 si
331 5590 427 5646 per
453 5577 781 5652 additionem
814 5581 1033 5638 unitatis
1064 5581 1154 5636 ﬂat
1181 5577 1550 5650 centenarius,
1581 5585 1650 5642 de

123 5649 288 5698 smistra
309 5650 495 5704 transit
521 5649 587 5704 ad
606 5651 903 5708 dexteram.
934 5652 1014 5709 Ex
1044 5652 1190 5708 Mita.

175 5719 194 5797 ᾖ
224 5711 506 5787 Nonaginta
523 5734 722 5797 novem
758 5739 891 5797 oves
907 5724 1199 5782 humanum
1228 5739 1397 5797 genus
1425 5735 1508 5784 est
1525 5743 1652 5797 per-

1759 4731 1991 4808 (Ephes.
2032 4731 2106 4802 ι).
2141 4729 2400 4786 Accendit
2427 4743 2556 4798 ergo
2597 4729 2870 4783 lucernam
2895 4738 3078 4791 suam,
3115 4730 3172 4778 et
3197 4721 3342 4776 illam

1829 4872 1856 4912 δ
1896 4871 2063 4928 Favet
2099 4871 2304 4928 Auctor
2347 4868 2590 4941 opinioni
2627 4867 2928 4941 aliquorum
2965 4861 3343 4941 theologorum

1757 4931 2403 5016 asserentiumLuciferd
2430 4931 2735 4995 revelatam'
2761 4936 2929 5016 fu_i_sse_
2957 4936 3211 5016 unionem
3237 4931 3341 5016 hy:-

1755 5015 2096 5101 ροξιειιίοεπι.
2114 5005 3343 5101 huncce,etamen,Xeti°._éiti1°;.ﬂ

1756 5075 1881 5144 inde
1923 5093 2191 5156 sumptam
2219 5083 2562 5156 occasionem
2586 5080 2966 5156 superbigeet
2980 5075 3343 5156 invidiaeque

1754 5158 2027 5215 diabolum
2045 5147 2111 5212 ἐι
2140 5155 2372 5210 asseclas
2398 5153 2515 5224 ejus
2533 5147 2748 5222 deiecit.
2782 5148 2913 5205 Vide
2933 5147 3184 5204 Suarium
3201 5149 3339 5199 tom.

1754 5229 1940 5354 ldislii
1967 5227 2036 5282 42
2063 5235 2196 5282 sect.
2231 5226 2280 5280 1.
2315 5225 2476 5309 Mira.
2674 5295 2685 5307 ⁸
2913 5290 2926 5302 ⁸

1829 5312 1852 5341 ο
1943 5316 2009 5354 οε
2054 5306 2136 5354 est
2173 5313 2271 5354 uer
2309 5304 2532 5354 gratiam
2562 5295 2717 5351 bonis
2755 5290 2926 5354 angeli

1829 5312 1852 5341 ο
1881 5290 2009 5356 Hoc
2054 5306 2136 5355 est
2169 5313 2280 5370 per
2309 5298 2532 5370 gratiam
2562 5295 2717 5351 bonis
2755 5290 2958 5370 angelis
3001 5301 3340 5370 concessum;

1753 5373 1860 5439 vel,
1893 5371 2017 5442 quia
2041 5363 2236 5442 invidia
2256 5363 2438 5437 fugata
2465 5366 2640 5422 fuerat
2677 5382 2707 5422 ε
2745 5363 2884 5442 coelo
2923 5375 3021 5432 pc:-
3057 5363 3342 5442 sempiter-

1755 5430 1878 5498 nam
1910 5430 2127 5497 ldiaboli
2155 5447 2228 5513 et
2265 5430 2592 5513 sectatorum
2619 5430 3040 5513 _eXpulsionem;
3085 5430 3340 5513 γει-(ιαμ

1755 5515 1940 5640 ggnus
1983 5512 2202 5586 propria
2247 5519 2423 5567 morte
2467 5499 2734 5601 caelitibus
2769 5519 2956 5578 pacem
3011 5499 3340 5559 reddiderat.

1810 5603 1916 5640 ΙΤΔ.

1810 5603 1916 5642 ΙΤΔ.

1829 5657 1854 5696 ἀ
1886 5656 2076 5712 Mulier
2099 5669 2218 5726 quae
2243 5653 2555 5724 perdiderat
2583 5654 2914 5726 drachmam,
2946 5645 3341 5726 Ecclesia_gen-

1754 5728 1888 5785 tium
1917 5737 2054 5796 erat,
2076 5714 2199 5800 quae
2217 5714 2404 5784 v'erum
2431 5727 2599 5784 Deum
2637 5723 2962 5800 perdiderat,
2991 5733 3104 5775 non
3121 5714 3216 5788 qui

126 5777 1656 5882 3331,39}933nm;cassantrcsaam
1758 5777 2875 5882 ;n‘;..;.;.j';arg_nns§,gnarae.,
2917 5777 3022 5850 hac
3051 5777 3158 5852 ρει·
3172 5794 3360 5882 ιιρειε.Β

128 5859 411 5914 centenarius
441 5876 712 5932 numerus,
744 5874 799 5923 et
827 5882 1016 5924 omnes
1052 5859 1402 5940 recipiuntur.

1758 5875 1970 5944 gentius
1997 5877 2339 5931 custodittun.
2364 5875 2440 5930 Ex
2473 5875 2621 5932 Mita.
