3878 6368
144 316 221 386 αδ
1447 280 1682 344 SEBMO

1717 280 1927 343 ccxx.
3208 243 3340 359 ius

143 398 244 496 ιηιὶ,
266 418 456 481 habitus
479 407 723 480 suscipit,
749 400 955 485 formas
982 396 1159 462 variat
1175 443 1191 470 ,
1223 407 1280 457 et
1306 406 1367 456 ut
1396 409 1449 453 te
1476 404 1651 496 mutet

1762 399 1910 454 immo
1929 407 1980 454 et
2007 398 2236 471 gentium
2258 392 2449 473 (Rom.
2478 395 2571 472 ιιι)
2590 417 2619 483 ;_
2637 408 2695 483 et
2720 393 3009 474 inapleatur
3029 395 3182 463 Isaia:
3201 408 3339 464 vati.

142 490 367 582 ainalius,
395 506 500 579 ipse
520 506 620 582 'sua
648 499 814 557 toties
840 506 1015 556 mutat
1041 504 1099 554 et
1124 499 1420 553 commutat
1448 490 1645 548 oﬁicia.

142 616 189 672 Ει
214 607 313 681 quia
335 598 417 659 diu
441 583 720 663 cimuierat
746 600 809 649 ut
834 590 1095 663 diriperet
1126 595 1186 644 et
1228 586 1515 681 devoraret
1542 583 1648 681 ini-

140 676 278 767 micis,
298 688 428 752 nunc
451 686 753 745 necessario
781 685 973 743 circuit
998 691 1060 740 ut
1085 688 1141 738 te
1159 676 1415 745 vindicet,
1439 684 1500 734 ut
1537 676 1649 732 eri-

140 798 219 872 piat
238 787 474 849 ChriStus,
511 779 723 837 dicente
758 776 1042 848 Scriptura
1070 793 1085 830 :
1114 770 1466 872 Adversarius.
1485 777 1651 872 vester

52 944 55 959 _
138 858 309 945 iisutleo
327 876 514 951 rugiens
541 871 726 927 circuit
751 885 989 947 quaerens
1009 885 1159 959 quem
1186 865 1391 959 devoret
1496 861 1645 917 Petr.

138 979 192 1050 ι).
216 972 270 1030 Et
289 965 593 1030 conuocauit,
642 963 855 1034 inquit,
887 958 1178 1016 duodecim.
1219 954 1352 1013 Post
1396 952 1648 1010 diuturna

137 1047 323 1138 tempora
346 1067 486 1115 tetrze
515 1056 687 1112 noctis
708 1097 723 1124 ,
754 1069 966 1110 aurorae
985 1068 1097 1109 suae
1128 1051 1438 1108 desiderato
1466 1047 1649 1119 splen-

137 1161 231 1217 dore
250 1159 454 1210 :eternus
478 1144 592 1203 dies
614 1143 863 1202 Christus
892 1153 1080 1201 noster
1104 1142 1306 1199 reluxit
1344 1140 1400 1196 in
1444 1139 1644 1205 lucem,

52 1288 53 1303 χ
136 1238 462 1322 quiduodecim
498 1254 623 1296 suas
643 1238 807 1294 horas
832 1238 889 1293 in
926 1235 1188 1309 apostolis
1225 1232 1337 1290 suis
1363 1230 1649 1288 duodecim

52 1346 53 1411 ξ
137 1343 349 1411 signanter
373 1338 595 1404 aptaret.
626 1328 784 1387 Hunc
809 1329 955 1385 diem
978 1328 1172 1386 beatus
1198 1323 1486 1381 Psalmista
1521 1338 1650 1397 pro-

52 1420 53 1429 :
138 1429 285 1506 phelali
307 1425 425 1484 vidit
450 1423 656 1497 Spiritu,
675 1438 799 1480 cum
826 1416 1239 1479 canebat:ch
1267 1428 1343 1475 est
1366 1417 1476 1474 dies
1495 1434 1650 1490 quam

137 1527 222 1600 fecit
245 1518 507 1585 Dominus,
552 1517 867 1574 exsultemus
896 1525 948 1573 et
984 1516 1219 1573 (tetemur
1263 1515 1321 1570 iu
1363 1530 1425 1568 ea
1464 1510 1647 1589 (Psal.

136 1592 281 1689 cxm).
317 1608 456 1667 Unde
484 1616 540 1665 et
578 1607 874 1681 ‘Apostolus
910 1608 1044 1665 lucis
1071 1622 1136 1665 ac
1162 1606 1269 1664 diei
1297 1604 1436 1662 ﬁlios
1472 1604 1653 1677 appel-

52 1688 55 1709 ’
132 1704 486 1769 htcredentes:
524 1696 633 1758 Vos
660 1702 761 1775 ﬁlii
782 1700 911 1758 lucis
939 1701 1063 1757 estis
1101 1709 1152 1755 et
1191 1698 1295 1755 diei
1318 1697 1374 1773 (Ι
1406 1696 1543 1753 Tim.
1568 1696 1644 1770 ν).

1749 492 1979 565 cinium,
2009 491 2104 564 qui
2130 507 2192 549 se
2214 507 2560 579 ascensorem
2585 494 2725 581 bigae
2743 495 2942 577 vidisse
2962 507 3215 575 testatur,
3245 502 3339 562 ubi

1749 585 1899 672 aluiit
1923 583 2028 642 sibi
2046 582 2153 642 dici
2184 603 2199 641 :
2232 583 2372 652 Quid
2388 595 2441 641 tu
2467 588 2610 673 uides
2681 580 2731 644 et
2758 580 3042 673 respondit,
3068 593 3219 667 rideo
3228 610 3334 665 1asa

1749 680 2002 765 sessorem
2033 676 2166 751 bigae
2195 672 2339 750 (Isai
2359 694 2450 735 xxr
2472 672 2694 767 ),!unde
2724 672 2852 767 mox
3159 684 3339 762 Baga.

1748 759 1930 827 lonem
1948 770 2165 857 clamat,
2197 778 2253 826 et
2280 772 2460 857 omnia
2487 756 2775 857 sculptilis.
3226 756 3339 855 ii},

1749 858 1860 949 tres
1877 905 1892 932 ,
1922 856 2023 936 per
2060 856 2162 920 has
2196 858 2349 935 bigas
2393 856 2667 923 Christum
2712 850 3338 949 salutares‘ineqmtvasse

1749 938 2020 1013 discursus
2042 1000 2056 1025 ,
2083 950 2205 1014 cum
2228 956 2408 1014 videat
2449 960 2745 1030 apostolica
3201 938 3337 1037 eor.

1749 1049 1922 1105 ruisse
1967 1048 2168 1121 templa
2190 1090 2205 1116 ,
2236 1046 2381 1105 idola
2426 1049 2720 1137 deperiisse
2734 1096 2773 1125 ,.
2795 1069 3037 1137 cessasse
3064 1059 3336 1131 pecudum

1749 1142 2001 1211 mugitus,
2034 1151 2091 1197 et
2110 1141 2380 1213 victimas,
2407 1143 2549 1217 ipsas
2576 1159 2697 1200 aras
2724 1160 2845 1228 cum
2881 1149 3054 1227 thuris
3078 1144 3159 1209 sic
3185 1150 3335 1223 fumo

1746 1232 1860 1317 iam
1906 1243 2023 1292 tota
2061 1237 2346 1292 evanuisse
2370 1251 2468 1307 per
2482 1237 2718 1303 saecula?
2742 1222 3048 1319 Hasbigas
3084 1222 3338 1315 ﬂabacuc

1749 1326 1960 1407 viderat
1979 1342 2098 1383 cum
2129 1322 2389 1384 clamaret
2420 1346 2432 1381 :
2460 1325 2561 1394 Qui
2577 1330 2813 1386 ascendis
2841 1349 2995 1409 super
3014 1352 3170 1408 equos
3199 1346 3335 1405 tuo},

1751 1428 1801 1501 et
1826 1418 2078 1493 equitatus
2092 1428 2220 1493 ’tuus
2249 1421 2447 1476 sanitas
2475 1419 2715 1497 (Hahae.
2733 1439 2791 1479 ιιι
2803 1422 2843 1497 )_.
2871 1424 2937 1477 Et
2958 1424 3119 1499 dedit,
3142 1427 3334 1499 inquit,

1750 1514 1826 1569 eis
1863 1522 2167 1587 potestatem
2194 1515 2468 1587 spirituum
2504 1515 2906 1572 immundorum.
2934 1516 3049 1591 Hoc
3072 1529 3176 1591 est,
3205 1521 3342 1587 divi-

1753 1622 1836 1663 na:
1863 1606 2077 1662 virtutis
2113 1606 2349 1677 insigne;
2389 1607 2493 1664 hoc
2531 1615 2793 1683 tropaeum
2825 1610 3111 1683 singularis
3150 1614 3343 1683 trium-

1750 1696 1865 1772 phi,
1895 1707 1954 1756 ut
1980 1694 2174 1771 praedae
2193 1714 2303 1755 suae
2320 1699 2504 1771 praedo
2532 1701 2667 1772 ipse,
2699 1701 2828 1773 ipsis
2847 1704 3075 1776 captivis
3100 1707 3345 1779 suisipse

52 1840 53 1843 η
131 1800 183 1858 Et
206 1790 462 1856 convocavit
498 1784 789 1850 duodecim.
830 1788 1206 1849 Duodenarius
1246 1802 1505 1846 numerus
1547 1789 1649 1845 iste
1678 1784 1724 1845 Β
1751 1786 2015 1865 captivus,
2045 1793 2241 1849 vinctis
2268 1793 2539 1863 quondam
2580 1796 2691 1852 suis
2715 1796 2925 1871 vinctus
2950 1798 3069 1871 ipse
3093 1801 3343 1867 diabolus

130 1909 199 1967 per
216 1882 587 1963 quaternarium
609 1871 935 1960 tripartita‘m
964 1884 1121 1944 nobis
1157 1890 1426 1941 menstrat
1450 1891 1507 1940 et
1539 1881 1651 1939 for-

130 1976 509 2054 matquadrigam
540 1993 684 2051 :per
718 1988 884 2049 quam
928 1975 1166 2034 Trinitas
1206 1984 1322 2033 tota
1361 1983 1481 2032 toto
1520 1976 1653 2032 orbe

128 2076 374 2151 apostolicis
396 2062 612 2131 vehitur
629 2080 688 2130 et
710 2070 883 2129 fertur
903 2071 1221 2129 excursibus
1238 2113 1255 2139 ,
1282 2078 1341 2126 ut
1377 2068 1654 2126 diabolum

52 2184 53 2195 ³
129 2171 235 2229 mitis
252 2168 461 2227 bellator
486 2175 798 2240 expugnet,
849 2175 909 2223 ut
944 2166 1131 2223 mundi
1167 2166 1472 2238 superbiam
1502 2180 1654 2220 man-

52 2276 53 2279 ‘
126 2266 264 2322 iactus
286 2261 445 2317 victor
466 2258 694 2315 inclinet
716 2301 731 2327 ,
763 2267 825 2315 ut
854 2256 1147 2314 discordias
1186 2257 1427 2329 gentium
1464 2253 1654 2329 paciﬁ-

128 2350 386 2411 cusauferat
408 2350 713 2423 ‘praeliator,
736 2332 803 2406 ἰιι
830 2350 1108 2406 destructo
1135 2346 1347 2404 inferno
1366 2389 1384 2419 ,
1416 2348 1521 2403 hoc
1549 2355 1652 2417 est,

128 2445 282 2518 peccati
308 2438 493 2509 fovea,
526 2442 788 2498 diuturno
826 2456 1048 2497 carcere
1086 2440 1389 2495 animarum
1434 2438 1657 2496 humani

126 2534 287 2609 generis
314 2526 678 2606 captivitatem
705 2532 931 2588 liberam
970 2530 1230 2603 triumphi
1269 2532 1354 2586 ‘sui
1394 2530 1659 2603 perducat

125 2628 171 2685 ad
188 2622 399 2699 gloriam.
428 2624 587 2682 Hunc
608 2624 887 2680 Trinitatis
915 2636 1135 2681 currum
1162 2624 1353 2679 beatus
1372 2619 1658 2679 Psalmista

52 2764 53 2775 χ
128 2710 520 2792 vidltprdpbetali
551 2717 778 2790 Spiritu,
804 2730 927 2773 cum
965 2715 1180 2771 dicebat
1220 2733 1234 2769 :
1277 2708 1576 2770 Ascendisti
1598 2715 1658 2769 in

126 2808 259 2881 citanti,
280 2806 524 2884 captivam
547 2809 745 2865 duxisti
766 2809 1136 2882 captivitatem,
1162 2808 1407 2879 accepisti
1443 2806 1581 2861 dona
1601 2806 1658 2861 in

52 2930 53 2945 ι
126 2895 354 2962 horninibus
382 2894 570 2979 (’Psal.
602 2901 801 2977 vau).
833 2901 989 2960 Hunc
1015 2908 1231 2983 curruum
1256 2900 1396 2981 sibi,
1428 2917 1529 2957 suo
1554 2897 1657 2955 Pa-

124 3000 226 3055 triet
245 2992 446 3071 spiritui
471 3007 686 3064 sancto,
715 2986 973 3054 Dominus
994 3014 1116 3054 cum
1142 2994 1365 3061 diceret,
1382 2996 1659 3073 praepara-

123 3092 215 3146 bat:
239 3082 408 3149 Totiite
421 3082 614 3168 iugum
640 3080 811 3149 meum
831 3108 984 3164 super
1002 3108 1107 3158 vos,
1126 3090 1254 3173 quia
1286 3091 1471 3165 jugum
1490 3107 1659 3146 meum

1751 1902 1897 1945 nunc
1922 1885 2182 1953 tradatur,
2213 1894 2478 1956 quatenus
2505 1902 2695 1945 eorum
2721 1889 3300 1967 subjiciaturimperio
3322 1937 3341 1963 ,

1752 1984 1985 2049 querum
2010 1984 2138 2033 ante
2167 1976 2341 2033 fuerat
2364 1978 2680 2048 magniﬁcus
2706 1982 2985 2039 servitute.
3014 1982 3211 2043 Merito
3242 1986 3345 2045 do-

1754 2072 1850 2137 let,
1880 2072 2046 2142 gemit
2074 2071 2288 2139 merito,
2319 2073 2516 2129 merito
2540 2073 2760 2139 stridet,
2791 2075 2885 2145 qui
2910 2091 2971 2133 se
2996 2077 3144 2135 videt
3167 2078 3347 2141 homi-

1756 2178 1886 2239 num
1913 2163 2181 2218 sententia
2206 2202 2222 2228 ,
2257 2162 2538 2219 hominum
2566 2172 2835 2233 potestate
2874 2168 3097 2238 percelli
3116 2210 3135 2239 ,
3160 2169 3259 2240 qui
3283 2186 3349 2239 se

1756 2256 1928 2329 Deum
1955 2255 2262 2311 hominibus
2290 2254 2449 2325 longa
2477 2254 2568 2310 diu
2610 2253 2781 2312 fuerat
2806 2260 3160 2331 persuasione
3194 2277 3350 2321 men-

1756 2349 1907 2406 titus.
1932 2348 2003 2404 Et
2022 2350 2268 2423 precepit
2290 2350 2382 2417 eis,
2413 2366 2481 2404 ne
2502 2350 2626 2423 quid
2655 2350 2975 2419 tollerentin
2998 2354 3101 2422 eia,
3122 2354 3227 2412 nisi
3244 2357 3351 2413 vir-

1758 2459 1881 2515 gam
1910 2451 2130 2509 tantum,
2161 2457 2265 2497 non
2292 2432 2489 2514 peram,
2507 2458 2612 2497 non
2639 2459 2845 2516 partem,
2863 2460 2969 2511 non
2995 2446 3052 2503 iu
3078 2447 3224 2503 zonis
3252 2462 3346 2505 tu.

1759 2532 1935 2591 Homo
1959 2550 2084 2593 cum
2111 2534 2392 2606 operarios
2420 2535 2611 2590 invitat
2645 2534 2711 2592 ad
2738 2552 2929 2608 opera,
2959 2553 3068 2597 non
3098 2552 3352 2599 necessa-

1759 2629 1841 2685 ria
1861 2629 2036 2686 victus
2061 2628 2237 2684 solum
2257 2668 2275 2694 ,
2315 2628 2413 2685 sed
2458 2628 2623 2684 etiam
2651 2629 2803 2699 largo
2830 2628 3006 2689 fundit
3039 2630 3229 2701 epulas
3252 2647 3352 2704 ap-

1758 2731 1971 2796 paratu,
1995 2728 2056 2778 ut
2081 2722 2387 2779 convivium
2413 2721 2765 2779 humanitatis
2785 2720 2967 2780 effusae
2986 2724 3198 2794 pondus
3218 2740 3351 2798 ope—

1758 2815 1835 2872 ris
1855 2821 2074 2886 superet
2102 2821 2157 2870 et
2176 2813 2436 2869 laborem.
2468 2812 2496 2852 ι)
2525 2813 2693 2869 Deum
2712 2822 2976 2884 quantum
3001 2815 3174 2877 credit
3193 2817 3355 2876 inhu-

1760 2923 1980 2965 manum
1998 2946 2016 2974 ,
2063 2907 2156 2979 qui
2196 2905 2265 2962 ad
2296 2920 2465 2979 opera
2500 2905 2618 2977 ejus
2655 2905 2940 2974 invitatus,
2989 2921 3151 2983 pera,
3187 2924 3351 2982 pane.

1761 3002 1939 3074 pretio
1961 3008 2188 3057 onustus
2202 2999 2420 3067 incedit,
2436 3005 2493 3054 et
2506 2997 2726 3066 anxius;
2752 3006 2813 3054 ιιι
2825 3004 2919 3055 aut
2938 2999 3113 3057 lassus
3129 3008 3225 3059 aut
3240 3008 3356 3059 tar-

1762 3093 1883 3150 dior
1908 3092 1977 3150 ad
2007 3108 2143 3165 opus
2169 3091 2451 3164 operarius
2475 3088 2706 3146 inﬁdelis
2746 3099 3017 3160 occurrat,
3044 3100 3142 3149 aut
3166 3107 3357 3151 occur-

121 3202 234 3241 απυδ
253 3197 338 3255 est,
371 3178 421 3243 et
458 3204 597 3244 onus
623 3203 794 3243 meum
831 3187 938 3242 leve
964 3196 1042 3242 est
1081 3184 1307 3259 (Matth.
1341 3180 1450 3259 xi).
1478 3184 1661 3243 Nescit
1686 3174 1731 3235 C
1762 3201 1887 3244 rere
1912 3186 2158 3244 fortassis
2190 3201 2300 3241 non
2336 3185 2534 3256 possit!
2580 3186 2803 3256 praemia
2828 3186 3098 3256 promittit
3138 3186 3235 3247 illo
3258 3202 3361 3261 (ξα-

123 3270 355 3336 lassescere
406 3270 626 3353 bajulus
681 3278 1065 3335 misericordiae
1090 3318 1105 3344 ,
1148 3279 1367 3351 pietatis
1414 3286 1655 3335 evector.

122 3368 351 3429 Duodecim
372 3371 752 3444 patriarchas,
781 3371 1068 3428 duodecim
1097 3368 1380 3428 distinctos
1406 3371 1460 3426 in
1491 3371 1662 3426 tribu-

52 3510 53 3513 η
121 3459 191 3517 bus
213 3456 363 3530 (Gen.
384 3468 512 3519 erx
535 3460 580 3535 ),
606 3460 894 3521 duodecim
920 3450 1097 3519 fontes
1122 3463 1289 3519 eremi
1311 3460 1519 3535 (Exod.
1543 3460 1657 3535 xv),

52 3560 53 3628 j
122 3542 345 3609 duodecim
370 3546 629 3611 Iordanis
660 3554 867 3626 lapides
900 3554 1143 3610 elevatos
1170 3569 1239 3611 ex
1278 3555 1434 3610 alveo
1464 3554 1664 3628 (Iosue

52 3630 55 3701 ξ
121 3644 203 3718 n),
228 3647 272 3703 in
298 3630 519 3719 ﬁguram
564 3647 903 3718 formamque
938 3648 1222 3719 apostolici
1251 3649 1461 3704 numeri
1502 3647 1665 3705 fuisse

52 3752 53 3755 ‘
122 3736 364 3813 descriptos
389 3738 686 3798 s’érulatori
714 3740 848 3810 legis
875 3738 1228 3821 relinquimus
1255 3741 1415 3796 altius
1443 3741 1510 3796 ad
1533 3757 1663 3812 pro-

120 3827 299 3887 bandum
321 3875 335 3900 ,
365 3832 493 3903 quia
524 3832 684 3889 nobis
710 3848 807 3888 cur
832 3831 990 3888 bino‘s
1031 3828 1099 3887 ad
1140 3828 1535 3903 praedicandum
1583 3832 1666 3886 di-

122 3918 306 3992 scipulos
330 3916 543 3981 miserit
565 3968 582 3993 ,
611 3924 906 3997 proposita:
932 3923 1181 3983 lectionis
1226 3923 1396 3978 series
1439 3930 1667 3977 conatur

122 4004 303 4088 aperire.
328 4005 399 4075 IEt
420 4021 586 4095 etrapit
608 4036 695 4075 eos
727 4021 930 4075 mittere
968 4015 1113 4072 binos
1155 4025 1204 4071 et
1242 4014 1411 4071 binos.
1445 4024 1469 4053 ⁸
1502 4014 1667 4070 Binos

121 4108 318 4168 mittebat
338 4115 697 4195 n'e‘desututa
721 4111 1062 4182 singularitas
1089 4117 1183 4165 aut
1207 4116 1454 4180 negaret,
1480 4117 1538 4164 ut
1565 4106 1669 4163 Pe-

52 4268 53 4271 η
120 4210 225 4272 ltus;
248 4215 334 4263 aut
360 4190 596 4277 lugeret,
621 4215 679 4262 ut
695 4203 932 4261 Joannes
961 4198 1167 4276 (Marc.
1200 4204 1331 4276 xw).
1375 4200 1496 4257 Cito
1524 4202 1670 4258 cadit

52 4294 55 4357 !
121 4292 328 4367 Mimas
344 4286 623 4365 humana,
651 4310 770 4368 quae
791 4286 859 4353 de
886 4311 945 4352 se
974 4294 1206 4366 superbe
1240 4294 1443 4350 conﬁsa
1490 4294 1670 4350 socios

52 4410 53 4415 π
118 4388 331 4462 despicit,
380 4378 495 4451 non
523 4392 644 4449 vult
676 4392 877 4448 habere
922 4390 1186 4460 collegam
1209 4429 1226 4454 ,
1268 4387 1481 4445 dicente
1521 4388 1668 4445 Scri-

119 4492 272 4554 ptura:
304 4486 469 4546 Etuta
495 4490 729 4544 unicum
770 4485 1045 4549 ceciderit,
1080 4494 1131 4540 et
1158 4501 1263 4539 non
1304 4493 1381 4539 est
1418 4482 1670 4539 secundus

117 4579 179 4648 qui
203 4581 355 4654 erigat
379 4599 503 4637 eum
532 4578 721 4653 (Eccl.
752 4582 847 4649 ιν).
875 4576 1145 4646 Quantum
1169 4585 1349 4632 autem
1379 4576 1517 4631 alter
1544 4575 1672 4631 alte-

119 4670 202 4727 rius
216 4675 498 4733 roboretur
516 4674 739 4740 auxilio,
763 4671 955 4729 eadem
975 4668 1251 4743 Scriptura
1279 4677 1524 4741 testatur,
1548 4685 1671 4726 cum

116 4754 242 4818 dicit:
270 4752 463 4841 Frater
483 4767 574 4841 qui
595 4765 874 4838 adiuvatur
893 4781 926 4818 a
956 4762 1150 4837 fratre,
1173 4760 1321 4835 quasi
1342 4762 1521 4816 civitas
1553 4778 1673 4816 mu-

117 4846 201 4908 nita
225 4854 414 4930 (Prov.
440 4840 626 4930 in").
659 4854 731 4912 Et
759 4857 911 4928 coepit
930 4871 1017 4911 eos
1040 4854 1243 4913 mittere
1271 4850 1414 4909 binos
1436 4862 1485 4907 et
1505 4851 1672 4908 binos.

52 4940 53 4943 “
115 4940 197 5001 Nec
222 4938 445 5025 mirum,
481 4949 706 5017 fratres,
733 4947 781 5004 si
802 4944 1065 5019 Trinitas,
1095 4960 1214 5017 quae
1242 4959 1311 5000 ex
1341 4943 1675 5000 duodenario

116 5048 301 5094 numero
360 5039 700 5113 t‘ripartitam
756 5036 1071 5095 conscendit
1124 5034 1439 5105 quadrigam
1463 5078 1478 5101 ,
1534 5050 1679 5091 nunc

52 5200 53 5205 η
113 5128 316 5186 ascendit
342 5136 400 5187 et
422 5128 612 5201 bigam
632 5148 647 5198 ;
670 5137 730 5185 ut
750 5128 958 5185 duobus
986 5127 1188 5184 nuntiis
1215 5127 1443 5183 duorum
1463 5126 1679 5183 vocatio

115 5214 429 5292 monstretur,
464 5228 527 5280 et
548 5222 751 5279 clareat
776 5214 1121 5294 populorum,
1145 5220 1358 5276 dicente
1379 5218 1676 5295 Apostolo:

114 5302 348 5387 quuid
370 5310 690 5372 Iudaeorum
717 5312 859 5370 Deus
885 5311 1119 5368 tantum?
1140 5309 1333 5368 Nonne
1345 5322 1395 5367 et
1412 5308 1642 5386 gentium
1657 5314 1682 5369 ?

164 5527 187 5557 ι
210 5512 398 5579 Missos
430 5512 606 5578 fuisse
643 5520 803 5578 binos
825 5526 968 5577 tacet
990 5512 1295 5574 Matthasns.
1312 5514 1458 5573 Misit
1478 5524 1677 5584 autem,

111 5592 350 5665 utcollata
376 5608 556 5665 opera
582 5609 643 5649 se
661 5600 859 5665 mutuo
873 5590 1146 5665 iuvarent,
1176 5595 1237 5644 ut
1257 5587 1681 5665 ait‘BrugensiS;

111 5664 203 5735 tota
219 5663 289 5735 _I_d
315 5657 549 5735 plenam
569 5663 864 5721 testimonii
875 5657 1071 5735 tidem,
1092 5666 1160 5735 ut
1186 5659 1301 5735 vult
1327 5657 1570 5735 Grotius.

162 5730 189 5772 δ
218 5726 474 5793 Voluisse
500 5735 791 5792 Dominum
817 5734 874 5790 in
891 5734 996 5791 hac
1024 5726 1198 5805 prima
1222 5728 1494 5805 legatione
1513 5726 1686 5785 mani-

52 5808 55 5882 ᾗ
111 5798 276 5863 iustum
310 5807 452 5865 dare
494 5806 756 5882 apostolis
780 5805 976 5865 divine
1011 5798 1366 5881 providentia:
1392 5801 1688 5861 documen-

1763 3278 1939 3352 piosa,
1970 3284 2054 3333 tot
2078 3275 2469 3347 cbirographis,
2503 3283 2587 3331 tot
2612 3276 2862 3342 testibus,
2891 3276 3361 3349 largmmondet

1765 3370 1858 3427 ille
1885 3369 2191 3427 mercedem
2208 3410 2224 3436 ,
2257 3375 2314 3423 tu
2342 3383 2466 3424 eum
2493 3382 2670 3439 neque
2705 3383 2903 3440 panem
2922 3410 2940 3437 ,
2982 3384 3160 3441 neque
3185 3371 3357 3431 vesti-

1765 3471 2009 3520 mentum
2036 3463 2202 3534 impio
2227 3462 2419 3533 spiritu
2440 3462 2674 3518 aestimas
2692 3462 3077 3534 praebiturum?
3101 3462 3363 3536 “ipsum

1767 3573 1893 3615 cum
1920 3573 2030 3613 non
2060 3571 2240 3623 esses,
2270 3554 2417 3611 dedit
2453 3570 2605 3623 esse;
2647 3563 2705 3612 et
2730 3555 3015 3627 quidquid,
3038 3557 3225 3625 homo,
3258 3557 3361 3617 ιιι.

1766 3648 1866 3706 bes
1889 3648 2037 3705 dedit
2056 3648 2201 3719 ipse;
2231 3653 2289 3702 et
2315 3661 2439 3702 cum
2464 3646 2563 3702 tibi
2591 3662 2656 3702 ac
2680 3647 2785 3705 tuis
2810 3647 3180 3719 voluptatibus
3207 3648 3360 3709 vive-

1767 3756 1878 3807 res,
1907 3741 2082 3798 victus
2114 3740 2419 3797 necessaria
2446 3753 2557 3794 non
2585 3739 2802 3809 negavit
2831 3759 2848 3795 ι
2878 3739 3025 3806 hunc
3050 3740 3165 3805 suis
3186 3741 3363 3803 virm-

1771 3833 1934 3898 tibus,
1965 3832 2078 3888 suis
2104 3830 2360 3902 operibus
2387 3830 2661 3897 servienti,
2686 3846 2797 3887 non
2823 3845 3041 3905 panem.
3069 3846 3181 3890 non
3206 3834 3365 3893 vesti-

1770 3933 2012 3997 mentum
2058 3925 2294 3987 aastimas
2344 3923 2699 3997 largiturum?
2744 3923 2861 3982 Hoc
2898 3926 3076 3997 ipsum
3120 3927 3365 3996 quodin

1769 4032 1921 4093 pera,
1946 4016 2091 4088 quod
2120 4018 2174 4072 in
2204 4031 2341 4073 zona
2362 4024 2549 4089 portas
2568 4057 2586 4085 ,
2616 4016 2739 4089 quis
2763 4016 2913 4085 dedit
2950 4017 3082 4075 tibi?
3112 4016 3258 4087 Quid
3285 4019 3365 4079 illi

1772 4109 1842 4165 de
1885 4123 1985 4187 suo
2026 4108 2380 4163 insultaturus
2425 4107 2706 4164 occurris?
2740 4106 3058 4179 Novitquia
3102 4108 3255 4167 dives
3278 4124 3362 4169 es.

1779 4213 1800 4241 ε
1830 4201 1996 4271 Cede,
2030 4202 2216 4269 homo,
2248 4201 2441 4272 opibus
2467 4200 2574 4259 tuis
2606 4218 2620 4254 :
2654 4198 2853 4257 sufﬁcit
2880 4200 2977 4256 tibi
3013 4200 3195 4261 divina
3222 4216 3363 4274 pau-

1774 4301 1976 4375 pertas,
2006 4292 2221 4365 depone
2247 4292 2487 4349 sarcinas
2527 4288 2838 4347 divitiarum
2865 4298 3112 4362 tuarum,
3134 4303 3366 4353 onustus

1776 4404 1885 4467 non
1929 4394 2112 4461 potest
2148 4400 2248 4458 per
2291 4391 2571 4455 angustam
2599 4384 2741 4441 viam
2787 4383 2859 4440 ad
2904 4399 3043 4457 opus
3068 4384 3364 4447 Dominiea:

1774 4478 2290 4559 messispervenire,
2314 4476 2438 4532 veni
2459 4476 2761 4548 expeditus,
2787 4476 2910 4534 veni
2929 4476 3067 4533 liber
3091 4476 3365 4550 adoptare,

1700 4556 1750 4618 Β
1776 4556 2064 4642 antequam
2085 4569 2263 4626 nudus
2282 4575 2337 4624 et
2357 4568 2709 4639 exspoliatus,
2726 4567 2958 4624 inﬁdelis
2976 4568 3228 4639 omnibus
3246 4584 3371 4642 ope~

1776 4663 1951 4721 rarius
1988 4661 2217 4732 rapiaris
2244 4659 2315 4717 ad
2347 4675 2595 4732 poenam;
2619 4658 2769 4731 quia,
2811 4659 2954 4717 sicut
2973 4660 3237 4732 scriptum
3263 4669 3368 4729 est,

1776 4754 2090 4812 Morientem
2128 4753 2322 4809 divitia:
2352 4769 2457 4809 non
2497 4760 2779 4827 sequuntur
2821 4751 3003 4825 (Psal.
3047 4752 3260 4824 xum).
3290 4752 3373 4810 Sit

1778 4846 1879 4905 tibi
1907 4864 2036 4920 pera
2057 4847 2390 4905 conscientia
2412 4854 2524 4914 tua,
2547 4846 2619 4902 sit
2639 4845 2737 4902 tibi
2755 4846 2913 4918 panis
2940 4846 3052 4902 vita
3079 4853 3200 4914 tua;
3224 4855 3285 4903 ut
3303 4847 3373 4904 sit

1779 4958 1942 5000 verus
1962 4941 2119 5014 panis
2141 4937 2388 4996 Christus
2408 4938 2585 4995 invita
2599 4980 2615 5005 ,
2639 4939 2734 5010 qui
2767 4939 2906 4995 dixit
2923 4922 3199 5013 :Egosuat
3219 4920 3374 5013 partis

1783 5028 1965 5111 (Ἱοαη.
1982 5034 2080 5106 v1).
2093 5031 2177 5089 Sit
2197 5032 2295 5087 tibi
2316 5032 2369 5087 in
2384 5031 2616 5102 pretium
2631 5046 2840 5087 merces
2854 5039 2967 5100 tua,
2978 5032 3104 5101 quia
3126 5031 3217 5090 ille
3231 5047 3375 5103 pra:-

1781 5129 1949 5199 mium
1966 5126 2131 5197 exigit
2149 5140 2369 5182 securus
2384 5139 2416 5179 a
2430 5122 2668 5189 Christo,
2685 5123 2779 5197 qui
2800 5131 2858 5179 ut
2885 5130 3202 5193 sequeretur
3219 5121 3379 5185 Chl-1..

1782 5228 1948 5288 stum,
1963 5219 2137 5275 nudus
2163 5217 2409 5288 despexit
2429 5230 2693 5287 respuens
2705 5213 2935 5272 ﬁdeliter
2958 5214 3106 5287 quod
3119 5214 3370 5272 habebat.

1786 5524 1921 5599 tum,
1962 5514 2267 5599 communis
2312 5521 2395 5570 est
2422 5530 2542 5571 cum
2569 5511 2907 5587 Chrysologo
2934 5523 3246 5574 sanctorum
3271 5513 3375 5574 Pa.

1785 5597 2208 5741 ξτῗφιῗὲἐῧέίῖξδχ
2392 5656 2703 5714 correctior.
2734 5634 2866 5714 Alite
2893 5642 3179 5730 editiones,
3202 5655 3376 5741 (Ima,

1787 5725 2230 5804 homo,.operibus
2258 5727 2376 5783 tuis.
