3960 6358
511 373 615 438 ιη

1060 485 1293 546 SERMO
1327 482 1555 540 CLXXI.

694 585 777 642 De
794 585 1060 658 discipulis
1079 583 1239 640 illatis
1261 581 1499 638 mortibus
1530 581 1763 653 prandeu
1772 581 1925 638 tibus.

587 679 741 737 Sicut
764 676 973 750 fulgura
991 692 1117 734 cum
1143 691 1296 743 saxa,
1327 683 1563 741 montes,
1595 675 1836 740 arbores,
1871 675 1985 744 ipsa
2009 673 2107 729 do-

516 787 730 832 morum
755 771 990 830 culmina
1007 813 1023 840 ,
1056 770 1285 827 terribili
1311 769 1596 828 collisione
1619 769 1951 833 dissolvunt,
1984 782 2108 823 sen-

513 883 608 926 sus
653 866 930 923 hominum
981 873 1298 935 mentesque
1341 864 1642 936 corripiunt
1679 882 1691 916 :
1726 864 1800 918 ita
1848 861 2108 917 Dominus

514 959 730 1030 quoties
756 959 812 1014 in
848 957 1152 1014 Pharisaaos
1192 958 1435 1024 intonat,
1477 971 1606 1012 suos
1647 956 1841 1010 timore
1883 951 2108 1010 salutari

515 1050 741 1120 corrigit
775 1058 832 1107 et
878 1049 1157 1116 emendat,
1199 1049 1340 1104 sicut
1367 1048 1528 1104 hodie
1557 1046 1902 1117 evangelicus
1928 1059 2108 1101 sermo

514 1142 828 1215 perdocuit,
861 1139 1161 1197 Pbarisaaos
1190 1147 1247 1196 et
1285 1139 1505 1196 Scribas
1533 1139 1871 1210 vituperasse
1899 1137 2109 1206 aliquos

517 1234 905 1307 discipulorum
951 1234 1204 1301 Domini,
1248 1248 1315 1290 eo
1362 1232 1508 1303 quod
1551 1249 1660 1288 non
1699 1231 1827 1287 lotis
1862 1229 2110 1285 manibus

517 1328 927 1384 manducarent.
957 1326 1128 1382 Nemo
1155 1341 1279 1382 cum
1305 1325 1422 1380 haec
1449 1319 1629 1388 audit,
1654 1322 1925 1378 existimet
1951 1321 2113 1376 disci-

518 1418 678 1490 pulos
704 1417 920 1474 Domini
947 1417 1049 1473 sub
1077 1416 1260 1488 specie
1286 1422 1631 1486 contemptus
1656 1413 1872 1469 incultis
1894 1420 1948 1467 et
1975 1411 2114 1466 lutu-

519 1508 682 1567 lentis
709 1510 958 1565 manibus
988 1508 1170 1572 edere,
1190 1523 1290 1562 nec
1317 1520 1518 1562 mensa:
1542 1504 1774 1570 Domini,
1798 1519 1897 1560 nec
1919 1502 2108 1560 convi-

523 1603 600 1660 vii
624 1603 930 1660 communis
949 1616 1168 1658 servare
1195 1609 1251 1657 et
1278 1600 1460 1656 colere
1487 1600 1830 1655 honestatem
1855 1616 1868 1651 :
1892 1597 2112 1667 quando

520 1695 666 1753 istud
720 1709 896 1766 neque
959 1702 1151 1750 natura
1215 1693 1418 1765 patitur
1442 1731 1457 1758 ,
1501 1705 1676 1761 neque
1728 1689 2115 1761 hospitalitatis

521 1787 760 1844 admittit
786 1786 1017 1843 affectio.
1063 1784 1194 1853 Quis
1235 1799 1430 1855 aquam
1470 1784 1721 1838 manibus
1769 1798 1876 1837 non
1924 1780 2117 1836 offerat

524 1896 652 1937 mox
685 1879 754 1936 ad
781 1880 1046 1936 venientis
1074 1878 1424 1947 obsequium,
1455 1879 1577 1946 quis
1607 1874 1674 1930 ad
1704 1873 1981 1929 offerentis
2019 1872 2118 1926 tri-

521 1972 727 2028 stitiam
772 1986 899 2026 mox
933 1971 1184 2026 recuset?
1223 1969 1524 2040 praesertim
1554 1983 1674 2023 cum
1707 1967 1968 2022 Dominus
1999 1965 2115 2035 ipse

521 2072 713 2134 arguat
740 2063 1018 2120 Simonem
1042 2062 1298 2117 invitatus
1320 2060 1386 2115 ad
1412 2059 1693 2115 mensam?
1717 2055 1946 2111 Pedibus
1966 2058 2113 2121 meis,

522 2157 714 2227 inquit,
747 2173 935 2229 aquam
963 2172 1069 2209 non
1099 2154 1285 2209 dedisti
1323 2151 1474 2223 (Luc.
1509 2151 1625 2221 vn).
1647 2149 1775 2204 Vult
1805 2151 1984 2218 itaque
2024 2146 2119 2202 fte—

522 2249 591 2315 ri,
621 2248 768 2318 quod
787 2248 867 2303 sic
883 2247 1098 2316 exigere
1121 2245 1464 2315 perdocetur.
1492 2241 1600 2297 Sed
1627 2241 1882 2295 Pbarismi
1903 2255 2012 2294 non
2034 2239 2117 2292 di-

523 2338 804 2409 ligentiam
842 2337 1090 2408 corporis
1127 2336 1181 2390 in
1222 2334 1500 2404 discipulis
1529 2333 1775 2398 Domini,
1807 2331 1902 2387 sed
1930 2346 2120 2401 super-

526 2430 762 2487 stitionis
807 2445 918 2484 suac
974 2428 1302 2500 baptismate
1349 2426 1760 2498 perquirebant;
1817 2425 2120 2480 nescientes

527 2538 695 2578 unum
722 2521 988 2592 baptisma
1007 2561 1022 2588 ,
1053 2519 1201 2590 quod
1229 2519 1490 2574 Dominus
1523 2533 1631 2572 non
1652 2515 1893 2571 lavandis
1921 2515 2115 2580 solum,

527 2612 624 2670 sed
653 2613 708 2667 in
736 2611 1000 2667 novandis
1029 2610 1313 2665 animabus
1348 2617 1404 2663 et
1430 2607 1751 2677 corporibus
1791 2606 2116 2672 invenisset;

526 2703 674 2775 quod
709 2719 818 2760 non
848 2717 1048 2774 corpus
1067 2700 1136 2756 ad
1165 2701 1368 2756 cultum
1410 2699 1564 2765 vitae,
1599 2697 1696 2753 sed
1734 2698 2120 2753 conscientiam

528 2797 758 2855 dilueret
792 2797 859 2852 ad
887 2797 1136 2852 salutem.
1178 2793 1293 2849 Hoc
1330 2793 1595 2864 propheta
1623 2791 1965 2862 precabatur,
1997 2807 2120 2846 cum

533 2889 742 2946 diceret
775 2907 789 2943 :
820 2888 1056 2960 Amplius
1078 2887 1195 2942 lava
1215 2903 1297 2940 me
1325 2885 1388 2939 ab
1417 2885 1678 2956 injustitia
1706 2901 1820 2938 mea
1844 2883 2014 2957 (Psal.
2041 2884 2116 2956 L).

530 2980 589 3037 ld
611 2988 713 3048 est,
736 2993 1019 3051 quousque
1042 2993 1130 3034 me
1155 2977 1402 3047 legaliter
1423 2977 1590 3042 lavas,
1608 2984 1664 3031 et
1682 2991 1770 3031 me
1797 2991 1905 3030 non
1936 2975 2122 3031 lavas?

531 3074 651 3130 lava
676 3089 764 3129 me
791 3088 890 3145 per
928 3073 1159 3144 gratiam
1187 3071 1384 3137 semel,
1429 3085 1590 3140 quem
1633 3071 1846 3125 lavacra
1879 3069 2013 3139 legis
2041 3070 2124 3124 in-

529 3182 758 3224 numera
787 3181 895 3223 non
926 3166 1190 3221 laverunt.
1219 3163 1328 3220 Sed
1357 3163 1462 3218 hoc
1485 3163 1691 3232 aperiat
1712 3161 1868 3216 nobis
1891 3161 2005 3232 ipse
2029 3162 2122 3231 qui

530 3259 775 3331 sequitur
801 3258 1144 3328 evangelicus
1173 3272 1352 3312 sermo
1377 3274 1390 3310 :
1417 3254 1700 3322 Pharistei,
1728 3255 1920 3324 inquit,
1946 3265 1994 3308 et
2012 3271 2123 3309 om-

531 3369 622 3408 nes
643 3351 821 3407 ,ιιιάωί
850 3351 953 3406 nisi
975 3347 1154 3405 crebro
1179 3349 1412 3404 laverunt
1443 3364 1626 3402 manus
1647 3364 1751 3402 non
1785 3346 2120 3413 manducant,

536 3455 764 3500 tenentes
793 3442 1123 3498 traditionem
1151 3442 1442 3507 seniorum,
1467 3449 1516 3495 et
1544 3457 1660 3494 cum
1683 3441 1745 3494 de
1783 3441 1897 3511 foro
1918 3440 2128 3494 veniunt

532 3538 636 3593 nisi
660 3536 904 3609 baptizati
931 3536 1124 3608 fuerint
1143 3551 1248 3590 non
1278 3535 1598 3589 manducant
1617 3575 1631 3600 ,
1663 3543 1925 3588 servantes
1957 3533 2128 3604 bapti-

536 3646 650 3685 sma
671 3628 890 3683 calicum
911 3636 961 3682 et
979 3643 1251 3681 urceorum
1280 3643 1342 3680 ac
1372 3635 1775 3681 momentorum
1803 3635 1852 3678 et
1879 3624 2127 3679 lectorum

540 3722 738 3795 (Marc.
766 3720 883 3792 vn).
916 3718 1220 3786 Pharisme,
1247 3719 1339 3788 qui
1369 3727 1425 3774 te
1465 3718 1722 3774 mundum
1755 3717 1962 3783 credis,
2005 3732 2129 3772 cum

541 3823 633 3870 tua
662 3813 842 3870 omnia
871 3821 966 3868 tuo
1005 3811 1115 3868 sint
1137 3822 1163 3849 ι
1193 3811 1399 3882 polluta
1428 3811 1717 3866 convivio?
1745 3809 1804 3864 ln
1830 3809 1948 3866 foro
1977 3818 2036 3864 tu
2059 3810 2129 3864 de

541 3906 846 3963 innocentis
867 3905 1128 3976 sanguine
1153 3905 1461 3976 disputasti,
1475 3905 1815 3976 derrapienda
1830 3904 2130 3959 substantia

539 3999 794 4071 pauperis
817 3998 1147 4070 perquisisti,
1179 4004 1550 4068 perscrutatus
1575 4012 1635 4053 es
1663 3997 1895 4066 qualiter
1914 3997 2134 4051 liberta-

542 4101 650 4150 tem
682 4093 962 4148 addiceres
997 4091 1278 4157 servituti,
1321 4099 1377 4146 et
1414 4106 1536 4146 cum
1569 4091 1827 4146 interiora
1862 4098 1952 4145 tua
1981 4097 2131 4146 tanto

540 4188 648 4244 sint
675 4185 923 4243 confecta
953 4185 1200 4251 crimine,
1233 4183 1684 4254 quemadmodum
1706 4191 1760 4238 te
1790 4183 2030 4238 exterior
2056 4183 2134 4237 la-

540 4296 668 4336 vare
697 4288 753 4336 et
774 4279 1035 4335 mundare
1063 4276 1295 4335 sufficiat
1316 4278 1494 4348 aqua?
1513 4278 1678 4333 corda
1708 4287 1763 4331 et
1781 4292 2010 4348 corpora
2030 4293 2132 4333 no-

541 4381 651 4428 stra
679 4371 940 4426 mundare
961 4371 1076 4427 hmc
1101 4372 1320 4442 poterit,
1345 4386 1468 4426 cum
1493 4369 1655 4426 fuerit
1683 4379 1738 4425 et
1762 4370 1874 4440 ipsa
1902 4369 2134 4440 Spiritus

542 4465 715 4520 sancti
755 4461 1038 4535 purificata
1085 4463 1447 4530 commercio,
1486 4472 1546 4518 ut
1588 4463 1784 4518 visibili
1833 4464 2134 4519 ministerio

543 4554 811 4611 invisibile
851 4553 1240 4624 purificationis
1285 4564 1482 4609 nostrae
1537 4555 1779 4624 perficiat
1820 4570 2131 4612 sacramen-

544 4654 678 4702 tum.
704 4644 812 4701 Sed
837 4653 916 4709 tu,
940 4642 1142 4711 Iudaee,
1166 4645 1381 4712 calices,
1408 4662 1621 4710 urceos,
1650 4655 1940 4703 teramenta
1961 4648 2132 4719 bapti-
2156 4644 2209 4706 D

544 4755 654 4808 zas,
686 4752 808 4808 qua:
847 4745 998 4794 motu
1038 4753 1311 4808 sensuque
1342 4739 1581 4794 carentia
1616 4755 1714 4810 per
1757 4749 2005 4796 naturam
2026 4784 2040 4808 ,
2072 4752 2132 4797 ut

543 4839 752 4888 reatum
775 4829 1050 4896 nesciunt,
1095 4829 1166 4884 ita
1201 4845 1308 4884 non
1339 4832 1606 4896 sentiunt;
1633 4832 1747 4887 haec
1779 4833 2044 4901 lionoras,
2079 4843 2132 4890 et

543 4933 596 4980 te
618 4938 716 4995 per
741 4937 902 4994 quem
925 4922 1300 4978 contaminata
1321 4931 1448 4977 sunt
1475 4925 1678 4989 omnia,
1705 4941 1813 4981 non
1835 4928 2129 4996 emundas;

543 5017 650 5072 tuis
677 5016 896 5082 usibus,
921 5016 1028 5071 tuis
1066 5015 1339 5084 obsequiis
1376 5016 1490 5071 haec
1527 5017 1829 5088 mancipata
1859 5018 2129 5089 puriﬁcas,

543 5115 600 5164 et
619 5115 674 5164 te
700 5107 897 5163 divinis
938 5106 1147 5172 ofﬁciis,
1180 5106 1375 5162 divinis
1403 5109 1714 5165 ministeriis
1743 5127 1848 5166 non
1879 5112 2132 5182 purificas

543 5201 928 5271 mancipatum.
961 5198 1068 5255 Sed
1094 5214 1219 5262 nos,
1249 5197 1476 5266 fratres,
1505 5216 1609 5255 non
1640 5201 1766 5270 quid
1786 5200 2003 5269 Judzeis,
2037 5204 2131 5260 sed

544 5292 671 5363 quid
695 5292 971 5363 discipulis
999 5293 1111 5347 suis
1138 5291 1396 5347 Dominus
1417 5293 1774 5363 responderit,
1802 5296 2082 5353 audiamus
2113 5317 2125 5351 :

543 5385 763 5444 Dicebat
789 5397 959 5442 autem
976 5430 990 5453 ,
1016 5387 1152 5460 quod
1173 5404 1286 5460 qua:
1314 5386 1378 5441 de
1405 5388 1611 5442 homine
1643 5399 1860 5455 exeunt,
1884 5390 1977 5445 illa
2007 5407 2131 5446 cou—

547 5483 806 5536 tuminant
831 5481 1109 5537 hominem.
1150 5479 1366 5537 Abintus
1395 5481 1533 5536 enim
1580 5479 1644 5534 de
1687 5481 1841 5537 corde
1868 5483 2130 5540 hominum

618 5667 645 5697 ἰ
681 5657 761 5715 0b
787 5656 1155 5737 Pharisaicam
1182 5660 1567 5716 conscientiam
1602 5662 1839 5732 peccatis
1877 5662 2133 5737 deturpa-

547 5739 678 5796 (am,
708 5728 941 5785 utinfra.
968 5729 1128 5786 Mm.

619 5799 646 5839 δ
684 5799 782 5855 Ms.
805 5799 1014 5856 Crcsen.
1049 5800 1303 5879 Istesuus
1329 5813 1650 5879 expugnator
1677 5821 1788 5862 esse
1817 5816 2016 5879 potest;
2047 5809 2139 5862 sed

545 5886 672 5943 slus
695 5887 805 5929 esse
823 5888 928 5928 non
948 5882 1112 5945 potest
1139 5873 1428 5930 liberator:
1451 5873 1554 5935 hoc
1583 5889 1681 5950 est,
1724 5873 1904 5956 potest
1923 5883 2139 5956 quidem

1761 369 1817 431 s.
1859 361 2064 444 rem
2103 357 2538 428 CHRYSOLOGI

2143 490 2184 550 Α
2211 486 2494 557 procedunt
2522 483 2855 554 cogitationes
2882 483 3054 544 malm,
3087 479 3369 548 adulteria,
3399 484 3786 554 fornicationes,

2211 581 2513 645 homicidia,
2535 582 2694 653 furta,
2712 581 2960 645 auaritiae,
2976 581 3245 652 nequitiae;
3268 579 3440 647 dolus,
3453 582 3786 652 impudicitia,

2211 673 2386 730 oculus
2415 674 2581 728 malus
2599 715 2613 739 ,
2643 673 3005 746 blasphemite,
3037 671 3308 744 superbia,
3331 675 3558 728 stultitia
3579 691 3598 727 :
3627 679 3790 730 omnia

2211 768 2323 823 haec
2343 768 2484 822 mala
2511 767 2718 821 abintus
2746 767 3032 838 procedunt
3058 776 3110 820 et
3136 769 3496 821 contaminant
3522 768 3788 824 hominem.

2213 857 2344 926 Qua:
2375 859 2548 929 Spatia
2578 866 2842 912 terrarum
2865 898 2881 925 ,
2913 872 3032 926 qrne
3065 855 3379 927 magnitudo
3403 857 3653 924 urbium,
3684 873 3790 928 qua:

2212 950 2440 1006 latitudo
2469 951 2768 1019 regionum,
2801 956 2883 1004 tot
2916 949 3102 1004 hostes
3131 948 3289 1016 ferre,
3327 957 3412 1004 tot
3441 949 3692 1004 inimicos
3711 966 3791 1005 ca—

2213 1059 2364 1115 pere,
2397 1052 2575 1098 tantas
2594 1043 2862 1100 sustinere
2888 1041 3145 1112 praevalet
3175 1042 3457 1107 nationes,
3489 1051 3626 1110 quot
3655 1043 3789 1109 vitia,

2213 1146 2347 1208 quot
2373 1137 2588 1202 delicta,
2623 1145 2757 1206 quot
2785 1137 3011 1192 crimina
3041 1136 3257 1205 rapiunt
3283 1135 3555 1189 humanos
3583 1151 3790 1199 sensus,

2214 1230 2493 1286 hominum
2522 1228 2686 1285 corda
2716 1229 3026 1299 patitmtur?
3047 1227 3284 1292 Vidistis,
3317 1225 3535 1292 fratres,
3568 1226 3711 1296 quod
3736 1227 3792 1280 ad

2216 1338 2376 1378 unam
2407 1337 2565 1377 ovem
2592 1334 2791 1390 genera
2812 1327 2944 1384 tota,
2971 1329 3082 1376 tota
3113 1319 3296 1374 feritas
3324 1318 3625 1374 bestiarum
3655 1332 3794 1373 acce-

2216 1413 2366 1480 dant,
2392 1429 2511 1484 quae
2526 1414 2696 1482 magis
2719 1428 2785 1468 eo
2805 1420 3048 1479 smviunt,
3067 1428 3175 1481 quo
3193 1427 3250 1468 se
3271 1412 3495 1483 explere
3514 1417 3788 1479 nequeunt,

2217 1509 2402 1564 satiari
2418 1525 2523 1564 non
2537 1515 2764 1579 possunt
2777 1507 2932 1562 unius
2953 1507 3204 1576 captione
3225 1505 3410 1560 voraci
3426 1503 3591 1560 dente
3613 1503 3792 1574 prado-

2219 1616 2344 1666 nes;
2375 1601 2468 1670 qui
2489 1601 2608 1671 plus
2636 1600 2762 1654 hinc
2788 1607 3017 1654 aestuant
3044 1606 3099 1654 ct
3129 1597 3431 1660 tabescunt,
3455 1596 3605 1665 quod
3621 1611 3793 1666 capere

2222 1703 2497 1763 nequeunt
2537 1701 2593 1749 et
2628 1708 2852 1758 vorare;
2891 1690 3038 1761 quod
3079 1691 3146 1746 ad
3185 1705 3346 1744 unam
3385 1689 3695 1746 columbam
3726 1697 3793 1743 tot

2221 1788 2402 1855 milvi,
2453 1795 2536 1844 tot
2581 1786 2802 1856 aquilae,
2835 1785 3076 1840 vultures
3121 1791 3204 1839 tot
3238 1797 3496 1850 voraces,
3543 1791 3791 1836 tantarum

2148 1886 2194 1946 Β
2220 1887 2402 1936 currat
2428 1879 2709 1947 congeries
2737 1877 2918 1932 avium
2946 1875 3304 1931 sordidarum.
3328 1873 3485 1929 Hanc
3515 1874 3791 1929 numerosi-

2220 1981 2415 2037 tatem,
2457 1971 2601 2025 hanc
2638 1969 3035 2024 multitudinem
3082 1973 3327 2022 senserat
3375 1965 3650 2036 propheta
3693 1980 3792 2020 cum

2219 2071 2441 2120 caneret
2475 2080 2487 2115 :
2522 2060 2980 2116 Circumdederunt
3015 2077 3096 2114 me
3126 2058 3300 2124 mala,
3339 2072 3560 2130 quorum
3599 2073 3700 2111 non
3734 2067 3792 2110 est
3851 2126 3854 2128 _

2220 2173 2461 2210 numerus
2485 2172 2503 2209 :
2527 2153 3022 2225 comprehenderunt
3042 2169 3122 2207 me
3141 2152 3442 2222 iniquitates
3465 2165 3613 2216 meae,
3641 2160 3688 2202 et
3711 2165 3824 2217 non..-

2222 2248 2364 2319 potui
2393 2256 2449 2300 ut
2473 2245 2696 2300 viderem
2727 2244 2900 2318 (Psal.
2934 2243 3141 2312 xxxix).
3175 2241 3391 2296 Abintus
3434 2241 3498 2296 de
3519 2241 3677 2296 corde
3713 2240 3789 2295 ho-

2219 2340 2415 2393 minum
2445 2337 2746 2408 procedunt.
2787 2335 3108 2392 Tolerabilis
3135 2343 3218 2390 est
3256 2333 3431 2389 hostis
3468 2348 3595 2389 cum
3639 2347 3793 2387 muros

2221 2430 2417 2485 arietat
2438 2431 2795 2494 extrinsecus,
2819 2445 2941 2484 cum
2971 2428 3102 2484 foris
3130 2428 3340 2499 positus
3359 2426 3507 2483 cedit
3527 2425 3790 2495 aliquando

2221 2520 2527 2590 conflictui;
2550 2522 2638 2578 cui
2668 2536 2796 2578 vero
2825 2529 2908 2576 est
2924 2521 3068 2575 intus
3088 2519 3540 2588 inimicus,cujus
3567 2518 3796 2598 adversa-

2219 2617 2332 2670 rius
2356 2615 2409 2670 in
2435 2615 2566 2687 ipsis
2587 2613 2952 2685 penetralibus
2967 2612 3078 2682 jam
3093 2613 3330 2675 desmvit,
3347 2613 3451 2667 iste
3469 2627 3530 2667 se
3548 2594 3792 2678 intelligit,

2221 2719 2279 2764 et
2316 2709 2481 2763 sentit
2523 2722 2871 2778 oppressum,
2903 2707 3005 2762 iste
3032 2721 3092 2762 se
3119 2714 3174 2760 et
3200 2705 3477 2775 captivum
3497 2703 3730 2776 pervidet
3751 2712 3795 2757 et

2222 2799 2491 2871 deplorat,
2516 2799 2620 2854 iste
2640 2815 2767 2854 suus
2795 2807 3134 2868 expugnator
3159 2813 3278 2854 esse
3299 2813 3407 2853 non
3437 2805 3640 2868 potest,
3665 2795 3793 2850 l'suis

2225 2908 2348 2949 esse
2378 2909 2486 2948 non
2509 2901 2691 2963 potest
2721 2892 2997 2960 liberator,
3025 2892 3258 2948 alienum
3281 2891 3513 2960 requirit
3541 2890 3794 2952 auxilium,

2226 2986 2420 3056 quarrit
2441 2985 2672 3041 alterum
2693 2984 3054 3042 defensorem.
3086 2986 3305 3040 Abintus
3333 2995 3526 3040 exeunt
3553 2985 3618 3039 de
3643 2985 3789 3038 corde.

2225 3078 2410 3136 Novus
2439 3088 2523 3136 est
2561 3081 2649 3136 hic
2677 3079 2812 3135 ordo
2839 3079 3075 3134 bellandi
3102 3098 3114 3132 :
3147 3079 3214 3134 de
3243 3079 3468 3134 homine
3494 3087 3674 3134 contra
3713 3077 3794 3131 bo-

2224 3172 2428 3227 minem
2482 3180 2674 3241 gentes
2726 3179 2926 3226 exeunt
2966 3171 3280 3225 bellaturze:
3323 3186 3433 3225 non
3468 3178 3725 3225 contentae
3749 3167 3796 3221 in

2147 3271 2192 3332 ρ
2226 3266 2441 3322 occulto
2489 3266 2740 3332 vincere,
2772 3273 3121 3336 prosternere
3163 3266 3216 3319 in
3247 3264 3465 3329 abdito;
3503 3264 3651 3333 quasi
3686 3275 3798 3332 qua:

2226 3361 2423 3414 famam
2461 3368 2709 3429 quaerant
2744 3359 2979 3415 hominis
3010 3359 3078 3414 de
3111 3359 3285 3412 ruina.
3329 3355 3524 3422 Judtei,
3551 3355 3646 3424 qui
3677 3352 3799 3408 foris

2225 3462 2370 3516 sunt,
2412 3468 2471 3508 se
2514 3461 2569 3507 et
2596 3467 2692 3508 sua
2731 3451 3032 3507 forinsecus
3071 3452 3280 3516 lavent;
3313 3465 3445 3516 nos,
3476 3447 3694 3514 fratres,
3737 3447 3796 3502 ab

2226 3543 2343 3598 istis
2375 3544 2628 3598 vitiorum
2658 3543 2908 3598 sordibus
2939 3530 3294 3598 emundem'ur
3323 3541 3647 3595 intrinsecus
3675 3556 3687 3591 :
3715 3538 3796 3592 has

2228 3635 2589 3704 nequitiarum
2619 3642 2806 3702 gentes
2836 3634 2891 3688 in
2921 3634 3118 3690 nostris
3157 3633 3431 3688 mentibus
3457 3630 3671 3687 Christo
3689 3643 3794 3700 pm-

2228 3735 2499 3798 pugnante
2545 3726 2858 3793 vincamus,
2891 3726 2989 3780 has
3017 3725 3337 3781 delictorum
3375 3723 3579 3778 bestias
3617 3721 3679 3776 de
3708 3736 3794 3776 no-

2229 3822 2357 3876 stris
2391 3820 2644 3876 cordibus
2675 3827 2885 3875 terrore
2919 3819 3184 3874 Dominici
3225 3817 3465 3874 nominis
3492 3815 3792 3885 effugemus,

2229 3915 2327 3970 has
2357 3914 2640 3968 criminum
2670 3913 2848 3968 rabies
2888 3921 2945 3968 et
2980 3913 3361 3967 voracissimas
3389 3925 3522 3966 aves
3553 3925 3585 3964 a
3621 3911 3798 3964 nostris

2231 4005 2478 4061 sensibus
2508 4005 2684 4060 crucis
2711 4004 2864 4059 hasta
2893 4003 3106 4059 fortiter
3125 4003 3528 4074 propellamus;
3551 4009 3610 4056 ut
3635 3999 3798 4056 civita-

2232 4097 2301 4151 tis
2332 4104 2531 4151 nostrze
2558 4096 2833 4167 splendor,
2876 4096 3064 4166 templi
3103 4096 3274 4150 nostri
3309 4094 3602 4159 sanctitas,
3631 4091 3796 4147 domus

2232 4197 2431 4244 nostrae
2461 4190 2667 4258 integer
2695 4198 2750 4244 et
2778 4189 3067 4258 singularis
3096 4197 3342 4255 ornatus,
3375 4186 3444 4243 ad
3473 4182 3793 4242 habitandum

2232 4300 2448 4355 semper
2477 4286 2530 4339 in
2560 4284 2718 4339 nobis
2760 4292 3003 4338 nostrum
3039 4289 3298 4353 provocet
3328 4289 3386 4336 et
3413 4281 3606 4336 invitet
3631 4283 3795 4333 aucto-

2234 4391 2369 4430 rem.
2406 4375 2537 4431 llluc
2564 4376 2695 4430 vitia
2738 4375 2915 4430 redire
2964 4382 3268 4444 nequeunt,
3303 4373 3395 4429 ubi
3423 4371 3669 4429 Christus
3697 4382 3796 4425 cum

2233 4467 2346 4522 suis
2372 4467 2659 4523 virtutibus
2687 4474 3075 4522 commoratur.

2776 4556 3006 4614 SERMO
3035 4556 3286 4612 CLXXII.

2701 4649 2780 4704 De
2798 4650 2992 4704 invidia
3013 4660 3060 4703 et
3088 4649 3366 4721 hypocrisi.

2307 4742 2544 4798 Audistis
2567 4741 2750 4808 hodie,
2773 4741 2986 4809 fratres,
3011 4739 3489 4810 quemadmodum,
3512 4737 3635 4794 dum
3653 4733 3799 4792 sedu-

2233 4837 2303 4892 sit
2331 4836 2483 4901 alios,
2515 4835 2753 4906 seipsum
2776 4833 2982 4904 janitor
3010 4833 3305 4888 invidiosus
3345 4832 3592 4888 exclusit.
3628 4830 3802 4885 Vtere-

2237 4929 2331 4994 bis,
2365 4929 2556 4997 inquit,
2591 4927 2717 4999 legis
2762 4926 2957 4998 peritis,
2990 4926 3111 4998 quia
3141 4925 3330 4978 tulistis
3361 4925 3555 4979 clavem
3580 4922 3798 4982 scientia,

2234 5023 2335 5092 ipsi
2349 5037 2450 5075 non
2470 5019 2743 5085 introistis,
2761 5027 2810 5072 et
2823 5035 2908 5072 eos
2923 5019 3007 5090 qui
3029 5017 3312 5071 introibant
3327 5016 3654 5088 prohibuisti:
3671 5012 3798 5084 (Lar.

2239 5110 2337 5182 in).
2365 5109 2602 5165 Audistis
2641 5123 2770 5178 ergo
2795 5105 3247 5178 quemadmodum
3277 5105 3407 5161 dum
3437 5106 3652 5163 seclusit
3669 5103 3800 5164 alios,

2239 5205 2472 5275 seipsum
2506 5203 2712 5273 janitor
2733 5203 3031 5259 invidiosus
3056 5202 3303 5258 exclusit.
3338 5201 3631 5275 Acceperat
3651 5199 3805 5257 claves

2239 5298 2544 5353 Pharisacus
2567 5312 2674 5352 non
2702 5305 2763 5351 ut
2783 5296 3079 5361 clauderet,
3112 5295 3205 5351 sed
3229 5305 3285 5349 ut
3301 5295 3506 5350 intrare
3525 5292 3807 5350 desideran-

2237 5391 2379 5448 tibus
2400 5393 2664 5461 aperiret;
2689 5389 2785 5445 sed
2815 5405 2882 5444 ne
2921 5390 3150 5444 intraret
3177 5389 3332 5454 alter,
3366 5389 3480 5459 ipse
3517 5396 3806 5458 permanere

2237 5485 2368 5542 foris
2388 5485 2577 5540 maluit
2596 5499 2695 5555 per
2721 5483 2963 5540 livorem.
2988 5480 3178 5537 Omnia
3206 5481 3424 5552 quidem
3463 5480 3585 5537 vitia
3613 5476 3680 5532 ad
3697 5489 3808 5530 suo-

2239 5681 2338 5736 per
2365 5682 2423 5721 se
2451 5665 2741 5736 pugnando
2787 5665 3026 5732 vincere,
3070 5664 3166 5720 sed
3203 5665 3271 5719 ab
3300 5663 3574 5727 molestiis,
3597 5657 3808 5736 damnis,

2242 5727 2256 5736 ’
2279 5727 2496 5792 ericulis
2522 5727 2582 5792 se
2609 5738 2840 5806 eripere,
2870 5745 2963 5791 aut
3005 5727 3217 5806 penitus
3252 5736 3499 5797 liberare,
3533 5747 3636 5787 non
3662 5727 3809 5785 valet.

2239 5753 2506 5862 Expugno
2527 5809 2703 5862 signat
2745 5807 3030 5862 nutznando
3056 5808 3213 5862 vinco
3239 5825 3251 5860 :
3285 5806 3562 5861 Liberator
3585 5814 3713 5858 vero
3734 5795 3809 5858 ἃ*

2293 5823 2506 5878 xpugno
2527 5796 2707 5876 signat
2745 5796 3030 5879 pugnando
3056 5808 3213 5862 vinco
3239 5825 3251 5860 :
3285 5796 3562 5879 Liberator
3585 5814 3713 5858 vero
3734 5796 3810 5858 ἃ*

2243 5877 2382 5938 citur
2411 5880 2654 5952 periculi,
2680 5877 3020 5938 et'molestize
3050 5887 3285 5954 ereptor.
3318 5877 3480 5937 Mm.

3691 363 3793 429 M8

3867 2387 3908 2472 ὲ
