3878 6368
153 358 253 423 “9
1515 348 1751 412 SERMO
1785 348 2067 410 CLXXIII.
3322 346 3440 411 650

158 493 268 538 mn
292 487 507 547 semper
525 468 751 529 tendunt
771 476 829 525 et
854 466 1141 540 prosiliunt
1160 467 1433 524 hesioncm
1453 483 1467 534 ;
1490 467 1587 524 sed
1607 481 1734 523 suos
1759 469 1812 529 Δ
1838 465 1957 539 xu).
1984 465 2121 535 Quia
2141 465 2197 522 in
2218 467 2486 525 termento
2501 481 2611 525 non
2631 472 2717 525 est
2736 466 2910 526 moles
2922 466 3326 539 magnitudinis,
3341 468 3443 527 sed

157 584 360 642 semper
399 566 626 638 amplius
672 562 874 619 invidia
902 559 1174 617 consumit
1216 578 1228 613 :
1277 558 1477 615 invidia
1522 574 1742 616 suorum
1846 560 2101 631 tumoris;
2123 568 2180 618 et
2205 562 2519 634 conspersio
2546 562 2643 618 tali
2662 563 2845 634 specie
2865 561 3050 619 inﬂata
3078 570 3181 630 est,
3212 577 3322 620 non
3357 561 3444 619 di-

158 663 387 726 camifex
431 676 646 734 semper
690 659 919 726 exstitit,
962 656 1209 713 extendit
1253 670 1476 724 sensus,
1526 661 1745 725 torquet

156 759 373 822 animos,
397 752 687 812 discruciat
706 759 936 815 mentes,
967 747 1133 806 corda
1162 746 1479 819 corrumpit.
1509 744 1580 801 Et
1614 745 1744 817 quid

152 850 329 925 plura?
346 846 502 903 Hanc
518 845 613 918 qui
640 843 929 916 receperit,
961 858 1059 899 sua
1087 840 1319 897 sustinet
1345 840 1464 896 sine
1491 838 1598 896 fine
1615 854 1742 911 sup-

153 941 319 1015 plicia,
348 937 478 1009 quia
520 936 577 992 in
623 952 685 992 se
725 933 1081 993 domesticum
1109 947 1325 1004 semper
1351 931 1523 1002 diligit
1542 931 1744 988 habere

154 1040 423 1091 tortorem.
448 1030 581 1100 Quis
602 1030 673 1087 ibi
687 1029 953 1086 malorum
977 1027 1118 1095 linis,
1139 1027 1233 1084 ubi
1247 1026 1471 1083 alterius
1491 1036 1520 1065 ιι
1537 1026 1742 1082 bonum

151 1140 297 1201 poena
324 1132 411 1181 est
437 1124 697 1180 alterius?
718 1123 809 1178 ubi
830 1122 1105 1179 cruciatus
1129 1120 1346 1197 alienus.
1357 1127 1442 1178 est
1460 1120 1636 1176 aliena
1664 1118 1744 1175 fe-

152 1218 351 1276 licitas?
370 1217 575 1273 malum
596 1215 875 1287 multiplex
902 1232 915 1268 :
938 1222 1073 1285 quot
1094 1221 1220 1271 sunt
1236 1213 1625 1286 prosperitates
1641 1213 1743 1268 ho-

152 1311 360 1376 minum,
387 1318 469 1365 tot
496 1315 766 1365 tormenta
794 1316 920 1364 sunt
946 1307 1270 1364 invidorum.
1294 1306 1432 1364 Cum
1458 1307 1579 1364 aliis
1596 1306 1742 1363 vitiis

154 1403 347 1459 animus
367 1401 576 1473 poterit
593 1400 886 1471 conﬂigere
918 1398 1277 1465 Christianus,
1305 1399 1559 1456 invidiam
1588 1400 1740 1470 quis-

154 1495 259 1567 quis
290 1502 583 1565 antequam
631 1493 833 1549 sentiat
870 1507 979 1547 non
1016 1490 1234 1560 fugerit,
1258 1507 1365 1548 non
1395 1490 1593 1547 evadit.
1615 1489 1741 1548 Haec

152 1584 324 1659 peritis
350 1584 490 1654 legis
512 1584 688 1654 legem
717 1583 889 1639 suasit
926 1599 1035 1639 non
1064 1582 1295 1654 aperire,
1327 1582 1423 1639 sed
1451 1582 1737 1650 claudere;

152 1683 202 1734 et
222 1676 471 1733 salutaris
499 1674 754 1748 praecepti
786 1690 894 1731 non
915 1674 1264 1732 commodare
1291 1675 1613 1744 doctrinam,
1644 1674 1743 1733 sed

154 1785 366 1842 negare;
410 1769 667 1827 obserare
709 1767 948 1825 scientia:
985 1766 1190 1823 fontem
1232 1775 1289 1824 et
1316 1767 1493 1825 vitalis
1528 1766 1736 1835 ﬂuenti,

162 1856 368 1933 originis
407 1878 519 1919 sua:
553 1869 766 1919 secreto
806 1859 833 1900 ι’
862 1860 1077 1917 divitias
1112 1860 1416 1917 obstruere.
1456 1859 1564 1917 Iste
1589 1860 1743 1916 velo-

155 1959 273 2014 citer
297 1955 585 2026 fugiendus
605 1964 690 2012 est
718 1955 961 2021 morbus,
992 1955 1117 2025 quia
1147 1970 1285 2026 quos
1313 1955 1603 2027 contigerit
1628 1970 1738 2011 non

154 2048 335 2122 patitur
348 2047 465 2117 jam
508 2047 709 2111 sanari.
750 2045 953 2102 Invidia
981 2046 1177 2104 malum
1198 2048 1457 2114 tentavit;
1482 2047 1555 2102 ibi
1594 2047 1740 2103 enim

155 2138 408 2197 diabolum
428 2138 558 2195 fecit
577 2155 645 2195 ex
666 2138 891 2208 angelo;
922 2139 1056 2195 ussit
1076 2146 1266 2206 terras,
1290 2154 1410 2211 quae
1431 2140 1616 2210 utique
1642 2156 1740 2211 pa-

155 2234 298 2291 radisi
326 2233 488 2290 nobis
507 2249 722 2289 amoena
752 2230 1004 2289 ﬂammeo
1034 2233 1261 2292 custode
1292 2234 1530 2291 seclusit.
1565 2232 1740 2303 Reges

155 2333 307 2395 urget,
337 2325 469 2396 quia
500 2325 615 2381 haec
637 2323 909 2380 Herodem
937 2327 993 2380 in
1022 2341 1237 2382 comvos
1255 2323 1456 2382 Christi
1480 2324 1559 2381 sic
1584 2341 1738 2381 com-

150 2417 272 2491 pulit
288 2416 573 2483 desmvire,
604 2424 664 2471 ut
691 2424 818 2472 ante
851 2417 935 2472 lac
961 2432 1123 2486 quam
1145 2417 1365 2487 sanguis
1386 2418 1586 2474 teneris
1614 2416 1739 2474 fun-

155 2507 356 2564 deretur
395 2522 464 2563 ex
499 2507 757 2563 membris
797 2505 1012 2580 (Matth.
1036 2508 1130 2579 ιι).
1168 2505 1503 2564 Charitatcm
1543 2510 1737 2577 violat,

155 2614 261 2655 nam
286 2598 407 2655 hac
441 2595 582 2654 Cain
613 2598 847 2655 reddidit
874 2597 1227 2667 fratricidam,
1252 2609 1307 2656 et
1329 2601 1616 2658 innocuam
1645 2602 1743 2659 ad-

152 2690 243 2749 huc
260 2700 463 2748 terram
497 2704 519 2731 π
551 2692 679 2748 novi
698 2692 974 2763 sanguinis
994 2708 1187 2750 cruore
1206 2693 1441 2765 perfudit
1462 2692 1614 2768 (Gen.
1638 2695 1735 2769 ιν).

152 2783 608 2857 Vastatpopulos,
644 2799 877 2855 namque
903 2782 1119 2841 Iudaeos
1151 2787 1284 2854 haec,
1317 2789 1362 2843 si
1391 2789 1497 2844 dici
1525 2788 1606 2844 fas
1634 2798 1735 2861 est,

152 2879 191 2935 si
215 2880 355 2951 capit
372 2894 575 2948 sermo,
608 2876 738 2935 fecit
763 2894 887 2935 esse
914 2878 1154 2936 deicidas
1179 2899 1191 2934 :
1215 2881 1456 2938 deicidas
1483 2883 1735 2952 diximus,

152 2988 249 3030 non
287 2987 392 3044 quo
418 2973 685 3045 pervenit,
718 2972 815 3028 sed
841 2988 951 3044 quo
989 2973 1198 3030 facinus
1236 2975 1342 3032 hoc
1388 2978 1635 3035 tetendit.
1679 2979 1738 3035 In

151 3064 350 3123 Christo
363 3065 507 3121 enim
526 3062 698 3121 Judtei
720 3081 830 3120 non
848 3064 1122 3122 hominem
1153 3073 1382 3132 tantum,
1405 3064 1432 3106 (ι
1454 3069 1548 3125 sed
1568 3069 1737 3126 Deum

152 3154 329 3212 Filium
370 3155 469 3212 Dei
497 3156 678 3213 conati
725 3161 851 3212 sunt
888 3157 1214 3228 opprimere,
1247 3173 1445 3215 necare
1486 3161 1733 3229 virtutes,

152 3262 258 3305 cum
306 3248 489 3305 dicunt
519 3266 533 3303 :
566 3247 669 3304 Hic
698 3258 775 3304 est
811 3248 993 3317 hteres,
1037 3252 1222 3321 venite,
1260 3252 1554 3309 occidamus
1594 3271 1732 3323 eum,
1761 3238 1810 3304 C

151 3353 194 3398 et
208 3353 380 3399 nostra
399 3345 498 3399 erit
518 3343 794 3399 hereditas
823 3346 934 3416 ejus
952 3342 1146 3415 (Marc.
1164 3345 1285 3418 xu).
1308 3345 1414 3402 Sed
1441 3348 1572 3417 quid
1590 3350 1737 3406 valet

153 3435 380 3493 diabolus
406 3436 474 3492 ad
503 3436 721 3493 Deum?
748 3436 954 3494 Invidia
981 3439 1111 3509 quid
1140 3440 1285 3495 valet
1311 3440 1379 3495 ad
1399 3441 1734 3500 Dominicam

154 3528 454 3586 charitatem
468 3529 494 3583 ?
514 3528 710 3585 Invidit
736 3529 985 3586 diabolus
1005 3530 1162 3587 nobis
1190 3539 1410 3597 terram,
1443 3534 1539 3590 sed
1565 3535 1735 3592 dona-

154 3620 219 3674 vit
234 3620 423 3676 coelum
442 3620 618 3688 Deus;
649 3621 830 3677 claves
857 3621 1096 3677 scientiae
1122 3622 1465 3696 legisperitus
1492 3629 1727 3696 sustulit,

153 3710 235 3767 sed
253 3711 424 3768 claves
443 3712 679 3769 caelestis
701 3713 851 3783 regni
865 3728 964 3785 per
981 3712 1203 3771 Petrum
1216 3716 1440 3787 largitus
1459 3728 1544 3775 est
1569 3718 1730 3777 Chri-

154 3810 251 3859 stus
273 3802 482 3875 (Hatth.
514 3804 684 3877 xxvi).
721 3803 799 3861 Ac
825 3806 905 3863 sic
944 3807 1146 3864 invidia
1187 3810 1299 3866 suis
1325 3812 1623 3872 commodis
1649 3824 1734 3873 est

155 3894 356 3962 nudata,
385 3904 441 3951 et
479 3896 645 3953 homo
672 3896 874 3954 ditatus
899 3907 984 3955 est
1005 3898 1121 3971 ipsa
1154 3910 1177 3938 θ
1217 3905 1542 3962 necessitate
1579 3907 1731 3965 dam-

154 4000 345 4042 norum.
375 3985 523 4044 Bene
571 4003 701 4059 ergo
740 3989 794 4045 in
823 3991 1171 4061 sequentibus
1212 3993 1470 4053 Dominus
1498 3998 1726 4070 adjecit,

155 4076 322 4137 dicens
341 4098 355 4112 ·
385 4080 648 4137 Attendite
666 4082 807 4138 vobis
832 4101 865 4139 ιι
886 4086 1137 4158 fermento
1157 4085 1548 4147 Pharisaeorum
1571 4092 1722 4167 (Luc.

214 4248 237 4279 ³
261 4240 365 4316 ΔΜξ.
387 4239 595 4298 Censen.
624 4247 680 4296 et
697 4240 969 4316 Xallicejn
989 4242 1174 4316 (tortor:
1193 4241 1277 4316 AAt
1296 4260 1485 4301 revera
1504 4247 1719 4316 invidia,

155 4321 206 4367 ut
229 4312 677 4389 ait_Damascenus
697 4312 790 4389 lib.
816 4328 871 4367 xx
890 4310 1115 4389 Orthod.
1137 4311 1225 4389 fid.
1250 4330 1370 4389 cap.
1394 4316 1440 4389 ῥ-
1455 4331 1579 4389 pag.
1596 4310 1721 4389 128,

154 4393 220 4455 est
253 4385 455 4455 tristitia
481 4400 548 4455 ea:
588 4383 802 4455 alterius
849 4385 1151 4455 proveniens
1190 4383 1357 4441 bonii.
1399 4383 1475 4442 Et
1494 4383 1725 4447 Basilius

155 4451 398 4530 bi.,_o_rat.
429 4454 499 4511 de
517 4453 724 4530 Invid.,_
745 4451 942 4530 statim
966 4462 1091 4530 post
1135 4456 1368 4525 initium,
1410 4473 1532 4530 pag.
1572 4459 1720 4515 M5:

159 4522 341 4579 Invidia
375 4536 455 4581 est
500 4525 653 4582 dolor
689 4524 752 4580 de
791 4522 1017 4601 proximi
1061 4522 1508 4599 prosperitate-ac
1551 4549 1725 4587 rerum

158 4611 374 4670 successu
386 4606 877 4670 conceptuer
886 4612 912 4623 ί

1843 662 1960 711 tata
1990 672 2004 710 :
2035 663 2294 726 quantum
2335 654 2482 712 enim
2510 653 2824 712 eﬂ'erbuerit
2869 653 3201 722 ferventius,
3230 662 3444 712 tantum

1842 748 2003 805 farris
2024 764 2202 806 massa
2229 749 2506 821 turgescit,
2536 756 2593 806 et
2619 757 2791 806 totam
2816 747 3045 805 formam
3071 748 3306 806 levitatis
3333 749 3441 805 im-

1844 840 1978 912 plet,
2003 847 2061 896 et
2079 840 2330 897 tumoris.
2360 838 2612 911 Congrue
2631 855 2761 911 ergo
2790 856 2822 896 a
2842 840 3072 897 Domino
3101 840 3302 898 dictum
3324 849 3439 897 est:

1844 933 2106 988 Attendite
2124 933 2264 989 vobis
2292 950 2325 987 a
2357 934 2609 1006 fermento
2638 930 3046 999 Pharisaeorum,
3076 932 3214 1005 quod
3239 942 3317 988 est
3340 932 3442 1004 hy-

1843 1024 2081 1095 pocrisis.
2099 1020 2241 1090 Quid
2268 1031 2355 1080 est
2368 1023 2689 1096 hypocrisis,
2713 1024 2819 1080 nisi
2843 1023 3050 1095 species
3071 1033 3189 1080 arte
3211 1039 3442 1095 compo-

1842 1116 1968 1184 sita;
1997 1131 2119 1187 qua:
2145 1116 2289 1173 aliud
2316 1116 2372 1173 in
2412 1132 2472 1173 re
2515 1117 2646 1187 agit,
2674 1117 2818 1173 aliud
2845 1117 3111 1188 promittit
3155 1115 3209 1171 in
3247 1116 3442 1172 vultu?

1843 1206 1970 1265 Haec
1988 1223 2156 1281 penes
2176 1206 2474 1265 Pharisaaos
2492 1223 2592 1280 per
2617 1208 2895 1265 scientiam
2918 1206 3270 1272 tumescebat,
3295 1206 3443 1278 Apo-

1842 1301 1985 1357 stolo
2012 1301 2092 1357 sic
2134 1299 2386 1357 dicente:
2419 1298 2655 1355 Scientia
2692 1300 2845 1370 inﬂat
2874 1298 2937 1372 (Ι
2977 1297 3094 1354 Cor.
3123 1314 3214 1354 vni
3236 1296 3278 1369 ).
3312 1296 3441 1353 litos

1844 1409 2078 1465 namque
2095 1393 2321 1451 scientia
2342 1393 2559 1450 inflabat
2577 1392 2645 1449 ad
2664 1392 2991 1464 superbiam,
3009 1407 3116 1448 non
3139 1389 3442 1445 instruebat

1842 1485 1911 1542 ad
1930 1485 2131 1554 vitam;
2164 1494 2220 1543 et
2238 1490 2620 1558 corrumpebat
2656 1483 2725 1540 ad
2760 1483 3042 1550 malitiam,
3079 1499 3190 1538 non
3216 1481 3282 1537 ad
3311 1496 3441 1553 pru-

1842 1575 2081 1634 dentiam
2108 1577 2483 1650 promovebat.
2508 1576 2641 1633 Erat
2663 1576 2717 1631 in
2738 1590 2929 1632 eorum
2949 1574 3089 1632 facie
3115 1573 3438 1647 hypocrisis,

1842 1672 2033 1728 eratin
2054 1687 2243 1729 eorum
2270 1679 2454 1728 mente
2483 1670 2699 1726 invidiae
2726 1669 2982 1743 hydrops,
3013 1668 3199 1724 eratin
3218 1674 3442 1739 pectore

1844 1763 2154 1821 siticulosus
2173 1762 2313 1831 fons,
2345 1771 2466 1820 erat
2484 1761 2681 1819 ardens
2701 1761 2865 1829 unda,
2894 1775 3013 1832 qua:
3039 1760 3153 1820 suis
3177 1758 3351 1831 magis
3378 1771 3443 1814 ac

1770 1860 1820 1922 Β
1846 1856 2019 1927 magis
2047 1855 2484 1912 inﬂammabatur
2508 1854 2744 1919 fluentis,
2768 1862 2829 1909 ut
2853 1853 3088 1910 bibentis
3107 1868 3218 1909 non
3245 1851 3442 1908 exstin-

1843 1956 2033 2020 gueret
2076 1950 2241 2017 sitim,
2274 1952 2371 2005 sed
2398 1955 2622 2017 augeret
2649 1945 2976 2003 incendium.
3011 1944 3121 2012 Sic,
3153 1944 3231 2001 sic
3266 1944 3442 2016 hypo-

1841 2038 1969 2095 crisi
2015 2038 2376 2103 ministrante,
2408 2039 2523 2094 suis
2568 2053 2785 2109 semper
2808 2035 3009 2092 invidia
3054 2036 3324 2106 propinat.
3357 2032 3442 2091 Ab

1841 2130 1948 2186 hoc
1984 2144 2086 2185 nos
2130 2130 2323 2186 morbo
2350 2128 2620 2185 subtrahit
2664 2126 2956 2201 Apostolus
2988 2144 3003 2179 :
3038 2124 3166 2180 Cum
3194 2141 3288 2181 nos
3334 2132 3443 2180 non

1839 2224 1896 2278 in
1957 2225 2206 2296 fermento
2266 2224 2454 2290 veteri,
2505 2238 2667 2295 neque
2721 2223 2779 2276 in
2832 2223 3082 2294 fermento
3128 2218 3344 2274 malitia:
3392 2226 3443 2272 et

1840 2314 2113 2387 nequitiae,
2147 2313 2242 2368 sed
2260 2315 2316 2368 in
2340 2313 2538 2386 azymis
2575 2308 2886 2367 sinceritatis
2914 2320 2965 2366 et
2994 2310 3224 2365 veritatis
3254 2308 3298 2382 (I
3319 2307 3440 2365 Cor.

1838 2405 1918 2477 v),
1941 2412 2188 2462 sanctum
2226 2403 2438 2460 Pascha
2465 2403 2681 2459 Domini
2709 2402 2987 2459 celebrare
3013 2399 3304 2472 compellit.
3338 2399 3444 2456 Ve-

1840 2501 1975 2558 ritas
1992 2501 2168 2558 nescit
2199 2508 2489 2567 tumorem,
2521 2497 2837 2570 simplicitas
2864 2497 3192 2571 hypocrisim
3223 2510 3446 2568 prorsus

1841 2590 2074 2662 ignorat.
2118 2589 2180 2645 In
2231 2590 2435 2663 azymis
2475 2589 2802 2647 sinceritatis
2849 2597 2907 2645 et
2942 2589 3211 2646 veritatis.
3257 2587 3278 2627 τ
3316 2586 3446 2644 Haec

1839 2690 1968 2740 sunt
1994 2681 2174 2739 cordis
2201 2696 2413 2755 azyma,
2453 2681 2573 2738 hmo
2598 2680 2808 2738 cmlesti
2852 2680 3137 2738 dulcedine
3173 2680 3442 2748 confecta,

1839 2775 1955 2832 haec
1990 2775 2180 2845 gratiae
2206 2781 2462 2847 saporata
2500 2773 2845 2846 pinguedine,
2876 2773 2994 2830 haec
3012 2774 3185 2835 sancti
3211 2772 3444 2846 Spiritus

1839 2868 1965 2938 igne
1990 2869 2250 2937 decocta;
2290 2868 2408 2944 hac
2439 2882 2540 2924 nos
2566 2868 2955 2925 manducantes
2980 2866 3193 2939 Agnum
3230 2866 3348 2935 Dei,
3372 2866 3446 2923 A-

1839 2975 2003 3032 gnum
2023 2962 2119 3035 qui
2144 2961 2291 3020 tollit
2317 2968 2601 3033 peccatum
2628 2960 2834 3028 mundi,
2865 2960 2935 3017 ad
2962 2969 3207 3017 nostrum:
3235 2958 3445 3017 Pascha

1839 3054 2157 3112 solemniter
2193 3053 2556 3119 immolamus,
2599 3052 2799 3123 quibus
2821 3049 3070 3113 Christus
3107 3051 3175 3108 ad
3203 3052 3444 3109 lmtitiam

1839 3154 2033 3214 totam,
2064 3153 2237 3203 totam
2265 3154 2351 3202 est
2363 3152 2522 3201 natus
2541 3152 2600 3201 et
2617 3144 2932 3201 immutatus
2953 3145 3022 3201 ad
3047 3144 3294 3215 gloriam.

2320 3336 2324 3340 _
2369 3258 2604 3317 SERMO
2638 3259 2917 3317 CLXXIH.

2135 3352 2217 3408 De
2238 3351 2308 3407 D.
2338 3351 2547 3408 Joanne
2576 3351 2815 3424 Baptista
2837 3360 2889 3407 et
2916 3350 3145 3408 Herode.

1908 3443 2104 3501 Pastor
2128 3443 2307 3499 bonus
2345 3442 2635 3512 pervigiles
2669 3448 2888 3508 noctes,
2911 3440 3029 3498 dies
3060 3441 3251 3499 anxios
3269 3441 3438 3513 ducit,

1836 3553 1907 3596 ne
1932 3538 2061 3609 quid
2085 3537 2313 3594 callidus
2338 3536 2501 3603 latro,
2528 3551 2596 3592 ne
2622 3535 2751 3605 quid
2772 3535 3023 3607 luporum
3049 3534 3236 3592 feritas
3260 3544 3441 3593 astuta

1835 3630 2204 3702 perniciosum
2231 3628 2399 3685 charo
2436 3627 2607 3697 gregi,
2638 3641 2709 3683 ne
2734 3625 2864 3696 quid
2910 3626 3133 3684 noxium
3160 3628 3435 3685 moliatur.

1837 3722 2030 3780 Pastor
2055 3723 2264 3788 bonus,
2313 3721 2454 3777 sicut
2505 3720 2764 3776 Dominus
2790 3720 2928 3775 dixit
2963 3737 2978 3775 :
3007 3721 3253 3776 Animam
3288 3738 3439 3778 mam

1835 3817 1985 3890 ponit
2002 3831 2099 3887 pro
2120 3812 2295 3870 ovibus
2322 3814 2431 3868 suis
2461 3811 2642 3883 (Joan.
2675 3829 2711 3868 ι
2726 3814 2768 3883 ).
2791 3811 2897 3869 Sed
2927 3818 2984 3868 et
3001 3828 3133 3870 oves
3158 3814 3315 3871 bona:
3340 3830 3413 3886 pa

1830 3908 1995 3966 storis
2019 3907 2104 3965 sui
2127 3905 2354 3962 audiunt
2373 3905 2595 3961 attentis
2622 3905 2845 3962 auribus
2868 3919 3081 3971 vocem,
3100 3908 3335 3977 pastoris
3354 3908 3438 3965 sui

1832 4015 2049 4073 semper
2067 4003 2370 4069 sequuntur
2378 3996 2681 4061 arbitrium,
2700 3997 2934 4069 pastoris
2948 3997 3032 4054 sui
3046 4004 3216 4053 totam
3234 3998 3439 4054 faciunt

1830 4096 2184 4152 voluntatem.
2209 4089 2525 4146 Ascendunt
2550 4089 2739 4154 colles,
2765 4096 2959 4160 petunt
2997 4089 3184 4157 ardua,
3221 4098 3436 4145 mutant

1833 4248 2120 4306 tradebant
2149 4264 2162 4300 :
2187 4245 2415 4300 alteram
2441 4250 2699 4300 aeternam
2731 4250 2789 4299 et
2812 4243 3122 4316 hominibus
3158 4244 3430 4316 ignotam;

1831 4319 2220 4391 temporariam
2249 4315 2498 4391 alteram.
2521 4323 2783 4391 certoque
2816 4316 3070 4391 tempori,
3089 4315 3245 4391 loco,
3276 4316 3432 4391 fami—
3456 4365 3481 4373 -

1833 4383 1988 4447 litev'e
2026 4388 2319 4444 addictam.
2358 4383 2511 4441 Unde
2540 4385 2711 4455 turba:
2754 4387 2808 4440 in
2840 4383 2987 4455 vulgi
3014 4386 3209 4442 animis
3227 4388 3434 4445 excita-

1828 4462 2046 4518 bantur.
2074 4457 2135 4514 In
2164 4457 2339 4513 allatis
2358 4464 2537 4512 autem
2557 4453 2755 4511 Christi
2768 4453 2957 4513 verbis
2971 4457 3119 4513 innui
3141 4458 3431 4517 humanam

1833 4529 2242 4602 generationem
2279 4528 2521 4602 sentiunt
2548 4527 2751 4602 multi,
2780 4528 2974 4602 quibus
3013 4535 3140 4602 apte
3185 4527 3431 4587 Christus

1832 4596 2115 4675 respondit
2145 4618 2159 4654 :
2196 4598 2346 4675 (inde
2365 4600 2464 4653 sim
2484 4599 2652 4675 scitis.
2674 4605 2730 4652 et
2757 4596 2822 4652 es
2854 4596 3013 4675 Patre
3032 4596 3315 4675 dumtaxat
3342 4617 3430 4658 me

214 4666 238 4705 δ
270 4666 470 4745 Ibidem
503 4685 517 4721 :
543 4665 754 4726 'Vitﬂis
780 4668 963 4740 ﬂuenti
991 4669 1263 4742 originem,
1294 4686 1387 4743 per
1406 4688 1555 4728 suam
1594 4675 1728 4730 inui-
1751 4670 1808 4734 D
1831 4665 2152 4745 agnoscitis;
2194 4669 2299 4745 alia
2329 4684 2472 4745 vero
2496 4668 2628 4724 mihi
2657 4674 2741 4723 est
2786 4671 2962 4745 origo_.
3001 4684 3122 4741 qua:
3148 4685 3247 4745 vos
3274 4670 3425 4745 latet.

158 4736 277 4793 diam
294 4737 555 4795 obturare.

216 4820 236 4849 ε
272 4808 571 4881 Novus,_id
598 4815 684 4881 est
727 4822 921 4881 recens
956 4824 1055 4881 per
1092 4810 1340 4868 homines
1367 4812 1421 4867 in
1468 4814 1727 4871 mundum

157 4878 420 4938 immissus.
451 4879 551 4936 Ms.
592 4878 805 4936 Cmsen.
829 4922 844 4945 ,
885 4878 1114 4937 fortasse
1156 4882 1383 4949 melius,
1436 4885 1728 4941 innocentis

156 4965 313 5025 fruare
330 4949 936 5025 perfudithliissimilia
954 4949 1376 5025 Chrysostomus
1402 4954 1551 5009 hom.
1575 4955 1645 5011 40
1674 4956 1729 5012 in

154 5018 477 5096 Iiatthfpa'g.
505 5019 614 5096 269
644 5040 657 5076 :
683 5020 815 5077 Hazc
834 5040 1024 5079 savum
1046 5018 1165 5096 {coit
1186 5023 1489 5081 dtemonem.
1523 5026 1620 5081 hac
1641 5043 1731 5081 ra-

157 5094 270 5179 tione
485 5093 653 5179 aedes
674 5104 903 5179 patrata,
934 5093 1639 5179 sigotia't‘ura'liuitlignorum,
1659 5099 1735 5179 sic

156 5163 395 5239 terra'fuit
424 5163 801 5239 contaminata.
818 5163 1065 5239 _IIomilia
1092 5163 1273 5221 Basilii
1319 5163 1491 5223 MCde
1529 5166 1731 5223 Invidia

155 5233 402 5308 disna'est
427 5236 788 5308 animata
806 5236 1045 5308 legatur-

128 5350 133 5357 .
211 5305 237 5345 ει
253 5304 543 5379 Contendit
557 5307 647 5379 hic
675 5304 1067 5379 pluribusblita
1086 5304 1301 5379 Iudaeos
1327 5306 1383 5379 in
1400 5307 1521 5379 lege
1538 5307 1729 5367 doctos

155 5381 453 5450 cognovisse
470 5376 759 5450 Christum,
776 5393 895 5434 esse
913 5376 1165 5434 Messiam
1184 5385 1250 5450 et
1275 5377 1371 5434 Dei
1398 5376 1622 5447 Filium;
1644 5387 1729 5435 at-

154 5449 315 5521 tainen
343 5449 543 5507 invidia
565 5458 622 5506 et
640 5449 845 5505 malitia
858 5456 1157 5521 excecatos
1177 5449 1351 5521 ipsum
1379 5449 1543 5521 m_orti
1571 5450 1728 5521 adju-

155 5514 381 5580 dicasse:
413 5522 599 5592 aitque
637 5519 1007 5593 hispterminis
1046 5514 1368 5576 sententiam
1408 5514 1725 5593 Chrysologi

156 5605 263 5667 esse
278 5589 679 5667 explicandam,
704 5590 839 5667 licet
875 5591 930 5667 in
969 5606 1036 5648 ea
1067 5607 1175 5648 non
1215 5605 1414 5667 pmnes
1449 5589 1639 5667 Patres
1665 5589 1723 5648 et

154 5660 446 5722 scholasiici
492 5662 837 5722 conveniant.
886 5661 1059 5732 Quam
1096 5669 1158 5718 ut
1210 5660 1415 5716 firmius
1463 5662 1719 5727 stabiliat,

156 5732 384 5809 innititur
408 5736 679 5809 prgecipu_e
703 5733 915 5809 Christi
948 5732 1279 5809 testimonio,
1311 5733 1365 5809 in
1404 5732 1509 5809 illis
1528 5733 1726 5809 verbis

150 5801 300 5863 han.
326 5801 431 5876 vn:
462 5804 534 5862 28
567 5801 593 5862 ἶ
613 5803 685 5861 Et
721 5823 803 5863 me
841 5806 1007 5875 scitis,
1030 5803 1274 5876 εει-μηνάεῄ
1300 5804 1399 5859 sim
1426 5805 1587 5876 scitis.
1617 5803 1727 5862 He—

161 5874 414 5937 braeorum
433 5877 728 5951 Scriptum
765 5876 1031 5949 duplicem
1078 5874 1277 5933 Christi
1324 5875 1726 5944 generationem

421 5976 700 6040 Panos.
736 5970 868 6034 LII.

1832 4739 2035 4802 Locum
2062 4740 2426 4798 diversimode
2458 4739 2888 4810 interpretantur
2925 4739 3115 4797 Patres
3152 4739 3346 4805 Grazci.
3372 4753 3430 4800 et

1829 4831 1901 4872 ex
1936 4821 2120 4871 mente
2157 4810 2477 4883 Chrysologi
2500 4808 2655 4878 juxta
2696 4808 2879 4864 Mitam
2913 4829 2927 4864 :
2957 4811 3140 4868 Nostis
3177 4812 3306 4882 quid
3326 4826 3429 4883 ego

1830 4903 1974 4952 sum,
1998 4884 2195 4940 nedum
2214 4882 2283 4937 ex
2299 4882 2595 4952 hominum_
2600 4887 2813 4952 natura,
2835 4896 3020 4937 verum
3042 4883 3205 4938 etiam
3224 4896 3312 4937 me
3331 4882 3430 4939 soi-

1833 4957 1905 5013 tis
1933 4950 2053 5013 esse
2073 4952 2322 5025 Messian]
2343 4960 2400 5025 et
2436 4950 2533 5025 Dei
2557 4950 2774 5025 ilium,
2809 4962 3137 5025 quamquam
3164 4969 3264 5025 per
3282 4968 3429 5008 sum-

1834 5043 1980 5084 mam
2021 5023 2285 5093 malitiam
2328 5021 2696 5093 dissilnuletis.
2732 5021 2938 5093 Arrisit
2983 5021 3273 5093 explicatio
3314 5024 3431 5081 haec

1837 5097 2168 5154 Maldonato.
2200 5091 2468 5149 Caeterum
2487 5090 2705 5164 ειειᾴωὲ
2717 5090 2989 5148 Christum
3003 5090 3325 5164 cognovisse
3348 5105 3429 5152 te-

1837 5177 1969 5226 nent
1997 5164 2445 5236 Origenes‘tract.
2472 5160 2547 5236 19
2574 5163 2627 5216 in
2656 5161 2889 5236 Matth.;
2916 5160 3108 5220 auctor
3133 5161 3297 5236 Oper.
3328 5164 3431 5221 Im-

1872 5238 2058 5296 erfecti
2074 5231 2303 5307 ,'homil.
2339 5233 2409 5307 ἑο
2426 5231 2837 5307 ;_l_Iieronymus_
2875 5233 2931 5290 in
2976 5231 3210 5303 commf;
3257 5234 3424 5299 Beda,

1872 5254 2090 5307 81100",
2115 5254 2303 5292 nomn.
2339 5254 2441 5303 4'0;
2475 5254 2830 5306 Hieronymus
2875 5254 2931 5290 111
2976 5254 3210 5303 conum;
3257 5254 3424 5299 neua,

1829 5254 1926 5367 Iib.
1949 5308 2083 5367 min
2115 5305 2416 5377 Matth.;D.
2443 5303 2677 5377 Thomas
2704 5304 2945 5377 Aquinas
2963 5321 3020 5361 ιιι
3045 5320 3103 5377 p.
3133 5314 3326 5377 quaest.
3357 5307 3428 5363 47

1829 5389 1934 5436 art.
1968 5379 2003 5434 5
2021 5380 2076 5434 in
2096 5393 2274 5449 corp.;
2305 5376 2504 5449 aliique
2529 5389 2563 5430 a
2582 5373 2710 5449 “ita
2738 5373 2959 5449 laudati.

1907 5461 1933 5490 ε
1970 5449 2088 5506 Hoc
2112 5444 2215 5516 est,
2238 5444 2549 5518 quiagh'omo
2574 5459 2639 5502 ex
2664 5444 2865 5502 invidia
2891 5445 3103 5518 diaboli
3118 5449 3428 5518 necessario

1828 5520 2017 5579 incidit
2036 5521 2090 5575 in
2117 5515 2676 5589 temporaliadamna,
2706 5523 2994 5589 propterea
3014 5531 3046 5572 a
3065 5515 3284 5589 Christo
3313 5518 3427 5574 Do-

1826 5593 1977 5649 mino
2004 5591 2204 5648 ditatus
2229 5586 2313 5646 est
2330 5587 2488 5645 bonis
2506 5586 2891 5659 spiritualibus,
2920 5602 3041 5659 qua:
3067 5588 3276 5645 altioris
3302 5596 3430 5645 sunt

1826 5663 2045 5734 gradus.
2060 5660 2223 5718 Ml’l‘A.

1859 5804 1890 5815 η
1907 5731 1929 5773 ί
1969 5733 2069 5789 Ms.
2085 5731 2259 5815 ,ϐψω
2518 5739 2596 5786 est
2622 5730 2793 5815 cordis
2813 5747 3017 5815 azyma,
3039 5730 3231 5815 δωρειαὶ
3251 5730 3427 5791 dulce-

1834 5804 1957 5862 dine
1976 5804 2231 5876 confecta,
2245 5803 2431 5875 gratia:
2447 5811 2699 5875 προναία
2716 5802 3046 5877 pinguedine,
3076 5809 3183 5859 etc.

2902 5969 2978 6032 21
