3878 6368
542 382 645 436 nos

1046 484 1276 541 SERMO
1311 480 1584 539 CLXXVI.

1174 575 1257 632 De
1291 591 1446 633 uaco.
1464 576 1472 598 '

480 718 489 745 ε
610 681 748 738 Deus
756 674 968 748 quoties
976 669 1650 744 desperatashumanorum
1663 673 1817 721 curat
1827 676 2116 736 corporum

537 770 834 847 passiones,
867 764 1085 823 deitatis
1118 776 1228 819 suae
1259 761 1421 816 toties
1448 756 1745 829 potentiam
1765 753 1988 826 pandit:
2019 751 2117 810 sed

535 845 593 922 in
632 877 739 919 una
782 858 1077 928 eademque
1117 850 1447 918 inﬁrmitate,
1494 847 1711 920 quando
1743 845 1986 902 ordinem
2005 857 2117 900 sua:

534 954 828 1015 curationis
853 953 1117 1015 immutat,
1152 960 1346 1003 causas
1376 951 1600 1016 propter
1626 956 1762 1013 quas
1792 940 1900 995 hoc
1929 937 2112 1006 faciat,

534 1048 662 1104 facit
681 1060 781 1101 nos
800 1043 960 1099 altius
986 1037 1333 1112 perscrutari.
1374 1034 1507 1091 Nam
1538 1032 1693 1103 juxta
1719 1032 1861 1088 viam
1904 1028 2116 1087 sedenti

535 1154 680 1199 ciem
724 1138 897 1194 visum
924 1134 1039 1192 sola
1076 1130 1310 1189 restituit
1342 1127 1616 1200 jussione;
1646 1125 1738 1181 alii
1776 1140 1807 1180 a
1836 1122 2117 1180 nativitate

533 1249 680 1291 amco
718 1238 867 1295 nato,
909 1243 1018 1285 non
1058 1224 1264 1291 lumini,
1293 1221 1391 1279 sed
1419 1219 1675 1285 tenebris,
1707 1225 1763 1273 et
1794 1217 1883 1275 cui
1921 1224 2115 1273 natura

533 1326 708 1383 visum
726 1322 1010 1387 inviderat,
1032 1328 1195 1389 atque
1208 1317 1343 1389 ipsa,
1357 1328 1477 1384 quas
1487 1319 1643 1384 parat
1653 1318 1708 1366 et
1721 1310 1897 1382 aperit
1906 1309 2111 1378 oculos,

534 1419 721 1476 oculos
739 1417 1008 1475 clauserat
1025 1419 1081 1468 et
1094 1414 1332 1479 negarat,
1349 1405 1594 1462 Christus
1612 1404 1839 1475 imponit
1856 1402 2046 1470 lutum,
2060 1404 2118 1457 et

535 1509 760 1582 collyrio
788 1504 1054 1563 materiali
1082 1500 1249 1571 ﬁngit,
1272 1498 1417 1564 facit,
1449 1502 1703 1570 procurat
1730 1494 1935 1561 oculos,
1960 1502 1986 1531 ι
2006 1508 2115 1549 non

535 1609 751 1659 recurat
790 1598 970 1672 (Joan.
992 1594 1091 1665 ix),
1133 1601 1192 1648 ut
1222 1599 1460 1655 creante,
1493 1604 1602 1643 non
1635 1586 1936 1643 medicante
1953 1600 2117 1641 manu

535 1693 660 1748 inde
685 1688 892 1746 homini
910 1685 1182 1758 suppleret
1199 1681 1418 1747 lumina,
1449 1678 1592 1734 unde
1618 1677 1891 1734 hominem
1914 1674 2118 1732 fecerat

534 1794 728 1842 totum.
748 1781 856 1837 Iste
882 1794 1009 1835 vero
1031 1791 1224 1842 czecus,
1247 1772 1400 1844 cujus
1429 1771 1582 1827 nobis
1607 1769 1937 1838 evangelista
1973 1766 2117 1823 Mar-

533 1894 630 1934 cus
658 1874 841 1932 retulit
866 1885 1070 1936 curam,
1110 1867 1189 1925 sic
1215 1879 1356 1921 novo
1387 1871 1610 1920 sanatur
1640 1861 1822 1929 modo,
1845 1868 1906 1916 ut
1923 1874 2114 1917 omnes

531 1968 821 2040 compellat
864 1963 1146 2034 exquirere
1182 1975 1280 2016 cur
1324 1965 1615 2014 contumax
1651 1955 1864 2011 caecitas
1906 1967 2116 2009 moram

531 2061 711 2118 facere
746 2058 825 2115 sic
860 2054 1134 2128 praesumit
1170 2050 1400 2117 auctori,
1434 2047 1586 2118 cujus
1618 2055 1770 2113 nutu,
1804 2046 1943 2114 visu,
1960 2044 2118 2116 jussu

534 2149 870 2207 inﬁrmitates
894 2152 1143 2218 pereunt,
1183 2141 1414 2197 redeunt
1448 2139 1727 2204 sanitates,
1770 2137 1881 2193 vita
1920 2136 2112 2204 oritur,

534 2258 680 2299 mors
716 2238 915 2305 linitur,
959 2243 1107 2292 stant
1131 2232 1330 2299 omnia,
1358 2238 1553 2287 cuncta
1579 2229 1908 2284 dilabuntur.
1939 2226 2113 2295 Venit,

534 2338 724 2409 inquit,
753 2334 906 2390 Iesus
929 2330 1228 2395 Bethsaida,
1259 2336 1308 2382 et
1335 2325 1597 2380 adducunt
1627 2324 1673 2378 ei
1702 2337 1912 2388 ciccum,
1954 2328 2004 2375 et
2030 2336 2119 2373 ro-

533 2428 728 2503 gabant
757 2441 873 2482 eum
891 2433 947 2478 ut
965 2439 1082 2478 eum
1103 2427 1362 2491 tangeret;
1383 2425 1433 2471 et
1452 2413 1774 2487 apprehensa
1792 2427 1950 2466 manu
1969 2411 2113 2476 caeci,

532 2523 713 2579 eduxit
729 2535 847 2576 eum
873 2520 1017 2590 foras
1044 2523 1193 2569 extra
1224 2513 1389 2566 vicum
1410 2506 1604 2581 (Marc.
1632 2504 1768 2576 vni).
1798 2503 1965 2572 Quasi
1994 2518 2119 2558 eum

533 2627 726 2671 curare
758 2625 868 2665 non
908 2606 1144 2679 potuerit
1179 2604 1235 2659 in
1272 2603 1414 2670 loco,
1448 2607 1543 2655 aut
1570 2594 1836 2655 beneﬁcio
1856 2595 1964 2653 loci
1982 2595 2121 2651 indi-

532 2704 728 2776 guerit,
767 2698 1030 2758 universis
1055 2696 1149 2767 qui
1193 2693 1423 2752 contulit
1444 2691 1636 2748 visum.
1677 2688 1804 2745 Haec
1833 2696 1919 2745 est
1949 2687 2118 2744 Beth-

531 2795 684 2853 saida
732 2792 886 2865 cujus
929 2787 1209 2863 perﬁdiam
1253 2786 1514 2842 Dominus
1545 2781 1856 2854 exprobrat,
1891 2779 2116 2838 dicens:

548 2886 642 2943 νω
662 2883 771 2949 tibi,
793 2881 1120 2947 Chorozaim,
1142 2894 1219 2934 me
1239 2878 1351 2943 tibi,
1375 2872 1686 2930 Bethsaida:
1707 2874 1828 2945 quia
1846 2872 1892 2928 si
1910 2872 1967 2926 in
1982 2870 2120 2943 Tyra

534 2985 585 3032 et
622 2974 819 3033 Sidone
855 2975 1062 3029 uirtutes
1093 2972 1247 3043 [astte
1266 2969 1483 3042 fuissent
1509 2982 1624 3040 quia
1653 2966 1709 3021 in
1730 2974 1778 3020 te
1804 2966 1959 3037 facta
1976 2972 2117 3031 sunt,

534 3067 661 3123 olim
686 3067 742 3123 in
770 3064 936 3120 cilicio
967 3070 1019 3117 et
1049 3061 1222 3116 cinere
1247 3059 1602 3132 panitentians
1628 3056 1849 3129 egissent
1889 3053 2116 3128 (Matth.

535 3174 592 3215 ιι
605 3157 645 3230 ).
677 3155 819 3226 Ergo
847 3152 1184 3227 apprehensa
1208 3165 1373 3206 manu
1391 3147 1506 3219 ejus
1523 3147 1592 3205 de
1610 3147 1772 3204 domo
1792 3145 2122 3203 inﬁdelitatis

535 3248 735 3316 educit,
756 3247 902 3304 levat
928 3258 1054 3303 eum
1072 3243 1140 3300 de
1157 3241 1397 3315 perﬁdia:
1423 3240 1683 3308 sessione,
1706 3246 1768 3295 ut
1797 3249 1924 3295 ante
1961 3236 2121 3294 ﬁdem

535 3355 701 3412 quam
719 3338 908 3396 oculos
924 3335 1097 3402 daret,
1126 3341 1252 3391 ante
1268 3332 1438 3390 menti
1455 3347 1617 3403 quam
1636 3331 1854 3402 corpori
1871 3328 2123 3386 redderet

536 3430 843 3495 sanitatem,
860 3434 986 3483 ante
1002 3424 1266 3498 praeberet
1283 3422 1311 3463 ιι
1331 3423 1552 3479 humani
1564 3421 1790 3478 ducatus
1804 3421 2121 3490 obsequium

537 3537 704 3594 quam
727 3520 921 3577 divina:
939 3518 1149 3575 virtutis
1167 3522 1485 3590 Operaretur
1509 3515 1737 3585 insigne.
1759 3513 1841 3569 llli
1860 3514 2124 3583 rogabant

539 3620 603 3669 ut
626 3612 714 3669 vel
748 3618 995 3682 tangeret
1020 3625 1179 3668 eum:
1211 3608 1308 3666 sed
1334 3605 1600 3675 Christus,
1627 3606 1722 3677 qui
1759 3607 1982 3662 horrere
2023 3621 2120 3662 ne-

539 3816 877 3882 mussitabat,
912 3813 1087 3869 adhuc
1123 3809 1410 3882 resistebat
1448 3808 1863 3882 Mediolanensis
1901 3807 2123 3882 decreto

540 3886 817 3963 pontiﬁcio
846 3878 1190 3963 et_Caasareo.
1222 3880 1679 3963 Propterea,_non
1704 3878 1821 3963 sine
1848 3894 2010 3963 causa
2050 3880 2121 3934 ti-

508 3958 515 3967 '
540 3950 748 4016 inorem
765 3955 873 4012 divi
901 3952 1120 4024 Iosephi
1147 3950 1412 4022 ampliﬁce
1447 3956 1762 4032 pertractat,
1793 3950 2124 4073 exponitque

540 4032 653 4073 tam
679 4026 895 4073 modum
932 4039 1039 4073 nuo
1071 4023 1319 4073 reuulsus
1352 4021 1563 4073 coalitus
1600 4035 1698 4073 uer
1735 4034 1871 4073 amre
1894 4036 1985 4073 um
2045 4029 2124 4073 uit

540 4032 654 4087 late
679 4026 896 4083 modum
932 4020 1047 4094 quo
1065 4020 1330 4094 repulsus
1344 4020 1563 4094 caelitus
1600 4035 1698 4090 per
1735 4020 1985 4094 angelum
2024 4020 2125 4094 fuit

538 4100 634 4156 ille
651 4098 845 4164 timor;
873 4088 1028 4166 quasi
1047 4088 1253 4166 diceret
1275 4110 1290 4146 :
1313 4090 1499 4166 Matris
1519 4088 1715 4146 nostra:
1734 4088 2123 4166 partusEccle-

541 4171 637 4227 sia:
675 4161 1002 4223 Ravennatis
1041 4163 1346 4220 constitutae
1387 4162 1441 4217 in
1486 4176 1710 4217 munere
1739 4161 2022 4230 genitricis
2068 4169 2125 4216 et

538 4236 916 4309 metropoleos
931 4234 1199 4309 legitimus
1218 4242 1300 4309 est
1323 4251 1336 4287 :
1361 4232 1605 4309 adeoque
1625 4231 1754 4309 nol_i_,
1777 4232 2020 4309 quisquis
2039 4246 2117 4299 es,

537 4300 802 4380 suspicari
828 4300 1121 4380 quidquam
1148 4304 1304 4380 mali;
1335 4302 1443 4359 noli
1464 4300 1674 4380 timere,
1703 4300 1942 4358 Ecclesia
1970 4316 2120 4372 qum-

539 4373 771 4448 cultique
797 4373 1362 4448 sisexfsuﬁraganeis,
1386 4381 1622 4448 matrem
1655 4373 1825 4448 ipsam
1859 4388 1968 4427 non
2001 4387 2121 4448 esse

538 4442 750 4525 veram,
774 4446 889 4525 Avel
926 4446 1034 4525 vim
1074 4442 1309 4525 aliquam
1349 4442 2120 4525 intercessissejinperatorite

538 4517 857 4588 majestatis,
886 4515 975 4588 vel
990 4512 1181 4588 dolum
1209 4533 1223 4567 :
1255 4528 1511 4588 coronam
1548 4512 1871 4588 conquisivit
1909 4520 1965 4588 et
2002 4512 2121 4581 glo-

538 4583 675 4643 riam
708 4586 945 4642 Ecclesia
990 4583 1292 4649 Ravennas,
1324 4583 1451 4638 vicit
1476 4598 1694 4639 causam
1726 4584 1837 4652 jam
1865 4583 2119 4653 agitatam

536 4659 869 4714 reclamante
896 4654 1223 4719 adversario,
1254 4662 1310 4709 et
1337 4653 1564 4724 feliciter
1582 4654 1799 4724 peperit
1826 4653 1968 4709 hunc
1988 4670 2115 4724 par-

534 4736 652 4783 tum
699 4724 1111 4797 primogenitum
1154 4723 1449 4797 Marcellini
1488 4723 1835 4797 hodie’nobis
1863 4723 2000 4797 nati,
2025 4724 2119 4793 qui

530 4792 1085 4869 piscatoriamlar‘tem
1115 4795 1371 4851 exercuit.
1404 4792 1519 4869 Non
1536 4793 1672 4869 ideo
1702 4802 1879 4869 tamep
1909 4792 2119 4869 episco-

528 4863 746 4939 palihus
767 4864 948 4922 infulis
974 4864 1245 4939 indignum
1266 4880 1329 4939 se
1353 4864 1576 4939 prtebuit
1600 4883 1613 4918 :
1646 4864 1814 4939 immo
1839 4863 1897 4939 B_.
1927 4863 2117 4920 Petrus

532 4933 904 5010 apostolorum
931 4935 1200 5010 princeps,
1241 4933 1576 5010 (ιιιί-ξζίοιξιςιξ⁸
1606 4934 1762 5010 sedes
1799 4933 1980 5010 habet,
2017 4949 2118 5004 per

530 5003 692 5087 {suum
718 5003 1084 5087 successorem
1108 5003 1422 5087 Sixtu'urlll,
1436 5004 1650 5087 admisit
1668 5003 1737 5087 ad
1747 5003 2114 5087 episcopatum

539 5080 683 5154 hunc
709 5079 1066 5154 piscatorem;
1098 5091 1198 5132 nec
1225 5075 1540 5154 dedignatus
1565 5081 1668 5154 est,
1710 5073 1823 5154 qui_
1842 5088 1911 5128 ex
1937 5073 2113 5154 pisca-

530 5149 683 5204 tione
707 5143 934 5219 piscium
970 5154 1193 5219 voeatus
1218 5153 1301 5219 est
1320 5143 1387 5200 ad
1414 5145 1766 5219 piscationem
1808 5143 2103 5219 hominum,

530 5211 737 5275 habere
762 5217 1021 5286 collegam
1042 5211 1767 5286 Marcellinum'piscaturem,
1798 5220 1859 5286 ut
1885 5228 2009 5286 eum
2029 5211 2108 5268 fa-

531 5297 683 5368 eeret
727 5282 997 5368 similiter
1020 5286 1293 5368 hominum
1324 5282 1675 5368 piscatorem.
1717 5282 1855 5368 Quid
1868 5284 1969 5368 ‘aio
1998 5299 2107 5368 pou

530 5358 850 5428 dedignatus
875 5357 998 5428 est}
1023 5356 1190 5428 [mino
1223 5353 1455 5428 gestivit,
1484 5356 1797 5428 lautusque
1820 5353 2109 5428 admodum

530 5436 634 5495 est,
661 5424 805 5483 'cum
845 5424 1244 5482 similitudinem
1271 5426 1570 5482 vocationis
1597 5426 1650 5480 in
1680 5424 1798 5495 ipso
1823 5425 2105 5495 repererit,

512 5493 654 5607 iquie
673 5498 813 5554 solet
829 5496 1081 5578 gaudium
1098 5497 1334 5569 gignere.
1368 5494 1503 5579 Hinc
1528 5493 1741 5578 videtur
1765 5493 1943 5564 colligi
1970 5494 2111 5577 hanc

531 5582 759 5607 nmmum
774 5574 1232 5607 rnnmmtlnnpm
1253 5575 1375 5607 nnet
1394 5575 1672 5607 motnnanl
1694 5580 1747 5607 In
1763 5570 2111 5607 nnntnnllnna

531 5564 761 5639 primum
774 5564 1233 5639 consecrationem
1253 5575 1376 5638 post
1394 5567 1673 5622 victoriam
1694 5565 1748 5619 in
1763 5564 2112 5622 contentione

531 5634 655 5694 cum
696 5636 1097 5720 biediolenensi‘
1120 5634 1282 5719 fuisse
1329 5644 1626 5720 peractam,
1673 5648 1796 5691 cum
1843 5648 2111 5720 congensu

531 5707 726 5779 summi
743 5706 1032 5779 pontiﬁcis,
1049 5714 1105 5761 et
1121 5707 1199 5763 sic
1216 5702 1384 5779 magis
1397 5715 1566 5779 tutam
1575 5718 1924 5779 securamque
1946 5702 2112 5779 fuisse

531 5775 818 5847 redditam,
834 5790 906 5833 ne
923 5777 1204 5847 quisquam
1214 5775 1437 5847 auderet
1449 5777 1589 5833 male
1608 5775 1807 5847 aliquid
1824 5775 2105 5847 suspicari.

535 5843 721 5901 Potest
738 5846 900 5904 etiam
926 5843 1145 5918 exponi,
1166 5847 1311 5915 quod
1335 5843 1831 5919 Chrysologus—ipse
1854 5843 1934 5903 de'
1948 5861 2008 5904 se
2027 5847 2110 5903 lo-

1442 371 1501 430 S.
1541 370 1742 428 PETRI
1781 370 2231 427 CllltYSOLOC-l.
2266 400 2334 410 —-
2360 369 2586 426 Sillth
2621 366 2902 426 CLXXVI.

2137 379 2231 427 ναι.
2266 400 2334 410 —-
2360 379 2586 426 suum
2621 379 2902 426 CLXXVI.
3631 379 3706 436 ea

2137 487 2192 547 Α
2214 479 2314 537 scit
2332 493 2644 551 pauperem,
2667 490 2958 550 pauperem
2977 473 3077 530 scit
3097 488 3294 544 amare,
3311 482 3468 533 totam
3482 477 3712 556 deditpan.

2213 573 2331 646 peri
2349 586 2587 640 manum,
2617 578 2674 627 et
2697 567 2962 626 debilitati
2981 566 3123 624 Deus
3140 566 3402 639 publicam
3419 569 3613 640 prnbuit
3626 589 3713 633 ser-

2212 665 2457 731 vitutem,
2498 670 2558 719 ut
2584 662 2747 719 homo
2775 676 2885 717 non
2929 659 3150 716 horreat
3171 658 3452 728 hominem,
3484 667 3535 717 et
3571 664 3713 727 viden;
3804 658 3807 719 Ξ

2213 773 2323 814 non
2341 756 2614 813 videntem
2634 754 2833 821 videat,
2855 759 2912 809 et
2929 751 3066 808 duce
3082 766 3246 807 manu
3263 765 3451 808 cuum
3464 753 3580 813 lucis
3592 755 3714 818 faciat

2214 848 2424 906 nescire
2444 847 2759 905 orbitatem:
2791 860 2860 902 ne
2880 845 3024 901 dicat
3050 844 3215 901 homo
3239 861 3253 897 :
3276 842 3387 899 Non
3405 844 3553 902 habet
3572 864 3714 911 manus

2213 955 2335 996 mea
2353 938 2499 1010 quod
2516 938 2609 995 det
2635 937 2877 1009 pauperi,
2900 936 2994 992 det
3020 935 3192 1007 ipsam
3217 949 3426 991 manum
3453 941 3653 1009 pauperi,
3675 950 3715 999 α

2212 1030 2333 1103 plus
2356 1030 2460 1086 erit
2482 1044 2699 1085 manum
2718 1026 2944 1101 pauperi
2964 1026 3179 1083 dedisse
3196 1040 3356 1097 quam
3374 1042 3628 1098 nummum,
3645 1032 3717 1091 iter
3808 1026 3809 1079 ἲ

2214 1125 2505 1198 praebuisse
2532 1123 2757 1196 pauperi
2783 1136 2944 1193 quam
2972 1120 3195 1193 pauperi
3224 1120 3377 1191 panis
3401 1119 3587 1178 dedisse
3608 1124 3715 1196 frag-

2214 1225 2473 1275 mentum.
2499 1216 2570 1272 Et
2594 1216 2775 1273 eduxit
2814 1231 2931 1271 eum
2966 1216 3110 1287 [oras
3136 1222 3286 1269 extra
3308 1215 3480 1282 vicum,
3507 1224 3551 1270 et
3568 1229 3719 1290 exspuit

2212 1312 2269 1367 in
2296 1311 2473 1369 acidas
2511 1311 2643 1383 ejus.
2685 1311 2966 1368 Dominico
3001 1316 3160 1381 sputo
3179 1322 3375 1365 vacuas
3398 1309 3637 1366 oculorum
3656 1329 3720 1369 re-

2213 1402 2325 1475 plet
2368 1402 2607 1470 lacunas,
2647 1402 2829 1459 divino
2867 1416 2964 1459 ore
3001 1399 3279 1458 luciferam
3323 1399 3412 1455 dat
3445 1400 3646 1469 salivam,
3679 1413 3722 1461 ut
3810 1388 3811 1417 ἶ

2214 1494 2389 1550 sancti
2426 1494 2567 1550 roris
2611 1501 2763 1563 gutta
2799 1492 3101 1564 baptizaret
3146 1491 3334 1548 oculos
3377 1495 3651 1563 peccatoris,
3680 1502 3723 1551 ut

2216 1586 2453 1657 aperiret
2488 1586 2665 1653 venia,
2712 1600 2850 1656 quos
2868 1586 3139 1642 clauserat
3157 1584 3333 1655 culpa.
3357 1583 3513 1640 Nemo
3536 1586 3723 1654 ergodu-

2214 1678 2351 1733 bitet
2394 1676 2578 1732 divino
2621 1677 2795 1733 imbre
2841 1685 2954 1732 tota
2996 1674 3236 1731 arefacta
3273 1674 3509 1731 mortalia
3544 1677 3723 1734 membra
3812 1674 3813 1737 ἓ

2215 1783 2377 1840 posse
2416 1768 2756 1835 reviviscere,
2787 1783 2908 1824 cum
2945 1766 3128 1823 videat
3163 1782 3330 1837 parva
3367 1764 3600 1821 Dominici
3622 1769 3723 1838 spati

2146 1865 2189 1923 Β
2217 1868 2364 1929 gutta
2391 1868 2608 1917 arentes
2635 1861 2877 1917 cmcitate
2902 1860 3091 1916 oculos
3118 1859 3297 1915 subito
3333 1857 3409 1915 sic
3432 1859 3671 1915 suscitatus
3687 1862 3724 1917 in

2219 1953 2431 2010 lucem:
2462 1951 2775 2027 Emrgent,
2799 1954 2972 2025 inquit
2995 1953 3181 2020 Isaias,
3205 1953 3409 2019 mortui,
3442 1960 3488 2007 et
3524 1964 3724 2026 resurgant

2217 2045 2304 2117 qui
2322 2045 2377 2100 in
2404 2046 2744 2100 monumentis
2763 2054 2901 2110 sunt,
2924 2054 2973 2100 et
2992 2041 3306 2100 laetabuntur
3323 2043 3405 2115 qui
3423 2044 3591 2097 suntin
3609 2052 3721 2098 terra.

2219 2136 2542 2205 Quomodo?
2568 2137 2679 2193 Ros
2697 2137 2842 2194 enim
2861 2137 2958 2207 qui
2978 2136 3075 2192 abs
3114 2143 3170 2192 te
3199 2142 3284 2193 est
3318 2134 3511 2189 sanitas
3533 2141 3603 2188 est
3631 2133 3727 2200 illis;

2218 2230 2364 2301 quod
2385 2237 2469 2287 est
2488 2230 2668 2302 pluvia
2702 2228 2914 2295 semini,
2954 2228 3059 2284 hoc
3088 2224 3470 2283 resurrecturis
3493 2224 3729 2280 Dominicis

2220 2321 2411 2378 imber.
2455 2321 2523 2376 Et
2560 2322 2804 2394 imposuit
2840 2320 2919 2375 illi
2952 2335 3153 2375 manus.
3190 2315 3520 2383 Infaciendo,
3548 2316 3595 2371 in
3614 2330 3729 2385 repa-

2218 2413 2411 2481 rando,
2441 2413 2495 2469 in
2546 2411 2922 2484 componendo
2960 2412 3240 2467 hominem
3276 2408 3548 2465 Dominico:
3584 2421 3725 2463 manus

2218 2507 2511 2563 curatrices
2531 2506 2840 2562 hominibus
2857 2519 3074 2576 semper
3088 2504 3307 2559 adsunt.
3338 2499 3516 2556 Nonus
3548 2508 3644 2566 tua,
3667 2500 3726 2554 iu-

2218 2600 2354 2669 quit,
2378 2601 2609 2673 fecerunt
2646 2616 2728 2654 nte
2754 2607 2805 2652 et
2824 2597 3213 2670 plasmauerunt
3247 2610 3347 2649 me.
3378 2590 3444 2647 Et
3465 2592 3729 2664 interrogavit

2218 2707 2334 2746 eum
2368 2691 2414 2744 si
2459 2690 2656 2763 aliquid
2684 2689 2893 2745 uideret.
2924 2687 3231 2757 Interrogat
3264 2694 3324 2741 ut
3341 2685 3513 2752 homo,
3533 2692 3727 2755 operatur

2219 2789 2279 2839 ut
2304 2782 2464 2838 Deus.
2488 2780 2590 2850 Qui
2608 2781 2753 2837 videt
2771 2780 2954 2836 abdita
2976 2786 3270 2845 terrarum,
3294 2776 3387 2849 qui
3416 2775 3577 2834 cordis
3606 2776 3734 2830 intue-

2216 2883 2310 2934 tur
2334 2875 2562 2943 occulta,
2592 2875 2679 2931 cui
2699 2875 2881 2930 omnia
2900 2880 3027 2929 sunt
3044 2871 3190 2928 nuda
3220 2884 3343 2943 qua:
3367 2875 3487 2926 sunt
3505 2873 3621 2925 tecta
3649 2881 3733 2922 om-

2220 2968 2395 3035 nibus,
2443 2966 2499 3022 in
2536 2981 2702 3039 opere
2732 2980 2864 3032 suo,
2907 2965 2961 3020 in
3004 2963 3174 3019 oculis
3215 2962 3329 3017 suis
3363 2959 3535 3016 videre
3576 2955 3733 3029 querit,

2219 3056 2433 3115 laborat
2457 3057 2616 3124 scire,
2640 3055 2746 3111 alio
2773 3054 3041 3112 referente
3066 3051 3385 3123 cognoscit?
3404 3040 3558 3106 Absit.
3576 3047 3661 3104 Sed
3681 3047 3736 3102 in-

2219 3157 2460 3219 terrogat
2500 3154 2559 3204 ut
2596 3155 2892 3220 praesentes
2930 3146 3151 3213 scirent,
3199 3145 3365 3202 futuri
3401 3145 3733 3214 cognoscerent,

2146 3276 2195 3342 C
2225 3241 2482 3297 ascitatis
2502 3240 2662 3311 hujus
2683 3255 2791 3295 non
2810 3253 2931 3295 esse
2952 3237 3276 3309 simplicem,
3312 3235 3405 3292 sed
3422 3234 3736 3342 mystimmai-

2222 3347 2359 3389 ram.
2409 3332 2651 3403 Denique
2691 3347 2800 3387 non
2840 3332 3042 3399 lumen,
3083 3329 3178 3387 sed
3221 3343 3465 3385 auroram
3495 3324 3737 3397 quamdam,

2222 3427 2506 3496 lucemque
2531 3431 2905 3496 erumpentem
2925 3423 3107 3480 datam
3134 3422 3242 3479 sibi
3260 3420 3533 3491 adhucqui
3564 3418 3738 3475 curaba-

2224 3523 2333 3586 tur,
2368 3515 2600 3574 Domino
2628 3516 3017 3585 interrogante,
3047 3513 3370 3586 respondit:
3407 3510 3570 3577 Video,
3595 3508 3736 3578 inquit,

2225 3608 2458 3665 homines
2500 3617 2559 3664 ut
2593 3607 2804 3665 arbores
2849 3603 3191 3663 ambulantes.
3231 3616 3255 3646 ο
3288 3601 3598 3677 Imperfectis
3618 3599 3739 3657 oculis

2225 3819 2445 3934 guatur,
2495 3813 2661 3897 quod,
2703 3828 2828 3896 cum
2866 3811 3325 3896 inetropolitanus
3349 3815 3486 3892 esset
3512 3815 3563 3864 et
3578 3804 3741 3861 nomine

2270 3890 2435 3934 etrus.
2459 3883 2723 3934 uestiebat
2741 3900 2796 3934 in
2825 3891 3110 3934 piscatoris
3140 3886 3552 3934 consecratione.
3588 3883 3739 3932 sortem

2270 3879 2723 3955 etrus,_géstiebat
2741 3884 2797 3938 in
2825 3879 3110 3955 piscatoris
3140 3879 3573 3955 consecratione»,
3588 3883 3739 3955 δοηθω

2226 3947 2630 4023 θροεζοίἰέιιῇιιε
2650 3947 2848 4010 nomen
2867 3953 3143 4023 deferebat
3161 3952 3216 4006 in
3234 3966 3306 4023 eo
3325 3947 3689 4023 contemplatus.

2303 4041 2332 4105 ί.
2368 4022 2448 4079 En
2469 4017 2615 4105 ιρίυε
2641 4023 2803 4105 Plane
2820 4038 3000 4105 sem?
3018 4021 3360 4105 οΨἸεοωείν
3382 4017 3545 4105 ιξαιυέ
3556 4017 3742 4105 illi?!“

2225 4096 2443 4159 omissa,
2466 4102 2536 4165 ut
2554 4109 2654 4165 per
2668 4102 2839 4150 totum
2859 4101 3172 4165 contextum
3187 4096 3449 4165 sermonis
3466 4096 3742 4165 veritaspro-

2228 4164 2403 4233 posita
2430 4156 2718 4248 eluoéscat,
2748 4165 2894 4248 quod
2922 4164 2982 4218 Β.
3009 4162 3201 4248 Petrus
3232 4156 3742 4248 Baven‘naserchiepi-

2228 4226 2424 4303 scopus
2445 4250 2551 4306 non
2567 4233 2682 4306 fuit
2697 4226 2915 4305 quidem
2940 4235 3145 4306 primus
3171 4235 3273 4306 qui
3286 4232 3388 4306 hac
3405 4230 3594 4306 fulserit
3615 4226 3743 4295 digni

2228 4299 2360 4370 tate,
2382 4304 2475 4360 sed
2496 4304 2701 4375 primus
2715 4299 2821 4375 'qui
2847 4299 2968 4361 eam
2997 4299 3302 4375 exercuerit
3330 4302 3391 4375 ine
3404 4299 3644 4372 praecipuo
3664 4310 3742 4352 me-

2227 4371 2540 4499 tropglitani
2580 4371 2824 4443 munere,
2856 4390 2965 4431 suae
2991 4374 3284 4447 provincia:
3308 4371 3576 4445 episcopos
3595 4382 3742 4425 conse-

2227 4458 2354 4499 cran
2393 4462 2430 4499 ι.

2226 4458 2317 4500 cra
2323 4458 2430 4500 ηαι.

2298 4513 2568 4598 Habemus
2600 4514 3431 4598 WW9.3“9WE“.3°"'!9"°'P
3459 4509 3742 4598 56.5.3199:

2224 4586 2525 4665 secratione
2545 4583 2783 4665 episcopi
2818 4583 3052 4656 Projecti
3079 4583 3458 4665 Cornel_ie_nsi8,
3486 4583 3567 4638 ubi
3582 4660 3593 4665 _

2143 4646 2198 4707 D
2223 4653 2297 4707 nil
2325 4654 2490 4726 habet
2514 4646 2708 4724 sinﬁle,
2729 4646 2840 4713 nec
2859 4646 3112 4726 umquam
3138 4664 3233 4710 aut
3252 4646 3489 4712 dolorem
3516 4660 3600 4707 aut
3619 4661 3743 4726 ango—

2224 4738 2347 4797 rem
2367 4725 2541 4797 innuit
2574 4727 2627 4780 in
2656 4726 2936 4797 pariendo,
2966 4724 3049 4782 vel
3079 4732 3368 4797 antequam
3392 4730 3590 4797 pareret
3610 4724 3743 4797 mater

2223 4790 2463 4851 Ecclesia
2492 4788 2796 4865 Ravennas,
2825 4788 2981 4853 sicuti
3007 4812 3107 4852 nec
3124 4788 3241 4850 tam'
3262 4788 3523 4865 ingentem
3554 4788 3743 4865 laetitiam

2223 4878 2345 4918 cum
2366 4864 2775 4948 peperit..Quod
2783 4859 3165 4936 argumentum
3189 4859 3350 4991 ἴξιιὲ
3364 4864 3569 4945 evidens
3582 4859 3743 4941 videtur

2224 4940 2353 4989 tunc
2386 4944 2647 4991 temporis
2670 4938 2939 4991 quievisse
2968 4952 2999 4991 a
3024 4950 3193 4991 uuere
3280 4944 3337 4991 et
3364 4933 3524 4991 turbis
3547 4936 3740 4987 excitan-

2224 4933 2651 5015 tune'temporis
2670 4933 2939 5015 quievisse
2966 4952 2999 5015 a
3024 4933 3261 5015 querelis
3280 4944 3337 4992 et
3364 4933 3524 5015 turbis
3547 4933 3740 5015 excitet:-

2221 5002 2304 5076 dis
2327 5001 2778 5076 Mediolanensem
2800 5001 3112 5071 antistitem,
3129 5004 3397 5075 fuisseque
3413 5001 3741 5076 Chrysploﬁu!“

2218 5072 2273 5128 in
2293 5073 2513 5200 [ﬁciﬁca
2532 5079 2869 5161 possessione
2888 5076 3234 5133 consecrandi
3248 5071 3741 5159 et'esercendimuuia

2216 5158 2308 5199 are
2366 5148 2709 5215 episcopalis.
2764 5146 3122 5215 Quamobrem
3155 5146 3407 5215 praecedit
3444 5136 3739 5215 proculdubio

2438 5146 2709 5203 isconalia.
2764 5146 3122 5203 Ouamobrem
3155 5146 3382 5203 onecedi

2216 5159 2709 5219 ammeplscopa'mo
2764 5159 3122 5215 Quamom'em
3155 5159 3407 5217 pneceoit
3444 5159 3739 5215 procum!qu

2211 5220 2457 5301 [stupore
2471 5232 2650 5274 sermo
2668 5218 2878 5301 habitus
2891 5218 2944 5301 in
2955 5216 3360 5274 Vicohaventini
3372 5209 3739 5272 consecratione,

2212 5288 2457 5357 quam_vis
2484 5302 2707 5344 numero
2735 5288 3020 5357 posterior.
3057 5308 3077 5341 ι
3156 5356 3161 5357 ί
3268 5355 3275 5357 ξ
3386 5354 3399 5357 ,
3530 5353 3542 5357 _
3600 5350 3627 5357 -7
3702 5345 3712 5357 .

2287 5361 2316 5391 ⁸
2352 5355 2469 5413 Hoc
2489 5366 2573 5429 est
2591 5350 2818 5429 pristino
2838 5357 3025 5414 lumini
3049 5356 3237 5429 oculos
3264 5354 3404 5411 haud
3424 5350 3738 5429 restituiyl“ia

2215 5436 2508 5496 numquam
2534 5418 2715 5484 luinen
2740 5429 2946 5495 habuit,
2988 5428 3084 5484 sed
3110 5443 3283 5484 czecus
3314 5434 3470 5481 natus
3490 5428 3583 5496 est.
3609 5418 3737 5496 lira.

2286 5495 2317 5537 ι’
2353 5493 2413 5553 In
2442 5507 2694 5569 nosante
2735 5498 2903 5554 Deum
2935 5493 3155 5554 naturae
3194 5512 3353 5569 quam
3375 5493 3549 5566 gratim
3564 5493 3738 5569 ςξρθηῖ

2218 5582 2376 5641 mur;
2426 5568 2691 5639 siquidem
2714 5570 2883 5641 prius
2927 5576 3155 5641 creatur
3190 5560 3353 5641 heroo
3378 5560 3657 5641 'naturalis,

2217 5637 2412 5695 exinde
2455 5632 2555 5711 per
2588 5632 2833 5711 gratiam,
2852 5638 3189 5711 baptismatis
3225 5635 3420 5693 Christi
3444 5632 3739 5703 regeneratut

2216 5716 2394 5792 atque
2394 5708 2693 5792 renascitur
2709 5708 3204 5792 spiritualis..blira.
3260 5785 3273 5792 _
3289 5791 3298 5792 ί
3313 5775 3386 5792 m
3435 5774 3478 5792 L
3494 5771 3588 5792 un
3613 5764 3670 5792 ω

2289 5764 2313 5820 ἑ
2351 5777 2432 5837 Ex
2459 5764 3064 5841 abundantiahumws
3434 5771 3591 5845 inquit
3612 5764 3736 5824 tua.
