3878 6368
168 363 255 422 865

746 349 1094 409 APPENDIX
1129 349 1506 409 SEMONUM
1541 351 1601 407 Β.
1642 350 1721 406 PE

1825 351 1850 406 »Ι
1888 347 2342 409 οιιιὶγδοιοω.
2373 380 2443 392 -
2471 350 2706 412 SEBMO
2742 350 2785 410 Ι.

3244 307 3403 414 ’666

167 469 488 550 madescunt
513 466 724 534 formae,
746 467 1036 525 turbantur
1065 467 1295 540 species,
1334 482 1425 524 res
1458 466 1716 523 falluntur
1738 470 1795 531 Α
1817 475 1873 523 et
1899 467 1954 523 in
1983 466 2125 535 vico,
2162 468 2270 524 hoc
2306 476 2409 535 est,
2441 468 2497 525 in
2523 477 2795 526 conventu
2813 468 3222 539 malignantium
3244 469 3405 542 igno-

167 574 293 644 ipsz,
320 563 445 636 quia
472 576 585 619 non
602 561 716 633 jam
738 561 1004 620 visionem
1022 562 1260 635 capiunt,
1281 560 1380 620 sed
1405 561 1585 619 adhuc
1601 576 1720 618 um-

158 665 295 730 bram
311 654 573 716 sustinent
591 652 829 711 visionis.
853 652 925 711 Et
940 668 1110 726 quare
1130 660 1310 710 tamen
1323 652 1462 711 sicut
1474 653 1715 719 arbores,

54 762 55 765 ‘
167 770 258 813 non
290 756 347 807 ut
362 748 642 816 columnas,
671 752 768 803 aut
809 744 957 803 aliud
991 744 1140 817 quid,
1174 759 1352 816 neque
1369 752 1595 812 stantes,
1624 742 1721 801 sed

54 3420 55 3447 1

54 3530 56 3551 Ι

54 3760 55 3779 ι

54 3786 56 3823 ἵ

54 3844 56 3867 l

54 3912 55 3945 ἦ

54 3956 55 3995 1

167 841 507 905 ambulantes?
531 839 669 910 Quia
693 846 820 912 post
847 853 1034 897 curam
1064 836 1264 895 Christi
1302 838 1529 906 viderat,
1575 835 1723 908 quod

167 938 380 997 homines
402 932 554 991 velut
591 932 814 990 arbores
847 930 1141 988 transirent
1168 930 1225 987 in
1243 930 1351 988 hoc
1366 930 1582 997 sacculo,
1614 943 1722 986 non

168 1037 445 1095 manerent;
468 1026 820 1099 temporalem
831 1025 1220 1099 plantationem
1234 1023 1490 1095 germinis
1501 1021 1723 1079 humani

170 1138 269 1183 esse
290 1122 341 1177 in
366 1121 468 1177 hac
502 1119 617 1176 vita
651 1133 781 1177 mox
813 1118 965 1175 videt
978 1132 1143 1189 quem
1161 1116 1430 1175 curaverit
1453 1114 1719 1173 Christus.

169 1212 379 1275 iterauda
401 1218 484 1270 est
501 1225 635 1283 ergo
661 1226 793 1269 cura
809 1209 1030 1277 Christi,
1054 1218 1115 1266 ut
1130 1209 1355 1283 perfecti
1374 1209 1518 1267 oculi
1546 1209 1726 1265 futura

171 1314 309 1371 certa,
346 1301 617 1359 manentia
653 1300 874 1360 videant
915 1308 971 1360 et
1004 1309 1227 1358 aeterna.
1269 1299 1485 1368 Iterum,
1526 1301 1720 1372 inquit,

171 1398 312 1473 ponit
340 1410 522 1452 mortus
552 1411 709 1468 super
739 1399 917 1452 oculos
935 1395 1069 1468 ejus,
1091 1403 1142 1451 et
1160 1395 1311 1468 erepit
1336 1394 1508 1450 videre
1528 1410 1546 1449 :
1568 1402 1620 1449 et
1638 1410 1724 1450 re-

171 1491 345 1547 stitutus
361 1495 454 1555 est,
473 1487 553 1542 ita
569 1495 630 1543 ut
654 1486 797 1544 clare
814 1487 1006 1544 videret
1024 1488 1221 1554 omnia,
1243 1494 1293 1543 et
1313 1487 1455 1542 misit
1488 1485 1639 1542 illum
1668 1487 1726 1542 in

175 1583 347 1639 domum
362 1597 527 1648 suam,
552 1579 732 1637 dicens
762 1596 782 1636 :
816 1578 960 1636 Vade
976 1581 1032 1636 in
1065 1579 1275 1635 domum
1303 1586 1463 1647 tuam,
1499 1587 1551 1634 et
1585 1579 1632 1633 si
1666 1580 1726 1633 in

173 1678 309 1733 aiam
323 1675 599 1742 introieris,
631 1675 827 1731 nemini
854 1675 1069 1730 dixeris.
1102 1671 1391 1745 Aperiatur
1410 1672 1524 1743 jam
1562 1671 1724 1744 spiri-

178 1768 303 1827 tualis
323 1766 691 1837 intelligentia,
713 1774 773 1822 ut
791 1766 886 1838 qui
906 1767 977 1822 sit
996 1766 1098 1823 iste
1116 1780 1288 1822 aecus
1314 1778 1723 1834 cognoscamus,

1818 560 2011 617 rantite
2030 559 2271 617 caecitate
2286 560 2591 630 tenebatur,
2607 569 2665 616 et
2681 560 2907 618 sedebat
2933 576 3245 635 oppressus.
3267 561 3408 621 Hine

1819 660 1904 709 est
1920 652 2067 723 quod
2088 667 2199 709 non
2219 652 2472 709 veniebat
2489 652 2560 709 ad
2584 650 2879 720 Christum,
2901 653 2998 711 sed
3014 654 3166 712 venit
3191 653 3263 712 ad
3280 671 3407 713 eum

1818 744 2084 814 Christus,
2115 752 2173 802 et
2209 745 2567 817 apprehendit
2601 761 2823 803 manum
2850 745 2988 818 ejus,
3018 754 3081 804 ut
3117 746 3265 805 dono
3307 763 3409 806 vo-

1820 839 2012 907 cantis,
2049 853 2158 895 non
2184 835 2448 894 beneﬁcio
2480 837 2634 908 legis,
2675 852 2787 895 non
2813 837 3034 910 proprio
3073 844 3320 896 curatum
3347 854 3409 898 se

1820 930 2146 1001 gloriaretur
2165 929 2409 986 arbitrio.
2432 926 2624 985 Educit
2643 943 2768 986 eum
2795 927 2960 997 foras,
2990 937 3053 986 ut
3082 930 3140 987 in
3164 928 3410 988 Ecclesia

1823 1023 1997 1081 lucem
2026 1022 2151 1078 lidei
2168 1021 2349 1078 videat
2364 1035 2464 1092 per
2489 1021 2793 1078 libertatem
2819 1021 3027 1091 gratiae,
3049 1022 3141 1093 qui
3156 1021 3258 1079 sub
3275 1021 3411 1095 legis

1822 1117 2091 1174 velamine
2118 1116 2195 1172 nil
2214 1115 2446 1173 videbat.
2477 1114 2710 1188 Imponit
2737 1116 2790 1173 ei
2806 1115 3039 1187 primum
3071 1129 3312 1181 manum,
3351 1121 3413 1172 ut

1827 1211 2007 1268 videat
2032 1210 2264 1267 transire
2289 1209 2535 1267 umbram
2552 1209 2713 1280 legis;
2742 1216 2804 1266 ut
2821 1208 3151 1276 sacerdotes,
3182 1208 3407 1278 scribas,

1824 1303 2136 1377 pharisacos,
2169 1310 2224 1359 et
2251 1300 2475 1371 ﬁguram
2502 1309 2673 1358 totam
2701 1299 2937 1358 Iudaica
2956 1300 3314 1357 observantia
3329 1299 3414 1358 vi-

1825 1397 1952 1452 deat
1978 1395 2126 1452 velut
2151 1395 2374 1451 arbores
2395 1394 2691 1465 praeterire,
2714 1408 2835 1464 quae
2853 1400 2913 1448 ut
2945 1393 3000 1448 in
3027 1398 3294 1465 tempore,
3334 1392 3414 1450 sic

1827 1504 1950 1546 cum
1972 1497 2216 1560 tempore
2242 1493 2551 1553 senescunt,
2582 1493 2897 1555 nascuntur,
2918 1484 3213 1553 virescunt,
3246 1484 3413 1543 ﬂore-

1827 1588 2002 1646 scunt,
2031 1576 2371 1646 fruetiﬁeant,
2407 1586 2658 1651 pereunt,
2699 1584 3046 1634 evanescunt.
3085 1576 3286 1633 lterum
3313 1576 3415 1633 im!

1826 1673 1980 1745 ponit
2007 1672 2057 1729 ei
2079 1686 2316 1740 manum,
2347 1679 2408 1726 ut
2426 1683 2713 1741 resurgens
2731 1685 2839 1726 non
2864 1667 2977 1740 jam
2995 1668 3197 1725 caduca
3216 1668 3412 1733 videat,

1829 1765 1926 1823 sed
1949 1772 2171 1834 actema,
2202 1773 2261 1821 et
2286 1763 2466 1821 videat
2483 1762 2743 1834 quidquid
2761 1770 2847 1818 est
2865 1761 3035 1818 divini
3051 1761 3286 1830 luminis,
3314 1760 3418 1817 ho-

178 1868 220 1917 et
248 1874 396 1931 quare
423 1873 530 1916 non
569 1864 767 1930 sponte
793 1858 961 1925 venit,
984 1857 1081 1914 sed
1100 1858 1169 1914 ab
1198 1857 1317 1913 aliis
1337 1855 1639 1921 adducitur,
1670 1862 1729 1911 et
1754 1863 1804 1925 Β
1830 1860 1978 1917 noris
2005 1867 2061 1915 et
2096 1858 2319 1929 gloriae:
2350 1856 2491 1914 sicut
2517 1856 2607 1912 ille
2645 1868 2874 1925 magnus
2915 1869 2984 1910 ex
3025 1852 3156 1925 ipsis
3195 1850 3413 1923 Paulus,

176 1950 352 2008 ducitur
366 1964 526 2006 manu
542 1948 767 2019 Christi,
791 1957 848 2007 et
865 1950 1111 2007 educitur
1128 1957 1281 2007 extra
1300 1949 1497 2016 vicum,
1519 1955 1578 2006 et
1597 1948 1725 2005 alibi

178 2044 334 2117 recipit
360 2043 548 2111 visum,
579 2044 678 2116 qui
703 2044 797 2102 diu
815 2045 959 2117 apud
979 2061 1108 2103 suos
1132 2046 1350 2115 longam
1367 2044 1453 2101 sui
1486 2043 1726 2117 pertule-

176 2143 243 2189 rat
277 2133 593 2192 orbitatem:
636 2142 693 2193 et
720 2137 935 2209 exspuit
951 2137 1009 2193 in
1036 2137 1222 2195 oculos
1252 2136 1391 2208 ejus,
1416 2145 1472 2193 et
1497 2136 1726 2195 iteratur

180 2224 334 2281 divinae
358 2218 548 2284 man‘us
574 2227 873 2301 impositio,
903 2237 961 2286 et
986 2230 1076 2287 cui
1110 2229 1296 2287 videre
1323 2238 1478 2287 extra
1504 2229 1726 2287 domum

178 2319 319 2387 datur,
338 2319 459 2390 quid
484 2320 704 2392 viderit,
742 2323 1018 2394 quomodo
1064 2323 1281 2393 viderit,
1321 2339 1422 2397 per
1455 2338 1619 2395 quem
1644 2323 1727 2380 vi-

179 2409 306 2479 derit,
331 2411 435 2470 suis
456 2411 642 2472 dicere
663 2430 775 2472 non
794 2415 1045 2473 donatur.
1071 2414 1307 2485 Fratres,
1329 2431 1502 2473 aecus
1520 2416 1625 2474 iste
1643 2422 1731 2474 est

179 2502 367 2576 ludens,
394 2508 484 2578 qui
511 2509 568 2565 in
586 2508 893 2583 Synagoga,
922 2511 1030 2569 hoc
1062 2519 1167 2580 est,
1201 2511 1257 2568 in
1292 2510 1533 2584 perﬁdiae
1563 2508 1728 2567 domo

1829 1953 1921 2026 qui
1960 1960 2113 2009 extra
2156 1951 2334 2007 vicum
2361 1956 2418 2005 et
2462 1949 2518 2005 in
2543 1948 2632 2005 via
2656 1946 2872 2003 Judaaus
2898 1945 3111 2012 cecidit,
3146 1951 3208 2003 ut
3234 1960 3416 2002 resur-

1829 2053 1980 2117 geret
2004 2043 2366 2112 Christianus;
2396 2049 2454 2099 et
2489 2049 2720 2099 emeatus
2739 2048 2822 2097 est
2852 2040 2910 2096 in
2929 2039 3047 2109 lege
3068 2038 3204 2112 (Act.
3227 2038 3327 2112 ιι),
3358 2045 3419 2094 ιιι

1829 2139 2039 2196 videret
2076 2138 2130 2193 in
2163 2137 2356 2208 gratia,
2389 2136 2529 2193 sicut
2549 2135 2616 2191 ab
2635 2134 2755 2205 ipso
2773 2132 3127 2205 perhibetur:
3158 2129 3316 2186 Nunc
3342 2131 3419 2187 vi-

1829 2235 2003 2291 demus
2021 2234 2078 2289 in
2097 2232 2305 2306 speculo
2323 2231 2447 2286 etin
2467 2230 2742 2301 tenigmate
2753 2244 2774 2294 ;
2798 2235 2916 2281 tunc
2944 2234 3115 2280 autem
3134 2223 3419 2281 uidebimus

1829 2327 1965 2400 facie
1983 2324 2053 2379 ad
2081 2324 2265 2396 {aciem
2288 2321 2332 2395 (Ι
2351 2319 2472 2377 Cor.
2495 2319 2633 2392 xm).
2658 2318 2811 2375 Tunc
2836 2316 3054 2389 quando
3072 2315 3219 2387 quod
3239 2315 3420 2386 sepul-
3526 2310 3529 2317 “

1829 2425 1946 2474 tum
1990 2423 2075 2473 est
2111 2416 2166 2471 in
2194 2419 2389 2478 morte,
2427 2419 2614 2482 surget
2639 2411 2695 2466 in
2721 2410 2852 2478 vita,
2883 2416 2939 2466 et
2956 2406 3218 2480 quidquid
3243 2412 3419 2464 satum

1830 2515 1915 2565 est
1941 2508 1997 2564 in
2025 2504 2375 2572 contumelia,
2397 2509 2582 2574 surget
2603 2502 2656 2557 in
2677 2500 2867 2572 gloria.

1462 2726 2099 2815 APPENDIX.

762 2958 921 3112 ἐ.
998 2996 1574 3111 PETRI
1650 2987 2803 3124 cnnvsonotu

1242 3190 1769 3246 RAVENNATENSIS
1795 3186 2280 3243 ARCHIEPISCOPI

1091 3331 1834 3467 SERMON
1859 3334 2055 3461 ES
2138 3334 2431 3479 VII,

967 3551 1023 3611 Α
1088 3548 1153 3612 S.
1219 3548 1483 3612 PATRE
1550 3547 1943 3625 QUONDAM
2013 3545 2481 3612 ABJUDICATI
2524 3551 2576 3608 ⁸.

774 3818 1009 3877 SERMO
1035 3821 1076 3876 Ι.

585 3913 669 3970 De
692 3915 927 3971 oratione
953 3912 1250 3969 Dominica.

230 4006 495 4081 Accepistis
504 4007 750 4065 auditum
780 4004 925 4072 ﬁdei,
943 4003 1136 4061 fratres
1155 4005 1475 4073 charissimi,
1490 4006 1721 4062 formam

179 4098 420 4158 Dominiea:
446 4100 709 4158 orationis
744 4098 949 4154 audite.
1000 4095 1249 4154 Christus
1275 4097 1519 4155 breviter
1561 4114 1721 4154 orare

179 4191 319 4261 docet,
342 4195 429 4264 qui
454 4195 564 4253 cito
592 4195 707 4250 vult
728 4196 1001 4267 postulata
1018 4202 1277 4267 praestare
1310 4210 1322 4247 :
1356 4199 1448 4247 aut
1469 4191 1595 4261 quid
1622 4207 1720 4262 pe-

179 4284 371 4342 tentibus
393 4299 451 4341 se
476 4301 588 4342 non
612 4286 763 4342 dabit
784 4327 800 4353 ,
831 4287 925 4357 qui
971 4286 1211 4357 seipsum
1257 4300 1369 4340 non
1410 4282 1719 4355 petentibus

180 4371 327 4431 dedit?
346 4386 432 4432 aut
458 4378 511 4433 in
560 4377 946 4449 respondendo
968 4392 1130 4447 quam
1159 4375 1321 4432 faciet
1357 4388 1593 4442 moram,
1624 4373 1719 4443 qui

181 4460 223 4516 in
256 4463 493 4523 dictandis
538 4467 790 4540 precibus
821 4474 951 4524 vota
978 4466 1283 4538 supplicum
1310 4466 1390 4521 sic
1417 4463 1718 4535 praevenit?

181 4551 315 4614 Hodie
332 4559 466 4629 quod
484 4559 720 4617 audituri
747 4559 879 4616 estis
903 4566 1123 4630 stupent
1149 4558 1343 4628 angeli,
1371 4557 1598 4612 miratur
1615 4570 1721 4611 cm-

182 4645 280 4715 Ιυω,
304 4660 450 4721 pavet
475 4660 635 4719 terra,
667 4667 796 4709 caro
843 4667 955 4708 non
1003 4653 1127 4718 fert,
1159 4650 1375 4707 auditus
1411 4665 1518 4705 non
1546 4650 1713 4719 capit,

182 4752 264 4794 non
287 4743 478 4814 attingit
495 4760 669 4810 mens,
694 4752 807 4800 tota
821 4744 1088 4800 sustinere
1116 4758 1225 4799 non
1244 4749 1424 4814 potest
1444 4749 1711 4810 creatura,

181 4832 431 4899 egodicere
455 4853 560 4893 non
590 4836 782 4903 audeo,
809 4844 989 4893 tacere
1016 4852 1124 4892 non
1165 4851 1404 4906 possum.
1455 4835 1598 4891 Deus
1624 4835 1718 4891 det

182 4929 321 4979 utvos
344 4927 517 4984 audire
545 4928 762 5001 possitis
804 4935 861 4984 et
887 4940 988 4996 ego
1012 4927 1212 4982 dicere.
1257 4926 1395 4994 Quid
1437 4935 1518 4983 est
1544 4928 1715 4995 magis

183 5017 466 5074 tremendum
493 5019 638 5091 quod
666 5035 725 5074 se
754 5018 902 5075 dedit
929 5019 1091 5075 terris
1133 5018 1293 5084 Deus,
1326 5026 1419 5073 aut
1444 5019 1590 5088 quod
1618 5036 1716 5074 vos

184 5102 253 5160 dat
290 5110 442 5179 cmlo;
480 5111 628 5182 quod
669 5111 985 5168 societatem
1029 5110 1208 5166 carnis
1252 5111 1416 5165 intrat
1456 5111 1590 5181 ipse,
1621 5119 1715 5166 aut

1745 3819 1793 3884 (ζ
1826 3818 1995 3875 fertur
2042 3819 2097 3874 in
2136 3819 2334 3877 coelum
2352 3860 2368 3887 ,
2394 3818 2561 3877 homo
2607 3819 2810 3876 deitate
2856 3825 3116 3887 mutatur,
3145 3819 3419 3878 servitutis

1820 3928 1940 3968 sors
1960 3911 2344 3970 dominationis
2358 3912 2483 3984 jura
2504 3913 2750 3970 sortitur.
2774 3912 2884 3970 Sed
2908 3914 3016 3970 hoc
3038 3915 3287 3985 quamvis
3303 3930 3418 3974 me-

1821 4005 2078 4061 tuendum
2097 4005 2186 4071 sit,
2212 4013 2413 4073 tamen,
2436 4006 2564 4076 quia
2591 4021 2754 4061 causa
2784 4021 2893 4062 non
2921 4005 3191 4063 dicentem
3239 4007 3417 4079 respi-

1819 4098 1913 4161 cit,
1943 4096 2038 4153 sed
2061 4096 2362 4167 jubeutem,
2408 4097 2748 4164 accedamus,
2782 4097 2932 4154 ﬁlioli
2960 4111 3071 4167 quo
3095 4105 3257 4167 vocat
3282 4098 3415 4156 eba-

1818 4189 1985 4253 ritas,
2013 4188 2178 4244 trahit
2231 4204 2404 4259 amor,
2454 4189 2649 4245 invitat
2699 4177 2946 4255 all‘ectio,
2977 4188 3148 4245 Deum
3195 4189 3415 4246 Patrem

1818 4283 2025 4339 viscera
2054 4283 2309 4350 sentiant,
2340 4297 2451 4339 vox
2489 4291 2766 4353 personet,
2799 4281 3053 4351 loquatur
3074 4280 3279 4352 lingua,
3307 4282 3418 4354 spi-

1818 4375 1955 4431 ritus
1977 4376 2193 4433 clamet.
2240 4375 2437 4432 Totum
2463 4375 2611 4445 quod
2649 4377 2705 4431 in
2749 4375 2906 4431 vobis
2954 4383 3039 4432 est
3086 4375 3418 4447 respondeat

1817 4466 2024 4537 gratias,
2049 4482 2159 4523 non
2179 4466 2393 4534 timori;
2416 4467 2543 4538 quia
2558 4466 2797 4538 judieem
2818 4468 3048 4525 mutavit
3073 4468 3128 4525 in
3157 4466 3376 4526 Patrem
3395 4485 3411 4538 ε

1818 4559 1989 4614 amari
2015 4559 2205 4627 voluit,
2237 4575 2347 4616 non
2374 4560 2574 4617 timeri.

1889 4650 2054 4705 Pater
2092 4660 2266 4706 noster
2304 4653 2394 4724 qui
2433 4668 2486 4707 es
2533 4654 2587 4707 in
2625 4653 2766 4709 caelis
2812 4652 3037 4727 (Matth.
3086 4670 3155 4722 v,
3186 4651 3251 4721 9;
3281 4652 3412 4711 Luc.

1816 4758 1892 4809 ιι,
1911 4740 1949 4795 2
1968 4741 2010 4813 ).
2033 4741 2150 4799 Hoc
2186 4756 2308 4798 cmn
2336 4742 2489 4810 dicis,
2522 4760 2631 4800 non
2668 4745 2750 4802 sic
2775 4744 2977 4802 habeas
3021 4745 3179 4816 quasi
3206 4760 3317 4800 non
3343 4744 3418 4802 sit

1818 4835 1874 4891 in
1915 4835 2103 4902 terris;
2127 4852 2238 4893 non
2266 4838 2345 4891 sic
2384 4836 2637 4907 accipias,
2668 4837 2822 4906 quasi
2844 4837 2914 4892 sit
2939 4837 3062 4893 loco
3088 4836 3301 4892 clausus
3321 4835 3417 4905 qui

1817 4929 2020 4986 claudit
2043 4928 2226 4985 omnia
2254 4947 2267 4984 :
2292 4928 2390 4985 sed
2418 4929 2656 4999 intellige
2691 4945 2813 4986 esse
2850 4929 2955 4985 sibi
2980 4942 3153 4999 genus
3178 4942 3211 4983 e
3237 4926 3413 5005 caelo,

1815 5021 1967 5091 cujus
1992 5020 2155 5078 Pater
2176 5020 2407 5077 habetur
2426 5022 2482 5076 in
2503 5020 2662 5077 ccelo.
2695 5019 2764 5076 Et
2791 5034 2892 5089 age
2929 5028 2989 5076 ut
3023 5018 3255 5076 vivendo
3286 5032 3415 5074 san-

1815 5122 1903 5170 cte
1926 5120 2116 5170 sancto
2137 5113 2468 5184 respondeas
2492 5111 2657 5168 Patri.
2675 5111 2771 5168 Dei
2799 5111 2993 5168 Filium
3020 5112 3111 5169 ille
3130 5126 3191 5169 se
3216 5110 3415 5184 probat

183 5197 297 5262 quod
333 5216 422 5256 vos
467 5201 593 5259 facit
628 5202 922 5258 divinitatis
949 5201 1278 5258 consortium
1305 5202 1539 5267 intrare;
1569 5201 1715 5271 quod
1741 5206 1795 5269 ι)
1816 5204 1909 5273 qui
1938 5205 2078 5259 vitiis
2106 5219 2213 5260 non
2241 5203 2561 5260 obscuratur
2585 5203 2862 5271 humanis,
2894 5202 2986 5273 qui
3024 5202 3220 5259 divinis
3246 5203 3414 5259 virtu-

184 5296 371 5346 mortem
388 5295 606 5366 sumpsit
624 5295 760 5366 ipse,
777 5301 872 5349 aut
889 5292 1034 5363 quod
1058 5307 1155 5349 vos
1173 5292 1398 5348 resumit
1419 5307 1487 5348 ex
1507 5300 1711 5360 morte;

184 5378 417 5452 quodipse
438 5384 490 5441 in
511 5393 686 5442 vestra
725 5386 965 5441 nascitur
999 5384 1279 5447 servitute,
1312 5393 1404 5438 aut
1430 5383 1575 5453 quod
1618 5400 1717 5439 vos

185 5466 264 5524 sibi
283 5471 432 5544 gignit
451 5476 504 5533 in
521 5477 751 5545 liberos;
774 5476 920 5548 quod
958 5476 1182 5547 suscipit
1208 5483 1582 5547 paupertatem
1616 5489 1714 5531 ve-

189 5566 338 5632 stram,
365 5575 449 5622 aut
472 5569 613 5640 quod
659 5584 758 5625 vos
799 5567 928 5625 facit
976 5567 1219 5624 haeredes
1264 5582 1410 5636 suos,
1440 5567 1523 5623 sui
1572 5567 1717 5625 unici

188 5651 477 5718 eomes?
495 5659 588 5719 Est
627 5663 814 5733 utique
856 5660 1148 5718 terribilius
1174 5660 1321 5732 quod
1370 5670 1513 5718 terra
1535 5669 1712 5719 trans-

245 5835 406 5909 ‘Vide,
426 5858 578 5917 supra
595 5845 701 5903 col.
718 5844 840 5912 I79,
859 5857 1143 5901 censuram
1163 5844 1403 5901 omnium
1422 5857 1750 5902 sermonum.

1818 5295 1959 5352 tibus
1987 5296 2261 5353 elucescit.

1889 5386 2263 5460 Sanctiﬁcatur
2290 5405 2478 5444 nomen
2508 5397 2667 5445 tuum.
2689 5386 2857 5461 Cujus
2875 5402 3048 5461 genus
3075 5402 3262 5445 sumus
3291 5387 3412 5459 ejus

1817 5493 2103 5535 censemur
2128 5488 2184 5536 et
2221 5481 2460 5537 nomine.
2490 5481 2765 5552 Rogamus
2793 5496 2923 5552 ergo
2946 5490 3008 5539 ut
3035 5496 3236 5538 nomen
3262 5481 3411 5553 quod

1818 5570 1873 5627 in
1903 5585 1962 5629 se
1990 5578 2045 5628 et
2070 5586 2171 5644 per
2196 5587 2257 5629 se
2283 5580 2531 5631 sanctum
2572 5581 2685 5642 est,
2717 5571 3084 5631 sanetiﬂcetur
3109 5575 3165 5631 in
3211 5575 3407 5643 nobis;

1819 5678 2019 5723 nomen
2062 5664 2209 5724 enim
2254 5663 2355 5724 Dei
2380 5672 2476 5725 aut
2501 5664 2801 5725 honoratur
2826 5679 2896 5725 ex
2923 5674 3111 5725 nostro
3138 5673 3285 5738 actu,
3315 5672 3411 5731 aut
