3960 6358
512 369 611 428 671
1359 363 1704 422 ΑΡΡΕΝΒΙΧ
1739 364 1870 422 SER
1879 365 2076 421 MONUJ

2260 366 2463 422 PETRI
2503 369 2962 432 CHRYSOLOGL
3411 373 3426 406 "'
3689 384 3783 444 I72

511 491 642 543 sunt
667 479 959 550 miraculo,
999 488 1123 537 sunt
1151 480 1388 551 stupori,
1438 489 1562 535 sunt
1590 479 1835 550 pavenda
1863 481 2107 537 mortali-
2131 487 2184 547 Α
2209 491 2408 538 catum.
2455 485 2735 558 Regnavit,
2780 492 2990 561 inquit,
3033 510 3170 549 mors
3212 493 3278 550 ab
3314 497 3484 552 Adam
3528 515 3690 572 usque
3720 504 3781 559 ut

511 578 634 646 bus,
665 576 798 648 ipsis
824 576 990 632 etiam
1016 583 1142 631 sunt
1169 573 1481 631 cmlestibus
1507 577 1802 630 tremenda.
1837 573 1944 630 Sed
1972 575 2105 631 nihil
2207 574 2442 648 Moysen:
2477 578 2653 650 (Rom.
2686 598 2739 646 ν,
2779 582 2887 655 ll).
2922 583 2992 638 Et
3028 587 3155 642 alibi
3188 605 3202 641 :
3235 586 3360 644 Non
3405 602 3587 663 regnet
3612 612 3780 665 pecca-

514 669 590 726 ita
635 675 817 740 stupet
842 667 1039 724 omium
1059 707 1076 734 ,
1109 675 1270 738 pavet
1297 675 1472 734 terra,
1503 668 1813 738 expavescit
1854 669 2105 727 universa
2208 677 2313 723 tum
2336 671 2392 724 in
2420 681 2586 727 vestro
2613 675 2823 730 mortali
2851 693 3066 750 corpore
3093 677 3279 750 (Ibid,
3310 681 3422 755 l5).

514 767 764 818 creatura
785 800 802 826 ,
842 773 1006 829 quam
1051 758 1197 828 quod
1226 774 1323 814 vos
1349 759 1479 814 estis
1505 759 1668 815 hodie
1695 760 1853 816 nobis
1879 760 2105 816 dicenti-
2277 759 2404 816 Fiat
2431 763 2666 818 voluntas
2698 774 2785 820 tua
2809 768 2942 823 sicut
2975 770 3033 824 in
3061 772 3185 827 calo
3212 780 3263 826 et
3289 774 3344 827 in
3368 783 3529 830 terra.
3561 775 3710 832 Nune
3734 781 3777 835 in

513 852 615 909 bus
635 850 889 908 audituri.
922 848 1124 906 Servus
1151 850 1436 906 Dominum
1465 849 1682 907 Patrem
1704 867 1898 908 vocare
1922 853 2101 921 audet,
2205 860 2349 907 terra
2391 855 2556 910 multa
2602 866 2728 912 sunt
2773 874 2872 929 pro
2918 860 3119 918 diaboli
3147 864 3446 933 voluntate,
3489 883 3591 937 pro
3620 873 3776 926 steculi

509 945 748 1017 iudicem
791 959 948 1001 suum
988 960 1114 1000 reus
1161 951 1434 1016 nuncupat
1479 945 1778 1015 genitorem
1801 987 1816 1012 ,
1867 947 2104 1002 conditio
2205 947 2464 1015 nequitia,
2496 964 2595 1018 pro
2624 950 2902 1008 voluntate
2940 955 3138 1011 carnis.
3162 955 3223 1012 In
3251 957 3390 1013 omlo
3419 973 3554 1014 vero
3584 959 3642 1014 iit
3667 962 3777 1017 nihil

521 1046 735 1095 terrena
777 1053 876 1094 sua
922 1052 982 1094 se
1006 1053 1144 1094 voce
1171 1036 1396 1108 adoptat
1423 1037 1476 1091 in
1525 1036 1728 1104 tilium,
1769 1038 1860 1106 qui
1891 1046 2105 1094 terrena
2206 1049 2402 1109 praeter
2443 1043 2655 1099 Domini
2675 1046 3049 1104 tvoluntatem.
3103 1047 3342 1106 Petimus
3389 1068 3523 1123 ergo
3552 1056 3779 1111 utintcr-

517 1131 751 1204 perdidit
779 1130 1052 1187 existimat
1079 1144 1139 1184 se
1160 1128 1462 1184 Divinitatis
1490 1128 1777 1184 haeredem.
1809 1128 1914 1185 Sed
1936 1131 2104 1185 audc-
2205 1141 2388 1202 empto
2415 1133 2632 1191 diabolo
2649 1178 2663 1203 ,
2697 1145 2756 1193 ut
2779 1155 2921 1195 novo
2949 1141 3166 1208 saeculo,
3193 1152 3252 1198 ut
3280 1153 3492 1201 mutato
3534 1162 3774 1218 corpore,

514 1240 668 1290 mus,
698 1225 826 1295 quia
851 1223 1198 1295 praesumptio
1227 1223 1457 1278 dicentis
1497 1239 1604 1277 non
1633 1231 1716 1277 est
1739 1262 1752 1286 ,
1796 1224 1885 1278 ubi
1913 1233 2104 1280 aucto-
2205 1224 2480 1283 destructo
2521 1231 2712 1285 mortis
2758 1233 2985 1302 imperio
3009 1275 3024 1301 ,
3073 1243 3134 1290 ut
3183 1236 3384 1292 abolita
3429 1237 3777 1296 dominatione

515 1317 647 1374 ritas
675 1324 759 1374 est
783 1316 1043 1387 jubentis.
1075 1315 1196 1386 Ipse
1223 1316 1368 1371 enim
1395 1331 1493 1370 vos
1521 1315 1680 1371 hodie
1708 1315 1887 1372 dicere
1913 1317 2101 1384 voluit,
2208 1321 2450 1388 peccati,
2483 1322 2537 1376 in
2561 1325 2700 1380 coelo
2741 1334 2798 1380 et
2839 1327 2890 1380 in
2921 1334 3066 1382 terra
3090 1369 3106 1395 ,
3149 1330 3204 1384 in
3231 1330 3344 1386 Deo
3373 1338 3430 1386 et
3468 1332 3774 1401 hominibus,

517 1409 612 1478 qui
646 1425 748 1465 nos
774 1408 937 1464 hodie
973 1407 1159 1463 docuit
1201 1408 1278 1462 sic
1306 1423 1480 1463 orare.
1515 1406 1582 1461 Et
1627 1407 1753 1476 quid
1794 1409 1988 1463 mirum
2011 1447 2028 1474 ,
2059 1408 2106 1464 si
2207 1429 2314 1467 una
2342 1414 2438 1469 Dei
2467 1423 2523 1470 et
2550 1417 2738 1472 eadem
2767 1420 2836 1474 sit
2866 1422 3133 1477 voluntas.

514 1508 648 1556 tunc
673 1500 922 1556 homines
960 1500 1057 1556 Dei
1085 1500 1422 1555 consecravit
1462 1500 1516 1554 in
1567 1498 1705 1555 ﬁlios
1727 1541 1741 1566 ,
1784 1501 2000 1570 quando
2047 1515 2106 1558 se
2277 1506 2479 1563 Panem
2520 1521 2754 1566 nostrum
2798 1515 3156 1584 quotidianum
3183 1516 3252 1571 da
3279 1517 3428 1574 nobis
3455 1519 3628 1574 hodie.
3667 1519 3776 1579 Post

515 1590 822 1648 hominibus
848 1592 996 1648 dedit
1023 1601 1078 1647 et
1098 1592 1303 1662 aptavit
1330 1592 1384 1647 in
1407 1592 1607 1648 lilium?
1629 1593 1820 1648 Carnis
1850 1603 1978 1650 tunc
2004 1611 2104 1650 na-
2205 1614 2429 1670 regnum
2457 1604 2678 1659 caeleste
2703 1648 2722 1670 ,
2752 1615 3024 1663 terrenum
3055 1625 3248 1680 panem
3278 1618 3469 1681 petere
3505 1629 3613 1668 non
3641 1614 3775 1683 jube-

515 1690 690 1738 turam
722 1684 992 1739 transtulit
1020 1685 1074 1739 in
1105 1684 1362 1748 divinam,
1395 1684 1611 1752 quando
1639 1684 1895 1740 deitatem
1923 1687 2106 1741 huma-
2205 1709 2345 1761 mur,
2392 1697 2712 1765 prohibente
2742 1699 2859 1768 ipso
2884 1717 3005 1755 cum
3035 1702 3170 1756 dixit
3196 1721 3208 1755 :
3242 1701 3426 1759 Nolite
3452 1707 3662 1760 solliciti
3684 1725 3773 1762 esse

514 1790 642 1867 nam
669 1775 860 1832 detulit
901 1775 969 1831 ad
996 1784 1263 1832 naturam.
1298 1775 1447 1831 Tunc
1475 1777 1749 1832 hominem
1781 1779 1883 1834 sibi
1912 1779 1967 1833 in
1995 1796 2106 1836 cm—
2135 1853 2182 1867 _
2205 1787 2331 1858 quid
2357 1790 2702 1854 manducetis,
2727 1801 2816 1846 aut
2844 1793 2968 1864 quid
2997 1792 3181 1850 bibatis
3204 1794 3419 1864 (Matth.
3452 1814 3527 1862 vr,
3560 1797 3668 1867 i3).
3689 1797 3773 1854 Sed

763 1867 1014 1937 praestitit
1039 1867 1374 1962 cohaeredem
1397 1907 1412 1932 ,
1445 1868 1661 1962 quando
1690 1885 1749 1924 se
1787 1872 2106 1941 participem
2135 1853 2184 1915 Β
2209 1853 2335 1949 quia
2375 1883 2488 1952 ipse
2530 1893 2605 1939 est
2634 1887 2786 1956 panis
2815 1853 2901 1958 qui
2931 1889 2995 1941 de
3021 1888 3150 1943 caelo
3179 1853 3446 1945 descendit
3475 1853 3655 1962 (loco).
3685 1910 3770 1959 xu,

515 1958 746 2015 reddidit
774 1968 1112 2016 terrenorum
1144 1977 1157 2013 :
1201 1967 1296 2014 aut
1337 1960 1542 2014 homini
1570 1975 1768 2030 negare
1808 1963 1937 2032 quid
1966 1979 2110 2018 amo-
2210 1969 2317 2041 50),
2367 1975 2600 2043 petimus
2645 1985 2700 2030 et
2737 1993 3022 2047 precamur
3057 1988 3117 2034 ut
3159 1981 3332 2052 ipsum
3361 1958 3560 2053 panem
3585 2024 3600 2050 ,
3639 1999 3773 2054 quem

516 2054 592 2110 ris
635 2054 814 2124 potuit
834 2096 849 2122 ,
879 2053 1012 2124 quid
1056 2054 1297 2109 muneris
1318 2095 1333 2120 ,
1365 2055 1494 2122 quid
1523 2055 1746 2110 honoris
1767 2097 1781 2122 ,
1814 2057 1905 2125 qui
1937 2065 2108 2112 totum
2207 2064 2448 2131 quotidie
2470 2107 2483 2130 ,
2517 2066 2570 2120 id
2599 2076 2701 2132 est,
2740 2068 2943 2137 jugiter
2969 2071 3230 2128 sumimus
3253 2114 3267 2139 ,
3307 2073 3363 2127 in
3403 2053 3699 2130 aster-nimie
3721 2075 3771 2130 ιιι

515 2145 663 2215 quod
683 2154 800 2201 erat
828 2146 1064 2201 hominis
1091 2153 1148 2201 et
1165 2154 1450 2216 peccatum
1475 2147 1728 2216 suscepit,
1757 2156 1812 2202 et
1839 2150 2108 2204 mortem?
2208 2157 2410 2211 victum
2439 2161 2684 2228 corporis
2713 2162 3014 2230 mentisque
3047 2164 3342 2233 capiamus.

515 2240 625 2294 Aut
647 2239 922 2309 quomodo
949 2240 1222 2296 hominem
1261 2240 1317 2294 in
1357 2241 1469 2295 suis
1495 2241 1768 2311 prosperis
1800 2257 1908 2297 non
1937 2243 2106 2299 habe-
2215 2239 2220 2243 ’
2280 2245 2348 2301 Et
2377 2248 2578 2303 dimitte
2606 2250 2754 2305 nobis
2783 2252 2955 2306 debita
2983 2263 3191 2319 nostra,
3222 2257 3357 2310 sicut
3382 2265 3432 2310 et
3459 2273 3559 2312 nos
3586 2257 3772 2312 dimitti-

514 2333 625 2402 bit,
661 2333 756 2404 qui
784 2334 840 2388 in
868 2333 1109 2389 adversis
1144 2333 1351 2388 homini
1379 2349 1437 2388 se
1457 2333 1585 2389 fecit
1613 2349 1732 2389 esse
1753 2336 2109 2391 consortem?
2208 2355 2322 2392 mus
2351 2338 2662 2396 debitoribus
2691 2346 2901 2398 nostris.
2953 2344 3043 2400 Sic
3069 2345 3297 2403 dicendo
3319 2388 3335 2413 ,
3379 2348 3580 2414 homo,
3623 2349 3768 2403 indole

514 2424 710 2494 Homo,
740 2427 858 2483 redi
895 2427 963 2482 ad
989 2425 1160 2482 Deum
1187 2427 1266 2482 sic
1294 2435 1505 2481 amatus
1529 2442 1560 2480 a
1587 2427 1732 2494 Deo;
1764 2435 1819 2482 et
1848 2426 1913 2482 ad
1941 2428 2108 2497 ipsius
2207 2429 2403 2498 gentiae
2431 2431 2678 2499 modum,
2709 2450 3016 2491 mensuram
3032 2438 3205 2494 venia:
3233 2439 3469 2495 statuisti
3497 2458 3511 2493 :
3543 2448 3599 2494 et
3620 2449 3670 2495 tu
3695 2441 3769 2496 tibi

514 2519 740 2590 gloriam
787 2519 857 2575 da
894 2527 1070 2576 totum
1097 2527 1151 2574 te
1174 2561 1190 2587 ,
1237 2519 1332 2590 qui
1375 2534 1434 2574 se
1479 2527 1651 2574 totum
1681 2528 1905 2590 propter
1948 2528 1999 2575 te
2039 2519 2110 2575 ad
2209 2523 2424 2592 dedisti,
2455 2527 2548 2596 qui
2577 2543 2608 2582 a
2637 2527 2866 2586 Domino
2897 2539 3105 2586 tantum
3134 2534 3230 2588 tibi
3252 2534 3411 2604 petis,
3437 2543 3688 2604 quantum
3705 2536 3770 2590 di-

512 2619 664 2667 tuam
687 2611 910 2668 deduxit
937 2611 1219 2683 injuriam;
1252 2621 1308 2667 et
1327 2626 1462 2667 voca
1491 2611 1706 2666 Patrem
1736 2609 1922 2676 ﬁdens,
1947 2628 2107 2682 quem
2208 2615 2422 2671 miseris
2449 2617 2564 2689 ipse
2591 2634 2877 2677 conservo.
2910 2622 3128 2678 Dimitte
3155 2639 3284 2693 ergo
3305 2625 3639 2694 delinquenti
3663 2626 3709 2680 in
3728 2634 3768 2682 te

511 2714 668 2765 tanto
709 2722 897 2764 amore
935 2716 963 2746 ι
1001 2715 1152 2762 tuum
1181 2705 1410 2778 probas,
1453 2705 1624 2762 sentis
1645 2747 1661 2772 ,
1705 2705 1959 2777 intelligis
1988 2721 2107 2762 esse
2207 2712 2385 2761 totum
2407 2748 2423 2774 ,
2455 2708 2502 2763 si
2530 2709 2611 2764 vis
2639 2709 2753 2780 ipse
2781 2711 2849 2766 de
2890 2713 2997 2768 tuis
3037 2714 3170 2768 nihil
3204 2713 3437 2770 Domino
3475 2715 3668 2772 debere
3689 2717 3768 2771 de—

512 2799 834 2869 genitorem.
2208 2798 2367 2856 lictis.
2400 2799 2460 2855 In
2503 2802 2674 2858 altero
2703 2803 2916 2862 dimitte
2945 2805 3070 2872 tibi,
3103 2805 3148 2860 si
3175 2806 3258 2862 vis
3283 2807 3403 2877 ipse
3430 2807 3684 2864 vindicem
3705 2807 3768 2862 vi-

585 2894 748 2950 Pater
777 2904 952 2951 noster
984 2895 1070 2967 qui
1103 2911 1155 2949 es
1189 2894 1246 2947 in
1273 2894 1431 2948 ctelis.
1485 2891 1642 2959 Quod
1677 2891 1916 2948 nondum
1945 2901 2106 2948 natus
2209 2901 2324 2949 tare
2351 2896 2693 2950 sententiam.

515 2984 732 3043 Patrem
759 2996 956 3054 vocat,
990 3002 1149 3042 nemo
1178 2987 1424 3041 miretur.
1455 2985 1567 3040 Deo
1608 2993 1733 3039 nata
1773 2992 1897 3040 sunt
1925 2985 2104 3040 nasci-
2278 2984 2350 3038 Et
2388 3003 2455 3040 ne
2482 3003 2575 3041 nos
2614 2986 2833 3042 inducas
2872 2989 2929 3042 in
2974 2992 3328 3046 tentationem.
3379 2990 3520 3048 Deus
3545 2995 3767 3048 nominent

511 3088 632 3136 tura
655 3120 670 3146 ,
703 3079 881 3136 futura
909 3080 1050 3136 facta
1078 3088 1204 3135 sunt
1241 3080 1374 3135 Deo.
1406 3077 1594 3143 Fecit,
1640 3079 1849 3147 inquit,
1880 3097 1995 3152 quia
2023 3082 2106 3151 fu-
2209 3085 2390 3140 tentat,
2422 3078 2560 3132 sicut
2605 3079 2864 3149 scriptum
2904 3089 3025 3145 est;
3069 3083 3164 3138 sed
3192 3091 3403 3140 tentare
3430 3084 3634 3151 dicitur,
3663 3099 3767 3140 cum

515 3182 630 3228 tura
658 3155 779 3227 sunt
801 3171 970 3245 (Eccl.
997 3189 1069 3239 vr,
1103 3172 1212 3244 lO).
1244 3171 1381 3227 Hinc
1409 3179 1492 3226 est
1513 3171 1655 3240 quod
1687 3171 1740 3225 in
1765 3180 1920 3226 utero
1949 3189 2104 3226 suum
2137 3236 2177 3248 _
2207 3171 2597 3226 contumaciter
2641 3181 2831 3228 euntes
2859 3173 2928 3228 ad
2971 3176 3334 3231 tentationum
3379 3177 3590 3248 laqueos
3612 3177 3768 3232 delin-

511 3263 758 3322 Joannes
786 3236 955 3322 sensit
982 3236 1258 3322 auctorem
1296 3271 1350 3319 et
1377 3273 1553 3320 exstat
1579 3265 1796 3319 nuntius
1824 3266 1983 3319 matri
2011 3266 2102 3334 qui
2129 3236 2178 3302 C
2209 3262 2344 3330 quit.
2398 3260 2490 3318 Sic
2534 3263 2707 3319 Adam
2771 3267 3057 3322 tentatoris
3109 3269 3339 3325 incurrit
3382 3236 3618 3337 insidias,
3650 3270 3767 3325 dum

511 3363 629 3410 erat
655 3357 870 3412 nescius
911 3357 1055 3412 vitat.
1089 3355 1224 3410 Hinc
1251 3363 1334 3410 est
1362 3355 1507 3425 quod
1548 3354 1716 3412 Jacob
1755 3365 1881 3412 ante
1910 3357 2105 3423 legitur
2205 3357 2288 3411 sui
2309 3365 2578 3428 praecepta
2606 3358 2807 3415 deserit
2834 3361 3117 3416 creatoris.
3158 3359 3313 3418 Unde
3341 3373 3519 3419 autem
3545 3372 3598 3420 et
3622 3379 3652 3418 a
3671 3379 3766 3434 quo

513 3450 750 3508 bellasse
776 3468 938 3522 quam
983 3453 1147 3519 nasci,
1193 3453 1356 3522 coepit
1401 3463 1525 3509 ante
1565 3453 1898 3524 triumphare
1941 3470 2105 3523 quam
2205 3456 2444 3502 tentatur
2472 3449 2636 3506 homo
2676 3450 2915 3521 prodidit
2951 3453 3032 3509 sic
3058 3453 3286 3509 dicendo
3317 3473 3331 3508 :
3372 3454 3480 3511 Sed
3505 3456 3657 3510 libera
3689 3472 3765 3510 nos

510 3547 712 3602 vivere.
757 3545 895 3600 Hinc
934 3554 1016 3601 est
1043 3547 1188 3615 quod
1211 3545 1324 3615 jam
1353 3555 1480 3601 sunt
1516 3546 1628 3601 Deo
1675 3547 1768 3615 qui
1796 3547 1896 3602 sibi
1931 3547 2106 3603 adhuc
2206 3559 2238 3595 α
2268 3541 2406 3596 malo
2423 3561 2442 3608 ;
2473 3544 2577 3600 hoc
2608 3552 2691 3599 est
2717 3559 2750 3600 a
2779 3545 3029 3613 diabolo,
3059 3547 3151 3616 qui
3180 3548 3346 3603 totius
3373 3548 3502 3603 mali
3529 3558 3585 3604 et
3609 3556 3766 3604 auctor

513 3655 622 3694 non
650 3647 778 3693 sunt
798 3679 814 3704 ,
845 3639 1104 3707 quoniam
1141 3637 1298 3693 electi
1326 3639 1457 3693 estis
1499 3647 1623 3693 ante
1663 3639 2104 3694 constitutionem
2205 3640 2288 3687 est
2317 3641 2372 3687 et
2399 3633 2572 3702 origo.
2604 3634 2861 3691 Diabolus
2890 3644 3082 3691 natura
3112 3637 3211 3692 fuit
3234 3639 3506 3704 cmlestis,
3544 3653 3677 3694 nunc
3698 3644 3764 3693 est

513 3729 718 3784 mundi.
751 3729 912 3783 Pater
950 3739 1124 3784 noster
1165 3731 1251 3802 qui
1295 3746 1350 3784 es
1389 3731 1446 3784 in
1493 3730 1652 3785 cretis.
1695 3731 1812 3786 Non
1841 3732 1986 3801 quod
2015 3732 2104 3786 ille
2205 3727 2446 3795 nequitia
2472 3727 2784 3796 spiritualis,
2816 3737 2976 3784 tetate
2996 3729 3172 3798 major
3195 3731 3412 3799 saeculo,
3445 3732 3665 3788 nocendi
3687 3745 3764 3786 usu

514 3839 624 3878 non
652 3823 722 3877 sit
750 3822 804 3876 in
833 3830 976 3877 terra
995 3864 1010 3888 ,
1043 3823 1135 3878 sed
1165 3833 1224 3878 ιη
1266 3831 1321 3878 ω
1347 3839 1446 3894 per
1470 3825 1574 3879 hoc
1610 3837 1830 3892 germen
1861 3840 1981 3880 esse
2003 3841 2104 3880 ῃο-
2205 3818 2381 3882 tritus,
2412 3818 2639 3872 laedendi
2669 3826 2786 3874 arte
2815 3821 3190 3890 peritissimus.
3223 3820 3378 3878 Unde
3405 3838 3516 3878 non
3546 3831 3646 3879 tam
3668 3837 3763 3877 ma-

513 3917 656 3972 veris
673 3924 724 3972 te
739 3916 981 3972 caeleste.
1002 3915 1067 3969 Et
1088 3917 1133 3970 si
1150 3925 1202 3970 te
1223 3914 1388 3970 tilium
1405 3917 1499 3971 Dei
1517 3924 1572 3971 tu
1588 3915 1930 3984 fateris,vive
1945 3918 2103 3987 quasi
2204 3905 2307 3973 ius.
2337 3908 2432 3963 86d
2459 3909 2659 3963 malum
2689 3909 2902 3975 (Ῐίϐίῐυτν
2928 3926 2959 3964 ³
2985 3925 3094 3980 ‘1“0
3122 3920 3205 3967 εει
3231 3927 3395 3968 omne
3419 3913 3567 3983 (111οά
3596 3913 3764 3968 malum

512 4008 610 4065 Dei
640 4008 781 4065 ﬁlius
803 4050 818 4076 ,
853 4017 911 4063 ut
939 4019 1081 4071 actu,
1108 4009 1217 4063 vita
1239 4049 1254 4073 ,
1290 4008 1602 4075 virtutibus,
1636 4018 1785 4064 tanto
1813 4010 1988 4081 possis
2017 4025 2104 4065 re-
2203 4009 2306 4057 eSl-
2332 4000 2467 4056 Hinc
2496 4003 2745 4072 estquod
2771 4005 3006 4074 propriis
3028 4006 3231 4062 Viribus
3259 4007 3426 4063 homo
3446 4008 3655 4064 liberari
3677 4022 3762 4062 non

510 4101 779 4172 spondere
807 4100 1057 4169 genitori.
2203 4102 2384 4164 potest
2428 4096 2732 4150 carnalibus
2781 4097 3009 4152 vinculis
3063 4099 3317 4168 illigatus.
3370 4099 3660 4158 Petendum
3699 4108 3762 4155 est

581 4193 951 4265 Sanctiﬁcetur
983 4211 1168 4248 nomen
1207 4204 1367 4248 tuum.
1410 4193 1545 4260 Quia
1576 4209 1604 4248 a
1631 4193 1848 4250 Christo
1876 4202 2100 4250 vocatus

2205 4199 2334 4255 ergo
2365 4187 2520 4242 nobis
2551 4195 2608 4240 ut
2647 4188 2787 4244 Deus
2826 4205 2926 4246 nos
2955 4205 2986 4244 a
3013 4191 3230 4247 diabolo
3259 4192 3486 4260 liberet,
3517 4195 3605 4264 qui
3631 4191 3758 4248 Chri-

509 4303 568 4343 es
600 4285 976 4352 Christianus,
1008 4287 1147 4357 petis
1191 4294 1251 4340 ut
1295 4286 1646 4357 prterogativa
1695 4287 1828 4340 tanti
1869 4287 2072 4341 nomini

2203 4286 2344 4334 stum
2374 4279 2552 4343 terris,
2583 4288 2642 4334 ut
2669 4280 2940 4336 diabolum
2969 4282 3228 4349 vinceret,
3260 4285 3637 4341 commodavit.
3661 4283 3760 4339 Cla-

509 4376 876 4433 sanctiﬁcetur
903 4377 957 4431 in
988 4385 1041 4431 te
1062 4418 1077 4443 ,
1125 4377 1248 4445 quia
1279 4391 1477 4432 nomen
1516 4377 1611 4430 Dei
1640 4377 1784 4446 quod
1823 4393 1922 4447 per
1952 4394 2010 4432 se
2048 4387 2104 4433 et
2203 4379 2333 4435 luet,
2371 4370 2569 4425 clamet
2597 4371 2761 4426 homo
2787 4371 2857 4426 ad
2895 4373 3065 4426 Deum
3092 4419 3104 4443 ,
3148 4373 3346 4429 clamet
3379 4393 3392 4428 :
3429 4375 3610 4430 Libera
3633 4390 3714 4429 nos
3736 4389 3760 4425 α

508 4475 755 4525 sanctum
796 4469 896 4524 sibi
938 4473 1057 4534 est,
1091 4475 1184 4522 aut
1230 4469 1591 4523 sanctiﬁcctur
1621 4469 1673 4523 in
1717 4469 1872 4524 nobis
1912 4479 2072 4524 nostri

2203 4461 2340 4516 malo
2364 4501 2379 4526 ,
2413 4470 2471 4516 ut
2498 4477 2530 4516 a
2557 4471 2707 4518 tanto
2752 4464 2916 4531 malo,
2949 4465 3067 4520 solo
3114 4463 3329 4522 Christo
3357 4468 3624 4535 vincente,
3650 4469 3759 4523 libe-

509 4569 652 4629 actu,
687 4571 779 4617 aut
807 4569 990 4617 nostro
1020 4570 1143 4616 actu
1172 4562 1572 4632 blasphematur
1600 4563 1653 4616 in
1683 4563 1952 4631 gentibus.
2202 4568 2403 4608 remur.
3292 4573 3307 4584 κ

578 4655 830 4710 Adveniat
882 4672 1093 4726 regnum
1149 4664 1306 4708 tuum.
1359 4653 1478 4723 lpse
1523 4655 1651 4709 dicit
1683 4673 1694 4707 :
1727 4653 1962 4725 Regnum
2003 4653 2099 4708 Dei
2125 4632 2182 4694 Ῑ)
2275 4644 2438 4700 Pater
2465 4656 2658 4714 noster,
2690 4650 2776 4720 qui
2808 4665 2861 4704 es
2881 4649 2934 4703 in
2966 4650 3128 4704 caelis.
3161 4647 3362 4705 Orandi
3391 4651 3592 4719 thema,
3620 4659 3762 4706 mate-

508 4750 651 4804 intra
677 4765 762 4804 vos
790 4758 866 4802 est
888 4747 1038 4821 (Luc.
1072 4765 1178 4803 xvn
1205 4789 1218 4812 ,
1263 4747 1374 4816 9.1).
1411 4747 1468 4802 Si
1495 4748 1630 4802 intra
1664 4765 1762 4804 nos
1785 4759 1886 4812 est,
1919 4750 2102 4804 veniat
2202 4739 2339 4794 riam
2381 4740 2598 4809 Deiendi
2621 4782 2636 4809 ,
2689 4742 3025 4813 supplicandi
3072 4758 3318 4798 normam
3357 4746 3682 4815 paucissimis
3717 4744 3760 4797 in

508 4841 637 4911 quid
660 4841 912 4895 oramus?
942 4846 1026 4895 est
1046 4840 1099 4893 in
1134 4838 1255 4905 ﬁde,
1289 4848 1371 4894 est
1401 4841 1451 4894 in
1478 4856 1592 4910 spe,
1623 4849 1705 4894 est
1731 4841 1784 4894 in
1817 4850 2099 4911 exspecta-
2201 4834 2382 4889 verbis
2410 4835 2528 4904 ipse
2569 4835 2692 4901 Sibi.
2723 4837 2817 4906 qui
2846 4837 2942 4893 tibi
2969 4845 3052 4893 est
3080 4837 3418 4905 exorandus.
3454 4838 3689 4903 induis“;
3715 4845 3760 4890 ui

505 4933 650 4987 tione
673 4973 687 4996 ,
724 4932 818 4986 sed
860 4939 916 4985 ut
956 4931 1138 4986 veniat
1186 4929 1295 4999 jam
1325 4945 1624 5000 precamur.
1682 4931 1870 4986 Veniat
1919 4941 2099 4987 autem
2204 4941 2274 4980 ex
2299 4926 2402 4981 hoc
2425 4935 2483 4981 tu
2509 4926 2730 4997 petendi
2753 4943 2932 4983 sumas
2961 4943 3199 4994 sensum,
3226 4935 3289 4984 ut
3317 4929 3644 4985 intellectum
3677 4941 3759 4997 po-

503 5024 679 5091 nobis,
707 5039 814 5078 non
845 5023 919 5077 illi
949 5023 1041 5092 qui
1071 5038 1288 5094 semper
1315 5032 1608 5091 conregnat
1638 5022 1782 5077 Patri
1809 5039 1926 5087 suo,
1951 5039 2095 5078 sem-
2205 5020 2440 5074 stulandi
2468 5021 2651 5090 capias
2673 5062 2688 5086 ,
2731 5035 3038 5076 mensuram
3066 5021 3289 5091 colligas
3333 5021 3683 5092 impetrandi,
3717 5025 3762 5073 et

500 5133 601 5190 per
628 5124 820 5185 regnat
847 5117 900 5170 in
929 5114 1113 5183 Patre,
1148 5117 1245 5173 sed
1266 5117 1448 5171 veniat
1474 5117 1630 5172 nobis
1664 5137 1674 5169 :
1717 5117 1916 5181 Venite,
1951 5117 2097 5172 bene-
2200 5110 2353 5167 brevi
2391 5111 2704 5182 magisterio
2745 5111 2936 5167 orandi
2980 5111 3296 5170 latissimam
3335 5111 3524 5183 capias
3555 5108 3758 5181 discipli-

500 5211 624 5266 dictt'
652 5210 832 5266 Patris
858 5213 978 5276 mei,
1012 5211 1258 5281 percipite
1284 5227 1494 5281 regnum
1525 5211 1661 5281 quod
1687 5209 1824 5263 vobis
1852 5219 2093 5280 paratum
2194 5217 2352 5269 nam;
2384 5203 2544 5258 simul
2571 5203 2697 5272 quia
2725 5202 2794 5258 ad
2823 5202 3024 5258 amoris
3048 5202 3310 5272 judicium
3337 5218 3435 5260 rex
3466 5203 3581 5274 ipse
3604 5197 3756 5258 ofﬁcio

497 5317 572 5362 est
593 5303 658 5360 ab
678 5307 877 5377 origine
901 5304 1080 5360 mundi
1113 5303 1324 5375 (Matth.
1361 5319 1483 5368 xxv,
1517 5301 1627 5373 54).
1661 5303 1897 5357 Dicimus
1923 5304 2094 5357 veniat
2193 5295 2410 5352 functus
2456 5305 2540 5352 est
2566 5297 2848 5364 advocati,
2882 5304 2943 5352 ut
2981 5311 3171 5367 preces
3197 5296 3392 5366 quibus
3435 5303 3758 5368 responsurus

497 5419 711 5474 regnum
740 5409 910 5466 tuum,
948 5406 1007 5454 ut
1044 5399 1121 5454 sic
1149 5397 1293 5452 Deus
1321 5405 1509 5464 regnet
1539 5397 1589 5449 in
1621 5397 1795 5459 nobis,
1829 5404 2093 5464 quatenus
2196 5401 2314 5448 erat
2365 5394 2482 5464 ipse
2528 5393 2776 5449 dictaret.
2809 5391 3096 5448 Cunctatio
3141 5391 3322 5448 ablata
3368 5400 3453 5448 est
3506 5400 3615 5448 tota
3649 5400 3756 5459 pro-

497 5495 552 5551 in
585 5496 739 5552 nobis
766 5494 981 5551 desinat
1012 5508 1159 5548 mors
1193 5505 1452 5561 regnare,
1483 5490 1694 5546 desinat
1719 5502 1945 5556 regnare
1973 5505 2095 5559 pec-
2196 5489 2439 5546 merendi
2460 5529 2476 5556 ,
2527 5488 2744 5560 quando
2791 5489 2968 5561 ipsum
3013 5503 3074 5545 se
3119 5486 3252 5558 legit
3297 5485 3352 5542 in
3397 5485 3636 5558 precibus
3681 5475 3756 5549 qui

569 5683 596 5713 α
627 5674 843 5733 Editum
879 5683 996 5732 erat
1027 5683 1131 5730 tum
1159 5672 1368 5746 probas.
1399 5671 1542 5746 intra
1565 5713 1580 5735 ,
1623 5669 1684 5746 in
1715 5683 1901 5746 versuA
1923 5679 1974 5746 et
2012 5669 2093 5723 di-
2199 5677 2408 5746 ctorem
2451 5685 2607 5746 suum
2637 5684 2748 5725 non
2772 5668 3114 5746 intellexerat
3139 5667 3435 5746 Acherius,
3475 5680 3591 5721 cum
3616 5664 3753 5746 {ntere

495 5747 676 5828 mitte...
719 5748 981 5828 edidimus
1011 5748 1053 5801 si
1084 5733 1295 5828 vis'ipse
1317 5787 1330 5812 ,
1377 5733 1780 5828 ubi‘legebatur
1808 5741 1928 5828 suis
1958 5741 2084 5828 ipse.
2196 5758 2313 5828 gres
2344 5741 2647 5828 legendum
2674 5756 2795 5798 esse
2821 5739 3055 5811 conjecit
3076 5781 3094 5809 ,
3141 5740 3234 5798 ubi
3274 5739 3470 5812 legitur
3503 5755 3516 5791 :
3557 5753 3588 5790 a
3619 5733 3781 5827 Pam‘

496 5817 610 5874 Sub
640 5818 800 5875 linem
842 5820 1005 5874 etiam
1033 5811 1343 5888 scripsimus
1377 5824 1486 5888 :ut
1515 5829 1692 5888 preces
1734 5811 1933 5888 quibus,
1966 5827 2090 5866 cum
2195 5811 2369 5868 Filius
2398 5813 2694 5884 interprete.

497 5889 704 5948 editum
747 5899 905 5947 antea
945 5899 1083 5946 esset
1119 5883 1227 5942 z'ut
1259 5887 1493 5954 precibus
1516 5883 1720 5952 quibus.
1748 5883 1958 5940 Statim
1991 5899 2087 5937 au-
