3878 6368
107 357 204 426 673

1548 341 1783 410 saeuo
1823 337 1911 406 tv.
2499 327 2528 374 ’-

3274 334 3381 400 674

103 482 330 548 rogatur.
366 473 538 531 Metus
565 472 744 530 locum
789 487 895 529 non
925 471 1124 539 habet,
1156 469 1248 526 ubi
1275 483 1305 524 a
1347 467 1509 522 Patre
1538 465 1677 522 filius
1705 466 1758 530 Α
1783 478 1912 529 nes;
1937 461 2042 517 hoc
2063 460 2238 518 solum
2258 472 2455 516 nomen
2479 457 2733 528 estquod
2772 455 3003 513 absolvit
3031 454 3237 512 animas
3255 453 3374 510 dia-

104 574 392 636 )nterprete
415 563 683 622 desiderat
709 578 829 634 quae
857 571 1045 620 sancta
1067 570 1194 618 sunt
1225 562 1536 631 impetrare.

703 652 937 712 SERMO
972 654 1064 711 IV.

736 747 816 803 De
842 747 1041 803 eadem.

165 841 382 897 Fratres
409 839 730 905 charissimi,
760 839 853 909 qui
889 855 988 894 vos
1015 838 1235 894 donavit
1272 836 1526 899 credere,
1567 835 1685 904 ipse

102 951 188 990 vos
218 933 408 990 docuit
435 941 491 988 et
519 946 697 1000 orare,
726 938 783 987 et
809 936 980 986 totam
1005 927 1222 1000 petendi
1250 926 1476 982 formam
1499 923 1684 996 paucis

103 1028 294 1100 aptavit
324 1028 381 1082 in
423 1027 632 1093 verbis,
664 1025 789 1096 quia
817 1039 942 1080 cum
967 1022 1182 1078 Patrem
1209 1020 1476 1092 postulat,
1515 1018 1684 1073 multa

102 1135 276 1193 preces
323 1117 469 1174 filius
498 1133 606 1173 non
644 1116 874 1172 laborat.
924 1113 1076 1170 Sicut
1121 1111 1267 1167 enim
1307 1119 1495 1181 petere
1539 1107 1687 1176 cogit

103 1211 386 1267 necessitas
423 1211 691 1282 genitum,
742 1207 817 1262 ita
846 1211 1001 1274 urget
1042 1201 1274 1259 charitas
1311 1201 1442 1255 dare
1470 1199 1682 1267 genito-

103 1318 220 1358 rem.
253 1301 421 1356 Pater
439 1314 570 1370 ergo
597 1298 690 1370 qui
709 1303 902 1368 sponte
921 1301 1158 1367 prmstat,
1186 1307 1292 1346 non
1321 1298 1429 1344 tam
1457 1296 1515 1343 ut
1541 1297 1686 1358 peta-

105 1405 193 1460 tur,
209 1400 477 1464 quantum
497 1391 642 1462 quod
659 1397 878 1461 petatur
899 1385 1163 1451 ostendit;
1187 1391 1247 1438 ut
1265 1381 1430 1437 Filius
1450 1379 1686 1450 petendo

98 1486 224 1555 justa
250 1485 502 1554 placeat,
543 1483 636 1553 qui
673 1488 855 1552 potest
881 1477 1042 1533 stulta
1071 1473 1350 1546 postulans
1377 1470 1680 1540 displicere.

104 1575 278 1630 Audite
308 1573 552 1641 Patrem,
579 1581 635 1629 et
655 1587 755 1628 vos
782 1570 921 1625 filios
954 1583 1071 1624 esse
1087 1566 1199 1637 jam
1228 1564 1452 1628 credite,
1475 1570 1537 1617 ut
1563 1575 1684 1631 qum

103 1667 350 1740 petieritis
393 1670 769 1722 incunctanter
806 1663 1099 1732 impetrare
1146 1656 1379 1728 possitis.
1424 1651 1564 1720 Quid
1590 1667 1686 1706 va-

104 1759 196 1814 leat
215 1757 364 1824 fides,
392 1757 684 1814 credulitas
703 1752 832 1823 quid
853 1751 1042 1822 possit,
1072 1749 1141 1803 sit
1160 1754 1363 1817 quanta
1391 1742 1680 1809 confessio,

1785 553 1898 610 boli
1937 552 2149 608 feritate
2171 553 2447 622 captivas;
2483 551 2591 608 hoc
2629 565 2827 607 nomen
2866 557 2951 607 est
2990 549 3137 621 quod
3173 547 3380 605 mundo

1785 645 1999 720 perdito
2020 647 2113 701 dat
2133 645 2384 701 salutem.
2422 643 2532 700 Sed
2558 644 2794 715 petimus
2813 650 2873 699 ut
2901 658 3099 700 nomen
3125 641 3222 698 Dei
3253 647 3382 697 actu

1784 736 2153 794 sanctiﬁcetur
2173 737 2226 791 in
2247 736 2424 792 nobis.
2463 735 2632 792 Nobis
2659 736 2804 792 enim
2821 735 2962 792 bene
2983 733 3266 804 agentibus
3285 733 3382 788 be-

1787 830 2052 885 nedicitur
2082 844 2275 883 nomen
2313 828 2427 893 Dei,
2462 827 2617 882 nobis
2644 827 2786 882 male
2817 826 3098 896 agentibus
3123 823 3380 895 blasphe-

1786 931 1982 977 matur.
2026 921 2163 976 Audi
2194 920 2511 991 Apostolum
2539 920 2807 975 dicentem
2846 936 2862 973 :
2893 916 3101 974 Nomen
3131 915 3229 971 Dei
3263 915 3380 970 bla-

1787 1015 2090 1085 sphematur
2124 1015 2180 1068 in
2218 1013 2451 1085 gentibus
2493 1011 2668 1084 (Rom.
2697 1029 2754 1076 Il,
2953 1009 3190 1066 Petimus
3226 1021 3378 1078 ergo,

1785 1109 2046 1178 petimus,
2093 1115 2153 1163 ut
2198 1115 2457 1177 quantum
2498 1121 2695 1162 nomen
2734 1105 2831 1162 Dei
2850 1112 3095 1161 sanctum
3124 1111 3222 1169 est,
3254 1109 3380 1157 tan-

1786 1208 1900 1254 tum
1940 1215 2040 1256 nos
2079 1199 2197 1271 ejus
2235 1215 2540 1255 mereamur
2580 1198 2634 1254 in
2675 1198 2876 1254 nostris
2911 1197 3154 1252 moribus
3179 1193 3380 1252 sancti-

1785 1300 1840 1346 ta
1847 1301 1974 1347 tem.

1865 1387 2056 1441 Veniat
2099 1403 2313 1458 regnum
2353 1394 2512 1439 tuum.
2537 1383 2703 1452 Quasi
2740 1399 2849 1439 non
2892 1397 3108 1454 semper
3141 1381 3301 1437 fuerit
3326 1379 3376 1448 ι’,

1785 1477 1866 1534 sic
1885 1493 2110 1546 regnum
2139 1475 2338 1532 Christi
2377 1485 2438 1530 ut
2463 1476 2667 1544 veniat,
2711 1490 2856 1530 nunc
2885 1488 3158 1544 rogamus.
3195 1471 3264 1528 Et
3288 1473 3381 1530 ubi

1788 1581 1874 1628 est
1911 1572 2042 1628 illud
2084 1586 2308 1640 regnum
2337 1571 2468 1626 Dei?
2505 1569 2657 1625 Intra
2678 1587 2772 1625 nos
2793 1578 2888 1624 est.
2914 1567 3059 1624 Intra
3087 1584 3189 1624 nos
3213 1573 3299 1623 est
3320 1567 3354 1619 li

1785 1663 1871 1730 de,
1896 1664 1991 1718 sed
2025 1671 2084 1717 ut
2121 1679 2182 1718 re
2221 1663 2403 1719 veniat
2447 1662 2833 1732 supplicamus.
2881 1659 3099 1716 Fratres
3120 1700 3136 1726 ,
3164 1657 3383 1730 quando

1787 1756 2036 1812 diabolus
2071 1756 2224 1810 vario
2263 1755 2624 1825 nequitiamm
2670 1768 2868 1823 genere
2904 1750 3219 1807 multimoda
3265 1756 3384 1807 arte

271 1855 611 1902 monstratur
629 1847 685 1900 ἱιι
713 1843 888 1900 ηοὺὶε.
919 1841 1058 1897 Ecce
1086 1837 1364 1894 Trinitatis
1393 1836 1534 1891 trina
1555 1849 1686 1890 COll-
1715 1857 1764 1918 Β
1789 1847 2007 1903 fallendi
2035 1862 2218 1902 rerum
2261 1845 2456 1902 faciem
2482 1845 2683 1912 turbat,
2725 1859 2915 1900 sensus
2941 1843 3218 1899 hominum
3264 1855 3383 1898 mo-

105 1939 244 1994 fessio
289 1937 348 1993 in
389 1937 668 1994 omlestem
713 1934 956 1992 sobolem
987 1931 1055 1987 de
1081 1938 1300 1986 terrena
1345 1942 1444 1984 vos
1471 1925 1688 2005 sustulit

105 2030 343 2086 servitute
377 2047 393 2084 :
424 2045 554 2087 ecce
583 2028 716 2085 fides
743 2042 864 2098 qua:
905 2025 1075 2081 Deum
1113 2023 1296 2079 locuta
1325 2028 1408 2078 est
1447 2017 1682 2084 Patrem,

106 2120 300 2176 Patrem
328 2122 489 2177 vobis
515 2121 683 2176 Deum
711 2119 875 2175 hodie
903 2115 1254 2186 conquisivit;
1285 2129 1413 2170 ecce
1436 2128 1540 2167 vox
1567 2124 1689 2180 qua:

107 2213 332 2269 confessa
363 2221 452 2268 est
478 2212 576 2268 Dei
603 2211 829 2277 Filium,
859 2225 959 2264 vos
984 2207 1082 2263 Dei
1121 2205 1397 2278 ad0ptavit
1425 2204 1479 2258 in
1513 2201 1686 2268 ﬁlios;

107 2321 217 2362 ecce
237 2304 532 2361 credulitas
557 2318 680 2374 quae
712 2303 880 2358 Deum
914 2299 1172 2371 Spiritum
1204 2294 1590 2368 proclamavit,
1621 2292 1690 2348 de

109 2398 265 2453 carnis
313 2397 621 2454 substantia
660 2395 877 2452 mortali
925 2395 980 2448 in
1027 2391 1249 2447 vitalem
1288 2389 1522 2461 Spiritus
1563 2387 1691 2442 sub-

109 2493 341 2550 stantiam
371 2508 472 2549 vos
501 2491 750 2547 mutavit.
785 2489 917 2558 Quis
938 2488 1158 2560 pietatis
1186 2494 1350 2541 tanta;
1383 2485 1576 2554 dignus
1604 2483 1690 2538 in-

109 2584 302 2640 venitur
334 2583 624 2640 assertor?
651 2583 792 2639 Deus
827 2581 991 2637 Pater
1018 2580 1266 2637 homines
1293 2578 1544 2648 dignatur
1576 2578 1689 2632 bae-

111 2675 275 2744 redes;
319 2676 468 2732 Deus
494 2674 662 2731 Filius
698 2689 808 2730 non
836 2673 1157 2742 dedignatur
1184 2669 1429 2726 servulos
1449 2667 1693 2724 cohaere-

112 2771 216 2836 des;
251 2769 397 2826 Deus
425 2768 658 2840 Spiritus
687 2782 904 2824 carnem
935 2774 1245 2823 consortem
1271 2762 1536 2818 divinitati
1553 2759 1690 2830 juris

111 2861 293 2918 ditione
319 2862 550 2932 suscipit
579 2862 634 2917 in
669 2861 916 2932 supernis
933 2900 949 2928 ,
981 2859 1245 2930 Apostolo
1270 2856 1536 2928 probante
1564 2871 1688 2910 cum

110 2951 219 3006 dicit
247 2970 260 3005 :
290 2953 398 3006 Aut
424 2953 630 3007 nescitis
651 2953 772 3024 quia
786 2951 997 3023 angelos
1011 2948 1360 3023 judicabimus
1390 2947 1434 3020 (Ι
1464 2945 1584 3002 Cor.
1609 2963 1684 3012 vr,

112 3042 190 3112 5)?
217 3051 240 3078 ι
267 3041 482 3099 Vocate
510 3056 641 3111 ergo
670 3043 958 3098 Dominum
996 3039 1211 3097 Patrem
1237 3083 1253 3108 ,
1283 3054 1489 3109 vosque
1512 3080 1527 3106 ,
1561 3047 1616 3093 et
1642 3037 1689 3093 si

111 3132 330 3187 nondum
355 3140 536 3200 natos,
564 3132 676 3202 jam
707 3141 888 3188 tamen
925 3133 1236 3202 designatos
1264 3132 1403 3186 filios
1433 3141 1554 3186 esse
1571 3131 1684 3200 jam

1789 1956 1984 2011 resque
2025 1941 2326 2004 confundit,
2360 1940 2539 2006 saevit,
2571 1939 2729 1995 idolis
2755 1938 3031 2008 sacrilegis
3060 1935 3213 2001 furit,
3245 1934 3385 1990 fallit

1790 2033 2042 2102 auguriis,
2075 2032 2406 2087 divinatione
2450 2031 2726 2098 mentitur,
2759 2030 2926 2100 signis
2953 2029 3171 2100 decipit,
3207 2027 3383 2083 illudit

1791 2125 2015 2189 artibus,
2058 2123 2382 2194 spectaculis
2403 2129 2664 2192 occupat,
2696 2122 2910 2178 obsidet
2935 2121 3112 2187 vitiis,
3144 2120 3382 2192 peccatis

1794 2216 2064 2280 vulnerat,
2093 2215 2406 2270 criminibus
2423 2214 2649 2280 sauciat,
2667 2213 3047 2284 desperatione
3065 2214 3378 2284 prosternit,

1791 2307 1993 2363 Christi
2021 2321 2247 2376 regnum
2275 2306 2580 2377 prolongat,
2606 2313 2662 2360 et
2682 2305 2932 2360 absentat
2959 2319 2991 2359 a
3014 2304 3191 2359 nobis.
3239 2301 3372 2359 Peti-

1792 2416 1912 2462 mus
1951 2413 2082 2468 ergo
2121 2406 2180 2453 ut
2219 2399 2400 2453 veniat
2428 2405 2641 2467 tempus
2667 2409 2794 2466 quo,
2834 2395 2964 2451 mali
2991 2395 3129 2450 tanti
3164 2402 3387 2450 auctore

1792 2501 2072 2566 pereunte,
2115 2493 2345 2548 mundus
2381 2499 2543 2556 totus,
2569 2498 2814 2548 creatura
2843 2497 2977 2556 tota,
3007 2496 3178 2545 totam
3219 2488 3386 2544 solius

1793 2588 1994 2644 Christi
2024 2595 2234 2658 regnet,
2260 2586 2557 2657 triumphet
2583 2585 2654 2641 ad
2671 2585 2916 2656 gloriam,
2943 2591 3000 2640 et
3017 2582 3112 2639 ﬁat
3137 2583 3282 2654 quod
3306 2598 3388 2640 se-

1796 2681 2000 2749 quitur,

1865 2770 1937 2827 Ut
1963 2773 2096 2826 sicut
2115 2773 2171 2825 in
2193 2772 2338 2836 caelo,
2361 2771 2435 2824 ita
2459 2778 2510 2824 et
2528 2770 2583 2823 in
2607 2777 2763 2824 terra.
2805 2767 2923 2823 Una
2951 2766 3162 2822 Domini
3199 2767 3384 2823 volun-

1795 2873 1873 2920 tas
1919 2864 1989 2918 sit
2017 2872 2160 2919 terra
2179 2904 2194 2930 ,
2227 2864 2456 2930 coelum,
2493 2861 2600 2917 vita
2640 2861 2800 2928 Deus,
2840 2869 3055 2933 tempus
3090 2846 3382 2930 aeternitas,

1791 2957 1966 3028 patria
1995 2956 2230 3025 requies,
2255 2969 2450 3010 census
2489 2953 2832 3022 innocentia,
2861 2953 3037 3010 honos
3065 2953 3384 3010 immortali-

1793 3060 1897 3116 tas,
1928 3063 1948 3090 ο
1977 3049 2116 3106 furia
2146 3051 2386 3114 castitas,
2410 3049 2554 3104 Deus
2574 3055 2766 3104 totum.

1862 3142 2078 3198 Addidit
2103 3159 2116 3194 :
2148 3141 2352 3196 Panem
2379 3149 2612 3196 nostrum
2641 3138 2996 3212 quotidianum
3030 3139 3098 3194 da
3118 3140 3266 3208 nobis
3287 3141 3384 3196 Ito-

113 3223 323 3291 credite,
354 3234 411 3280 et
453 3225 580 3282 date
607 3241 829 3296 operam
857 3232 1122 3295 quatenus
1159 3225 1230 3280 sit
1258 3224 1410 3280 vobis
1452 3223 1686 3280 coeleStis
1712 3245 1760 3311 ο
1791 3233 1890 3287 die.
1936 3231 2067 3288 Post
2087 3233 2468 3303 paternitatem
2495 3230 2622 3297 Dei,
2653 3237 2780 3302 post
2809 3231 2976 3286 divini
3009 3231 3242 3288 nominis
3263 3247 3386 3288 san-

113 3315 222 3382 vita,
252 3317 364 3372 sint
402 3317 560 3372 vobis
588 3317 754 3373 divini
782 3333 981 3384 mores,
1019 3325 1074 3372 et
1101 3317 1275 3371 forma
1317 3316 1534 3371 deitatis
1571 3321 1686 3371 tota

112 3415 271 3463 vestra
299 3408 619 3480 praeferatur
644 3411 695 3464 in
718 3410 912 3465 Filium
945 3429 958 3463 :
995 3410 1122 3480 quia
1148 3410 1384 3465 cmlestis
1411 3407 1574 3464 Pater
1601 3424 1688 3464 re-

113 3499 422 3571 spondentes
450 3502 636 3571 generi
665 3501 805 3557 ﬁlios
834 3502 1147 3557 muneribus
1179 3502 1315 3557 ditat
1343 3501 1536 3557 divinis
1553 3542 1568 3568 ,
1600 3501 1689 3556 de-

114 3605 413 3672 generantes
434 3596 503 3650 ad
531 3595 798 3666 poenalem
819 3602 1040 3650 revocat
1061 3595 1396 3650 servitutem.

169 3686 324 3743 Pater
349 3699 528 3744 noster
547 3690 632 3762 qui
653 3705 706 3744 es
728 3690 782 3744 in
811 3689 971 3745 cwlis.
996 3688 1385 3745 Succumberet
1405 3689 1688 3744 conscien-

115 3776 175 3831 tia
198 3779 446 3843 servulis,
478 3786 697 3835 terrena
733 3779 972 3835 conditio
997 3779 1316 3845 solveretur,
1354 3779 1456 3834 nisi
1489 3794 1588 3834 nos
1618 3778 1688 3833 ad

115 3870 241 3927 hunc
275 3871 568 3927 clamorem
596 3871 764 3942 ipsius
805 3869 982 3926 Patris
1015 3871 1337 3938 auctoritas,
1369 3870 1538 3940 ipsius
1566 3869 1688 3925 Filii

117 3959 326 4032 Spiritus
353 3964 635 4020 excitaret.
665 3961 834 4030 Misit,
866 3963 958 4029 ait,
998 3960 1138 4017 Deus
1169 3961 1424 4033 Spiritum
1451 3960 1579 4015 Filii
1606 3962 1687 4014 sui

115 4058 158 4109 in
189 4058 345 4112 corda
388 4067 568 4114 nostra
595 4056 904 4112 clamantem
949 4054 1094 4110 Abba
1121 4056 1284 4130 Pater
1314 4053 1457 4127 (Gal.
1502 4071 1572 4121 tv,
1606 4053 1684 4124 6).

119 4145 362 4205 Lassescit
387 4165 564 4214 mens,
589 4164 716 4205 caro
746 4149 927 4204 deficit
955 4147 1023 4202 ad
1043 4135 1244 4212 divina,
1273 4148 1375 4202 nisi
1401 4147 1542 4203 Deus
1565 4162 1686 4216 quae

117 4240 253 4298 ﬁeret
275 4242 458 4312 jubet,
483 4244 706 4314 impleat
737 4243 852 4313 ipse
873 4242 966 4312 qui
992 4241 1166 4310 jubet.
1193 4239 1418 4309 Quando
1447 4255 1575 4297 ausa
1603 4249 1687 4296 est

117 4336 396 4392 mortalitas
443 4351 640 4392 vocare
687 4333 903 4390 Patrem
928 4377 942 4402 ,
994 4335 1097 4389 nisi
1137 4334 1301 4390 modo
1342 4333 1558 4402 quando
1595 4349 1685 4388 su-

115 4440 266 4497 perna
306 4428 507 4483 virtute
548 4427 796 4483 homines
839 4427 1145 4482 animantur
1189 4427 1245 4481 in
1291 4427 1469 4481 terra?
1522 4425 1686 4480 Pater

117 4530 271 4576 noster
305 4522 390 4593 qui
428 4536 482 4576 es
509 4521 564 4574 in
604 4521 780 4576 caelis.
809 4518 984 4575 Homo
1007 4561 1022 4586 ,
1072 4519 1200 4590 quid
1246 4534 1533 4574 commune
1561 4535 1680 4574 cum

1789 3326 2053 3392 ctitatem,
2085 3333 2210 3395 post
2229 3324 2354 3379 cmli
2385 3339 2610 3392 regnum
2630 3362 2644 3388 ,
2672 3323 3044 3393 quotidianum
3072 3339 3269 3394 panem
3292 3323 3386 3395 ju-

1788 3419 1981 3474 bcmur
2026 3432 2340 3488 exposcere.
2388 3413 2634 3471 Christus
2675 3415 2936 3471 oblivioni
2973 3429 3082 3470 non
3121 3414 3384 3485 subjacet,

1787 3508 2033 3564 Christus
2061 3509 2332 3563 mandatis
2359 3507 2471 3563 suis
2492 3508 2764 3562 contraria
2791 3522 2900 3561 non
2927 3506 3234 3562 demandat.
3265 3507 3387 3577 Ipse

1787 3600 1919 3656 dicit
1947 3618 1960 3654 :
2009 3598 2189 3654 Nolite
2229 3599 2438 3654 solliciti
2475 3615 2585 3654 esse
2609 3597 2734 3670 quid
2761 3598 3102 3664 manducetis,
3135 3606 3226 3651 aut
3262 3597 3386 3671 quid

1788 3691 1974 3746 bibatis
2023 3691 2240 3764 (Matth.
2271 3708 2340 3757 vr,
2369 3689 2478 3762 51).
2557 3689 2664 3745 Sed
2703 3690 2828 3758 quia
2877 3697 2961 3744 est
2997 3689 3155 3760 panis
3182 3689 3275 3759 qui
3316 3691 3386 3746 de

1789 3784 1926 3840 cmlo
1949 3783 2248 3850 descendit,
2280 3784 2374 3853 qui
2401 3783 2535 3851 legis
2559 3790 2613 3838 et
2633 3783 2818 3851 gratiae
2846 3782 3078 3838 molstus
3095 3790 3179 3838 est
3197 3783 3253 3837 in
3275 3784 3387 3840 for-

1787 3891 1895 3943 ma,
1936 3877 2029 3946 qui
2072 3876 2249 3932 crucis
2294 3872 2577 3931 confectus
2618 3881 2702 3929 est
2749 3875 2804 3928 in
2844 3873 3036 3941 farina,
3075 3875 3169 3945 qui
3210 3875 3388 3931 crucis

1788 3965 2068 4022 confectus
2106 3967 2378 4038 passione,
2409 3967 2502 4036 qui
2542 3980 2738 4036 magno
2783 3965 2999 4036 pietatis
3033 3963 3386 4022 fermentatus

1788 4067 1873 4114 est
1891 4067 2254 4124 sacramento,
2305 4059 2398 4128 qui
2425 4057 2826 4128 conspersionis
2855 4056 3219 4112 levamentum
3257 4072 3385 4112 sus-

1789 4151 1911 4206 tulit
1956 4151 2025 4206 de
2074 4152 2357 4222 sepulcro,
2401 4151 2496 4221 qui
2542 4166 2664 4206 cum
2709 4148 3002 4205 divinitatis
3046 4163 3156 4204 sua:
3195 4148 3384 4207 calore

1787 4251 2166 4313 conqueretur,
2210 4244 2326 4314 ipse
2365 4243 2634 4297 clibanum
2675 4242 2892 4300 decoxit
2937 4239 3159 4307 inferni,
3190 4242 3284 4312 qui
3312 4241 3384 4300 ad

1787 4335 2062 4391 coelestem
2101 4334 2281 4390 cibum
2307 4331 2333 4372 ά
2354 4332 2699 4403 quotidianus
2736 4331 2990 4388 Ecclesiae
3027 4331 3268 4389 defertur
3313 4333 3382 4390 ad

1787 4442 2048 4493 mensam,
2099 4427 2193 4496 qui
2239 4426 2294 4480 in
2340 4425 2660 4481 remissione
2706 4424 2969 4494 frangitur
3007 4431 3378 4495 peccatorum,

1786 4519 1883 4588 qui
1911 4519 2132 4574 edentes
2153 4534 2213 4573 se
2231 4525 2550 4589 perpetuam
2578 4517 2754 4588 pascit
2781 4524 2836 4573 et
2863 4517 3066 4574 enutrit
3092 4517 3162 4574 ad
3187 4517 3378 4585 vitam;

117 4611 258 4666 terris
291 4611 420 4678 tibi,
463 4611 556 4680 qui
584 4608 859 4666 confiteris
898 4610 995 4666 tibi
1034 4625 1204 4681 genus
1237 4626 1355 4666 esse
1395 4611 1451 4666 in
1488 4611 1684 4666 caelis?
1711 4629 1761 4690 ι)
1786 4609 1932 4667 hunc
1961 4625 2154 4682 panem
2183 4609 2424 4680 quotidie
2452 4609 2610 4665 nobis
2641 4609 2759 4665 dari
2795 4609 3058 4680 petimus,
3090 4613 3267 4668 donec
3286 4609 3383 4667 illo

117 4699 242 4771 Ergo
265 4703 542 4760 caelestem
569 4703 738 4757 vitam
776 4708 1019 4758 monstra
1049 4704 1104 4756 in
1143 4703 1480 4758 habitatione
1513 4711 1684 4758 terre-

118 4809 192 4862 na,
214 4796 333 4865 quia
357 4796 404 4852 si
427 4795 556 4866 quid
584 4795 638 4850 in
661 4810 720 4851 se
741 4796 969 4865 gesserit
994 4802 1210 4852 terrena
1237 4795 1512 4864 cogitatio,
1545 4796 1683 4852 caelo

116 4888 377 4957 maculam,
402 4889 613 4945 ocelesti
639 4889 825 4958 generi
853 4888 1080 4944 intulisti
1101 4887 1370 4958 injuriam.

173 4977 534 5053 Sancti/icetur
553 4997 740 5036 nomen
761 4989 920 5035 tuum.
960 4979 1080 5036 Non
1106 4979 1340 5051 petimus
1358 4988 1419 5034 ut
1446 4978 1685 5034 sanctifi-

117 5082 191 5131 cet
213 5090 410 5134 nomen
429 5089 588 5129 suum
615 5073 775 5140 Deus,
799 5073 943 5144 quod
970 5074 1258 5130 sanctitate
1277 5089 1373 5129 sua
1393 5081 1564 5128 totam
1584 5072 1687 5128 sal-

117 5177 192 5224 vat
207 5179 258 5228 et
282 5167 589 5227 sanctificat
606 5175 931 5223 creaturam.
974 5165 1210 5233 Fratres,
1233 5167 1340 5222 hoc
1370 5181 1568 5222 nomen
1602 5173 1686 5222 est

116 5263 239 5331 Quod
264 5276 514 5335 supernae
537 5266 836 5333 potestates
860 5267 1078 5331 pavent,
1096 5260 1241 5330 quod
1261 5260 1539 5316 tremenda
1567 5276 1687 5317 sus-

115 5353 297 5426 cipiunt
333 5354 638 5422 servitute;
674 5354 780 5410 hoc
799 5367 996 5409 nomen
1027 5361 1111 5408 est
1141 5352 1287 5423 quod
1315 5351 1462 5423 fugat
1479 5353 1686 5411 daemo-

171 5507 196 5536 λ
218 5498 309 5556 Sic
331 5498 619 5566 edidimus,
651 5497 744 5554 ubi
771 5504 889 5554 erat
916 5506 1060 5552 vocat
1088 5513 1229 5570 ergo.
1271 5495 1399 5553 Mox
1427 5497 1481 5552 in
1513 5496 1683 5568 priori

117 5567 328 5644 editione
351 5573 440 5644 qui
469 5571 706 5626 calestis.

170 5640 194 5680 δ
229 5641 328 5698 llic
355 5640 548 5699 vocem
594 5641 839 5708 accessit,
883 5655 1003 5710 quae
1033 5640 1251 5711 omnino
1285 5653 1687 5711 supervacanea

117 5717 208 5781 est,
237 5713 535 5769 delevimus
564 5721 688 5767 ante
717 5709 962 5768 voculain
991 5712 1084 5765 sic.
1129 5709 1272 5766 Infra
1299 5709 1440 5765 intra
1480 5727 1573 5766 nos
1611 5718 1691 5765 est

118 5781 203 5850 ﬁde
223 5785 521 5851 edidimus,
553 5785 643 5840 ubi
682 5790 798 5838 erat
820 5782 971 5852 ﬁdes.
1012 5781 1136 5836 Mox
1167 5782 1429 5838 Acherius
1457 5781 1692 5852 conjecit

117 5851 380 5926 legendum
401 5856 619 5922 artibus,
653 5856 742 5917 ubi
765 5851 985 5920 editum,
1009 5852 1183 5907 illudit
1209 5855 1366 5908 areis.

1786 4703 1840 4758 in
1863 4704 1950 4760 die
1975 4713 2240 4774 perpetuo
2261 4701 2620 4772 perfruamur.

1858 4793 1928 4848 Et
1948 4794 2148 4849 dimitte
2175 4791 2322 4849 nobis
2356 4793 2526 4848 debita
2565 4801 2764 4859 nostra,
2805 4793 2938 4847 sicut
2963 4800 3014 4846 et
3039 4809 3132 4848 nos
3164 4792 3384 4848 dimitti-

1786 4905 1900 4944 mus
1930 4887 2238 4944 debitoribus
2269 4887 2480 4943 nostris.
2523 4884 2719 4953 Homo,
2747 4901 2914 4956 penes
2942 4893 2996 4941 te
3027 4894 3110 4942 est
3139 4891 3383 4956 potestas

1787 4981 1976 5046 venite,
1999 4979 2056 5034 in
2077 4987 2131 5036 te
2159 4987 2242 5035 est
2279 4977 2610 5048 indulgentia
2651 4977 2786 5046 ejus,
2829 4984 2890 5032 tu
2915 4975 3012 5032 tibi
3046 4975 3382 5034 remissionis

1791 5082 1980 5132 auctor
1999 5089 2058 5130 es
2085 5075 2428 5140 constitutus;
2457 5072 2624 5141 gratis
2652 5071 2794 5142 petis
2819 5070 3055 5138 veniam,
3086 5071 3178 5142 qui
3206 5071 3305 5126 tibi
3325 5072 3382 5129 in

1792 5168 1900 5224 alio
1941 5167 2219 5236 indulgere
2256 5164 2577 5221 contemnis.
2617 5161 2825 5226 Homo,
2870 5168 2928 5217 tu
2956 5161 3052 5216 tibi
3074 5162 3383 5219 misericor-

1791 5259 1894 5316 diae
1915 5258 2088 5316 factus
2116 5274 2176 5314 es
2203 5258 2320 5330 ipse
2354 5271 2637 5325 mensura;
2667 5263 2928 5326 quantum
2948 5254 3144 5325 qumris
3171 5256 3385 5312 miseri-

1793 5355 2037 5412 cordiam
2057 5352 2144 5410 fac
2168 5361 2398 5409 tantum.

1861 5507 1886 5536 ο
1924 5493 2066 5563 Quid
2084 5495 2193 5550 hoc
2237 5494 2334 5561 sit,
2363 5493 2519 5566 furia
2545 5491 2786 5566 castitas,
2817 5504 2927 5566 non
2955 5487 3086 5544 satis
3113 5487 3376 5566 intelligo;

1790 5582 1891 5624 nec
1935 5559 2058 5622 huic
2103 5566 2226 5622 loco
2272 5559 2404 5621 satis
2447 5563 2753 5620 consultum
2794 5561 3048 5627 arbitror,
3089 5559 3137 5615 si
3172 5559 3384 5630 legatur

1791 5638 2002 5694 luxuria
2032 5639 2265 5692 castitas.

1865 5706 1892 5746 ἀ
1930 5708 1988 5762 ln
2016 5708 2184 5778 priori
2212 5706 2468 5773 editione,
2500 5704 2836 5779 quotidiana.
2874 5701 3018 5758 Infra
3047 5717 3169 5775 ergo
3197 5718 3378 5772 unum,

1793 5781 1915 5850 lego
1934 5795 2056 5850 ergo
2086 5795 2241 5833 nunc.
