3960 6358
436 315 548 377 687

742 313 811 373 IN
848 313 908 372 5.
953 308 1399 371 VALERIANUM
1438 305 1654 366 EPISC.
1690 299 1940 361 CEMEL.
1979 299 2276 358 PROLEG.
2313 329 2385 343 —
2420 296 2697 356 NOTITIA
2735 297 3394 359 HlS’l‘OlllCO-LITTER.

3569 309 3655 367 688

439 428 645 489 Veneta
673 444 724 486 a.
750 427 905 496 1742,
937 444 968 484 a
993 426 1285 499 bibliopola
1307 432 1392 482 est
1416 422 1674 479 additum.
1697 420 1806 479 Sed
1827 419 1940 492 jam
1959 418 2029 476 de
2053 420 2107 483 Δ
2133 415 2199 472 1η
2231 417 2449 474 concilio
2481 416 2864 474 Constantiensi
2903 421 3146 491 optimam
3179 430 3230 476 et
3259 421 3661 493 praclarissinum

437 525 659 598 singulis
692 523 969 579 videamus
1005 518 1272 575 Valeriani
1300 516 1630 573 editionibus.

1047 626 1261 667 sucum
1290 625 1416 665 xvn.
1918 684 1925 687 Α
2014 684 2015 687 η

516 705 668 761 1601.
703 703 986 777 (ϐεηευω)
1019 701 1321 758 Excudebat
1362 699 1548 756 Petrus
1579 699 1641 755 de
1684 699 1737 754 la
1781 684 2028 761 Rouiere;

438 798 611 855 iu-8°.
637 796 693 853 S.
718 796 988 851 Valeriani
1008 793 1323 850 Cimelensis
1344 794 1583 866 episcopi
1603 793 1670 849 de
1700 792 1843 847 bono
1868 790 2032 845 disci-

440 890 599 961 plina:
627 888 835 944 Sermo.
868 887 924 942 S.
957 886 1146 942 lsidori
1177 885 1508 956 Hispalensis
1537 882 1774 954 episcopi
1802 881 1869 937 de
1895 895 2033 951 pra:-

439 979 563 1035 latis
610 980 1009 1050 Fragmentum.
1064 977 1314 1032 Melchior
1361 976 1706 1031 Hamenuelto
1755 970 2032 1028 Goldastus

440 1072 586 1128 dedit
607 1088 729 1127 cum
757 1070 1124 1132 collectaneis,
1158 1069 1210 1124 in
1232 1069 1386 1138 queis
1414 1067 1581 1122 multa
1610 1066 1813 1138 pariter
1833 1063 2033 1119 multo-

441 1179 561 1221 rum
587 1172 889 1230 auctorum,
925 1162 1145 1218 Patrum
1173 1177 1334 1231 quam
1364 1160 1614 1225 maxime,
1648 1158 1765 1213 loca
1795 1156 1880 1212 vel
1907 1162 2035 1211 ante

442 1257 584 1313 edita
613 1258 966 1329 explicantur,
997 1256 1083 1312 vel
1112 1255 1323 1310 noviter
1349 1252 1598 1308 eduntur.

512 1349 571 1403 ln
600 1349 810 1404 duobus
834 1345 1235 1419 praefationibus
1274 1344 1338 1398 ad
1370 1344 1644 1407 lectorem,
1685 1349 1795 1397 tum
1825 1355 1888 1395 ea
1915 1354 2035 1409 qua:

444 1448 651 1496 textum
677 1438 965 1501 antecedit,
1011 1447 1120 1492 tum
1149 1434 1495 1491 collectaneis
1524 1432 1797 1503 praemissa
1835 1429 2037 1485 Golda-

445 1537 563 1587 stus
590 1531 658 1585 de
684 1537 961 1585 Inomento
990 1529 1180 1582 horum
1212 1527 1468 1581 librorum
1487 1567 1500 1589 ,
1534 1523 1815 1594 disciplina
1846 1534 2039 1591 nempe

446 1621 812 1679 ecclesiastica
840 1619 1073 1683 disserit,
1092 1618 1285 1689 partim
1318 1616 1515 1672 veteris
1543 1614 1837 1685 disciplinae
1865 1612 2036 1667 ratio-

449 1727 573 1770 nem
600 1712 897 1773 declarans,
922 1710 1115 1780 partim
1142 1708 1418 1765 servanda:
1447 1716 1539 1761 aut
1567 1707 1775 1761 amissae
1807 1720 2036 1776 recupe~

2126 507 2377 565 librorum
2402 510 2710 581 scriptorum
2750 518 2950 581 partem
2988 509 3217 583 Poggius
3246 509 3557 571 Florentinus
3576 515 3661 575 llo.

2130 617 2270 655 mam
2295 610 2345 655 et
2375 598 2719 664 Florentium,
2742 598 2946 656 Encas
2978 599 3188 667 Silvius,
3218 603 3303 676 qui
3332 606 3548 678 pontifex
3573 620 3667 681 post

2128 691 2222 746 illa
2243 692 2550 759 destinatus,
2574 690 2825 748 Basiliam
2853 695 2901 748 ui
2936 692 3206 765 fraudibus
3238 696 3579 754 distraxerunt.
3603 700 3666 759 Eo

2132 784 2367 856 facinore
2399 785 2693 839 commoniti
2724 793 2773 838 et
2807 786 3046 839 commoti
3075 787 3285 857 fratres,
3324 787 3529 861 reliquos
3553 807 3581 845 a
3602 791 3668 846 di-

2133 877 2368 949 reptione
2386 876 2586 934 codices
2605 878 2753 950 signa
2780 878 3084 933 monasterii
3103 876 3454 951 obsignat-unt,
3480 890 3525 936 et
3548 882 3670 939 Catao

2134 967 2251 1039 logo
2289 977 2672 1023 recensuerunt.
2715 967 2783 1023 In
2810 985 2871 1024 eo
2912 969 3102 1041 legitur
3138 986 3157 1024 :
3187 968 3246 1025 S.
3274 957 3463 1027 Valerii
3488 972 3670 1033 liberde

2137 1057 2290 1114 Bono
2318 1058 2642 1130 Disciplinte,
2664 1068 2761 1114 etc.
2785 1058 3043 1115 Eamdem
3075 1060 3230 1116 simul
3256 1061 3568 1135 epigrapham
3583 1084 3671 1122 ειν.

2137 1167 2233 1205 nas
2261 1152 2315 1206 in
2344 1153 2530 1206 cortice
2556 1152 2715 1224 ipsius
2745 1151 2885 1207 libri.
2918 1149 3104 1219 Error,
3135 1161 3226 1207 aut
3253 1153 3423 1225 fallor,
3453 1167 3533 1211 aut
3554 1169 3673 1214 natus

2137 1262 2203 1299 ea:
2231 1246 2480 1317 affinitate
2503 1246 2788 1300 nominum.
2816 1243 2943 1300 Fuit
2971 1244 3210 1302 Valerius
3235 1249 3492 1320 episcopus
3511 1248 3673 1322 Hippo-

2138 1340 2333 1404 nensis,
2376 1340 2649 1411 Augustini
2679 1339 3045 1411 praedecessor,
3089 1340 3236 1412 cujus
3276 1340 3512 1414 hodieque
3542 1353 3674 1400 exstat

2139 1430 2268 1485 liber
2288 1432 2354 1486 de
2382 1431 2500 1485 Vita
2530 1430 2937 1499 Monachorum,
2969 1430 3312 1488 Volaterrana
3334 1442 3468 1488 teste.
3490 1433 3675 1491 Fuerunt

2140 1531 2190 1577 et
2212 1523 2305 1577 alii
2324 1523 2503 1577 eodem
2522 1525 2750 1589 nomine,
2767 1540 2892 1596 quos
2913 1523 3046 1579 nihil
3065 1525 3252 1579 attinet
3270 1541 3532 1580 recensere.
3546 1526 3675 1597 Signi-

2143 1612 2269 1670 ficat
2296 1615 2572 1687 deinceps,
2596 1615 2664 1671 de
2691 1615 2965 1672 Valeriani
2992 1615 3154 1686 hujus
3171 1626 3332 1673 aetate
3357 1618 3519 1688 deque
3539 1617 3677 1676 Cime-

2142 1708 2298 1764 liensi
2320 1708 2634 1780 episcopatu
2655 1709 2839 1779 ejusve
2859 1710 2963 1766 situ
2986 1710 3128 1766 haud
3149 1710 3434 1781 quidquam
3454 1727 3508 1767 se
3524 1712 3678 1769 habere

450 1807 634 1863 randze
659 1812 927 1877 pmccepla
957 1803 1191 1858 tradens.
1223 1802 1363 1856 Idem
1395 1807 1767 1869 argumentum
1801 1805 1884 1853 est
1918 1797 2036 1867 epi-
2073 1806 2113 1862 lt
2144 1797 2427 1868 explorati.
2463 1795 2603 1854 Usus
2629 1809 2713 1855 est
2737 1799 2790 1854 in
2812 1799 3190 1856 contendendo
3210 1800 3316 1857 hoc
3340 1800 3679 1858 sermoneGol-

448 1899 601 1954 stola:
648 1897 995 1954 collectaneis
1054 1896 1259 1966 pariter
1306 1893 1537 1964 pnefixa:
1584 1891 1648 1946 ad
1698 1890 2041 1945 Theodorum

450 1989 645 2046 Bezam
683 1988 855 2060 (datu:
892 1990 946 2042 in
987 1986 1182 2041 aedibus
1218 1983 1378 2039 Lectii
1412 2000 1464 2037 α.
1507 1982 1558 2036 d.
1596 1999 1647 2037 tv
1681 1982 1751 2035 id.
1794 1979 2040 2045 Quinctil.

451 2100 503 2137 a.
553 2102 623 2136 oc.
657 2097 725 2137 to.
753 2099 801 2137 ε.
826 2080 960 2151 stle
977 2078 1238 2144 Iuliano).
1266 2077 1323 2131 ln
1344 2075 1610 2147 principio
1634 2090 1761 2130 vero
1781 2072 2047 2127 Collatu-

453 2191 681 2232 neorum
709 2190 771 2229 ea
800 2172 1044 2244 exponit,
1076 2187 1195 2241 quae
1236 2171 1408 2241 ipsum
1438 2167 1767 2238 impulerint,
1801 2175 1856 2220 ut
1888 2165 2045 2220 Vale-

454 2266 594 2320 riani
641 2279 836 2319 nomen
877 2262 1003 2317 huic
1048 2259 1285 2316 sermoni
1332 2256 1652 2330 prtellgeret.
1686 2256 1899 2311 Scilicet
1934 2254 2045 2324 jam

457 2356 713 2413 Erasmus
751 2353 1045 2419 intellexit,
1090 2350 1445 2422 Augustinum
1488 2357 1767 2405 auctorem
1794 2348 1911 2418 ejus
1940 2363 2049 2403 non

457 2467 596 2507 esse.
641 2448 747 2505 Sed
787 2448 1073 2504 Goldastus
1100 2446 1317 2502 demum
1344 2443 1484 2498 hanc
1511 2443 1835 2499 sententiam
1862 2439 2051 2511 expla-

459 2541 610 2597 navit
636 2549 692 2596 et
721 2539 1049 2610 argumentis
1074 2536 1369 2593 roboravit.
1394 2533 1594 2591 Probat
1614 2533 1812 2604 quippe
1844 2534 2050 2589 oratio-

461 2648 584 2689 nem
602 2632 877 2701 utriusque
899 2629 1136 2686 auctoris
1155 2627 1466 2698 longissime
1486 2625 1630 2681 inter
1647 2639 1705 2680 se
1723 2623 2047 2695 discrepare.

460 2725 571 2783 Nec
598 2741 729 2781 vero
759 2724 976 2794 ingenio
1015 2722 1343 2779 doctrinaeve
1381 2718 1666 2790 Augustini
1710 2724 1895 2789 aptum
1935 2734 2056 2773 esse

464 2818 775 2883 contendit,
809 2832 910 2872 nec
934 2814 1225 2870 verisimile
1250 2813 1563 2878 arbitratur,
1593 2826 1718 2866 eum
1746 2810 1814 2866 de
1851 2826 1958 2865 una
1995 2824 2056 2864 re

463 2928 683 2983 unoque
699 2918 1015 2980 argumento
1030 2908 1192 2964 variis
1213 2915 1269 2964 et
1281 2906 1509 2963 diversis
1528 2905 1681 2961 libris
1698 2904 1899 2978 (exstat
1911 2904 2057 2959 enim

465 3020 603 3077 opus
621 3003 860 3073 ejusdem
886 3002 1105 3057 uberius
1127 3000 1189 3055 de
1210 2998 1502 3071 Disciplina
1531 2994 1851 3066 Christiana)
1867 3001 2060 3050 tracta-

467 3103 647 3152 turum
671 3094 851 3150 fuisse.
870 3093 1110 3162 Denique
1134 3108 1232 3148 nec
1252 3100 1463 3146 veteres
1484 3089 1766 3160 agnovisse
1786 3088 1928 3144 hunc
1941 3102 2060 3158 par-

2146 1890 2332 1946 dastus
2360 1890 2596 1947 editione
2637 1892 2925 1962 posteriori
2966 1892 3267 1949 Basileensi
3294 1890 3511 1965 Operam
3538 1895 3678 1963 Augu-

2145 1984 2290 2037 stini.
2337 1982 2443 2038 Sed
2490 1983 2756 2055 principio
2797 1985 2979 2040 statim
3026 1986 3351 2042 auctoritate
3389 1988 3680 2059 manuscripti

2146 2077 2351 2133 codicis
2390 2079 2607 2133 sustulit
2642 2078 3015 2137 distinctiones
3042 2082 3313 2152 capitum,
3344 2083 3497 2137 veluti
3533 2082 3678 2140 incon-

2146 2171 2335 2227 cinnas
2362 2179 2417 2227 et
2444 2186 2660 2227 sensum
2689 2172 2968 2243 scriptoris
2994 2174 3312 2244 saepiuscule
3346 2174 3676 2246 perturbantes.

2149 2260 2306 2330 Quod
2334 2262 2552 2332 quidem
2577 2263 2687 2334 jam
2710 2263 2966 2321 Erasmus
2993 2265 3226 2332 viderat,
3250 2273 3305 2322 et
3324 2266 3521 2336 rejectis
3536 2282 3679 2323 eorum

2151 2354 2444 2422 indicibus,
2494 2364 2654 2413 notas
2699 2373 3046 2414 numerorum
3093 2359 3229 2415 satis
3284 2359 3464 2416 habuit
3502 2359 3678 2430 margini

2151 2445 2430 2516 adiecisse.
2482 2446 2591 2503 Sed
2636 2447 3008 2518 Lugdunensis
3053 2453 3171 2507 sive
3198 2451 3512 2509 Genevensis
3543 2453 3681 2523 potius

2153 2539 2317 2596 editio
2344 2548 2535 2611 postea
2574 2543 2798 2614 recepit.
2843 2541 3178 2601 Emendasse
3223 2545 3412 2601 deinde
3447 2561 3500 2602 se
3532 2545 3681 2601 fatetu-

2152 2631 2383 2703 plurima
2412 2632 2466 2687 in
2497 2633 2610 2704 ipsa
2640 2635 2905 2690 orationis
2942 2636 3084 2692 serie
3129 2644 3299 2707 atque
3323 2644 3568 2702 contextu,
3592 2650 3680 2706 qua

2153 2726 2240 2781 vel
2278 2726 2577 2782 certissima
2606 2727 2708 2798 ipsi
2734 2727 3069 2796 viderentur,
3100 2729 3192 2785 vel
3233 2729 3429 2785 leviora
3465 2729 3682 2798 magisque

2154 2818 2378 2886 frivola,
2408 2834 2570 2889 quam
2609 2827 2671 2875 ut
2708 2827 3042 2876 notarentur.
3076 2820 3328 2877 Attamen
3372 2821 3681 2893 plerarumque

2156 2910 2421 2966 rationem
2450 2911 2717 2981 exposuit.
2748 2909 2899 2967 Notae
2919 2910 3035 2982 ejus
3063 2920 3194 2968 sunt
3220 2912 3506 2968 lectissima;
3527 2919 3572 2966 et
3590 2923 3679 2964 rara

2158 3002 2461 3060 eruditione
2487 3004 2721 3060 refertas.

2232 3090 2387 3146 1604.
2421 3090 2623 3149 Insula
2649 3093 2720 3147 ad
2750 3092 2948 3150 Locum
2973 3096 3280 3163 Acronium,
3311 3114 3373 3152 ea:
3403 3096 3484 3165 off.
3510 3093 3677 3148 Joannis

468 3195 730 3252 tum,nec
749 3185 1053 3257 expositum
1086 3184 1368 3239 sustulisse
1389 3184 1593 3239 clarere
1632 3199 1695 3238 ac
1728 3180 2057 3237 manifestari
2082 3182 2128 3248 C
2162 3181 2407 3239 Ludovici
2443 3182 2624 3250 Brem;
2667 3183 2838 3239 ἱη-άο.
2870 3184 2929 3242 S.
2959 3184 3238 3242 Valeriani
3271 3185 3564 3243 Cimeliens's
3586 3181 3672 3254 epi-

471 3279 546 3334 ait
574 3279 659 3334 vel
679 3293 745 3333 ex
775 3292 883 3332 uno
905 3273 1207 3331 Possidonii
1228 3273 1314 3329 vel
1335 3272 1565 3329 Possidii
1587 3272 1842 3339 indiculo,
1867 3272 1919 3327 in
1949 3287 2057 3342 quo

469 3371 617 3426 nulla
644 3370 712 3426 de
731 3385 798 3425 eo
819 3368 1040 3434 mentio,
1068 3376 1124 3423 et
1154 3366 1300 3436 quod
1334 3381 1593 3435 nusquam
1624 3365 1676 3420 in
1706 3364 1999 3421 Sententiis
2027 3381 2059 3421 a

471 3459 743 3532 Prospero
790 3458 1049 3524 collectis,
1102 3466 1196 3513 aut
1232 3458 1286 3512 in
1334 3456 1612 3529 Excerptis
1650 3456 1929 3529 Eugyppii,
1967 3464 2063 3513 aut

472 3551 537 3607 P.
562 3551 849 3608 Lombardi
878 3551 1190 3615 Sententiis,
1216 3565 1477 3618 nusquam
1505 3549 1737 3617 denique
1765 3548 1819 3603 in
1837 3546 2063 3605 Confes-

474 3643 630 3698 sione
686 3640 1072 3710 Augustiniana
1127 3639 1435 3711 Hieronymi
1493 3638 1771 3693 Tortensis
1817 3640 2063 3695 acerrimi

477 3750 704 3805 Operam
733 3731 1012 3800 Augustini
1046 3739 1102 3786 et
1134 3730 1409 3801 conspicui
1441 3730 1855 3802 propugnatoris
1880 3730 2065 3786 laude-

481 3834 586 3881 tur.
622 3825 825 3891 Quibus
846 3824 1106 3895 expositis
1133 3823 1211 3879 sic
1234 3822 1323 3878 ille
1350 3824 1526 3894 pergit
1552 3840 1565 3876 :
1593 3821 1775 3896 Itaque
1810 3839 1926 3878 mea
1964 3824 2067 3878 vir-

484 3927 589 3973 tute
614 3934 750 3972 nunc
770 3926 820 3970 et
841 3918 1084 3972 comitate
1101 3917 1231 3971 satis
1253 3917 1448 3989 factum
1467 3915 1711 3984 arbitror,
1732 3926 1789 3971 ut
1807 3926 2067 3973 auctorem

482 4008 556 4063 ad
599 4009 941 4081 Augustinum
987 4024 1273 4063 sermonem
1317 4009 1473 4063 istum
1529 4007 1747 4063 attinere
1790 4024 2069 4082 numquam

482 4119 638 4174 porro
665 4103 737 4157 sis
766 4101 992 4155 dicturus
1011 4142 1025 4167 ,
1050 4100 1114 4154 de
1133 4100 1279 4170 cujus
1300 4116 1415 4155 vero
1436 4108 1583 4172 patre
1601 4109 1651 4154 et
1668 4100 1895 4172 legitimo
1916 4101 2071 4173 facile

482 4212 639 4269 queas
679 4195 748 4249 ad
784 4194 1134 4266 conjecturam
1161 4192 1404 4259 evadere,
1445 4194 1490 4248 si
1529 4194 1791 4265 quinctum
1829 4192 2070 4247 admittas

484 4294 776 4367 γνώρισμα,
817 4306 915 4361 quo
942 4288 1091 4343 veluti
1120 4303 1375 4359 gnomone
1411 4286 1633 4358 quodam
1669 4285 1827 4341 libros
1855 4302 1996 4341 veros
2022 4294 2073 4340 et

487 4384 687 4437 nativos
716 4399 747 4435 a
779 4381 1115 4452 supposititiis
1148 4378 1498 4434 decernamus.
1524 4377 1639 4433 Hoc
1658 4379 1793 4433 enim
1814 4395 1905 4432 nec
1924 4378 2069 4444 utile,

489 4489 585 4527 nec
606 4480 767 4525 tutum
794 4472 984 4535 minus,
1009 4479 1064 4523 ut
1089 4486 1182 4541 ego
1213 4469 1413 4542 quidem
1448 4470 1700 4524 rationem
1722 4471 1887 4540 capio,
1918 4485 2074 4541 quam

2157 3274 2309 3345 scopi
2345 3273 2414 3330 de
2449 3273 2596 3331 bono
2632 3273 2927 3346 disciplinae
2963 3275 3185 3344 Sermo;
3235 3278 3375 3334 inter
3404 3276 3674 3332 Parmam

2173 3365 2381 3422 Veteres
2412 3381 2534 3422 cum
2563 3366 2707 3423 notis
2738 3366 3039 3424 Melcbioris
3067 3366 3456 3443 Haiminsfeldii
3484 3363 3678 3426 Goldasti.

2159 3472 2230 3513 ex
2246 3457 2571 3514 bibliotheca
2591 3466 2648 3513 et
2666 3458 2968 3531 sumptibus
2992 3457 3377 3518 Bartholomaai
3403 3454 3684 3525 Schobingeri

2159 3548 2201 3603 ι.
2232 3546 2294 3604 c.
2326 3566 2480 3623 pagg.
2514 3549 2667 3606 7-59.
3168 3568 3171 3571 -

2236 3639 2390 3695 l612.
2422 3639 2641 3698 Lutetia
2677 3640 3035 3711 Parisiorum,
3064 3661 3131 3699 ex
3167 3645 3377 3716 officina
3419 3640 3684 3701 Nirellim.’

2164 3731 2338 3786 ἔνι-80.
2363 3732 2548 3789 Sancti
2576 3731 2850 3789 Valeriani
2873 3734 3113 3807 episcopi
3140 3734 3480 3793 Cemeliensis
3502 3729 3688 3789 Hostilia

2166 3822 2285 3878 XX.
2310 3824 2443 3880 Item
2472 3822 2715 3895 Epistola
2743 3824 2810 3880 ad
2839 3824 3151 3891 Monachos,
3175 3827 3248 3883 de
3274 3825 3538 3883 virtutibus
3558 3830 3604 3880 et
3622 3836 3689 3879 or-

2166 3914 2292 3970 dine
2336 3914 2594 3970 doctrinse
2639 3914 2982 3986 Apostolicre.
3031 3913 3226 3972 Omnia
3272 3918 3508 3989 primum,
3544 3918 3690 3986 prater

2167 4002 2384 4064 unicam
2401 4009 2698 4077 homiliam,
2720 4019 2842 4081 post
2862 4025 3033 4068 annos
3052 4012 3172 4084 plus
3194 4014 3371 4069 minus
3391 4013 3521 4068 mille
3542 4011 3693 4066 ducen-

2169 4108 2255 4155 tos
2283 4101 2334 4154 in
2364 4100 2538 4156 lucem
2566 4100 2708 4157 edita
2738 4117 2769 4156 a
2795 4100 2992 4158 Iacobo
3022 4102 3305 4160 Sirmondo
3334 4097 3693 4160 Societatislesu

2170 4193 2487 4265 presbytero
2516 4208 2659 4248 anno
2694 4192 2950 4249 MDCXII.
2997 4215 3016 4247 ι
3050 4194 3319 4252 Valeriani
3348 4194 3562 4267 episcopi
3591 4204 3693 4262 pra-

2172 4295 2257 4342 ter
2282 4285 2558 4341 homiliam
2586 4284 2653 4341 de
2685 4285 2830 4342 bono
2858 4286 3170 4358 disciplinzr,
3218 4288 3387 4358 inquit
3421 4280 3692 4345 Sirmondus,

2173 4392 2293 4447 qua:
2331 4376 2538 4432 incerto
2567 4385 2726 4432 antea
2755 4378 2972 4433 nomine
2995 4378 3319 4447 jactabatur,
3351 4378 3605 4450 paucisque
3624 4373 3696 4427 ab-

2174 4468 2303 4523 hinc
2330 4469 2484 4523 annis
2515 4469 2724 4524 auctori
2765 4484 2864 4524 suo
2906 4469 3153 4525 restituta
3195 4479 3306 4537 est,
3340 4469 3463 4524 nihil
3494 4468 3699 4523 hactenus

490 4563 619 4619 milii
652 4563 727 4616 ita
759 4561 934 4615 dixere
965 4561 1059 4615 viri
1092 4560 1376 4631 complures
1411 4560 1712 4627 doctissimi,
1752 4561 1795 4615 si
1829 4560 2076 4616 codicum
2108 4558 2232 4619 Din
2263 4559 2438 4615 lucem
2458 4560 2728 4631 prolatum
2749 4560 3072 4632 accepimus.
3099 4560 3243 4628 Quas
3267 4576 3402 4617 nunc
3421 4560 3586 4617 damus
3607 4553 3700 4610 reli-

492 4652 816 4723 scriptorum
848 4649 981 4706 fides
1018 4650 1158 4705 bona
1177 4691 1190 4716 ,
1223 4665 1517 4721 eorumque
1560 4652 1852 4708 auctoritas
1892 4651 2071 4720 digna.

496 4742 698 4800 Nactus
724 4759 838 4798 sum
859 4742 1010 4813 hujus
1031 4743 1281 4796 sermonis
1300 4744 1694 4798 vetustissimum
1713 4751 1763 4797 et
1781 4744 2076 4816 antiquissi-

496 4851 635 4889 mum
654 4832 920 4903 exemplar
938 4833 991 4885 in
1011 4831 1203 4886 scrinio
1224 4830 1529 4886 nobilissimi
1557 4833 1673 4899 viri,
1710 4830 2079 4888 Bartholomtei

498 4925 839 4997 Scltobingeri
881 4922 972 4979 lC.
1006 4924 1181 4996 festive
1208 4933 1391 4996 parato
1420 4940 1533 4978 cum
1571 4941 1603 4979 a
1641 4924 1879 4995 scriptis,
1913 4932 2018 4979 tum
2045 4940 2080 4978 a

498 5018 633 5072 cusis
655 5015 818 5071 libris.
838 5013 968 5086 Ejus
989 5016 1099 5070 lttL’C
1118 5024 1194 5069 est
1214 5016 1500 5086 inscriptio.
1514 5014 1673 5070 lNClP.
1700 5031 1802 5070 us.
1826 5013 1883 5070 S.
1901 5014 2081 5071 VALE-

499 5125 640 5165 aixm
681 5107 1000 5164 Cmmsusns
1041 5123 1124 5162 sp.
1167 5123 1234 5161 DE
1276 5122 1408 5162 nouo
1447 5122 1768 5163 visetenim.
1814 5107 1985 5164 Simul
2022 5124 2086 5163 ac

501 5201 722 5271 primum
743 5199 841 5270 legi
877 5198 1076 5253 titulum
1110 5214 1392 5270 nomenque
1420 5198 1595 5264 libelli,
1627 5198 1755 5253 adeo
1788 5197 1857 5252 ad
1889 5198 2086 5255 Biblio-

505 5292 677 5346 tltecas
703 5290 929 5345 Cunradi
953 5288 1185 5354 Gesncri,
1215 5287 1394 5343 Josuw
1416 5289 1645 5356 Simleri,
1678 5289 1867 5345 Jacobi
1898 5288 2079 5346 Frisii.

504 5382 665 5438 Dicas
699 5380 925 5454 Neptuni
953 5382 1189 5455 pecudes,
1212 5383 1287 5436 ita
1306 5391 1519 5436 mutent.
1545 5381 1609 5436 In
1645 5383 1871 5438 archivio
1900 5400 2086 5438 mona-

506 5476 649 5529 sterii
671 5473 732 5528 S.
758 5472 916 5538 Galli,
947 5489 976 5527 e
1003 5473 1149 5543 cujus
1176 5472 1373 5544 peculio
1403 5472 1484 5526 hic
1504 5473 1627 5527 olim
1654 5474 1834 5540 codex,
1856 5474 2089 5530 vetustis-

506 5566 624 5620 smti
651 5574 770 5618 sunt
797 5563 1042 5620 librorum
1070 5563 1299 5631 Indices,
1323 5565 1409 5636 qui
1438 5563 1502 5619 de
1521 5564 1618 5619 hoc
1643 5567 1893 5637 scriptore
1912 5566 2091 5620 memi-

510 5676 650 5715 nere.
694 5660 972 5733 Catalogus
1012 5661 1072 5720 S.
1100 5660 1337 5717 Otlmtari
1365 5663 1518 5734 primi
1546 5659 1638 5715 sub
1675 5660 1867 5733 Pipino
1910 5658 2093 5716 Karoli

515 5750 593 5806 Η.
625 5760 774 5820 patre
792 5753 1027 5808 abbatis:
1058 5754 1113 5807 S.
1138 5753 1337 5810 Valerii
1354 5752 1684 5826 Cymelensis
1706 5756 1963 5827 episcopi,
1989 5766 2086 5809 etc.

2180 4667 2316 4721 quas
2348 4651 2707 4721 undeviginti,
2739 4653 3092 4710 celeberrimo
3121 4656 3353 4727 antiquae
3380 4650 3593 4709 Corbeia:
3614 4661 3701 4702 ωο·

2181 4744 2418 4800 nasterio
2474 4744 2751 4801 debemus.
2794 4744 2960 4816 Cujus
3001 4746 3218 4801 unicum
3272 4762 3379 4817 quo
3417 4746 3493 4801 usi
3542 4751 3698 4800 sumus.

2181 4845 2532 4910 pervetustaz,
2564 4838 2660 4894 sed
2699 4854 2888 4909 parum
2928 4840 3201 4908 castigata:
3241 4854 3428 4895 manus
3464 4831 3699 4903 exemplar.

2183 4930 2284 4985 etsi
2323 4929 2597 4985 homiliam
2637 4927 2705 4984 de
2747 4929 2890 4985 bono
2930 4930 3223 5001 disciplina:
3262 4946 3369 4986 non
3404 4926 3632 4985 habebat.
3663 4922 3703 4972 ει

2185 5021 2418 5077 civitatis
2444 5037 2673 5088 nomen,
2710 5021 2764 5076 in
2796 5036 2902 5092 qua
2939 5022 3257 5078 Valerianus
3296 5022 3559 5093 episc0pus
3583 5009 3701 5073 sedit.

2189 5130 2297 5171 non
2324 5115 2597 5171 indicabat
2636 5132 2651 5169 :
2692 5112 2864 5171 facilis
2907 5122 3086 5171 tamen
3115 5131 3182 5171 ex
3210 5114 3333 5187 styli
3361 5105 3705 5183 argumenqu

2186 5205 2534 5262 similitudine
2553 5204 2865 5275 conjectura
2894 5203 3013 5273 fuit,
3035 5205 3132 5262 has
3153 5205 3292 5262 illius
3310 5212 3569 5276 germanas
3590 5206 3705 5249 soro-

2187 5314 2276 5355 res
2303 5313 2451 5365 esse,
2482 5312 2777 5367 omnesque
2804 5297 2874 5353 ab
2900 5313 3009 5353 uno
3035 5306 3093 5353 et
3118 5297 3311 5354 eodem
3338 5292 3596 5352 Valeriano
3617 5281 3705 5340 edi-

2191 5400 2292 5459 tas,
2313 5391 2570 5462 episcopo
2588 5388 2982 5446 Cemelenensi.
2999 5372 3183 5461 Neciue
3194 5390 3297 5446 hac
3315 5390 3369 5445 in
3387 5404 3444 5444 re
3461 5384 3704 5455 quisquam.

2194 5483 2252 5538 ni
2292 5481 2468 5548 fallor,
2514 5481 2835 5554 repugnabit
2873 5523 2887 5537 .
2931 5521 2944 5536 .
2989 5523 3003 5536 .
3045 5481 3228 5555 Stylus
3266 5480 3486 5552 quippe.
3524 5471 3706 5543 θβιίηπιε
3746 5536 3749 5541 λ

2190 5572 2465 5643 judicandi
2484 5574 2759 5644 magister,
2776 5573 3161 5643 characterque
3180 5571 3426 5630 dictionis
3443 5562 3707 5623 Valeriam;

2196 5666 2405 5734 gravis,
2438 5666 2653 5738 inquam
2669 5707 2686 5733 ,
2716 5681 2783 5723 ac
2808 5666 3085 5739 splendida
3102 5707 3119 5734 ,
3149 5674 3205 5722 et
3224 5659 3488 5736 dignitatis
3509 5650 3706 5717 δυωίηυσ

2196 5757 2355 5828 Plena
2380 5756 2648 5827 facundia,
2676 5773 2798 5830 qua
2820 5759 2877 5815 in
2900 5758 2984 5814 his
3004 5755 3247 5814 Homiliis
3270 5755 3457 5819 elucet,
3480 5744 3593 5805 διώ
3608 5741 3707 5795 ham
