3878 6368
1120 395 1449 455 νετειιυιι
1489 395 1532 452 Τ
1538 394 1902 452 ESTIMONIA
1941 397 2029 454 DE
2067 398 2126 458 S.
2170 399 2584 458 VALERIANO.

3386 407 3492 461 090

205 503 328 575 ejus
363 518 528 574 quam
568 503 709 570 dixi,
749 512 963 560 aetatem
1005 504 1212 574 prodit;
1243 505 1390 560 illam
1426 505 1662 573 scilicet,
1693 521 1799 576 qua
1828 513 1879 572 Α
1904 507 2116 566 let-iani.
2149 551 2165 567 .
2199 551 2213 567 .
2249 552 2264 567 .
2287 510 2480 569 Sermo
2506 513 2576 570 de
2602 513 2748 570 bono
2774 512 3098 586 disciplinae;
3129 516 3185 570 in
3211 516 3344 588 App.
3370 521 3496 574 torni

206 590 506 651 Eucherius
525 593 914 665 Lugdunensis,
934 595 1167 652 Hilarius
1186 596 1517 654 Arelatensis
1537 598 1796 670 episcopi,

206 683 524 743 Vincentius
552 685 864 756 Lirinensis,
897 686 1134 761 Prosper
1164 699 1220 746 et
1251 689 1534 746 Salvianus
1574 690 1799 763 presby-

205 780 327 846 teri,
359 777 588 835 Galliam
618 791 855 837 nostram
887 798 994 837 non
1023 782 1268 838 dissimili
1295 783 1616 853 eloquentia:
1645 783 1803 839 laude

205 879 261 927 et
285 870 461 941 gloria
489 872 840 928 decorabant.
866 873 1073 929 Vellem
1102 874 1265 930 modo
1287 874 1685 930 emendatiores
1706 889 1806 929 no-

206 961 316 1029 bis,
350 972 407 1018 et
433 963 630 1036 quales;
661 963 1044 1022 disertissimus
1083 967 1367 1038 episcopus
1406 967 1801 1038 pronuntiarat,

207 1054 366 1110 edere
395 1055 657 1112 licuisset.
701 1055 808 1112 Sed
855 1058 908 1113 in
939 1066 1088 1114 tanta
1129 1059 1408 1130 depravati
1448 1060 1660 1116 codices
1685 1059 1808 1117 labe

207 1149 508 1219 Optandum
545 1150 597 1207 id
638 1165 794 1220 mage
822 1151 950 1220 fuit,
982 1168 1142 1223 quam
1183 1152 1528 1224 sperandum.
1555 1152 1808 1210 Fortasse

203 1250 389 1296 autem
416 1243 561 1312 quod
584 1243 757 1313 prima
784 1244 899 1300 hate
919 1245 1086 1302 editio
1115 1262 1223 1302 non
1251 1247 1445 1318 potuit,
1469 1246 1641 1302 altera
1668 1262 1808 1318 prab-

205 1337 392 1393 stabit.
431 1359 452 1392 »
487 1338 754 1396 Caeterum
786 1341 855 1398 de
885 1339 1210 1400 Cemeliensi
1237 1343 1552 1414 episcopatu
1581 1357 1807 1399 accura-

206 1429 436 1497 tissime,
488 1431 661 1502 deque
707 1431 979 1489 Valeriani
1025 1448 1279 1504 persona,
1327 1439 1590 1502 quantum
1636 1431 1806 1497 licuit,

205 1523 486 1581 disseruit.
507 1525 780 1598 Inscripsit
817 1525 1050 1584 Henrico
1070 1525 1344 1583 Ludovico
1363 1523 1630 1582 Castaneo
1651 1523 1812 1596 Rupi-

207 1635 396 1691 posseo
425 1619 772 1677 Pictavorum
801 1622 1076 1693 episcopo.

277 1711 444 1767 1618.
491 1712 722 1768 Coloniae
757 1713 917 1786 Agr.,
961 1712 1098 1785 apud
1131 1711 1324 1766 Anton.
1368 1710 1586 1776 Hierat;
1629 1711 1804 1782 ἔνι-[οι.

209 1804 488 1860 Valeriani
514 1801 865 1862 Cemeliensis
893 1806 1131 1876 episcopi
1165 1803 1410 1860 Homiliae
1437 1801 1555 1869 XX,
1586 1817 1653 1857 ex
1691 1801 1806 1858 edi-

1913 599 1991 656 γι
2021 597 2157 674 Opp.
2183 601 2244 659 S.
2277 603 2550 676 Augustini
2579 604 2666 661 ed.
2701 603 2931 660 Benedd.
2969 606 3024 661 in
3051 607 3350 680 exemplari
3388 608 3500 663 An-

1904 701 2067 765 tuerp.
2092 694 2196 750 col.
2223 693 2484 751 775-777.

1976 782 2132 841 1696.
2157 785 2399 853 Parisiis,
2423 806 2489 844 ea:
2511 787 2875 862 Typographia
2895 790 3094 864 Regia;
3114 792 3286 866 iit-fol.
3309 791 3368 849 S.
3389 791 3500 849 Va-

1905 879 2113 936 leriani.
2151 920 2166 933 .
2199 919 2214 934 .
2253 921 2265 935 .
2297 879 2543 936 Homilire
2566 879 2685 948 XX,
2717 893 2847 950 etc.;
2870 883 3012 938 inter
3040 879 3214 956 Opera
3229 882 3349 939 Jac.
3381 882 3502 941 Sir-

1906 973 2082 1028 mondi
2118 981 2266 1028 tomo
2294 972 2342 1040 Ι,
2386 988 2542 1045 pagg.
2577 973 2836 1031 604-702.
2874 975 3068 1032 Addita
3095 985 3222 1032 sunt
3248 992 3317 1034 ex
3344 977 3502 1034 sche-

1906 1064 1990 1121 dis
2016 1064 2256 1121 defuncti
2282 1082 2296 1121 :
2327 1065 2568 1138 Epistola
2595 1066 2714 1138 ejus
2740 1067 2812 1123 ad
2837 1068 2982 1123 card.
3011 1067 3349 1124 Barberinum
3377 1084 3502 1126 cum

1909 1157 2277 1214 notationibus
2329 1159 2649 1229 quibusdam
2703 1159 2773 1216 ad
2825 1160 2935 1216 duo
2990 1161 3081 1215 illa
3138 1160 3503 1230 objectionum

1908 1251 2118 1323 capita;
2151 1252 2280 1308 item
2311 1251 2626 1308 Testimonia
2665 1253 2911 1322 quaedam
2951 1253 3175 1308 Patrum
3202 1253 3270 1309 ad
3297 1251 3502 1310 calcem

1909 1343 2233 1414 exemplaris
2264 1344 2346 1400 sui
2377 1345 2446 1400 ab
2466 1344 2658 1401 eodem
2681 1345 2969 1416 descripta,
2994 1343 3174 1418 quibus
3193 1345 3367 1417 palam
3387 1346 3504 1416 ﬁeri

1909 1435 2076 1502 tellet,
2115 1435 2454 1492 Valerianum
2486 1437 2542 1491 in
2578 1436 2794 1492 homilia
2827 1435 2914 1502 11,
2949 1437 3038 1492 ubi
3066 1453 3181 1491 cum
3215 1436 3505 1508 Semipela-

1911 1528 2080 1600 gianis
2119 1529 2314 1583 sentire
2338 1529 2476 1583 uisus
2511 1537 2588 1583 est
2625 1525 2962 1601 quibusdam,
2990 1527 3129 1582 haud
3156 1527 3306 1582 aliter
3335 1538 3504 1582 tamen

1912 1621 2136 1676 locutum
2163 1638 2291 1687 esse,
2323 1639 2480 1696 quam
2524 1632 2733 1678 sanctos
2772 1621 2891 1678 illos
2936 1621 3124 1678 Patres
3169 1622 3310 1676 haud
3355 1621 3507 1678 dubio

1910 1714 2209 1769 catholicos.

2515 1801 2732 1844 SBCULO
2761 1802 2905 1844 XVIII.

209 1899 360 1954 tione
388 1898 424 1952 Ι
428 1915 510 1954 ac.
536 1898 834 1966 Sirmondi;
865 1875 1117 1969 Ejusdem
1146 1897 1384 1971 Epistola
1405 1899 1474 1953 ad
1493 1897 1806 1964 Monachos;

1986 1876 2143 1931 1712.
2185 1876 2444 1944 Venetiis,
2488 1877 2626 1950 apud
2664 1878 3007 1952 Augustinum
3047 1875 3276 1944 Sarioli;
3321 1877 3502 1950 ἱη-[οι.

209 1990 262 2046 in
291 1989 377 2046 Μ.
405 1991 541 2046 Bibl.
568 1991 684 2046 PP.
721 2001 852 2047 tom.
887 1992 950 2059 ν,
983 2001 1123 2064 part.
1157 2009 1234 2048 ιιι.

276 2083 446 2139 169.5.
481 2083 744 2158 Lugduni,
785 2087 1070 2158 sumptibus
1095 2085 1299 2140 Claudii
1339 2083 1584 2156 Landry;
1626 2082 1807 2156 in—fol.

209 2175 400 2232 Sancti
445 2175 721 2233 Valeriani
765 2179 1005 2248 episcopi
1048 2176 1399 2232 Cemeliensis
1428 2177 1532 2248 (ad
1577 2175 1811 2231 Nicaeam

210 2267 436 2340 Galliae)
470 2270 712 2326 Homiliac
739 2269 860 2336 XX,
883 2287 1003 2327 cum
1034 2270 1274 2342 Epistola
1303 2271 1370 2325 ad
1399 2269 1712 2336 Monachos,
1744 2269 1813 2325 de

214 2364 506 2419 virtutibus
534 2372 590 2419 et
610 2365 800 2420 ordine
827 2365 1086 2420 doctrinae
1107 2364 1460 2435 Apostolicze;
1489 2379 1612 2419 cum
1643 2361 1816 2418 Leone

211 2455 309 2522 ιι,
347 2455 588 2512 Maximo
613 2456 942 2524 Taurinensi,
975 2457 1134 2512 Petro
1164 2456 1500 2529 Chrysologo,
1533 2455 1814 2528 Fulgentio

212 2559 264 2606 et
306 2550 520 2606 Asteria
569 2552 807 2623 episcopo
866 2552 1118 2608 Amaseaz.
1171 2549 1522 2606 Pnemittitur
1568 2549 1814 2622 praefatio

211 2643 510 2710 Sirmondi,
536 2645 629 2699 sed
660 2645 864 2714 absque
894 2647 1110 2701 nomine
1137 2646 1272 2716 ejus.
1300 2644 1592 2716 Perperam
1633 2652 1814 2700 autem

213 2735 498 2793 Fabricius
539 2737 700 2792 tradit
741 2739 880 2793 hanc
919 2738 1212 2794 editionem
1255 2739 1429 2809 ipsum
1469 2735 1814 2791 Sirmondum

214 2845 457 2886 curasse.

281 2922 450 2979 1655.
492 2924 734 2996 Lugduni
765 2965 779 2978 .
814 2965 828 2979 .
859 2965 874 2979 .
910 2965 923 2978 .
960 2965 973 2979 .
1009 2964 1024 2979 .
1065 2923 1250 2997 in-fol.
1293 2923 1566 2978 Valeriani
1598 2962 1612 2976 .
1650 2962 1663 2976 .
1699 2961 1712 2974 .
1747 2960 1762 2974 .
1796 2960 1813 2976 .

215 3013 466 3070 Homiliae
494 3015 612 3082 XX,
645 3032 768 3071 cum
797 3015 1036 3087 Epistola
1065 3016 1133 3072 ad
1162 3014 1475 3081 Monachos,
1505 3021 1610 3069 etc.
1647 3012 1816 3068 Theon

215 3107 389 3179 philus
443 3107 763 3180 Raynaudus
804 3108 1150 3165 Valerianum
1205 3115 1457 3163 accurata
1505 3104 1819 3164 defensione

215 3203 354 3259 texit
394 3202 656 3259 adversus
696 3201 923 3260 Parcum
962 3201 1242 3258 Charitatis
1281 3200 1716 3266 criminatorem;
1760 3199 1814 3254 in

1913 1969 2096 2028 Sancti
2109 1969 2382 2026 Valeriani
2395 1969 2746 2027 Cemeliensis
2760 1969 2998 2042 episcopi
3017 1968 3297 2040 scriptoris
3315 1967 3510 2038 dignis-

1911 2065 2034 2121 simi
2074 2064 2318 2120 Homilize
2355 2072 2621 2135 quotquot
2651 2071 2880 2120 exstant.
2923 2062 3146 2120 Accedit
3171 2060 3411 2135 Epistola
3439 2061 3510 2115 ad

1914 2159 2201 2215 Monachos
2227 2167 2284 2214 et
2311 2157 2554 2214 defensio
2577 2156 2848 2230 Theophili
2876 2155 3186 2228 Rayuaudi;
3215 2170 3337 2212 cum
3367 2151 3509 2225 Ope-

1915 2253 2054 2308 ribus
2083 2251 2231 2307 Petri
2261 2249 2565 2324 Chrysologi
2583 2249 2738 2321 juxta
2765 2248 3059 2305 editionem
3078 2246 3340 2302 Dominici
3361 2243 3510 2301 Mill:

1915 2345 1984 2400 ab
2030 2345 2136 2400 hoc
2188 2342 2483 2414 bibliopola
2533 2340 2772 2409 recusis,
2827 2353 2984 2418 pagg.
3032 2336 3293 2394 215-291.
3344 2335 3511 2392 Abest

1915 2445 2095 2494 tamen
2121 2435 2402 2508 Raynaudi
2430 2449 2648 2501 nomen,
2680 2449 2790 2490 non
2819 2431 3008 2488 fraude
3035 2430 3213 2500 aliqua
3235 2428 3331 2485 sed
3358 2429 3512 2498 igno-

1914 2533 2090 2586 rantia
2129 2529 2269 2586 forte
2307 2527 2636 2600 bibliopolaz.
2669 2523 2881 2596 Quippe
2909 2523 3125 2580 nonnisi
3153 2523 3209 2578 in
3237 2521 3396 2578 titulo
3418 2535 3512 2592 ge-

1916 2623 2087 2680 nerali
2135 2621 2434 2677 editionum
2482 2616 2918 2689 Lugdunensium
2964 2623 3021 2671 et
3067 2612 3450 2670 Parisiensium
3478 2628 3512 2667 a

1916 2717 2213 2792 Raynaudo
2262 2730 2383 2772 esse
2427 2714 2690 2786 scriptum
2728 2709 2846 2776 fuit,
2879 2725 3040 2780 quem
3087 2707 3369 2764 advertere
3398 2704 3508 2774 ille,

1915 2811 2029 2867 sive
2058 2812 2104 2866 is
2131 2809 2218 2865 cui
2245 2805 2588 2863 describendi
2616 2818 2840 2876 operam
2863 2801 3166 2866 mandarat,
3199 2815 3307 2855 non
3331 2812 3513 2869 operae

1916 2920 2025 2961 sum
2065 2919 2182 2959 esse
2221 2901 2393 2958 duxit.
2425 2898 2639 2956 Fefellit
2687 2907 2866 2954 tamen
2893 2896 3000 2952 hoc
3044 2891 3421 2958 Oelricbsium,
3453 2899 3514 2947 ut

1917 2997 2110 3051 editori
2137 2994 2348 3050 Veneto
2373 3008 2423 3048 a.
2453 2989 2594 3046 1742
2621 2990 2766 3046 illam
2797 2988 3078 3044 tribueret.

1987 3088 2145 3142 1774.
2188 3085 2434 3152 Venetiis,
2457 3102 2521 3140 ea:
2551 3092 2752 3157 typogr.
2774 3081 2862 3137 Jo.
2889 3079 3044 3153 Bapt.
3066 3077 3305 3143 Albritii;
3324 3077 3510 3150 in-fol.

1917 3181 2102 3240 Sancti
2131 3178 2404 3236 Valeriani
2445 3176 2684 3248 episcopi
2725 3172 3078 3232 Cemeliensis
3116 3171 3363 3227 Homilize
3390 3167 3508 3224 XX.

216 3294 464 3368 Heptade
493 3294 788 3352 Prwsulum
816 3291 1116 3351 Christiana
1151 3294 1423 3366 Sapientia
1453 3302 1506 3348 et
1537 3261 1816 3346 Facundia

1923 3273 2050 3329 Item
2084 3270 2326 3344 Epistola
2369 3269 2435 3324 ad
2476 3267 2771 3324 Monachos
2810 3266 2878 3323 de
2915 3263 3204 3321 virtutibus
3239 3271 3295 3319 et
3325 3261 3516 3319 ordine

217 3385 657 3444 Clarissimorum.
682 3385 765 3444 Cf.
799 3387 987 3444 Leonis
1012 3387 1087 3442 Μ.
1114 3384 1307 3458 Opera.
1466 3446 1472 3450 _

287 3479 452 3536 166i.
485 3479 728 3546 Parisiis,
753 3481 894 3554 apud
917 3479 1209 3536 Simeonem
1237 3477 1422 3551 Piget;
1449 3475 1628 3549 in-{oL
1653 3473 1818 3530 Vale—

219 3573 378 3629 riani.
415 3614 429 3628 .
467 3613 482 3629 .
517 3613 534 3630 .
561 3573 808 3630 Homilim
849 3571 968 3638 XX,
998 3581 1128 3637 etc.,
1160 3587 1282 3628 cum
1321 3568 1602 3644 Baynaudi
1625 3566 1815 3623 defen-

219 3666 406 3730 sione;
440 3666 494 3722 in
523 3666 714 3723 eadem
741 3664 1094 3722 Collectione.

288 3758 456 3816 1671.
485 3758 728 3827 Parisiis,
757 3770 948 3832 sumpt.
989 3760 1134 3816 Petri
1176 3757 1451 3832 Variguet;
1480 3759 1662 3831 iit-fol.
1699 3755 1818 3812 Ete-

217 3850 377 3919 dem;
409 3853 552 3908 inter
578 3854 797 3909 eosdem
826 3852 1150 3924 Scriptores.

289 3945 453 4002 1677.
484 3946 758 4021 Lugduni,
792 3947 933 4019 apud
970 3947 1310 4011 Anissonios;
1339 3945 1517 4018 iit-fol.
1561 3942 1618 4000 S.
1651 3943 1815 3999 Vale-

218 4041 380 4097 riani.
413 4081 429 4096 .
462 4081 478 4095 .
511 4082 527 4097 .
555 4039 800 4097 Homiliaa
823 4038 940 4106 XX,
974 4055 1040 4095 ex
1070 4039 1156 4095 ed.
1180 4037 1295 4094 Jac.
1320 4036 1624 4101 Sirmondi;
1656 4034 1817 4106 Ejus-

218 4131 345 4190 dem
372 4131 613 4205 Epistola
643 4133 709 4190 ad
730 4131 1054 4198 Monachos;
1087 4131 1141 4187 in
1171 4129 1305 4184 Bibl.
1340 4127 1490 4184 Max.
1523 4127 1643 4182 PP.
1669 4135 1816 4182 tomo

224 4223 365 4291 Vill,
395 4239 554 4296 pagg.
585 4223 846 4280 tos-.525.

294 4316 454 4372 1685.
487 4317 730 4386 Parisiis,
757 4317 895 4391 apud
918 4315 1117 4373 Franc.
1139 4316 1387 4390 Muguet;
1413 4314 1597 4388 iit-fol.
1619 4312 1677 4369 S.
1710 4312 1817 4368 Va-

252 4448 527 4467 *ι-

575 4430 3086 4468 ________________________.___—_—.

1917 3367 2179 3424 doctrina:
2217 3363 2561 3436 Apostolicae.
2594 3359 2673 3416 Ex
2715 3359 2974 3432 praeclara
3003 3356 3240 3413 editione
3265 3353 3516 3414 Sirmon-

1919 3461 2079 3516 diana
2106 3457 2374 3515 recensita
2403 3463 2459 3511 et
2487 3455 2692 3525 aliquot
2719 3454 2774 3509 in
2796 3451 2932 3509 locis
2958 3450 3266 3509 emendata:
3290 3450 3344 3506 in
3373 3449 3512 3504 Bibl.

1922 3551 2042 3608 PP.
2072 3560 2124 3606 et
2165 3548 2273 3607 SS.
2303 3539 2450 3603 Eccl.
2503 3546 2618 3602 γει.
2662 3545 2885 3602 Αηάνεω
2931 3542 3199 3600 Gallandii
3246 3551 3394 3598 tomo
3440 3540 3512 3606 X.

1921 3656 2078 3715 pagg.
2112 3637 2372 3695 125-158.
2413 3636 2682 3708 Expressa
2715 3645 2800 3693 est
2833 3635 3000 3692 editio
3032 3650 3083 3690 a.
3121 3631 3278 3688 1696.
3319 3631 3516 3689 Acces-

1921 3752 2042 3794 sere
2079 3734 2241 3805 igitur
2277 3730 2518 3804 Epistola
2561 3729 2828 3786 Sirmondi
2866 3728 2937 3782 ad
2977 3726 3315 3784 Barberinum
3365 3724 3512 3779 card.

1829 3900 1836 3906 .
1918 3839 1976 3886 et
2022 3829 2166 3895 alia,
2221 3834 2278 3882 et
2325 3825 2584 3896 inspersa:
2635 3830 2763 3879 sunt
2807 3821 3026 3876 Βουηωὶ
3076 3818 3166 3890 (de
3205 3817 3258 3873 la
3306 3815 3515 3887 Baune)

1920 3919 2330 3979 emendationes
2356 3932 2480 3974 cum
2512 3915 2783 3971 nonnullis
2810 3911 2966 3985 Casp.
2995 3911 3194 3967 Barthii
3216 3925 3284 3966 ex
3305 3908 3515 3964 Adver-

1922 4013 2080 4069 sariis
2105 4019 2160 4066 et
2188 4007 2426 4066 Cetelerii
2455 4023 2522 4062 ex
2550 4004 2912 4062 Monumentis
2932 4001 3078 4058 Eccl.
3103 4000 3195 4055 Gr.
3221 4009 3276 4055 et
3301 3997 3518 4055 Consti-

1923 4102 2220 4161 tutionibus
2248 4099 2590 4171 Apostolicis,
2617 4113 2718 4152 nec
2737 4110 2846 4151 non
2875 4094 3079 4163 aliquot
3099 4089 3364 4146 Gallandii
3383 4105 3517 4146 con-

1918 4194 2162 4266 jecturis.
2195 4193 2253 4248 In
2277 4190 2670 4262 Prolegomenis
2698 4197 2852 4259 caput
2877 4202 2935 4243 ιιι
2960 4184 3250 4240 Valeriano
3278 4181 3514 4238 dicatum

1921 4299 2020 4347 est.

3087 4426 3513 4448 ᾔ

909 4563 1630 4651 TESTIMONIA
1706 4559 1866 4644 DE
1943 4559 2034 4641 S.
2109 4546 2832 4638 VALERIANO.

229 4795 284 4846 ιιι
309 4795 579 4859 exemplari
615 4794 880 4847 νιιιιιιιιι
906 4795 1024 4859 editi
1071 4809 1097 4845 ιι
1139 4795 1417 4859 εεηυοηο.
1461 4793 1743 4859 reperimus
1787 4785 2054 4859 adfa'cftm
2089 4769 3518 4859 statim;arts!intris.§i'memll£’3'12.'!§?$ﬂ£‘i.m

293 4832 594 4922 ι’ὲὲἱιὲἓῖξῖἶὲ,
622 4832 1102 4922 ἷξθῆ
1127 4832 1924 4922 'i’siéri.i.li_igit"ﬁ[i.oaﬁii£
1934 4832 2141 4922 Ῑεθῴι
2160 4832 2716 4922 pelagiauis
2738 4839 2927 4890 sentire
2959 4839 3097 4888 visus
3114 4841 3192 4885 est
3205 4832 3515 4902 quibusdam,

293 4905 423 4970 haud
436 4905 594 4972 me;
615 4905 778 4971 anei;
799 4905 1011 4971 tééutiim
1035 4905 1150 4971 esse
1164 4905 1318 4984 an...
1337 4905 1532 4970 sanctos
1556 4916 1666 4968 illos
1685 4917 1858 4965 Patres
1881 4911 2008 4962 haud
2020 4905 2180 4959 dubie
2203 4905 2483 4958 catholicos.

229 5046 544 5104 Eunomus
579 5044 886 5102 Patarensis
935 5045 1076 5170 amid
1119 5045 1481 5100 Damascenus
1523 5045 1580 5099 in
1626 5039 1822 5097 Paral-

975 5133 1003 5170 e
1025 5133 1089 5170 is.

1923 5037 2195 5113 προφθὸωει
2230 5035 2325 5094 τὰς
2355 5033 2607 5106 ἡμετέρας
2634 5027 2921 5102 ﬁculneae,
2949 5027 3034 5082 ἳνα
3059 5029 3132 5100 μή
3157 5025 3438 5096 λυμήνηται
3458 5025 3520 5078 τὸ

1928 5125 2250 5170 ηδ’ριῖηιςηιῆν
2272 5127 2432 5170 sini)».

975 5118 1089 5171 elis.

297 5254 471 5316 minus
522 5255 710 5328 ἀγαθῆς
759 5252 994 5329 πράξεως
1033 5255 1064 5312 ἡ
1098 5256 1339 5326 καταρχὴ
1390 5249 1442 5305 έν
1487 5259 1550 5325 τῇ
1598 5250 1822 5324 ἡμετέρᾳ

233 5347 384 5422 βουλῇ
404 5350 662 5408 κέκτηται·
684 5348 744 5402 τὸ
764 5345 818 5403 δι
843 5345 1198 5424 συμπέρασμα
1225 5347 1274 5398 ἐν
1301 5350 1374 5415 τῷ
1401 5350 1531 5416 Θεῷ.

300 5439 485 5496 Omnis
531 5440 688 5496 bona;
714 5439 943 5494 actionis
983 5439 1191 5493 initium
1231 5438 1286 5491 in
1315 5448 1498 5493 nostra
1540 5435 1820 5492 voluntate

236 5535 461 5602 positum
481 5541 568 5588 est
592 5549 614 5600 ε,
630 5531 1085 5602 complementum
1112 5543 1240 5584 vero
1270 5529 1326 5583 in
1353 5529 1484 5584 Deo.

285 5665 697 5725 Cnnvsosrouus
723 5666 860 5722 hom.
895 5665 964 5719 12
992 5667 1047 5721 in
1077 5663 1369 5736 Epistolam
1392 5664 1461 5717 ad
1490 5661 1760 5718 Hebraeos.

297 5818 382 5869 Δεῖ
407 5810 508 5885 γὰρ
537 5811 671 5883 ἡμᾶς
698 5815 904 5885 πρῶτον
931 5806 1132 5864 ilia-Ou:
1155 5807 1225 5863 τά
1253 5805 1435 5879 ἀγαθὰ,
1469 5803 1552 5858 καὶ
1578 5797 1661 5858 ὅτε
1691 5799 1821 5855 ἕλῶ-

237 5905 352 5974 tuo!
381 5906 549 5977 ὑμᾶς,
576 5903 693 5960 τότε
731 5904 817 5957 καὶ
850 5901 1009 5962 αὐτὸς
1046 5901 1114 5957 τὰ
1140 5898 1460 5975 παρ’ἇαυτσῦ
1493 5897 1706 5968 εἰσάγει.
1739 5893 1814 5948 οὐ

1927 5125 2250 5194 αὐτεξούσιον
2272 5127 2432 5199 ἡμῶν.

1999 5218 2225 5292 Oportet
2261 5216 2404 5272 enim
2435 5227 2534 5270 nos
2562 5211 2795 5282 primum
2832 5209 2979 5265 bona
3016 5207 3244 5276 eligere,
3277 5213 3333 5260 et
3366 5213 3525 5276 post-

1927 5327 2089 5383 quam
2109 5308 2447 5378 elegerimus,
2481 5312 2609 5358 tunc
2629 5300 2783 5356 aﬂ'ert
2809 5315 2930 5370 qua:
2953 5314 3049 5355 sua
3077 5306 3220 5353 sunt.
3246 5295 3362 5352 Non
3387 5313 3528 5366 prac-

1925 5403 2075 5460 venit
2101 5409 2317 5458 nostras
2351 5397 2676 5460 voluntates,
2701 5409 2770 5450 ne
2801 5391 2992 5465 perdat
3020 5396 3262 5447 nostrum
3293 5389 3524 5443 liberum

1927 5495 2229 5551 arbitrium.

2175 5634 2315 5690 Iuntl
2337 5631 2393 5685 in
2418 5629 2556 5684 hom.
2586 5625 2626 5680 2
2647 5627 2706 5682 in
2728 5623 2898 5697 Epist.
2924 5623 2994 5677 ad
3015 5619 3246 5676 Corinth.

1995 5793 2118 5852 ’Δπὸ
2144 5788 2332 5848 τούτου
2358 5789 2526 5847 τοίνυν
2550 5787 2882 5860 μανθάνομιν,
2909 5779 2989 5838 ὅτι
3013 5777 3102 5855 κᾷν
3125 5779 3373 5835 ἐλεεῖσθαι
3399 5777 3518 5848 μὲλ-

1926 5892 2109 5965 λωμον,
2133 5892 2304 5957 ἀξίους
2328 5889 2575 5964 πρότερον
2594 5888 2850 5960 παρᾶχειν
2873 5885 3008 5955 ἡμᾶς
3031 5881 3245 5940 ἑαυτοὺς
3273 5879 3403 5955 χρή⁶
