3960 6358
248 230 360 291 693

1708 226 1994 287 HOMILIA
2037 230 2078 286 Ι.

3440 246 3549 311 691

244 346 568 425 prophetam
608 342 876 401 dicentem
911 361 923 398 :
958 340 1158 399 Set-rite
1190 341 1414 399 Domino
1452 344 1510 399 in
1560 343 1765 411 timore,
1798 354 1849 400 et
1877 354 1919 413 Α
1954 356 2064 405 tem
2094 349 2244 407 illum
2280 351 2553 413 homicidii
2598 360 2802 417 crimen
2840 366 3075 424 evasisse
3108 369 3356 435 aestimet,
3389 387 3551 443 quem

244 441 505 499 uanitate
529 437 708 495 sicam
730 445 965 493 tremore.
991 437 1369 509 Appreltendite
1406 437 1758 509 disciplinam,
1783 456 1850 496 ne

246 534 455 609 quando
474 534 732 587 irascetur
750 529 1024 597 Dominus,
1055 540 1105 586 et
1118 532 1337 602 pereatis
1366 528 1431 586 de
1455 532 1539 587 via
1558 530 1703 605 justo
1726 531 1844 602 (Ps.

246 645 303 693 Il,
334 627 416 692 li,
451 624 563 696 12).
595 624 742 681 Bene
768 624 822 679 in
846 623 1099 679 omnibus
1125 624 1303 680 causis
1325 624 1490 680 timor
1506 625 1850 697 obteth

244 719 544 789 disciplinae
569 735 582 772 :
606 717 698 788 qui
719 732 818 790 pro
840 719 944 773 hoc
966 718 1083 788 ipso
1104 716 1249 787 quod
1270 717 1615 776 imminentes
1642 720 1851 791 pericu-

246 816 425 871 lorum
454 827 612 869 casus
639 821 734 869 aut
772 811 882 867 iras
904 809 1145 881 iudicum
1167 827 1362 869 cavere
1393 814 1571 879 novit,
1603 821 1848 885 potesta-

244 915 357 964 tem
396 904 783 964 conservanda:
808 903 998 961 salutis
1031 904 1285 962 obtinuit.
1331 904 1471 976 Quid
1499 906 1664 979 igitur
1690 906 1848 964 adul-

243 1009 365 1057 tero
387 1006 596 1056 castum
612 1000 639 1054 ?
655 998 785 1070 quid
815 997 917 1055 furi
945 1005 1091 1055 esset
1121 1005 1294 1055 tutum
1309 999 1336 1056 ἲ
1353 999 1485 1072 quid
1512 1000 1711 1057 latroni
1739 1017 1849 1059 non

243 1092 533 1167 pervium?
560 1092 681 1163 quis
721 1106 831 1148 non
871 1100 1534 1165 expavesceret.concava
1583 1094 1846 1167 littorum,

242 1196 457 1245 secreta
490 1188 784 1244 silvarum?
820 1187 950 1259 quid
980 1204 1089 1244 non
1140 1190 1486 1271 przesumptio
1525 1191 1847 1265 possideret,

243 1282 349 1337 nisi
399 1279 636 1337 furorem
679 1281 984 1337 animorum
1030 1281 1130 1338 sub
1173 1289 1322 1337 metu
1366 1297 1539 1357 pm
1565 1282 1849 1356 disciplina

243 1373 657 1446 compesceret?
685 1374 762 1433 Ac
801 1375 902 1435 nisi
929 1374 1256 1433 constitutus
1281 1383 1428 1435 esset
1449 1375 1586 1432 ordo
1608 1376 1846 1447 vivendi,

243 1479 543 1536 numquam
588 1463 832 1537 profecto
867 1463 1027 1523 linem
1057 1475 1286 1539 poneret
1332 1474 1522 1524 natura
1566 1470 1846 1541 peccandi.

244 1560 392 1621 Nihil
421 1568 506 1623 est
550 1560 697 1631 quod
725 1577 831 1621 non
860 1560 982 1632 gula
1027 1561 1272 1626 suadeat,
1315 1560 1360 1618 si
1388 1562 1524 1631 gula:
1569 1561 1853 1634 disciplina

246 1638 587 1710 consentiat;
603 1652 745 1710 Nihil
775 1661 859 1709 est
880 1653 1022 1722 quod
1048 1670 1154 1709 non
1173 1652 1363 1726 perdat
1378 1654 1610 1723 luxuria,
1635 1656 1681 1712 si
1702 1673 1855 1714 amo-

1955 455 2270 501 excusatnm
2302 450 2574 507 smcularis
2598 451 2787 522 judicii
2809 460 3051 532 corrupti
3080 464 3345 519 sententia
3369 462 3551 524 absol-

1954 537 2111 633 verit.
2144 538 2252 633 Nec
2282 540 2372 598 ille
2397 543 2650 602 adulterii
2692 546 2902 607 facinus
2930 556 3348 626 praetermissum
3376 568 3550 633 putet,

1953 629 2047 700 qui
2076 632 2421 702 indulgentia:
2450 636 2568 707 iege
2594 639 2964 715 deprehensus
2992 647 3183 703 evasit.
3220 629 3394 706 Nemo
3431 670 3554 707 cum

1953 738 2141 779 sanam
2169 726 2446 785 dexteram
2491 732 2636 789 videt
2664 732 2911 795 falsitatis
2936 754 3034 795 reo
3063 739 3244 797 debita
3262 741 3385 812 jure
3424 762 3555 816 snp-

1952 816 2113 888 plicia
2148 816 2355 888 judicet
2394 821 2558 879 fuisse
2596 839 2876 885 concessa.
2920 827 3197 889 Defunctis
3236 836 3558 905 corporibus

1953 909 2102 966 salva
2132 920 2258 968 sunt
2278 913 2526 978 crimina.
2558 918 2662 975 nisi
2685 917 2882 978 fuerint
2920 924 3069 994 prius
3108 926 3251 998 apud
3278 926 3449 984 Deum
3481 928 3559 983 la-

1952 1014 2257 1074 crymarum
2278 1004 2665 1066 intercessione
2679 1020 2923 1082 purgata;
2946 1025 3226 1088 exspectat
3240 1019 3384 1075 enim
3402 1035 3560 1077 reum

1952 1108 2110 1151 suum
2157 1096 2405 1167 gehenna
2452 1099 2649 1157 debitis
2677 1114 2885 1161 armata
2914 1108 3207 1180 suppliciis.
3241 1110 3322 1168 Ad
3361 1112 3557 1169 confu-

1953 1186 2162 1245 sionem
2194 1190 2363 1262 magis
2402 1195 2685 1264 promotis
2718 1197 2862 1265 vine,
2898 1214 3006 1257 non
3053 1202 3121 1258 ad
3158 1204 3557 1264 absolutionem

1954 1278 2214 1350 criminis,
2246 1283 2482 1354 pertinet
2516 1289 2812 1346 auctoritas
2840 1296 3120 1351 sententia:
3144 1299 3435 1358 s'ecularis.
3459 1299 3558 1357 illa

1954 1386 2087 1443 ergo
2116 1373 2272 1431 nobis
2310 1384 2436 1433 sunt
2462 1388 2590 1441 ante
2617 1381 2800 1438 omnia
2838 1385 3123 1457 cogitanda
3156 1390 3439 1463 supplicia,
3464 1393 3558 1450 tibi

1956 1464 2122 1522 homo
2148 1467 2279 1523 vivit
2306 1468 2535 1528 durante
2558 1487 2737 1547 poena,
2768 1475 2860 1532 ubi
2899 1492 3000 1534 nec
3021 1487 3288 1537 tormenta
3315 1484 3554 1556 corpori,

1956 1573 2059 1615 nec
2080 1558 2275 1615 desunt
2302 1564 2541 1620 membra
2572 1566 2785 1623 tortori.
2814 1566 2947 1636 Quae
2977 1578 3158 1627 tamen
3188 1569 3345 1630 facile
3381 1574 3558 1633 vitare

1956 1665 2264 1723 possumus,
2298 1653 2343 1713 si
2391 1653 2634 1713 habenas
2678 1657 2979 1732 disciplina:
3019 1670 3318 1731 teneamus,
3356 1665 3432 1723 ita
3472 1664 3560 1722 di-

245 1760 307 1802 re
337 1746 599 1809 vitiorum
647 1760 678 1800 a
708 1752 763 1801 te
802 1744 1082 1819 disciplina
1122 1744 1385 1807 discedat.
1428 1745 1571 1809 Nihil
1597 1756 1681 1807 est
1705 1747 1853 1819 quod
1888 1758 1929 1818 3
1958 1751 2116 1800 cente
2143 1742 2407 1819 Apostoio
2441 1764 2457 1801 :
2491 1746 2551 1805 Si
2575 1749 2649 1807 eis
2680 1767 2785 1806 non
2815 1753 2992 1809 timere
3020 1764 3345 1828 potestatem,
3369 1756 3560 1817 bonum

247 1857 360 1899 non
386 1841 622 1899 habendi
645 1856 708 1899 ac
728 1840 1034 1919 possidendi
1054 1841 1349 1923 cupiditate
1370 1840 1583 1897 animus
1603 1848 1853 1915 occupet,

247 1936 353 1991 nisi
379 1935 621 1993 avaritiae
644 1934 831 1993 vitium
854 1933 1137 2007 disciplina
1164 1932 1511 1992 condemnet.
1535 1931 1727 1995 Omnia
1756 1935 1856 1993 sub

244 2036 402 2084 metu
421 2026 717 2105 disciplina:
747 2027 875 2089 vitia
900 2026 1100 2098 jaceat.
1125 2022 1249 2091 Jam
1277 2043 1386 2085 non
1407 2027 1563 2083 estin
1584 2043 1695 2107 quo
1725 2027 1859 2086 fides

245 2136 511 2195 umquam
550 2120 852 2189 erubescat,
903 2120 950 2176 si
990 2120 1153 2177 homo
1182 2116 1420 2175 futurum
1460 2119 1555 2177 Dei
1591 2119 1857 2192 judicium

244 2214 509 2289 respiciat
549 2219 604 2268 et
630 2228 850 2270 causam
878 2211 1167 2271 reddendae
1194 2213 1422 2271 rationis
1451 2215 1725 2286 intendat;
1756 2232 1857 2275 nec

247 2324 334 2375 est
364 2314 420 2373 in
449 2330 559 2389 quo
600 2314 795 2375 vindex
841 2312 1108 2381 scelerum
1145 2311 1361 2373 ﬂamma
1391 2311 1669 2389 desaeviat,
1699 2315 1747 2375 si
1774 2315 1859 2373 in-

246 2408 395 2475 tuitu
424 2388 723 2487 disciplina:
765 2414 859 2475 aut
901 2421 1021 2480 quae
1066 2414 1195 2469 sunt
1222 2404 1455 2467 honesta
1493 2388 1722 2480 cogites,
1764 2415 1859 2471 aut

246 2514 379 2589 quae
407 2508 534 2565 sunt
577 2498 827 2572 pudenda
855 2499 1106 2571 castiges.
1136 2495 1291 2557 Multi
1320 2498 1393 2556 ibi
1427 2514 1625 2556 nomen
1664 2498 1858 2563 crude—

247 2590 422 2655 litatis
451 2592 757 2663 imponunt,
781 2591 871 2650 ubi
890 2607 990 2664 pro
1010 2606 1199 2653 amore
1220 2590 1516 2664 disciplina:
1535 2592 1741 2653 crimen
1763 2591 1859 2649 ad-

245 2685 404 2744 missi
433 2685 658 2749 sceleris
684 2684 951 2759 supplicio
972 2683 1279 2751 vindicatur
1306 2682 1553 2751 latronis,
1583 2698 1706 2743 cum
1735 2698 1860 2743 sen-

247 2779 426 2841 tentia
450 2778 742 2849 judicantis
764 2778 927 2859 justis
955 2777 1162 2859 legibus
1200 2777 1434 2843 serviat;
1462 2784 1520 2833 et
1547 2792 1655 2833 non
1684 2774 1860 2835 solum

246 2874 634 2957 praesentibus,
665 2870 761 2935 sed
790 2872 957 2931 etiam
985 2871 1177 2933 futuris
1205 2886 1425 2931 manum
1452 2871 1714 2949 porrigat.

321 2965 380 3025 ὅ.
423 2964 556 3043 Quis
575 2965 739 3039 igitur
759 2980 871 3027 non
900 2963 1050 3023 licito
1070 2964 1320 3029 crederet
1346 2978 1407 3023 se
1430 2963 1633 3027 debere
1670 2977 1863 3041 pecca-

246 3074 334 3127 re,
357 3058 404 3117 si
427 3056 712 3129 impudicis
751 3064 808 3113 et
835 3056 1017 3130 impiis
1042 3055 1254 3119 actibus
1276 3054 1446 3129 judex
1476 3068 1585 3115 non
1612 3055 1863 3128 pimscri.

1961 1839 2068 1912 fac,
2091 1846 2144 1894 et
2164 1835 2376 1895 habebis
2407 1838 2615 1901 laudem
2641 1860 2709 1899 ea:
2736 1862 2799 1900 ea
2822 1842 2999 1918 (Rom.
3025 1864 3137 1915 χιιι,
3169 1848 3246 1921 3).

2033 1928 2086 1986 4.
2129 1927 2261 1998 Quis
2286 1933 2502 2005 sapiens
2532 1950 2641 1993 non
2688 1936 2755 1992 ad
2781 1937 2895 1995 haec
2935 1938 3231 2015 disciplinae
3267 1942 3411 1999 bona
3439 1944 3561 2000 aui-

1959 2039 2110 2081 mum
2138 2024 2294 2082 laetus
2315 2035 2576 2103 apponat,
2607 2028 2699 2087 ubi
2725 2039 2907 2105 potest
2935 2032 3098 2091 homo
3126 2051 3232 2092 non
3262 2036 3437 2095 solum
3456 2040 3563 2096 cri-

1959 2115 2123 2177 minis
2149 2131 2366 2191 poanam
2392 2118 2586 2185 vitare,
2626 2121 2722 2178 sed
2761 2130 2817 2180 et
2852 2125 3083 2196 gratiam
3111 2125 3437 2186 laudationis
3465 2144 3563 2185 ac-

1958 2207 2219 2283 quirere?
2242 2208 2440 2266 Audite
2478 2211 2805 2285 prophetam
2832 2215 3102 2274 dicentem
3135 2235 3147 2272 :
3178 2218 3564 2293 Appreltendits

1961 2296 2311 2375 disciplinam,
2344 2320 2410 2360 ne
2429 2306 2635 2378 quando
2662 2307 2926 2365 irascatur
2964 2309 3242 2381 Dominus,
3269 2323 3321 2370 et
3340 2315 3563 2387 pereatis

1960 2392 2026 2451 de
2052 2396 2135 2452 uio
2166 2394 2315 2464 justo
2347 2395 2466 2475 (Ps.
2498 2415 2554 2465 ιι,
2589 2398 2700 2475 η).
2741 2398 2800 2459 In
2846 2401 2953 2463 hoc
2992 2404 3111 2462 loco
3136 2404 3206 2462 ad
3234 2405 3375 2476 illos,
3405 2415 3561 2480 puto,

1959 2491 2199 2563 pertinet
2248 2491 2350 2547 ista
2396 2494 2684 2563 sententia,
2734 2495 2801 2553 ad
2827 2512 2966 2570 quos
3009 2499 3247 2557 nondum
3275 2501 3565 2574 disciplina

1960 2584 2247 2657 pervenit;
2278 2584 2372 2659 qui
2401 2585 2578 2643 adhuc
2606 2589 2661 2653 in
2699 2588 2872 2646 deviis
2916 2603 3217 2661 morantur,
3254 2595 3398 2666 capti
3424 2595 3564 2655 anti-

1961 2691 2071 2763 quo
2121 2677 2519 2749 superstitionis
2546 2695 2751 2737 errore.
2783 2680 3087 2740 Probantur
3114 2686 3258 2742 enim
3305 2687 3405 2745 sub
3445 2686 3564 2759 lege

1963 2782 2255 2843 numquam
2291 2768 2510 2836 vixisse,
2561 2771 2655 2841 qui
2684 2770 3044 2833 admonentur
3072 2783 3131 2831 ut
3156 2776 3565 2849 apprehendant

1963 2859 2205 2921 studium
2248 2860 2567 2933 disciplinas.
2598 2859 2855 2934 Sequitur
2897 2864 2951 2920 in
3004 2865 3107 2922 hoc
3152 2867 3362 2939 psalmo
3412 2887 3425 2922 :
3476 2865 3565 2924 Nc

1963 2952 2172 3029 quando
2213 2953 2473 3010 irascatur
2511 2950 2787 3027 Dominus,
2835 2967 2884 3013 et
2912 2962 3135 3031 pereatis
3178 2960 3243 3015 de
3289 2962 3371 3017 via
3392 2962 3560 3035 justo.

1964 3042 2133 3118 Igitur
2151 3048 2194 3103 si
2220 3047 2343 3107 illos
2371 3049 2640 3122 propheta
2668 3051 2859 3107 statuit
2893 3067 3036 3119 reos,
3065 3053 3132 3113 ad
3158 3069 3298 3126 quos
3324 3053 3566 3127 disciplL

246 3147 415 3213 κιαι-οι
432 3148 811 3223 αἰθοίρῆηωῖ
840 3146 1136 3211 videamus
1151 3145 1280 3223 quid
1304 3146 1394 3209 te;
1418 3145 1672 3229 loquatur
1696 3163 1710 3200 :
1734 3142 1862 3206 Non
1891 3146 1933 3211 ε
1967 3155 2036 3195 na
2069 3156 2359 3213 numquam
2387 3142 2657 3229 pervenit,
2687 3141 2819 3217 quid
2847 3143 2915 3200 de
2955 3144 3060 3202 illis
3082 3145 3434 3218 judicandum
3462 3164 3566 3222 pu-

247 3242 482 3315 oecides,
524 3259 630 3309 non
659 3241 1002 3306 adulteram.
1048 3258 1153 3299 non
1192 3241 1474 3319 fateberis,
1520 3256 1626 3301 non
1665 3240 1861 3319 {altum

250 3335 608 3405 testimonium
640 3333 783 3399 dices
802 3330 998 3413 (Exod.
1030 3348 1126 3407 xx,
1156 3331 1245 3411 l5,
1278 3331 1394 3407 16).
1423 3341 1447 3369 ιι
1469 3329 1600 3391 ilice
1625 3338 1754 3393 sunt
1779 3330 1861 3391 di-

250 3427 501 3499 sciplinae
527 3426 679 3501 leuis
709 3426 907 3502 quibus
952 3426 1120 3491 etiam
1154 3424 1423 3491 districtio
1448 3426 1730 3489 sementim
1755 3441 1860 3489 sae-

251 3518 459 3593 cularis
505 3519 849 3597 obsequitur;
900 3517 1264 3597 inimentio
1320 3518 1517 3589 turpia.
1567 3516 1862 3581 resecando

248 3611 568 3669 criminosa.
592 3610 725 3667 Nam
738 3610 1215 3689 adjicitScriptura
1232 3607 1435 3677 :Jude;
1453 3628 1561 3675 non
1578 3622 1656 3671 est
1674 3612 1864 3679 vindex

248 3707 457 3780 positus
485 3704 608 3761 boni
628 3708 681 3779 2
708 3707 899 3778 operis,
941 3704 1035 3761 sed
1053 3706 1180 3761 mali
1221 3706 1402 3780 (Rom.
1444 3724 1559 3774 xm,
1593 3706 1671 3778 5).
1695 3706 1773 3762 Ita
1802 3713 1864 3763 ut

249 3798 420 3854 etiam
444 3798 705 3854 vicarium
736 3812 907 3870 pinna:
939 3810 1109 3869 genus
1137 3799 1336 3869 exigat,
1368 3815 1492 3855 cum
1521 3798 1689 3855 dicit:
1717 3794 1860 3853 Ocu-

250 3889 362 3945 lum
388 3906 483 3963 pro
511 3890 679 3958 oculo,
710 3889 915 3946 dum
951 3906 1049 3963 pro
1067 3890 1223 3947 stlta
1258 3889 1403 3960 (La.
1428 3907 1574 3958 xxiv,
1605 3888 1721 3964 20).
1752 3888 1862 3947 Sed

249 3981 415 4043 istam
436 3982 669 4055 antiquo:
688 3983 967 4043 sententiae
987 3982 1332 4049 severitatem
1362 3982 1520 4043 facile
1542 3982 1714 4038 vitare
1735 3998 1863 4061 pos-

253 4087 465 4138 sumus,
505 4072 550 4129 si
572 4069 814 4133 ﬂammas
842 4068 1007 4137 futuri
1031 4071 1222 4144 judicii
1249 4072 1570 4145 cogitemus.
1601 4069 1862 4129 Absoluta

253 4172 441 4229 autem
470 4162 632 4231 docet
654 4161 855 4226 Paulus
880 4164 1159 4238 apostolus
1192 4181 1355 4241 posse
1383 4165 1659 4233 contemni
1686 4181 1860 4222 siccu-

254 4254 390 4325 iaris
410 4273 561 4315 arma
595 4258 803 4331 judicii,
827 4260 920 4335 qui
946 4257 1077 4317 dicit
1108 4277 1121 4313 :
1149 4256 1211 4316 Si
1239 4260 1314 4317 vis
1351 4277 1459 4317 non
1507 4260 1686 4315 timere
1712 4269 1859 4333 pote-

253 4360 465 4419 statem,
489 4351 626 4426 quod
646 4351 832 4411 bonum
853 4361 931 4407 est
944 4354 1032 4425 fac
1055 4348 1233 4427 (Rom.
1251 4367 1367 4417 xm,
1390 4350 1467 4425 ὅ).
1488 4349 1594 4408 Sed
1615 4349 1731 4407 haec
1753 4367 1860 4417 non

256 4445 438 4507 otiose
484 4443 764 4509 tractanda
792 4452 936 4500 sunt.
980 4442 1110 4500 Nam
1140 4459 1265 4507 cum
1292 4442 1361 4503 de
1389 4442 1472 4501 bis
1506 4440 1735 4500 terrenis
1762 4459 1863 4521 po-

1964 3239 2162 3300 tamus,
2216 3250 2355 3309 quos
2381 3233 2667 3308 disciplina,
2692 3234 2976 3295 destituit?
3014 3238 3161 3297 inter
3205 3248 3563 3314 utrorumque

1965 3336 2119 3385 actus
2147 3329 2443 3389 auctoritas
2487 3329 2820 3411 prophetiae
2866 3331 3116 3393 lectionis
3154 3333 3361 3393 incusat
3387 3335 3563 3396 mino-

1964 3437 2081 3487 rem
2113 3421 2274 3492 plane
2316 3422 2534 3497 culpam
2578 3441 2690 3493 non
2728 3425 3043 3503 pervenisse
3086 3426 3156 3485 ad
3199 3428 3562 3502 disciplinam,

1965 3527 2128 3587 quam
2159 3514 2332 3593 legem
2359 3515 2656 3599 disciplinae
2682 3519 2975 3599 respuisse.
3008 3517 3151 3579 Ecce
3168 3518 3300 3578 dicit
3327 3519 3565 3594 prophe-

1964 3616 2023 3665 ta
2055 3627 2068 3664 :
2099 3605 2199 3677 Qui
2227 3613 2424 3687 spernit
2444 3612 2798 3691 disciplinam,
2827 3614 2937 3673 odit
2958 3616 3188 3672 animam
3206 3631 3355 3673 suam
3378 3613 3561 3688 (Prov.

1965 3715 2055 3775 xv,
2078 3699 2191 3773 52).
2222 3699 2290 3763 Et
2325 3718 2475 3783 vere,
2502 3712 2561 3767 ut
2601 3703 2761 3775 dixit,
2788 3705 2863 3763 ita
2888 3714 2989 3767 est.
3020 3706 3153 3765 Nam
3195 3706 3369 3773 hostis
3391 3714 3481 3764 est
3507 3714 3567 3765 et

1965 3792 2218 3853 inimicus
2254 3794 2448 3855 animae
2482 3811 2621 3860 suae.
2660 3796 2753 3871 qui
2790 3798 2987 3871 spretis
3016 3796 3314 3881 disciplinas
3342 3796 3565 3859 monitis

1964 3881 1993 3924 δ
2021 3885 2309 3951 diabolicis
2333 3898 2632 3971 occupatur
2658 3886 2873 3947 ofﬁciis.

2037 3974 2086 4033 5.
2130 3979 2327 4039 Dicunt
2354 3981 2616 4051 aliquanti
2648 3980 2988 4054 disciplinam
3017 3982 3149 4039 satis
3175 3980 3326 4039 duris
3353 3981 3564 4055 legibus

1962 4072 2333 4133 constitutam.
2383 4071 2699 4145 Loquantur
2746 4076 2850 4135 ista
2904 4076 3036 4133 satis
3082 4075 3287 4144 miseri,
3328 4091 3467 4151 quos
3492 4076 3564 4133 ad

1963 4181 2125 4223 omne
2145 4165 2353 4223 facinus
2384 4168 2475 4226 ille
2498 4168 2748 4227 diabolus
2767 4178 2961 4227 auctor
2978 4169 3171 4227 mortis
3190 4170 3403 4239 invitat,
3423 4184 3563 4243 quo-

1962 4275 2085 4319 rum
2131 4268 2344 4319 mentes
2384 4259 2706 4319 insatiabilis
2752 4259 2876 4331 gula
2916 4259 3179 4332 possidet,
3217 4275 3383 4333 super
3421 4275 3564 4332 quos

1963 4359 2156 4419 regnat
2194 4351 2450 4415 ebrietas,
2492 4365 2630 4422 quos
2659 4352 2833 4429 turpis
2876 4352 3089 4411 luxuria
3117 4356 3359 4431 captivos
3386 4361 3557 4423 tenet,

1965 4451 2021 4501 et
2041 4458 2073 4501 a
2099 4441 2297 4523 quibus
2323 4457 2619 4525 numquam
2657 4444 2912 4525 superbia
2940 4445 3149 4515 ingrata
3177 4445 3429 4511 discedit.
3450 4444 3560 4503 illis

254 4536 547 4607 testatihus
593 4534 843 4613 Apostoli
871 4537 1115 4599 doctrina
1153 4544 1565 4605 commemorat,
1614 4534 1867 4605 sensibus
1890 4534 1942 4599 D
1966 4544 2145 4595 autem
2173 4535 2371 4615 quibus
2391 4544 2475 4595 est
2486 4534 2727 4595 studium
2747 4537 2989 4597 honestae
3006 4535 3167 4596 [idem
3186 4552 3405 4595 servare
3428 4553 3561 4595 con-

254 4631 463 4693 nostris
487 4630 726 4693 cmlestis
737 4628 923 4702 judicii
964 4637 1145 4705 partes
1173 4629 1426 4691 insinuat.
1448 4627 1585 4689 Nam
1610 4644 1730 4685 cum
1753 4626 1857 4687 do-

256 4732 350 4789 cet
387 4722 734 4785 serviendum
761 4723 941 4783 saeculi
981 4722 1211 4793 legibus,
1242 4721 1501 4781 admonet
1550 4722 1860 4785 necessario

254 4810 540 4883 hominem
588 4810 781 4877 futuris
809 4831 1003 4875 cavere
1045 4815 1395 4899 temporibus.
1429 4812 1491 4872 Si
1534 4815 1633 4885 vis,
1665 4814 1856 4889 inquit,

256 4924 366 4963 non
409 4909 587 4965 timere
613 4916 939 4981 potestatem,
974 4908 1110 4981 quod
1156 4906 1343 4964 bonum
1382 4918 1459 4969 est
1497 4909 1600 4982 fac.
1633 4904 1751 4964 Hoc
1778 4915 1862 4965 est

258 5000 464 5058 dicere.
504 5000 597 5063 Vis
635 5018 744 5060 non
792 5000 1032 5059 futurum
1073 5001 1264 5059 timere
1287 5000 1570 5075 judicium,
1602 5001 1861 5059 dectinaa

258 5092 422 5165 malo,
464 5101 516 5149 et
547 5093 633 5173 {ac
660 5094 848 5155 bonum
887 5091 1005 5177 (Ps.
1035 5109 1216 5158 xxxvi,
1254 5092 1367 5168 27).
1400 5092 1543 5169 Ergo
1575 5093 1719 5153 hanc
1743 5094 1857 5169 pri-

259 5200 409 5251 mam
429 5186 833 5247 constitutionis
860 5184 1088 5243 formam
1110 5200 1235 5259 quae
1261 5185 1439 5245 seculi
1459 5184 1669 5263 legibus
1686 5192 1856 5254 caret,

260 5294 456 5339 cavere
484 5279 745 5341 debemus
770 5288 827 5337 et
851 5278 1090 5345 vincere,
1110 5286 1174 5335 ut
1197 5278 1467 5359 possimus
1494 5293 1526 5334 a
1552 5276 1708 5335 nobis
1726 5277 1859 5337 illud

263 5373 635 5453 Ρινιβὶιιάἰείιιω
655 5374 847 5439 intum
870 5375 1063 5439 mortis
1082 5373 1374 5441 excludere
1402 5391 1415 5427 :
1440 5372 1566 5447 quia
1595 5387 1734 5444 quos
1754 5372 1858 5429 ista

266 5466 585 5543 temporalis
603 5481 712 5523 non
739 5465 929 5541 amigit
950 5482 1135 5541 pruna,
1160 5468 1263 5531 hos
1289 5467 1381 5523 illa
1402 5468 1457 5523 in
1484 5474 1749 5527 aeternum
1775 5466 1858 5522 in-

523 5571 920 5623 tormentorum
944 5563 1286 5637 persequitur
1315 5562 1526 5623 dolore.
1556 5559 1726 5619 Nemo
1756 5575 1855 5621 att-7

339 5701 547 5775 θριξεο
565 5704 649 5761 hc
673 5721 718 5760 s.

338 5773 369 5817 δ
394 5772 528 5847 Ιείαῐ)Δ
561 5776 618 5833 in
648 5790 718 5833 eo
744 5790 864 5833 sum
890 5781 953 5832 ut
989 5776 1234 5850 suspicer
1275 5777 1483 5850 οπιιοὶίο
1511 5793 1544 5835 a
1568 5776 1859 5836 Valeriano

1965 4628 2225 4696 licentiae,
2264 4628 2552 4691 humilitati
2593 4629 2892 4702 pietatique
2929 4631 3155 4698 servire,
3199 4628 3358 4691 dulce
3394 4629 3561 4689 disci-

1964 4720 2124 4805 plinae
2151 4736 2290 4783 onus
2316 4728 2477 4779 estet
2517 4720 2635 4781 leve
2654 4720 2843 4797 jugum
2866 4721 3101 4813 Domini,
3130 4720 3277 4799 quod
3302 4737 3411 4813 non
3432 4735 3593 4813 gra-l

1965 4822 2058 4873 vat
2087 4814 2190 4870 nisi
2218 4820 2311 4871 aut
2340 4813 2582 4885 perditos
2620 4822 2713 4873 aut
2744 4814 3039 4897 perituros.
3067 4812 3345 4877 Erubesce
3379 4810 3562 4871 dicere

1965 4906 2021 4965 in
2047 4905 2421 4965 confusionem
2440 4906 2688 4963 humanae
2709 4906 3068 4983 negligentiae,
3090 4918 3261 4983 quare
3286 4900 3432 4989 apud
3461 4902 3562 4960 ali-
3585 4928 3589 4935 -

1964 5007 2201 5075 quantos
2226 5014 2418 5075 parum
2465 4998 2716 5081 proﬁciat
2760 4998 3065 5075 disciplina,
3111 5013 3234 5059 cum
3282 4994 3562 5055 videamus

1965 5090 2237 5172 pastorale
2265 5090 2633 5167 magisterium
2660 5089 2826 5153 etiam
2843 5086 2985 5160 apud
3003 5097 3151 5147 muta
3176 5086 3428 5147 animalia
3452 5102 3562 5142 non

1961 5184 2161 5259 perire.
2192 5183 2433 5243 Doceant
2460 5200 2562 5243 nos
2584 5199 2711 5242 ecce
2749 5197 2968 5243 scrvare
2988 5181 3235 5241 ordinem
3263 5179 3562 5255 disciplinae

1962 5285 2077 5334 tam
2122 5276 2326 5333 dociles
2372 5291 2635 5351 equorum
2683 5275 2872 5349 animi,
2925 5292 3049 5339 cum
3084 5275 3141 5332 in
3190 5289 3383 5349 syrma
3412 5273 3563 5331 ducti

1961 5369 2219 5429 ﬂexuosis
2254 5370 2530 5447 gressibus
2556 5370 2801 5435 membra
2820 5377 3174 5447 componunt,
3194 5377 3253 5425 et
3276 5368 3378 5435 sub
3404 5368 3563 5429 unius

1960 5468 2187 5527 habenae
2235 5469 2536 5533 retinaculo
2582 5469 2656 5527 ita
2684 5468 2858 5527 laxari
2902 5483 2963 5525 se
3008 5465 3379 5528 consentiunt,
3407 5472 3468 5521 ut
3506 5471 3562 5519 et

1960 5561 2213 5621 currendi
2241 5570 2298 5623 et
2324 5562 2490 5629 stanti
2516 5561 2709 5621 modus
2740 5561 2842 5625 sub
2867 5559 3306 5632 quadam/Iesum
3327 5556 3562 5631 disposi-

1969 5701 2250 5779 scriptum,
2295 5720 2396 5779 pro
2423 5707 2577 5778 nugis
2604 5705 2854 5779 videlicet
2883 5712 2938 5761 et
2965 5702 3307 5779 obstantibus
3341 5696 3562 5759 veritati

2095 5774 2321 5835 tatibus.
2351 5774 2627 5837 marinus
2654 5778 2709 5835 in
2738 5776 2951 5835 Adam.
2984 5792 3040 5848 p.
3073 5774 3196 5835 898.
