3924 6368
484 307 590 366 695
1478 303 1538 360 S.
1577 262 1953 359 VALERiANI
1993 299 2298 359 EPISCOPI
2333 300 2783 364 CEMELIENSIS
3617 325 3698 384 σω

483 427 633 482 tione
659 432 922 482 servetur.
950 422 1030 478 ita
1069 436 1208 493 quos
1236 427 1429 476 natura
1457 432 1684 473 numero
1723 417 1930 482 dividit,
1955 423 2071 471 stu—
2098 416 2148 477 Α
2173 417 2450 474 servanda:
2475 419 2817 488 integritatis,
2842 430 2972 479 ante
2995 425 3176 482 omnia
3217 426 3336 485 falsi
3372 431 3436 486 ad
3459 447 3512 489 se
3544 436 3700 501 tum

482 521 575 576 dio
613 519 906 588 disciplinae
944 514 1240 585 coniungit.
1282 511 1472 568 Videte
1510 526 1672 581 quam
1712 509 1869 566 fortia
1906 510 2071 565 boum
2174 525 2282 565 non
2310 511 2561 568 admittat
2595 515 2816 571 erroris.
2855 515 3105 587 Magnum
3133 529 3215 578 est
3240 522 3446 591 quidem
3469 535 3518 583 et
3538 531 3702 600 gloria.

481 627 712 681 corpora
742 611 981 681 plaustro
1004 605 1321 676 subiaceant
1347 623 1359 657 :
1391 619 1510 674 qua:
1531 603 1584 658 in
1612 610 1818 657 tantum
1845 601 2070 672 imperio
2172 617 2292 656 sum
2321 609 2376 656 et
2411 618 2581 673 usque
2609 604 2676 660 ad
2703 605 2897 662 omlum
2939 609 3180 665 omnium
3220 627 3317 668 ore
3361 615 3701 693 proferendum,

481 704 719 758 animum
778 708 988 772 parant,
1039 709 1100 754 ut
1136 698 1396 754 tumentia
1439 697 1757 751 naturaliter
1796 695 1900 750 levi
1939 693 2070 763 iugo
2172 707 2464 762 ηυιηαιιιιιη
2516 695 2672 751 malis
2720 697 2930 754 acubus
2970 699 3150 754 locum
3197 701 3435 772 dedisse;
3463 709 3546 763 sed
3571 716 3705 773 multo

478 796 618 851 colla
648 801 975 864 supponunt.
1008 791 1084 846 ita
1113 789 1407 860 disciplinae
1445 786 1922 844 constitutionibus
1957 801 2071 839 ser—
2171 782 2364 839 fortius
2401 793 2484 841 est
2513 803 2805 857 numquam
2843 788 2989 846 falsis
3027 792 3418 864 suspicionibus
3459 798 3703 864 laborasse.

479 888 648 952 viunt,
697 886 859 941 etiam
889 899 1008 953 quin
1036 885 1090 938 in
1121 883 1332 938 feritate
1377 889 1686 936 nascuntur.
1721 877 1874 934 Unde
1902 878 2072 934 miror
2172 873 2311 944 Quid
2331 878 2475 933 enim
2518 879 2613 935 tibi
2661 881 2884 952 prodest
2924 883 3209 953 sobrietas,
3251 887 3297 942 si
3319 888 3440 945 vitia
3482 893 3706 956 ebrietatis

477 979 764 1050 aliquoties
793 978 1067 1033 hominem
1094 977 1181 1032 cui
1210 977 1349 1031 inest
1377 975 1641 1046 sapientia
1671 981 1726 1028 et
1766 971 2070 1028 intellectus
2171 971 2464 1026 exerceas?
2491 969 2622 1038 Quis
2653 980 2705 1028 te
2745 989 2854 1029 non
2895 975 3104 1031 ebrium
3153 976 3380 1047 iudicet,
3420 982 3462 1037 si
3501 983 3623 1042 inter
3644 991 3706 1045 ef-

476 1071 803 1143 prudentiic,
857 1069 1056 1140 passim
1111 1076 1378 1138 prmcepta
1428 1065 1725 1136 disciplinae
1773 1063 2065 1132 negligere,
2171 1059 2400 1118 ﬂuentes
2426 1063 2552 1120 vino
2595 1065 2794 1121 calices
2821 1067 3133 1124 saltantium
3162 1084 3324 1143 gyros
3345 1072 3582 1132 imiteris?
3605 1077 3706 1147 Quis

476 1181 602 1220 cum
625 1163 899 1218 videamus
928 1169 1135 1216 mutum
1165 1159 1362 1214 animal
1392 1159 1521 1213 vitia
1551 1172 1762 1222 cavere,
1782 1154 1948 1225 iussis
1972 1153 2071 1209 ob-
2171 1161 2225 1208 te
2254 1163 2459 1210 castum
2513 1157 2741 1228 putabit,
2793 1160 2839 1214 si
2889 1168 2942 1214 te
2970 1159 3166 1216 viderit
3195 1165 3529 1221 meretricum
3554 1167 3705 1229 fabulis

476 1265 798 1327 temperare,
833 1254 1060 1326 imperio
1098 1253 1390 1318 deservire,
1423 1260 1585 1320 atque
1625 1250 1698 1304 ita
1740 1249 1808 1303 ad
1851 1263 2069 1304 omnem
2170 1248 2396 1302 mixtum
2425 1250 2638 1305 scenico
2674 1266 2924 1308 sermone
2953 1253 3290 1324 compositis,
3333 1266 3424 1312 aut
3449 1251 3706 1330 loquentem

475 1348 842 1406 obedientiam
871 1347 1110 1401 animum
1139 1353 1345 1414 aptare,
1384 1351 1444 1398 ut
1484 1357 1606 1398 cum
1629 1357 1766 1413 opus
1791 1339 1952 1396 fuerit
1981 1356 2069 1394 ar-
2171 1339 2366 1410 turpia,
2416 1349 2509 1394 aut
2555 1341 2841 1398 inhonesta
2894 1347 3278 1401 resonantem?
3331 1345 3504 1405 Laudo
3531 1353 3705 1421 quidem

473 1441 637 1496 matis
669 1439 969 1508 legionibus
998 1445 1264 1500 occurrat,
1297 1444 1353 1490 et
1380 1434 1666 1490 hostilibus
1708 1448 1767 1488 se
1802 1433 1924 1487 telis
1947 1432 2068 1500 jus-
2171 1433 2557 1488 conscientiam
2583 1435 2847 1491 castitatis
2866 1436 2921 1492 in
2954 1445 3027 1502 te,
3057 1437 3150 1493 sed
3179 1436 3271 1494 odi
3299 1438 3604 1512 colloquium
3620 1461 3706 1502 me.

475 1549 596 1590 sum
620 1532 857 1601 obiiciat.
885 1529 1075 1585 Audite
1091 1529 1144 1583 in
1166 1529 1270 1583 hoc
1284 1528 1405 1583 loco
1421 1528 1740 1598 prophetam
1761 1524 2064 1580 dicentem:
2171 1525 2400 1582 retricis.

477 1623 728 1698 Cognovit
757 1621 844 1677 bos
871 1637 1215 1694 possessore»:
1240 1635 1407 1684 suum,
1440 1627 1489 1673 et
1513 1617 1692 1672 asinus
1721 1631 1951 1686 prtesepe
1975 1614 2069 1669 do-
2243 1617 2295 1672 8.
2335 1617 2393 1673 In
2413 1635 2522 1690 quo
2550 1620 2672 1678 loco
2709 1621 2940 1678 fortasse
2971 1621 3116 1678 dicat
3147 1622 3370 1693 aliquis,
3401 1623 3708 1688 Sulﬁcitmihi

471 1718 604 1772 mini
649 1717 763 1781 sui;
800 1714 968 1769 Israel
1017 1723 1186 1767 autent
1217 1729 1296 1766 me
1338 1727 1440 1765 non
1485 1711 1719 1782 cognovit
1750 1706 1887 1778 (Isa.
1918 1724 1955 1775 ι,
1987 1707 2064 1777 5).
2169 1727 2303 1781 ριιιθ
2332 1714 2681 1770 conscientia.
2708 1713 2979 1782 Quantum
3018 1716 3084 1770 ad
3115 1715 3473 1773 innocentiam
3500 1722 3706 1791 pertinet,

470 1804 680 1864 Vereor
702 1806 901 1871 dicere,
954 1821 1021 1860 ne
1049 1811 1288 1860 nostram
1336 1801 1716 1871 negligentiam
1756 1799 1933 1872 pulset
1962 1799 2063 1853 ista
2096 1799 2141 1860 Β
2171 1802 2266 1858 tibi
2306 1804 2407 1859 soli
2445 1804 2662 1862 sufﬁcit.
2695 1804 2804 1862 Sed
2850 1807 3242 1879 providendum
3284 1819 3367 1866 est
3403 1826 3468 1867 ne
3502 1811 3709 1872 facilitate

470 1899 739 1956 sententia
774 1916 786 1950 :
813 1915 922 1952 non
963 1905 1144 1952 autem
1171 1895 1448 1965 cognoscit
1473 1893 1779 1959 Dominum,
1811 1891 1903 1963 qui
1928 1906 2062 1948 con-
2167 1904 2259 1950 tua
2283 1896 2422 1952 alter
2449 1907 2656 1968 peccet,
2682 1907 2739 1954 et
2767 1899 3002 1954 alienum
3026 1912 3312 1972 peccatum
3332 1902 3385 1957 in
3406 1911 3458 1958 te
3479 1904 3708 1975 redundet,

469 1989 689 2046 ditionis
717 2004 828 2045 suae
851 2005 957 2044 non
986 1989 1267 2058 cognoscit
1285 1985 1544 2044 ofﬁcium.
2157 1986 2314 2057 juxta
2363 1989 2493 2045 illud
2531 1991 2676 2060 quod
2720 1991 2852 2048 dicit
2879 1990 3157 2063 Scriptura
3201 2011 3215 2047 :
3268 1992 3362 2050 Va:
3396 1995 3470 2050 illi
3496 2013 3711 2071 pentiam

540 2084 593 2140 6.
624 2084 914 2140 Ostendam
943 2098 1074 2140 sane
1099 2082 1370 2153 quomodo
1392 2083 1649 2139 Dominus
1669 2082 1840 2154 possit
1866 2089 1960 2136 aut
1983 2079 2062 2134 in-
2163 2080 2470 2136 scandalum
2516 2083 2654 2137 venit
2696 2083 2715 2155 (
2733 2082 2926 2139 Matth.
2979 2101 3125 2152 xvnr,
3157 2085 3252 2157 7).
3295 2085 3538 2154 Quamvis
3572 2101 3713 2148 autem

465 2177 640 2234 veniri
671 2186 764 2230 aut
785 2177 1060 2245 cognosci,
1091 2175 1136 2231 si
1168 2185 1348 2230 tamen
1377 2183 1458 2231 est
1499 2175 1712 2230 animus
1736 2173 1970 2230 videndi.
2003 2170 2060 2227 Si
2163 2177 2403 2247 pretioso
2439 2177 2615 2232 serico
2638 2193 2838 2249 corpus
2857 2179 3079 2243 vestias,
3103 2188 3159 2235 et
3181 2179 3343 2235 niveo
3371 2179 3558 2238 vellere
3583 2198 3713 2239 mem-

466 2271 551 2326 vis
578 2271 763 2325 videre
790 2269 1094 2332 Dominum,
1120 2268 1334 2337 require
1356 2267 1677 2330 mendicum,
1701 2266 1915 2338 suscipe
1940 2281 2062 2336 per-
2162 2267 2259 2321 bra
2288 2283 2605 2338 componas,
2639 2283 2749 2324 non
2770 2269 2888 2324 sine
2909 2269 3120 2325 macula
3143 2268 3287 2324 diem
3317 2271 3570 2341 transigis,
3589 2273 3626 2326 si
3643 2289 3712 2329 ca-

467 2361 714 2432 egrinum
739 2401 752 2426 ,
787 2359 942 2414 visita
979 2358 1268 2420 inﬁrmum,
1299 2373 1458 2414 curre
1483 2357 1550 2412 ad
1575 2371 1870 2412 carcerem.
1901 2354 1957 2410 Si
1980 2355 2062 2409 vis
2162 2357 2297 2413 mini
2318 2358 2560 2415 ardentis
2585 2375 2680 2414 ora
2721 2360 3034 2430 contigeris.
3071 2360 3310 2416 ln'omni
3343 2360 3498 2431 igitur
3517 2371 3621 2418 actu
3643 2371 3714 2420 tuo

467 2453 651 2508 videre
681 2452 866 2518 Deum,
896 2451 1106 2507 vincula
1137 2450 1464 2522 captivitatis
1490 2448 1728 2516 absolve,
1759 2448 1930 2504 nodos
1958 2447 2061 2501 ini-
2160 2449 2326 2504 vitam
2349 2460 2494 2505 tuam
2525 2450 2808 2522 disciplina
2831 2451 3143 2508 comitetur.
3166 2449 3228 2508 Si
3247 2452 3332 2507 vis
3363 2452 3563 2523 placere
3593 2452 3714 2510 Chri-

466 2545 689 2615 quitatis
731 2543 926 2598 incide.
961 2543 1097 2598 Audi
1145 2543 1212 2598 de
1259 2542 1364 2598 hoc
1415 2541 1701 2596 Dominum
1739 2540 2008 2595 dicentem
2040 2556 2053 2592 :
2160 2547 2265 2604 sto,
2298 2540 2516 2597 elabora
2540 2552 2597 2597 ut
2627 2542 3018 2612 professionem
3045 2552 3189 2598 tuam
3214 2543 3350 2601 ﬁdes
3369 2543 3588 2613 adjuvet,
3605 2544 3712 2602 fama

464 2635 674 2692 Esurivi
689 2677 702 2700 ,
735 2645 786 2689 et
806 2636 1019 2690 dedistis
1041 2635 1167 2690 mihi
1194 2633 1550 2700 manducare;
1579 2634 1735 2696 sitivi,
1766 2642 1818 2687 et
1845 2631 2057 2686 dedistis
2161 2635 2522 2690 commendet.
2557 2635 2833 2692 Przecedat
2853 2652 2951 2692 vos
2973 2637 3234 2707 patientia
3260 2636 3563 2693 humilitatis
3579 2640 3710 2702 socia,

463 2733 591 2788 mihi
613 2731 812 2796 bibere;
837 2731 1020 2803 hospes
1052 2732 1147 2803 fui,
1172 2739 1220 2784 et
1241 2730 1538 2801 suscepistis
1565 2745 1675 2793 me;
1698 2727 1865 2781 nudus
1888 2727 1982 2797 fui,
2006 2735 2060 2781 et
2160 2727 2376 2783 assistat
2407 2728 2662 2798 pudicitia
2695 2729 3022 2798 integritatis
3050 2729 3311 2798 magistra
3337 2747 3351 2783 :
3401 2728 3556 2798 fugiat
3594 2731 3712 2802 cupi-

465 2823 800 2895 cooperttislt's
831 2840 940 2886 me;
964 2822 1204 2892 inﬁrmus
1234 2823 1329 2894 fui,
1373 2831 1424 2876 et
1460 2821 1706 2875 visitastis
1735 2836 1842 2885 me;
1865 2820 1918 2873 in
1940 2836 2058 2873 car-
2157 2817 2316 2883 ditas,
2347 2818 2633 2874 erubescat
2671 2819 2936 2879 ebrietas.
2974 2819 3187 2874 luxuria
3218 2827 3375 2876 actus
3401 2835 3522 2875 suos
3551 2820 3710 2890 lugeat,

463 2933 579 2971 cere
600 2931 762 2979 eram,
787 2924 835 2966 et
855 2914 1062 2967 venistis
1092 2913 1162 2966 ad
1189 2929 1270 2968 me
1291 2911 1507 2986 (Matth.
1532 2929 1656 2979 xxv,
1684 2909 1772 2978 55,
1797 2910 1908 2982 56).
1941 2910 2058 2967 Mo-
2157 2910 2410 2982 superbia
2449 2909 2672 2966 confusa
2713 2910 2975 2967 discedat.
3007 2909 3348 2983 Quicumque
3376 2911 3528 2983 igitur
3552 2922 3622 2969 est
3642 2914 3713 2984 qui

463 3022 570 3063 nee
592 3009 772 3076 itaque
805 3023 870 3060 ne
893 3005 1157 3076 despicias
1185 3005 1406 3073 nudum,
1432 3021 1500 3062 ne
1518 3021 1663 3060 caeco
1691 3021 1909 3060 manum
1931 3005 2057 3060 sub-
2158 3000 2379 3056 festinat
2418 3001 2586 3057 Deum
2615 3017 2914 3072 agnoscere
2931 3043 2946 3069 ,
2977 3003 3077 3058 sub
3117 3003 3225 3060 hoc
3253 3002 3539 3075 disciplina:
3563 3003 3712 3061 ordine

463 3101 666 3168 trahas,
700 3117 766 3154 ne
788 3100 1088 3155 involutum
1117 3100 1310 3170 pannis
1337 3108 1670 3154 contemnas.
1695 3097 1752 3152 In
1783 3098 1884 3154 hac
1911 3099 2055 3153 enim
2157 3090 2429 3147 Christum
2460 3101 2702 3148 nostrum
2731 3095 2934 3165 poterit
2956 3093 3218 3150 invenire.
3245 3093 3413 3151 Multa
3439 3096 3629 3166 quidem
3644 3113 3712 3154 su-

463 3202 615 3249 Veste
641 3193 873 3264 primum
902 3191 1163 3246 Dominus
1187 3207 1309 3247 cum
1338 3206 1368 3246 a
1397 3192 1569 3261 magis
1596 3199 1944 3261 quaereretur,
1973 3190 2055 3244 in-
2079 3176 2125 3239 C
2161 3185 2427 3256 perabant
2473 3184 2666 3250 adhuc,
2718 3185 3070 3250 dilectissimi,
3115 3201 3239 3256 qua:
3284 3187 3566 3259 disciplinae
3605 3188 3712 3244 ratio

461 3294 660 3342 ventus
689 3293 789 3340 est.
832 3284 900 3338 Et
929 3285 1055 3354 quia
1077 3283 1143 3340 de
1163 3283 1444 3354 disciplina
1473 3283 1697 3341 fecimus
1726 3284 2057 3340 mentionem
2158 3278 2419 3334 suadebat
2447 3280 2659 3350 aperire
2691 3295 2849 3350 :qum
2877 3281 3089 3336 interim
3115 3282 3428 3352 putavimus
3448 3279 3711 3343 dill‘erenda,

463 3377 565 3436 sub
593 3392 700 3448 qua
729 3373 863 3431 ﬁdes
890 3375 1197 3430 Christiana
1227 3375 1387 3444 viget,
1433 3388 1653 3431 necesse
1677 3382 1762 3430 est
1788 3382 1847 3429 ut
1875 3374 2056 3430 omnia
2159 3386 2229 3426 ne
2270 3371 2458 3428 otiosis
2481 3371 2701 3428 auribus
2739 3372 3007 3428 fastidium
3046 3383 3266 3445 pareret
3305 3374 3463 3443 longa
3501 3373 3711 3428 narratio.

462 3471 521 3526 in
543 3483 701 3524 aures
730 3476 936 3523 vestras
963 3467 1424 3523 vitaebrnamenta
1449 3465 1779 3534 deferantur,
1812 3475 1871 3521 ut
1899 3465 2058 3521 intel-
2159 3461 2304 3518 Sane
2333 3478 2400 3519 ne
2420 3463 2550 3534 quid
2574 3463 2628 3519 in
2653 3463 2758 3521 hoc
2778 3479 2946 3535 opere
2970 3464 3302 3521 subtraxisse
3332 3465 3606 3529 videamur,
3629 3463 3716 3519 ela-

463 3560 596 3632 ligat
626 3561 992 3631 unusquisque
1036 3575 1228 3631 parum
1270 3560 1374 3616 sibi
1401 3559 1660 3630 prodesse
1687 3558 2058 3614 conversionis
2158 3553 2472 3611 borabimus
2511 3563 2570 3610 ut
2597 3570 2660 3612 ea
2689 3570 2812 3627 quae
2859 3555 3126 3626 religiosis
3171 3555 3388 3614 actibus
3429 3563 3713 3628 competunt,

464 3653 685 3719 famam,
733 3653 836 3707 nisi
864 3652 918 3706 in
947 3658 1262 3722 contemptu
1289 3651 1476 3706 mundi
1511 3651 1773 3704 amaverit
1814 3649 2057 3720 discipli-
2159 3647 2409 3718 sequenti
2431 3657 2675 3720 tempore
2701 3648 3049 3705 disseramus.

465 3761 613 3838 nam.
645 3744 789 3838 Ergo
835 3744 923 3800 cui
964 3743 1198 3838 studium
1229 3751 1311 3798 est
1345 3742 1641 3838 Christum
1665 3743 1866 3838 colere.
1897 3743 2058 3838 prius
2771 3779 3056 3838 HOMIUA
3091 3780 3156 3838 Η.

465 3834 645 3892 cordis
676 3845 701 3873 ι
730 3835 808 3890 sic
831 3835 1076 3906 corporis
1103 3833 1416 3890 indumenta
1445 3833 1722 3903 suscipiat.
1755 3832 1941 3888 Omnis
1966 3834 2058 3904 igi-

465 3939 558 3987 tur
573 3930 684 3987 vita
712 3928 988 4000 religionis
1015 3927 1287 4001 professae,
1320 3927 1643 4000 integritatis
1670 3926 1831 3984 debet
1858 3925 2055 3985 fatuam

465 4024 688 4089 sentire,
724 4039 791 4077 ne
819 4037 979 4092 quem
1009 4030 1286 4092 exspectat
1325 4035 1526 4077 corona
1557 4021 1786 4088 virtutis,
1835 4021 2058 4093 pudoris
2232 4029 2285 4084 l.
2327 4028 2510 4086 Multis
2534 4036 2698 4102 auiae
2723 4029 3022 4089 innumeris
3049 4029 3350 4106 disciplina
3376 4030 3588 4104 legibus,
3608 4029 3716 4087 dile-

467 4117 666 4172 damDO
692 4115 869 4170 feriat.
907 4112 1165 4184 corporis
1205 4113 1482 4182 ὶιιιθενὶωε
1509 4113 1676 4167 Vitam
1721 4114 1946 4176 ιηυιιὶεῑν
1970 4114 2056 4170 ἱη·
2160 4123 2560 4187 ctissimi,sicut
2580 4123 2804 4180 audistis
2824 4125 3213 4196 evangelistam
3241 4125 3528 4192 dicentem,
3544 4119 3718 4179 vivendi

466 4209 774 4278 tegritatem
805 4205 936 4260 ﬁdes
965 4204 1381 4261 incontaminata
1407 4203 1694 4270 custodiat,
1719 4212 1776 4258 ιη
1805 4213 2059 4261 manente
2161 4217 2427 4273 rationem
2451 4214 2698 4272 Christus
2737 4225 2924 4273 noster
2951 4217 3216 4285 instituit;
3239 4226 3296 4274 et
3324 4217 3548 4275 diversis
3580 4213 3718 4271 modis

467 4299 749 4368 υιτίυείιιιθ
795 4297 962 4368 Pariis
1012 4297 1295 4363 δεηθίῖοίον
1352 4295 1751 4352 immaculatum
1780 4296 2058 4354 hominem
2160 4310 2464 4366 renascenti
2495 4310 2696 4381 populo
2724 4311 2866 4366 viam
2890 4311 3080 4366 salutis
3099 4312 3338 4368 osteudit
3363 4331 3376 4366 :
3405 4311 3626 4383 nihilque
3647 4324 3720 4366 oc-

466 4390 631 4447 faciat
657 4404 883 4459 regnare
903 4404 1025 4444 cum
1051 4387 1284 4443 Christo.

2170 4400 2362 4458 cultum
2391 4417 2512 4458 esse
2534 4401 2722 4467 voluit,
2738 4402 2882 4473 quod
2899 4403 3132 4458 animam
3157 4413 3252 4460 aut
3276 4404 3508 4462 salvaret
3525 4411 3608 4459 aut
3623 4415 3719 4473 per-

542 4483 593 4537 7.
637 4481 743 4537 Sed
773 4481 825 4536 in
858 4483 961 4538 hoc
986 4482 1104 4537 solo
1125 4490 1336 4538 constat
1364 4483 1732 4539 conversionis
1754 4490 1953 4540 nostra:
1971 4501 2058 4541 ra-
2096 4565 2128 4570 _
2162 4493 2352 4562 deret;
2390 4511 2460 4551 ne
2489 4510 2576 4551 res
2598 4503 2752 4551 tanto
2791 4496 2968 4568 pretio
3010 4507 3323 4570 comparata
3364 4496 3625 4554 diabolicis
3646 4507 3720 4549 su-

465 4576 564 4643 tio,
588 4583 648 4629 ut
671 4574 800 4628 boni
821 4574 1007 4628 simus.
1044 4572 1421 4628 Laborandum
1443 4574 1603 4642 igitur
1631 4575 1705 4630 illi
1729 4584 1855 4631 ante
1878 4577 2061 4634 omnia
2095 4565 2141 4625 ο
2167 4587 2572 4658 perstitionibus
2618 4565 2937 4657 ignorantiae
2966 4588 3096 4644 vitio
3123 4565 3351 4660 decepta
3380 4589 3610 4646 serviret.
3635 4583 3721 4642 Sed

466 4677 571 4731 est,
596 4675 656 4724 ut
683 4668 776 4737 qui
799 4667 1095 4722 bonitatem
1124 4668 1386 4737 sequitur,
1413 4668 1586 4724 bonus
1611 4683 1730 4725 esse
1765 4669 2054 4739 iudicetur.
2165 4681 2310 4750 quod
2337 4678 2494 4750 pejus
2521 4687 2622 4743 est,
2654 4694 2846 4751 parum
2887 4680 3110 4750 prodes:
3140 4681 3408 4739 medicina
3437 4678 3716 4737 morituris:

467 4759 602 4816 Nam
630 4759 877 4829 quamvis
904 4760 1068 4815 homo
1095 4775 1288 4831 eurum
1323 4776 1520 4831 corpus
1549 4762 2060 4833 immaculatumque
2166 4783 2221 4829 et
2243 4774 2364 4829 ideo
2392 4771 2622 4828 difﬁcilis
2663 4781 2748 4828 est
2774 4772 2859 4828 via
2889 4773 3099 4840 salutis,
3127 4775 3254 4844 quia
3285 4774 3490 4830 facilior
3514 4781 3720 4829 estsem-

465 4852 756 4917 custodiat,
801 4851 1094 4906 laceratam
1131 4851 1298 4906 vitam
1341 4852 1409 4907 ad
1444 4853 1611 4908 Deum
1660 4863 1862 4924 portat,
1905 4855 2060 4925 cujus
2166 4879 2266 4934 per
2293 4865 2469 4918 exitus
2492 4863 2700 4928 mortis,
2731 4863 2803 4918 ita
2819 4862 3097 4934 Scriptura
3117 4865 3365 4921 dicente:
3400 4864 3560 4930 Quam
3578 4860 3721 4932 ampla

467 4951 622 5000 actus
643 4942 850 4998 vultum
874 4940 1112 5008 infamat,
1151 4941 1274 4996 licet
1301 4942 1532 4999 sciamus
1561 4946 1946 5000 conscientiam
1970 4960 2061 5000 SO—
2165 4964 2215 5009 ει
2235 4957 2467 5026 ερατὶοδα
2509 4956 2588 5010 pia
2627 4966 2704 5010 est
2732 4973 2846 5028 qua!
2871 4956 3011 5010 ducit
3030 4956 3100 5010 ad
3126 4968 3360 5023 mortem,
3391 4967 3440 5012 ει
3466 4957 3600 5013 multi
3625 4962 3720 5010 sum

2618 3894 2699 3953 De
2715 3905 2863 3952 arcta
2882 3906 2934 3953 et
2952 3906 3177 3972 angusta
3205 3898 3306 3954 ria.

466 5037 575 5092 iam
596 5037 755 5091 bonis
776 5035 987 5090 actibus
1014 5049 1174 5104 posse
1199 5033 1466 5090 sufﬁcere.
1499 5035 1605 5092 Sed
1633 5046 1838 5107 quanto
1867 5038 2058 5092 melius
2164 5047 2250 5118 qui
2279 5047 2478 5099 intrant
2506 5063 2598 5116 per
2624 5048 2771 5100 eam!
2803 5044 2970 5110 Quam
2999 5056 3144 5102 arcta
3183 5059 3232 5103 et
3267 5059 3482 5122 angusta
3520 5050 3594 5103 uia
3629 5061 3720 5118 qua

466 5138 550 5184 est
578 5136 636 5182 ιιῐ
663 5142 878 5196 semper
919 5125 986 5180 de
1017 5133 1069 5180 ιε
1113 5125 1252 5181 bene
1297 5127 1512 5191 sentiat,
1536 5128 1628 5196 (Ιυὶ
1676 5128 1816 5182 Circa
1836 5126 2056 5195 ianuam
2162 5137 2301 5190 ducit
2329 5135 2399 5190 ad
2429 5138 2603 5201 vitam,
2635 5145 2686 5190 et
2706 5139 2858 5208 pauci
2878 5140 3102 5210 suntqui
3121 5141 3385 5195 inueniunt
3404 5157 3514 5195 eam
3535 5136 3716 5211 (Matth.

466 5227 618 5273 tuam
637 5218 791 5272 vanis
814 5217 1208 5287 suspicionibus
1231 5216 1538 5288 frequenter
1556 5220 1816 5288 aegrotat?
1836 5219 2058 5274 lnsitum
2162 5245 2252 5294 νη,
2287 5227 2372 5292 15,
2407 5226 2527 5296 is)!
2572 5227 2833 5282 iiii-amur
2856 5227 3081 5285 fortasse
3103 5230 3267 5300 aliqui
3289 5246 3454 5300 quam
3481 5226 3718 5296 “angeli-

467 5319 552 5364 est
581 5309 724 5364 enim
751 5307 1068 5363 naturaliter
1088 5309 1268 5378 vulgo,
1300 5317 1361 5364 ut
1388 5309 1456 5364 de
1484 5310 1638 5364 bonis
1677 5311 1818 5365 male
1846 5326 2060 5380 semper
2161 5327 2246 5374 sta
2286 5319 2520 5389 amplam
2549 5328 2604 5374 ei
2642 5317 2854 5374 facilem
2898 5320 3043 5376 dicm
3073 5336 3194 5376 esse
3230 5322 3371 5376 viam
3397 5321 3594 5383 mortis,
3621 5331 3720 5372 cum

466 5403 520 5474 3
545 5399 770 5470 iudicet.
801 5399 907 5454 Sed
939 5408 995 5455 tu
1015 5399 1106 5469 qui
1136 5416 1320 5455 curam
1349 5401 1505 5456 home
1532 5401 1685 5456 famie
1705 5402 1856 5466 colis,
1880 5403 2059 5458 studio
2163 5411 2267 5465 iter
2293 5411 2417 5465 Viue
2465 5419 2582 5466 ιοιο
2606 5418 2846 5466 arctetur
2873 5427 3114 5468 accessu.
3155 5410 3257 5469 Cui
3297 5421 3472 5469 autem
3502 5421 3718 5480 umquam

469 5502 566 5548 tuo
595 5493 822 5563 gratiam
851 5493 1072 5561 integrae
1097 5494 1368 5563 opinionis
1395 5497 1631 5564 acquire.
1659 5494 1777 5550 Vita
1803 5510 1932 5563 ergo
1963 5513 2061 5552 no-
2163 5500 2393 5556 diﬁlcilis
2413 5501 2512 5555 fuit
2540 5502 2607 5555 ad
2641 5501 2897 5557 inferiora
2929 5503 3251 5571 descensus,
3285 5505 3372 5560 ubi
3399 5505 3556 5560 homo
3580 5512 3718 5556 onere

468 5592 581 5637 stra
612 5585 685 5637 ita
707 5585 775 5638 sit
798 5584 991 5650 lucida,
1018 5592 1076 5639 ut
1100 5585 1170 5640 sit
1195 5587 1446 5641 omnibus
1476 5595 1622 5641 nota.
1653 5586 1934 5656 lntegritas
1975 5605 2061 5644 re-
2162 5610 2263 5649 suo
2293 5593 2540 5657 trahitur,
2564 5602 2620 5648 et
2641 5591 2798 5651 fascis
2820 5595 2902 5650 sui
2922 5595 3095 5651 victus
3115 5597 3259 5653 mole
3287 5595 3554 5668 portatur?
3579 5588 3718 5646 Multa

470 5674 676 5743 ligioni,
717 5675 890 5746 pudor
917 5678 1116 5733 serviat
1161 5678 1466 5734 humilitati.
1517 5677 1688 5746 Quem
1715 5694 1869 5736 amor
1911 5690 2062 5740 tenet
2164 5694 2292 5741 sunt
2316 5693 2494 5741 autem
2524 5700 2644 5755 quae
2671 5687 2812 5743 viam
2836 5702 3112 5760 prosperat
3132 5689 3322 5750 salutis
3354 5686 3646 5762 impediunt.
3667 5678 3716 5738 in

546 5815 574 5844 ⁸
599 5805 781 5875 Forte,
807 5811 956 5863 sicut.
