3924 6368
133 398 222 459 607

1549 384 1832 442 HOMILIA
1869 385 1933 442 II.

3285 384 3393 443 698

129 509 356 586 quoloco
393 505 514 563 illos
551 505 856 577 specialiter
891 504 1081 560 mortis
1107 500 1301 573 injuria
1334 499 1694 573 persequitur,
1726 502 1772 564 Α
1801 515 1934 572 pore
1958 515 2057 572 per
2075 500 2282 571 singula
2305 507 2576 555 momenta
2593 497 2848 570 jactatur,
2871 504 2933 553 ut
2955 497 3072 568 ipsa
3102 495 3395 552 necessitas

132 602 302 677 quibus
345 598 558 654 vanitas
603 605 660 654 et
686 596 977 654 crudelitas
1005 595 1332 653 dominatur.
1362 591 1704 649 Concurrunt

129 701 366 766 praeterea
415 689 468 744 in
499 688 866 760 przejudicium
893 689 1018 744 vita:
1056 687 1442 746 dissensiones.
1482 684 1703 741 aemula-

131 790 313 849 tiones,
345 783 498 848 lites,
539 781 700 848 rixae,
733 781 1032 851 sacrilegia,
1059 779 1358 847 adulteria,
1389 777 1698 844 homicidia,

118 877 344 944 ffraterna
375 874 518 940 odia,
570 872 908 944 parricidalia
953 872 1200 937 consilia,
1249 869 1570 927 falsitatibus
1617 885 1703 924 ar—

120 949 252 1027 'n.ata
268 969 524 1041 perjuria,
541 983 660 1039 quae
679 983 788 1023 non
803 967 976 1024 solum
991 965 1368 1023 ascendentem
1386 961 1701 1035 impediunt,

127 1063 207 1121 sed
233 1063 390 1118 etiam
413 1062 468 1117 in
489 1060 811 1132 profundum
837 1061 1020 1116 tartari
1036 1067 1300 1130 mergunt.
1325 1057 1550 1126 Quando
1573 1071 1702 1128 ergo

130 1156 225 1212 ﬁeri
246 1163 425 1226 potest
456 1164 511 1209 ut
538 1154 629 1210 ille
651 1155 813 1209 homo
839 1151 994 1209 facile
1014 1151 1081 1207 ad
1103 1153 1380 1222 superiora
1403 1151 1699 1221 perveniat,

128 1263 269 1318 quem
307 1255 454 1301 tanta
495 1246 624 1301 vitia
651 1245 988 1316 impediunt?
1017 1245 1173 1298 Arcta
1201 1252 1252 1298 et
1279 1251 1497 1316 angusta
1525 1243 1606 1297 via
1627 1251 1706 1298 est

131 1353 226 1411 qua
243 1337 379 1392 ducit
415 1335 489 1392 ad
506 1338 680 1392 vitam.
707 1335 834 1392 Haec
861 1344 946 1392 est
965 1335 1055 1390 illa
1085 1335 1190 1400 via,
1221 1332 1575 1399 dilectissimi,
1607 1349 1705 1404 per

129 1445 271 1501 quam
285 1430 413 1500 justi
451 1438 699 1499 pergunt,
731 1437 787 1483 et
805 1428 976 1484 sancti
999 1426 1433 1496 immaculatique
1452 1426 1706 1495 gradiun-

130 1535 232 1591 tur;
261 1540 356 1596 per
381 1538 544 1594 quam
583 1523 686 1579 illis
725 1523 826 1578 iter
863 1530 964 1586 est,
999 1521 1091 1592 qui
1126 1520 1447 1588 humilitate,
1479 1519 1702 1591 integri-

129 1625 252 1685 tate,
281 1617 568 1671 sanctitate
599 1614 810 1686 prazditi
856 1612 1109 1670 indefessi
1147 1613 1421 1670 Christum
1460 1624 1703 1669 nostrum

132 1715 531 1780 prosequuntur.

182 1798 231 1853 2.
271 1797 438 1868 Hujus
457 1811 588 1868 ergo
615 1797 714 1852 vite
733 1803 789 1853 et
809 1795 1085 1867 eligendus
1113 1795 1270 1853 nobis
1297 1803 1354 1852 et
1381 1794 1704 1852 muniendus

1805 593 2113 650 ambulandi
2153 609 2292 666 pene
2321 593 2440 665 plus
2466 591 2857 664 desperationis
2901 591 3101 647 habeat
3126 605 3288 662 quam
3326 589 3399 645 la-

1803 688 1969 746 boris.
1992 685 2304 743 Convertite
2327 687 2488 742 modo
2515 687 2702 742 oculos
2728 694 2939 742 vestros
2967 685 3034 741 ad
3056 685 3226 748 illum,
3244 684 3398 754 cujus

1803 779 2105 836 cervicibus
2142 779 2272 833 nihil
2313 777 2568 848 ponderis
2606 777 2882 844 imminet;
2911 784 2968 833 et
3005 777 3203 833 videtis
3230 791 3394 847 quam

1802 871 1942 926 liber
1960 869 2178 935 incedit,
2209 884 2370 940 quam
2405 869 2560 925 facile
2590 869 2664 923 illi
2687 878 2768 924 est
2796 884 2894 940 per
2917 869 3084 924 ardua
3113 869 3289 924 exutis
3314 869 3394 925 ire

1801 962 2020 1034 plantis,
2045 971 2101 1018 et
2119 962 2174 1016 in
2195 961 2330 1017 locis
2357 962 2596 1032 scrupeis
2624 961 2869 1032 pendulis
2896 961 3102 1016 luerere
3133 959 3388 1030 vestigiis.

1802 1053 1956 1111 Nunc
1973 1053 2078 1109 levi
2097 1069 2255 1109 cursu
2286 1068 2543 1124 procerus
2561 1053 2842 1119 attollitur,
2861 1069 3003 1110 nunc
3024 1069 3120 1124 per
3135 1062 3161 1090 ἰ
3181 1053 3394 1109 diversa

1803 1153 1916 1202 tota
1946 1145 2110 1200 animi
2139 1145 2416 1202 alacritate
2445 1153 2722 1216 portatur;
2754 1154 2813 1200 ut
2841 1145 3092 1201 ostendat
3111 1144 3396 1200 difliculta-

1804 1247 1914 1295 tem
1943 1239 2184 1295 locorum
2214 1238 2397 1294 liberis
2418 1253 2525 1293 non
2552 1238 2810 1309 impedire
2843 1238 3162 1310 corporibus
3190 1253 3290 1294 nec
3318 1237 3398 1294 la—

1801 1333 2017 1390 boriosa
2044 1348 2163 1388 esse
2189 1333 2438 1402 cuiquam
2484 1333 2696 1396 itinera,
2723 1332 2969 1402 quamvis
2997 1333 3104 1387 sint
3132 1330 3318 1397 ardua,
3351 1332 3399 1388 si
3440 1339 3446 1352 ’

1801 1433 2129 1481 exoneretur
2156 1440 2309 1480 mens
2337 1424 2546 1494 injustis
2574 1424 2903 1495 ponderibus
2922 1432 3203 1494 occupata.
3231 1423 3396 1478 Simi-

1805 1517 1870 1574 lis
1908 1527 2008 1583 est,
2051 1517 2402 1584 dilectissimi,
2443 1517 2585 1572 ratio
2631 1517 2744 1572 sive
2773 1516 2857 1572 his
2895 1531 3032 1586 quos
3059 1515 3224 1585 iniqui
3246 1523 3398 1571 actus

1804 1619 2049 1678 onerant,
2064 1609 2242 1682 θεῖνε
2255 1610 2356 1665 illis
2367 1625 2503 1679 quos
2511 1609 2682 1665 veteri
2697 1617 2890 1664 exutos
2901 1608 3056 1678 culpa
3067 1607 3397 1678 pmnitentize

1801 1703 2051 1775 lacrymm
2078 1703 2476 1758 commendant.
2526 1701 2697 1757 Debet
2743 1702 2928 1773 itaque
2952 1715 3071 1772 quae
3109 1707 3233 1756 sunt
3263 1714 3396 1756 one-

1802 1811 1927 1852 rosa
1947 1795 2238 1866 deponere,
2263 1795 2355 1864 qui
2386 1795 2500 1850 vult
2526 1795 2593 1849 ad
2617 1793 2875 1864 judicium
2904 1809 3126 1850 securus
3160 1793 3346 1849 venire
3379 1810 3392 1847 :

128 1905 350 1949 accessus
373 1899 478 1957 est,
499 1891 626 1961 quia
655 1891 794 1947 sicut
813 1898 897 1946 est
916 1889 1133 1956 arduus,
1157 1889 1231 1945 ita
1259 1896 1316 1944 et
1334 1888 1585 1960 pervius:
1616 1887 1698 1944 fa-
1731 1888 1774 1949 Β
1801 1896 1857 1944 et
1887 1897 2100 1944 terrena
2123 1897 2490 1954 contemnere,
2521 1888 2607 1943 cui
2635 1896 2719 1944 est
2750 1890 2962 1944 animus
3001 1887 3240 1945 coelestia
3270 1902 3399 1960 pos-

129 1985 264 2041 cilem
289 1991 470 2039 autem
488 1998 548 2038 se
570 1981 874 2039 volentibus
895 1990 1132 2054 prmstat,
1155 1981 1202 2038 si
1230 1998 1338 2037 non
1368 1989 1461 2037 aut
1491 1982 1700 2038 vanitas

128 2077 379 2150 impediat,
411 2084 509 2132 aut
553 2074 718 2132 fallax
745 2076 794 2132 h‘
816 2075 906 2146 jus
951 2075 1134 2131 mundi
1181 2083 1406 2132 ornatus
1450 2074 1696 2130 obsistat.

128 2171 354 2230 Liberum
392 2180 574 2228 autem
603 2179 660 2226 et
687 2180 911 2226 exutum
940 2169 1190 2226 omnibus
1215 2167 1611 2240 impedimentis
1631 2168 1699 2223 il-

128 2265 220 2322 lum
245 2279 360 2321 esse
386 2264 662 2327 convenit,
685 2263 778 2334 qui
806 2263 912 2318 iter
949 2261 1102 2317 ardui
1140 2261 1339 2317 montis
1369 2259 1694 2332 aggreditur.

129 2357 254 2415 Sicut
278 2364 460 2412 autem
489 2356 733 2412 videmus
760 2355 961 2427 injuste
989 2353 1134 2411 fasce
1163 2353 1418 2410 vacillare
1440 2353 1697 2422 vestigia;

129 2452 190 2508 ita
223 2451 403 2507 multis
444 2451 684 2523 lapsibus
708 2448 951 2520 subiacet
991 2449 1191 2513 anima,
1222 2447 1269 2504 si
1319 2446 1478 2504 fuerit
1503 2447 1702 2517 iniquis

129 2544 310 2601 actibus
330 2551 617 2614 occupata.
652 2539 806 2598 Unde
833 2541 1236 2597 exonerandum
1267 2555 1465 2610 corpus
1492 2546 1575 2595 est
1597 2553 1701 2594 sae-

130 2637 376 2694 cularibus
415 2636 697 2694 desideriis
733 2635 1079 2707 impeditum,
1113 2650 1180 2690 ne
1210 2648 1309 2706 per
1335 2632 1504 2688 ardua
1533 2640 1588 2688 et
1607 2646 1705 2687 ex-

130 2729 249 2786 celsa
289 2727 656 2795 tendentibus,
700 2737 794 2782 aut
831 2726 1123 2798 periculum
1172 2725 1363 2780 mortis
1409 2722 1701 2791 incumbat,

131 2830 208 2878 aut
233 2821 538 2892 desperatio
567 2818 770 2876 laboris
815 2825 1110 2874 accrescat.
1143 2815 1274 2884 Quis
1303 2815 1466 2885 igitur
1491 2814 1706 2886 sapiens

132 2911 302 2968 animal
340 2925 500 2966 suum
548 2909 863 2982 impeditum
893 2907 1106 2964 sarcina
1152 2922 1252 2978 per
1289 2914 1575 2976 angustum
1603 2906 1708 2962 iter

135 3004 323 3075 dirigat,
355 3002 512 3074 cujus
540 3019 704 3058 unum
735 3002 875 3057 latus
902 3001 1104 3058 excelsi
1143 3001 1341 3057 montis
1381 3000 1552 3057 moles
1579 3015 1706 3071 pre-

135 3105 244 3160 mat,
274 3095 422 3152 aliud
470 3110 633 3166 rupes
659 3109 898 3166 praeceps
923 3093 1184 3149 astituat?
1212 3092 1302 3149 ubi
1343 3092 1389 3148 si
1434 3092 1710 3148 temeritas

135 3188 474 3262 pravaluerit,
524 3194 619 3243 aut
661 3185 1038 3242 revertendum
1087 3193 1202 3252 est,
1233 3193 1326 3240 aut
1350 3182 1705 3239 evadendum.

1801 1979 1999 2037 sidere.

1869 2073 1922 2129 4.
1965 2073 2127 2140 Sane,
2157 2073 2514 2140 dilectissimi,
2555 2089 2664 2144 quo
2695 2074 2901 2130 facilius
2929 2075 3071 2130 illius
3100 2074 3253 2132 ardui
3296 2075 3388 2130 iti-

1801 2169 1950 2224 neris
1978 2183 2365 2240 exsuperemus
2391 2170 2686 2237 angustias,
2736 2171 2961 2225 sincerae
3010 2171 3207 2225 mentis
3246 2170 3396 2226 adhi-

1801 2261 1976 2318 benda
1998 2271 2126 2318 sunt
2151 2261 2325 2317 studia
2352 2281 2364 2316 :
2397 2270 2453 2318 et
2475 2261 2859 2318 removendum
2889 2261 2934 2317 si
2958 2261 3087 2332 quid
3115 2261 3285 2316 litium
3305 2268 3402 2318 aut

1802 2354 1990 2411 infelix
2011 2370 2190 2411 sermo
2214 2355 2398 2422 servit,
2422 2363 2516 2410 aut
2535 2355 2590 2410 in
2619 2354 2968 2426 opprobrium
2990 2354 3182 2410 domus
3210 2353 3401 2410 aliena:

1803 2448 2014 2518 injurize
2038 2447 2177 2504 forte
2205 2448 2400 2506 veneni
2429 2448 2609 2518 lingua
2634 2447 2946 2503 commovit.
2985 2445 3264 2502 Estimari
3303 2461 3403 2503 au-

1805 2548 1914 2596 tem
1956 2557 2063 2596 non
2093 2549 2273 2612 potest
2301 2549 2564 2610 quantum
2610 2539 2904 2610 impediant
2943 2540 3084 2594 viam
3113 2539 3235 2594 vita:
3273 2539 3404 2596 vitia

1805 2631 2219 2703 indisciplinatze
2247 2633 2440 2702 linguae
2473 2649 2487 2686 :
2533 2647 2652 2702 quae
2693 2632 2821 2687 dum
2871 2631 3091 2686 nimium
3132 2629 3402 2700 loquendo

1805 2736 2067 2792 organum
2089 2725 2172 2778 sui
2201 2723 2310 2778 oris
2333 2731 2571 2787 exercet,
2598 2723 2720 2780 odia
2752 2723 3033 2778 adversum
3064 2737 3123 2777 se
3143 2722 3305 2777 etiam
3332 2719 3405 2779 do

1807 2815 1997 2871 otiosis
2016 2815 2354 2871 sermonibus
2374 2814 2648 2870 excitavit.
2667 2814 2798 2869 Nam
2814 2814 2942 2870 dicit
2962 2813 3221 2869 Do‘miuus
3239 2813 3405 2869 etiam

1807 2907 1876 2964 de
1936 2907 2128 2963 otiosis
2177 2907 2519 2963 sermonibus
2586 2908 2853 2962 rationem
2908 2922 3028 2963 esse
3079 2907 3406 2962 reddendam

1811 2999 2045 3072 (Matth.
2080 3015 2170 3066 xu,
2204 2998 2272 3053 56
2295 2998 2335 3070 ).
2365 2997 2556 3056 Videte
2604 3013 2734 3069 ergo
2775 2998 2902 3069 quid
2949 2998 3027 3054 illi
3073 2997 3307 3053 futurum
3335 2996 3407 3052 sit

1808 3105 1972 3160 quem
2000 3105 2162 3145 causa
2181 3090 2352 3160 culpte
2380 3089 2695 3160 principalis
2722 3091 3030 3161 impugnat,
3061 3105 3183 3145 cum
3208 3103 3315 3143 non
3334 3088 3408 3144 sit

1809 3181 1928 3237 sine
1950 3181 2190 3252 periculo
2220 3180 2412 3236 animae
2431 3181 2496 3236 ad
2513 3180 2775 3250 judicium
2797 3181 2958 3236 etiam
2975 3179 3112 3236 levia
3134 3193 3410 3249 quaecum-

137 3279 314 3337 Similis
342 3289 429 3336 est
456 3288 511 3336 et
529 3278 766 3335 hominis
787 3277 931 3334 illius
958 3292 1120 3333 causa
1141 3275 1234 3346 qui
1264 3275 1407 3330 viam
1434 3275 1708 3345 religionis
1731 3275 1783 3342 ε
1811 3290 1918 3346 que
1947 3283 2183 3347 portare.
2210 3277 2368 3329 Arcta
2388 3285 2438 3328 et
2455 3285 2677 3348 angusta
2705 3284 2780 3330 est
2801 3275 2901 3341 via,
2926 3291 3040 3347 qua:
3067 3273 3208 3328 ducit
3236 3272 3304 3326 ad
3327 3273 3406 3328 vi-

137 3373 382 3442 ingressus
409 3379 512 3428 est.
546 3367 696 3442 Opus
722 3379 804 3426 est
831 3383 961 3439 ergo
990 3376 1050 3424 ut
1076 3382 1294 3439 semper
1321 3376 1529 3422 resecet
1553 3381 1706 3436 quae-

138 3481 343 3536 cumque
355 3473 451 3520 aut
478 3464 762 3519 inhonesta
791 3463 1075 3518 videantur
1103 3470 1198 3517 aut
1227 3461 1402 3532 turpia
1420 3503 1436 3528 ,
1467 3461 1559 3530 qui
1588 3461 1707 3516 ani-

138 3572 262 3613 mam
282 3573 432 3613 suam
458 3556 526 3612 ad
554 3555 830 3612 cmiestem
859 3553 1085 3626 gloriam
1105 3553 1376 3610 desiderat
1405 3554 1706 3624 pervenire.

139 3647 242 3704 Non
270 3648 379 3705 sine
397 3664 564 3705 causa
593 3657 772 3704 autem
800 3646 932 3703 dicit
970 3645 1228 3702 Dominus
1260 3665 1273 3701 :
1302 3645 1550 3719 Relinque
1577 3643 1712 3700 bona

143 3751 244 3808 tua,
277 3751 324 3796 et
351 3757 564 3814 sequere
589 3756 672 3795 me
697 3737 924 3811 (Matth.
951 3753 1061 3804 xix,
1091 3735 1217 3809 21).
1243 3737 1394 3793 Bona
1423 3738 1544 3804 ista,
1580 3737 1716 3793 dile-

142 3832 364 3898 ctissimi,
390 3832 532 3887 mala
562 3839 746 3888 nostra
775 3838 922 3897 sunt,
948 3830 1178 3885 terrenis
1209 3829 1417 3884 actibus
1438 3829 1711 3884 enutrita:

144 3925 319 3993 quibus
343 3924 471 3980 dum
499 3923 761 3995 aliquanti
785 3921 1010 3979 nimium
1037 3929 1242 3978 attente
1263 3921 1523 3986 serviunt,
1553 3919 1719 3983 catlee

145 4017 234 4073 stia
253 4017 614 4088 perdiderunt.

204 4109 256 4166 5.
294 4109 350 4168 Si
367 4111 531 4167 vultis
556 4109 740 4180 itaque
767 4117 827 4164 ut
865 4108 1023 4164 vobis
1047 4114 1232 4179 pateat
1257 4105 1494 4163 caelestis
1527 4105 1715 4176 janua,

147 4202 454 4261 removenda
472 4209 599 4258 sunt
619 4202 820 4268 omnia,
839 4209 895 4256 et
915 4199 1246 4272 paenitentiae
1267 4199 1572 4271 deputanda
1595 4206 1723 4255 sunt

149 4308 477 4365 quaecumque
505 4293 558 4348 in
587 4292 855 4350 excidium
888 4292 1010 4346 vitae
1033 4291 1366 4360 negligenter
1383 4299 1441 4346 et
1467 4291 1722 4346 inconve-

150 4387 340 4442 nienter
369 4387 566 4442 usitata
597 4393 740 4442 sunt.
773 4383 1002 4441 Diflicile
1029 4394 1212 4440 autem
1241 4393 1324 4440 est
1345 4393 1403 4440 ut
1422 4385 1488 4440 ad
1519 4400 1582 4440 ea
1601 4399 1723 4454 quae

147 4480 448 4550 praeparavit
464 4477 725 4534 Dominus
737 4477 1082 4533 credentibus
1103 4476 1156 4531 in
1169 4491 1250 4540 se,
1269 4476 1363 4531 tibi
1377 4475 1724 4546 perveniendi

150 4571 211 4626 sit
228 4571 409 4637 aditus,
448 4570 553 4626 nisi
579 4577 831 4626 onustum
857 4567 1000 4622 vitiis
1025 4574 1216 4638 pectus
1242 4581 1524 4632 exoneres,
1562 4575 1726 4638 atque

1809 3374 1936 3420 tam.
1968 3363 2305 3436 Quicumque
2325 3381 2454 3436 ergo
2476 3375 2561 3422 est
2579 3367 2814 3436 sapiens,
2840 3366 3015 3437 primo
3044 3365 3166 3420 loco
3179 3362 3348 3435 jactet
3375 3377 3409 3420 a

1807 3471 1868 3512 se
1908 3456 2289 3527 impedimenta
2329 3457 2534 3522 mundi,
2567 3465 2622 3513 et
2650 3457 2857 3512 muniat
2886 3457 2988 3512 iter
3029 3471 3184 3512 suum
3227 3455 3407 3512 studio

1810 3549 2136 3621 disciplinae;
2178 3561 2456 3606 removeat
2500 3550 2866 3606 intercedente
2895 3551 3211 3621 paenitentia
3259 3563 3411 3619 qua:-

1811 3656 2040 3712 cumque
2071 3657 2168 3712 per
2199 3641 2580 3711 negligentiam
2608 3642 2860 3697 videntur
2889 3643 3172 3713 imposita;
3195 3656 3296 3696 nec
3322 3657 3410 3698 se-

1813 3749 1936 3790 cum
1958 3733 2281 3804 portandum
2303 3742 2457 3804 putet
2475 3733 2731 3804 quidquid
2754 3733 2924 3804 gloria
2946 3732 3217 3788 smcularis
3244 3733 3415 3802 impo-

1814 3827 1922 3882 suit
1946 3845 1958 3880 :
1976 3827 2102 3896 quia
2134 3827 2260 3882 licet
2286 3826 2394 3881 sint
2412 3841 2509 3897 per
2528 3841 2586 3881 se
2607 3825 2808 3896 gravia,
2843 3822 2978 3880 fiunt
2997 3831 3177 3880 tamen
3201 3823 3412 3880 itineris

1815 3916 2131 3975 difficultate
2157 3918 2423 3988 graviora.
2455 3916 2618 3974 Forte
2646 3917 2934 3988 aliquantis
2980 3918 3033 3972 in
3062 3917 3166 3995 hoc
3210 3916 3409 3974 saeculo

1818 4009 2040 4064 nimium
2070 4009 2314 4066 delicatis
2343 4011 2556 4080 angusti
2595 4018 2651 4066 et
2684 4010 2838 4065 ardui
2883 3994 3090 4065 itineris
3117 4008 3414 4064 necessitas

1819 4102 2257 4175 desperationem
2303 4104 2464 4175 parit.
2505 4102 2572 4157 Et
2615 4119 2743 4158 vere
2783 4102 2945 4158 habet
2992 4102 3097 4157 hoc
3150 4099 3322 4165 ratio,
3353 4113 3414 4154 ut

1822 4211 2012 4267 aspera
2041 4211 2270 4266 qumque
2305 4204 2362 4250 et
2389 4193 2623 4250 difficilia
2651 4195 2798 4250 rudis
2827 4195 3037 4249 animus
3063 4199 3409 4264 expavescat.

1822 4287 1930 4344 Sed
1957 4288 2084 4358 quid
2115 4288 2358 4350 facimus,
2384 4287 2526 4358 quod
2549 4288 2692 4342 nulla
2723 4287 2990 4342 deliciosis
3019 4286 3274 4346 militibus
3302 4285 3414 4340 vir-

1823 4388 1996 4436 tutum
2018 4389 2168 4451 patet
2183 4379 2383 4450 janua?
2411 4379 2542 4448 Quis
2570 4389 2748 4434 autem
2787 4377 2990 4434 fructus
3018 4378 3218 4433 laboris
3245 4385 3412 4442 esset,

1827 4473 1874 4528 si
1900 4487 2000 4543 per
2017 4472 2176 4542 plana
2197 4472 2565 4528 discurreres?
2593 4477 2686 4526 aut
2704 4469 2920 4540 quando
2943 4479 2994 4526 te
3022 4469 3089 4525 ad
3110 4469 3289 4525 locum
3317 4483 3417 4540 pa-

1828 4573 2005 4618 ratum
2027 4565 2240 4620 venisse
2260 4563 2522 4633 gauderes
2538 4606 2552 4630 ,
2577 4563 2623 4618 si
2651 4564 2769 4618 sine
2800 4561 2991 4630 injuria
3019 4562 3263 4633 corporis
3290 4576 3419 4632 pero

153 4677 321 4717 omnes
341 4661 612 4732 injustitite
650 4661 836 4731 culpas
873 4659 1137 4730 religiosa:
1164 4658 1459 4730 disciplinae
1487 4662 1724 4717 auctori-
1749 4657 1803 4718 D
1826 4657 2074 4712 venires?
2095 4655 2224 4724 Quis
2248 4671 2502 4725 umquam
2521 4657 2726 4712 otiosus
2740 4663 2940 4725 tropaea
2969 4653 3306 4725 composuit?
3327 4659 3424 4708 aut

151 4761 248 4809 tate
273 4768 600 4826 compescas.
631 4751 913 4825 Superflue
947 4761 1129 4808 autem
1173 4760 1226 4809 te
1270 4760 1428 4823 putas
1453 4753 1605 4808 ardui
1639 4753 1728 4808 iti-

155 4848 280 4902 neris
307 4856 361 4902 et
385 4848 486 4903 vize
525 4861 732 4918 asperae
761 4846 982 4902 semitas
1023 4854 1226 4912 tenere,
1251 4845 1298 4901 si
1336 4847 1530 4901 animae
1559 4847 1728 4918 impe-

155 4937 299 4994 diaris
328 4953 533 4995 errore.
577 4936 772 4994 Ponite
812 4937 968 4994 vobis
993 4937 1244 5007 denique,
1269 4937 1316 4994 si
1343 4938 1573 5004 videtur,
1603 4948 1729 4994 ante

157 5033 323 5088 oculos
357 5033 494 5088 duos
522 5031 592 5088 ad
631 5031 914 5103 superiora
961 5031 1282 5098 tendentes;
1328 5047 1560 5102 quorum
1590 5049 1730 5087 unus

157 5126 284 5192 gravi
305 5125 546 5196 pondere
585 5132 815 5180 onustus
842 5132 1049 5200 pergat,
1084 5125 1220 5179 alter
1257 5124 1359 5180 levi
1391 5134 1600 5180 tantum
1627 5124 1726 5180 ba-

159 5217 261 5273 culo
283 5220 438 5274 nixus
466 5218 714 5282 incedat;
745 5225 802 5273 et
820 5217 1070 5274 videbitis
1097 5218 1218 5288 quis
1245 5216 1450 5274 facilius
1472 5217 1540 5274 ad
1573 5233 1734 5289 supe-

162 5307 282 5364 riora
313 5309 612 5382 perveniat.
635 5307 906 5378 Respicite
936 5308 1081 5379 prius
1103 5307 1169 5363 ad
1199 5308 1346 5365 illum
1361 5309 1454 5380 qui
1482 5317 1737 5378 gravatur

145 5407 306 5488 tenere
328 5419 344 5470 ;
369 5410 424 5457 et
447 5400 697 5457 videbitis
718 5399 951 5456 hominis
973 5399 1116 5455 illius
1131 5400 1417 5472 pendentia
1437 5411 1734 5456 retrorsum

163 5488 393 5550 festinare
439 5495 681 5563 vestigia,
727 5502 886 5562 atque
914 5493 989 5547 ita
1029 5491 1169 5548 ﬂexo
1195 5507 1338 5563 genu
1381 5493 1650 5561 incedere,
1677 5505 1738 5550 ut

165 5591 362 5651 putetur
388 5585 586 5640 redire.
620 5583 780 5639 Modo
820 5583 1200 5650 descendenti,
1233 5584 1395 5639 modo
1423 5584 1637 5640 cadenti
1671 5587 1740 5641 si-

169 5671 311 5742 milis,
331 5675 404 5731 ita
423 5677 479 5731 in
498 5675 764 5732 diversam
783 5683 994 5746 partem
1013 5673 1228 5746 penduli
1250 5675 1456 5732 itineris
1477 5685 1591 5732 toto
1612 5692 1733 5734 cor-

238 5816 263 5847 ⁸
295 5806 474 5866 Scribe
493 5809 748 5864 demersa.
773 5805 978 5862 Ban'ru.

237 5875 266 5918 ³
293 5877 513 5938 Videtur
540 5879 814 5938 abundare
851 5895 956 5936 vox
998 5877 1260 5932 uirtutum.
1281 5875 1485 5936 Contra
1522 5888 1738 5938 senten-

1829 4751 1949 4821 quis
1973 4751 2444 4807 circumstantibus
2486 4750 2718 4820 undique
2745 4749 2982 4805 hostium
3023 4747 3324 4819 legionibus
3352 4744 3423 4801 ad

1829 4843 2111 4899 victoriam
2159 4843 2501 4899 dormitando
2542 4843 2826 4915 pervenit?
2848 4841 2874 4880 ι’
2906 4841 3100 4896 Parum
3133 4841 3303 4895 laudis
3329 4841 3425 4894 ha-

1831 4935 1924 4990 bet
1951 4934 2208 4989 virtutum
2238 4949 2461 5002 corona,
2492 4950 2612 5006 qua:
2639 4949 2708 4991 ex
2747 4933 2932 4990 labore
2971 4948 3081 4988 non
3121 4931 3422 4988 descendit.

1835 5024 2022 5082 Potest
2048 5025 2266 5096 quidem
2307 5025 2505 5082 habere
2536 5027 2802 5097 palmam,
2847 5025 2939 5086 sed
2972 5040 3080 5080 non
3118 5024 3280 5079 habet
3310 5026 3425 5092 glo-

1833 5119 1990 5173 riam.
2023 5107 2250 5184 Quando
2278 5116 2378 5171 fuit
2397 5125 2457 5172 ut
2485 5117 2718 5186 agricola
2746 5117 2942 5172 horrea
2969 5132 3066 5172 sua
3095 5117 3300 5171 otiosus
3329 5115 3428 5169 in;-

1838 5210 2047 5281 pleret?
2088 5217 2183 5264 aut
2217 5209 2339 5279 quis
2368 5223 2622 5278 umquam
2651 5207 2891 5277 legitimo
2929 5217 3173 5278 tempore
3202 5208 3312 5276 agri
3343 5207 3427 5262 sui

1837 5302 2066 5356 fructum
2090 5301 2312 5372 recepit,
2338 5301 2438 5355 nisi
2459 5299 2606 5371 prius
2633 5299 2988 5369 multiplicato
3009 5297 3195 5353 rudem
3229 5307 3426 5352 terram

1839 5396 1990 5450 sulco
2011 5393 2342 5449 cmifecerit?
2362 5393 2488 5450 Haec
2508 5403 2593 5449 est
2619 5401 2801 5448 autem
2831 5407 3146 5462 magnorum
3169 5393 3304 5446 ratio
3328 5392 3430 5445 vir-

1843 5497 2035 5550 tutum,
2063 5496 2120 5542 ut
2140 5496 2342 5557 quanto
2363 5489 2483 5560 plus
2511 5489 2675 5544 homo
2699 5489 2929 5552 laborat,
2958 5494 3107 5542 tanto
3141 5488 3261 5558 plus
3283 5502 3426 5542 mer-

1841 5580 1988 5636 cedis
2010 5580 2272 5649 acquirat.

2007 5671 2297 5728 Videamus
2348 5681 2558 5740 tamen,
2616 5673 2790 5744 qualis
2835 5672 2938 5728 ista
2988 5671 3072 5727 via
3127 5670 3317 5728 mortis
3361 5671 3433 5726 sit

1841 5809 1973 5864 tiam
2004 5806 2242 5881 auctoris
2269 5814 2371 5877 est,
2419 5806 2648 5868 virtutes
2685 5824 2980 5880 agnoscere
3023 5810 3079 5868 in
3107 5809 3289 5881 aliquo
3315 5808 3436 5878 sine

1845 5881 2048 5937 labore.
2082 5875 2289 5936 Βυιτι.

3893 2311 3895 2470 l

3893 3339 3895 3456 l

3891 4007 3895 4156 ι
