  <div class='ocr_page' id='page_1' title='image "/cluster/home/n/w/nwhite01/storage/ocr_20150623/52/hvd.32044015706419/353.png"; bbox 0 0 3924 6368; ppageno 0'>
   <div class='ocr_carea' id='block_1_1' title="bbox 569 298 680 368">
    <p class='ocr_par' dir='ltr' id='par_1_1' title="bbox 569 298 680 368">
     <span class='ocr_line' id='line_1_1' title="bbox 569 298 680 368; baseline -0.018 -10"><span class='ocrx_word' id='word_1_1' title='bbox 569 298 680 368; x_wconf 74' lang='lat'><strong>699</strong></span> 
     </span>
    </p>
   </div>
   <div class='ocr_carea' id='block_1_2' title="bbox 567 393 2254 490">
    <p class='ocr_par' dir='ltr' id='par_1_2' title="bbox 567 393 2254 490">
     <span class='ocr_line' id='line_1_2' title="bbox 567 393 2254 490; baseline -0.011 -23"><span class='ocrx_word' id='word_1_2' title='bbox 567 423 732 490; x_wconf 82' lang='lat' dir='ltr'><strong>quam</strong></span> <span class='ocrx_word' id='word_1_3' title='bbox 771 405 1101 476; x_wconf 78' lang='lat' dir='ltr'><strong>evangelista</strong></span> <span class='ocrx_word' id='word_1_4' title='bbox 1129 402 1259 460; x_wconf 93' lang='lat' dir='ltr'><strong>dicit</strong></span> <span class='ocrx_word' id='word_1_5' title='bbox 1288 400 1522 472; x_wconf 85' lang='lat' dir='ltr'><strong>amplam</strong></span> <span class='ocrx_word' id='word_1_6' title='bbox 1553 405 1610 454; x_wconf 91' lang='lat' dir='ltr'><strong>et</strong></span> <span class='ocrx_word' id='word_1_7' title='bbox 1641 397 1956 470; x_wconf 87' lang='lat' dir='ltr'><strong>spatiosam,</strong></span> <span class='ocrx_word' id='word_1_8' title='bbox 1991 393 2164 452; x_wconf 83' lang='lat' dir='ltr'><strong>etiiu-</strong></span> <span class='ocrx_word' id='word_1_9' title='bbox 2199 396 2254 456; x_wconf 78' lang='grc' dir='ltr'>Α</span> 
     </span>
    </p>
   </div>
   <div class='ocr_carea' id='block_1_3' title="bbox 566 489 2169 576">
    <p class='ocr_par' dir='ltr' id='par_1_3' title="bbox 566 489 2169 576">
     <span class='ocr_line' id='line_1_3' title="bbox 566 489 2169 576; baseline -0.013 -12"><span class='ocrx_word' id='word_1_10' title='bbox 566 505 743 565; x_wconf 91' lang='lat' dir='ltr'><strong>ctibus</strong></span> <span class='ocrx_word' id='word_1_11' title='bbox 771 502 986 576; x_wconf 82' lang='lat' dir='ltr'><strong>plenam</strong></span> <span class='ocrx_word' id='word_1_12' title='bbox 1039 518 1052 554; x_wconf 93' lang='lat'><strong>:</strong></span> <span class='ocrx_word' id='word_1_13' title='bbox 1091 511 1210 569; x_wconf 76' lang='lat' dir='ltr'><strong>quae</strong></span> <span class='ocrx_word' id='word_1_14' title='bbox 1257 495 1504 566; x_wconf 84' lang='lat' dir='ltr'><strong>quamvis</strong></span> <span class='ocrx_word' id='word_1_15' title='bbox 1549 491 1750 548; x_wconf 90' lang='lat' dir='ltr'><strong>referta</strong></span> <span class='ocrx_word' id='word_1_16' title='bbox 1785 491 1858 546; x_wconf 88' lang='lat' dir='ltr'><strong>sit</strong></span> <span class='ocrx_word' id='word_1_17' title='bbox 1882 489 2169 556; x_wconf 76' lang='lat' dir='ltr'><strong>mortibus,</strong></span> 
     </span>
    </p>
   </div>
   <div class='ocr_carea' id='block_1_4' title="bbox 567 579 2174 668">
    <p class='ocr_par' dir='ltr' id='par_1_4' title="bbox 567 579 2174 668">
     <span class='ocr_line' id='line_1_4' title="bbox 567 579 2174 668; baseline -0.014 -13"><span class='ocrx_word' id='word_1_18' title='bbox 567 611 857 668; x_wconf 83' lang='lat' dir='ltr'><strong>numquam</strong></span> <span class='ocrx_word' id='word_1_19' title='bbox 898 603 1079 648; x_wconf 90' lang='lat' dir='ltr'><strong>tamen</strong></span> <span class='ocrx_word' id='word_1_20' title='bbox 1124 589 1322 644; x_wconf 91' lang='lat' dir='ltr'><strong>desinit</strong></span> <span class='ocrx_word' id='word_1_21' title='bbox 1366 586 1642 656; x_wconf 82' lang='lat' dir='ltr'><strong>suscipere</strong></span> <span class='ocrx_word' id='word_1_22' title='bbox 1687 583 2028 639; x_wconf 88' lang='lat' dir='ltr'><strong>criminosos.</strong></span> <span class='ocrx_word' id='word_1_23' title='bbox 2075 579 2174 635; x_wconf 86' lang='lat' dir='ltr'><strong>Est</strong></span> 
     </span>
    </p>
   </div>
   <div class='ocr_carea' id='block_1_5' title="bbox 531 675 2168 759">
    <p class='ocr_par' dir='ltr' id='par_1_5' title="bbox 531 675 2168 759">
     <span class='ocr_line' id='line_1_5' title="bbox 531 675 2168 759; baseline -0.012 -11"><span class='ocrx_word' id='word_1_24' title='bbox 531 707 542 758; x_wconf 43' lang='grc' dir='ltr'><em>θ,</em></span> <span class='ocrx_word' id='word_1_25' title='bbox 566 693 711 749; x_wconf 90' lang='lat' dir='ltr'><strong>enim</strong></span> <span class='ocrx_word' id='word_1_26' title='bbox 743 688 901 759; x_wconf 87' lang='lat' dir='ltr'><strong>hujus</strong></span> <span class='ocrx_word' id='word_1_27' title='bbox 931 694 1156 751; x_wconf 76' lang='lat' dir='ltr'><strong>naturze,</strong></span> <span class='ocrx_word' id='word_1_28' title='bbox 1191 691 1251 738; x_wconf 92' lang='lat' dir='ltr'><strong>ut</strong></span> <span class='ocrx_word' id='word_1_29' title='bbox 1290 683 1399 738; x_wconf 91' lang='lat' dir='ltr'><strong>cito</strong></span> <span class='ocrx_word' id='word_1_30' title='bbox 1424 680 1491 736; x_wconf 90' lang='lat' dir='ltr'><strong>ad</strong></span> <span class='ocrx_word' id='word_1_31' title='bbox 1534 695 1593 736; x_wconf 92' lang='lat' dir='ltr'><strong>se</strong></span> <span class='ocrx_word' id='word_1_32' title='bbox 1639 678 1912 750; x_wconf 86' lang='lat' dir='ltr'><strong>perituros</strong></span> <span class='ocrx_word' id='word_1_33' title='bbox 1941 675 2168 731; x_wconf 77' lang='lat' dir='ltr'><strong>invitet:</strong></span> 
     </span>
    </p>
   </div>
   <div class='ocr_carea' id='block_1_6' title="bbox 531 759 2172 846">
    <p class='ocr_par' dir='ltr' id='par_1_6' title="bbox 531 759 2172 846">
     <span class='ocr_line' id='line_1_6' title="bbox 531 759 2172 846; baseline -0.01 -8"><span class='ocrx_word' id='word_1_34' title='bbox 531 759 545 792; x_wconf 43' lang='grc' dir='ltr'>ἰ</span> <span class='ocrx_word' id='word_1_35' title='bbox 563 782 776 839; x_wconf 81' lang='lat' dir='ltr'><strong>facilem</strong></span> <span class='ocrx_word' id='word_1_36' title='bbox 814 791 995 835; x_wconf 89' lang='lat' dir='ltr'><strong>autem</strong></span> <span class='ocrx_word' id='word_1_37' title='bbox 1025 791 1085 832; x_wconf 91' lang='lat' dir='ltr'><strong>se</strong></span> <span class='ocrx_word' id='word_1_38' title='bbox 1122 776 1228 830; x_wconf 91' lang='lat' dir='ltr'><strong>illis</strong></span> <span class='ocrx_word' id='word_1_39' title='bbox 1255 774 1484 846; x_wconf 60' lang='lat' dir='ltr'><strong>praebet,</strong></span> <span class='ocrx_word' id='word_1_40' title='bbox 1531 787 1670 842; x_wconf 87' lang='lat' dir='ltr'><strong>quos</strong></span> <span class='ocrx_word' id='word_1_41' title='bbox 1696 769 1980 842; x_wconf 88' lang='lat' dir='ltr'><strong>disciplina</strong></span> <span class='ocrx_word' id='word_1_42' title='bbox 2003 766 2172 823; x_wconf 89' lang='lat' dir='ltr'><strong>desti-</strong></span> 
     </span>
    </p>
   </div>
   <div class='ocr_carea' id='block_1_7' title="bbox 562 860 2168 943">
    <p class='ocr_par' dir='ltr' id='par_1_7' title="bbox 562 860 2168 943">
     <span class='ocr_line' id='line_1_7' title="bbox 562 860 2168 943; baseline -0.008 -14"><span class='ocrx_word' id='word_1_43' title='bbox 562 875 685 932; x_wconf 92' lang='lat' dir='ltr'><strong>tuit.</strong></span> <span class='ocrx_word' id='word_1_44' title='bbox 710 871 770 928; x_wconf 87' lang='lat' dir='ltr'><strong>in</strong></span> <span class='ocrx_word' id='word_1_45' title='bbox 798 869 1212 943; x_wconf 83' lang='lat' dir='ltr'><strong>comparatione</strong></span> <span class='ocrx_word' id='word_1_46' title='bbox 1241 874 1421 922; x_wconf 89' lang='lat' dir='ltr'><strong>autem</strong></span> <span class='ocrx_word' id='word_1_47' title='bbox 1451 864 1599 936; x_wconf 88' lang='lat' dir='ltr'><strong>plani</strong></span> <span class='ocrx_word' id='word_1_48' title='bbox 1627 871 1683 919; x_wconf 92' lang='lat' dir='ltr'><strong>et</strong></span> <span class='ocrx_word' id='word_1_49' title='bbox 1710 863 1921 931; x_wconf 89' lang='lat' dir='ltr'><strong>angusti</strong></span> <span class='ocrx_word' id='word_1_50' title='bbox 1939 860 2168 924; x_wconf 87' lang='lat' dir='ltr'><strong>itineris,</strong></span> 
     </span>
    </p>
   </div>
   <div class='ocr_carea' id='block_1_8' title="bbox 562 955 2172 1034">
    <p class='ocr_par' dir='ltr' id='par_1_8' title="bbox 562 955 2172 1034">
     <span class='ocr_line' id='line_1_8' title="bbox 562 955 2172 1034; baseline -0.009 -10"><span class='ocrx_word' id='word_1_51' title='bbox 562 965 698 1024; x_wconf 88' lang='lat' dir='ltr'><strong>nihil</strong></span> <span class='ocrx_word' id='word_1_52' title='bbox 720 964 917 1022; x_wconf 87' lang='lat' dir='ltr'><strong>viatori</strong></span> <span class='ocrx_word' id='word_1_53' title='bbox 960 960 1322 1034; x_wconf 84' lang='lat' dir='ltr'><strong>periculosius</strong></span> <span class='ocrx_word' id='word_1_54' title='bbox 1368 957 1624 1030; x_wconf 88' lang='lat' dir='ltr'><strong>spatiosis</strong></span> <span class='ocrx_word' id='word_1_55' title='bbox 1675 955 1998 1012; x_wconf 88' lang='lat' dir='ltr'><strong>itineribus:</strong></span> <span class='ocrx_word' id='word_1_56' title='bbox 2043 955 2172 1025; x_wconf 83' lang='lat' dir='ltr'><strong>quia</strong></span> 
     </span>
    </p>
   </div>
   <div class='ocr_carea' id='block_1_9' title="bbox 563 1048 2175 1128">
    <p class='ocr_par' dir='ltr' id='par_1_9' title="bbox 563 1048 2175 1128">
     <span class='ocr_line' id='line_1_9' title="bbox 563 1048 2175 1128; baseline -0.008 -14"><span class='ocrx_word' id='word_1_57' title='bbox 563 1059 684 1116; x_wconf 86' lang='lat' dir='ltr'><strong>sine</strong></span> <span class='ocrx_word' id='word_1_58' title='bbox 707 1057 992 1128; x_wconf 86' lang='lat' dir='ltr'><strong>disciplina</strong></span> <span class='ocrx_word' id='word_1_59' title='bbox 1015 1053 1276 1119; x_wconf 89' lang='lat' dir='ltr'><strong>curritur,</strong></span> <span class='ocrx_word' id='word_1_60' title='bbox 1305 1052 1394 1107; x_wconf 93' lang='lat' dir='ltr'><strong>ubi</strong></span> <span class='ocrx_word' id='word_1_61' title='bbox 1437 1065 1701 1122; x_wconf 90' lang='lat' dir='ltr'><strong>equorum</strong></span> <span class='ocrx_word' id='word_1_62' title='bbox 1733 1049 1956 1104; x_wconf 70' lang='lat' dir='ltr'><strong>habente</strong></span> <span class='ocrx_word' id='word_1_63' title='bbox 1984 1048 2175 1102; x_wconf 85' lang='lat' dir='ltr'><strong>laxan-</strong></span> 
     </span>
    </p>
   </div>
   <div class='ocr_carea' id='block_1_10' title="bbox 565 1142 2170 1220">
    <p class='ocr_par' dir='ltr' id='par_1_10' title="bbox 565 1142 2170 1220">
     <span class='ocr_line' id='line_1_10' title="bbox 565 1142 2170 1220; baseline -0.005 -16"><span class='ocrx_word' id='word_1_64' title='bbox 565 1157 697 1206; x_wconf 90' lang='lat' dir='ltr'><strong>tur:</strong></span> <span class='ocrx_word' id='word_1_65' title='bbox 743 1157 907 1220; x_wconf 90' lang='lat' dir='ltr'><strong>atque</strong></span> <span class='ocrx_word' id='word_1_66' title='bbox 954 1149 1028 1202; x_wconf 91' lang='lat' dir='ltr'><strong>ita</strong></span> <span class='ocrx_word' id='word_1_67' title='bbox 1068 1146 1128 1201; x_wconf 88' lang='lat' dir='ltr'><strong>fit</strong></span> <span class='ocrx_word' id='word_1_68' title='bbox 1163 1153 1221 1202; x_wconf 93' lang='lat' dir='ltr'><strong>ut</strong></span> <span class='ocrx_word' id='word_1_69' title='bbox 1248 1145 1446 1200; x_wconf 86' lang='lat' dir='ltr'><strong>multos</strong></span> <span class='ocrx_word' id='word_1_70' title='bbox 1485 1152 1645 1216; x_wconf 91' lang='lat' dir='ltr'><strong>porta</strong></span> <span class='ocrx_word' id='word_1_71' title='bbox 1693 1142 1885 1198; x_wconf 88' lang='lat' dir='ltr'><strong>mortis</strong></span> <span class='ocrx_word' id='word_1_72' title='bbox 1912 1143 2170 1213; x_wconf 84' lang='lat' dir='ltr'><strong>recipiat;</strong></span> 
     </span>
    </p>
   </div>
   <div class='ocr_carea' id='block_1_11' title="bbox 562 1234 2174 1316">
    <p class='ocr_par' dir='ltr' id='par_1_11' title="bbox 562 1234 2174 1316">
     <span class='ocr_line' id='line_1_11' title="bbox 562 1234 2174 1316; baseline -0.005 -17"><span class='ocrx_word' id='word_1_73' title='bbox 562 1244 691 1316; x_wconf 86' lang='lat' dir='ltr'><strong>quia</strong></span> <span class='ocrx_word' id='word_1_74' title='bbox 714 1241 805 1298; x_wconf 90' lang='lat' dir='ltr'><strong>ubi</strong></span> <span class='ocrx_word' id='word_1_75' title='bbox 834 1241 1059 1297; x_wconf 85' lang='lat' dir='ltr'><strong>liberius</strong></span> <span class='ocrx_word' id='word_1_76' title='bbox 1087 1239 1353 1311; x_wconf 87' lang='lat' dir='ltr'><strong>pergitur.</strong></span> <span class='ocrx_word' id='word_1_77' title='bbox 1387 1237 1595 1293; x_wconf 86' lang='lat' dir='ltr'><strong>facilius</strong></span> <span class='ocrx_word' id='word_1_78' title='bbox 1615 1236 1947 1308; x_wconf 89' lang='lat' dir='ltr'><strong>pervenitur.</strong></span> <span class='ocrx_word' id='word_1_79' title='bbox 1979 1234 2174 1291; x_wconf 88' lang='lat' dir='ltr'><strong>Audite</strong></span> 
     </span>
    </p>
   </div>
   <div class='ocr_carea' id='block_1_12' title="bbox 563 1331 2175 1402">
    <p class='ocr_par' dir='ltr' id='par_1_12' title="bbox 563 1331 2175 1402">
     <span class='ocr_line' id='line_1_12' title="bbox 563 1331 2175 1402; baseline -0.007 -8"><span class='ocrx_word' id='word_1_80' title='bbox 563 1337 853 1394; x_wconf 90' lang='lat' dir='ltr'><strong>Dominum</strong></span> <span class='ocrx_word' id='word_1_81' title='bbox 883 1335 1154 1391; x_wconf 88' lang='lat' dir='ltr'><strong>dicentem</strong></span> <span class='ocrx_word' id='word_1_82' title='bbox 1180 1351 1192 1386; x_wconf 94' lang='lat'><strong>:</strong></span> <span class='ocrx_word' id='word_1_83' title='bbox 1222 1331 1366 1387; x_wconf 83' lang='lat' dir='ltr'><strong>Tolle</strong></span> <span class='ocrx_word' id='word_1_84' title='bbox 1386 1347 1588 1386; x_wconf 67' lang='lat' dir='ltr'><strong>crucem</strong></span> <span class='ocrx_word' id='word_1_85' title='bbox 1613 1339 1772 1396; x_wconf 84' lang='lat' dir='ltr'><strong>tuam,</strong></span> <span class='ocrx_word' id='word_1_86' title='bbox 1795 1339 2067 1402; x_wconf 84' lang='lat' dir='ltr'><strong>etsequere</strong></span> <span class='ocrx_word' id='word_1_87' title='bbox 2091 1346 2175 1384; x_wconf 84' lang='lat' dir='ltr'><strong>me</strong></span> 
     </span>
    </p>
   </div>
   <div class='ocr_carea' id='block_1_13' title="bbox 570 1422 2173 1504">
    <p class='ocr_par' dir='ltr' id='par_1_13' title="bbox 570 1422 2173 1504">
     <span class='ocr_line' id='line_1_13' title="bbox 570 1422 2173 1504; baseline -0.004 -19"><span class='ocrx_word' id='word_1_88' title='bbox 570 1429 788 1504; x_wconf 77' lang='lat' dir='ltr'><strong>(Matth.</strong></span> <span class='ocrx_word' id='word_1_89' title='bbox 825 1445 932 1494; x_wconf 84' lang='lat' dir='ltr'><strong>xvi,</strong></span> <span class='ocrx_word' id='word_1_90' title='bbox 965 1426 1034 1482; x_wconf 65' lang='grc'><strong>24</strong></span> <span class='ocrx_word' id='word_1_91' title='bbox 1052 1427 1090 1498; x_wconf 93' lang='grc'><strong>).</strong></span> <span class='ocrx_word' id='word_1_92' title='bbox 1121 1425 1356 1482; x_wconf 86' lang='lat' dir='ltr'><strong>Facilem</strong></span> <span class='ocrx_word' id='word_1_93' title='bbox 1384 1423 1627 1496; x_wconf 87' lang='lat' dir='ltr'><strong>profecto</strong></span> <span class='ocrx_word' id='word_1_94' title='bbox 1654 1423 1820 1479; x_wconf 87' lang='lat' dir='ltr'><strong>homo</strong></span> <span class='ocrx_word' id='word_1_95' title='bbox 1847 1423 1990 1478; x_wconf 90' lang='lat' dir='ltr'><strong>illius</strong></span> <span class='ocrx_word' id='word_1_96' title='bbox 2019 1422 2173 1478; x_wconf 80' lang='lat' dir='ltr'><strong>ardui</strong></span> 
     </span>
    </p>
   </div>
   <div class='ocr_carea' id='block_1_14' title="bbox 569 1515 2174 1592">
    <p class='ocr_par' dir='ltr' id='par_1_14' title="bbox 569 1515 2174 1592">
     <span class='ocr_line' id='line_1_14' title="bbox 569 1515 2174 1592; baseline -0.004 -14"><span class='ocrx_word' id='word_1_97' title='bbox 569 1523 781 1578; x_wconf 87' lang='lat' dir='ltr'><strong>itineris</strong></span> <span class='ocrx_word' id='word_1_98' title='bbox 801 1537 910 1576; x_wconf 89' lang='lat' dir='ltr'><strong>non</strong></span> <span class='ocrx_word' id='word_1_99' title='bbox 931 1519 1240 1592; x_wconf 85' lang='lat' dir='ltr'><strong>expavescit</strong></span> <span class='ocrx_word' id='word_1_100' title='bbox 1268 1533 1567 1574; x_wconf 90' lang='lat' dir='ltr'><strong>accessum.</strong></span> <span class='ocrx_word' id='word_1_101' title='bbox 1601 1515 1779 1584; x_wconf 86' lang='lat' dir='ltr'><strong>Quare</strong></span> <span class='ocrx_word' id='word_1_102' title='bbox 1807 1524 1990 1571; x_wconf 91' lang='lat' dir='ltr'><strong>autem</strong></span> <span class='ocrx_word' id='word_1_103' title='bbox 2019 1516 2174 1572; x_wconf 90' lang='lat' dir='ltr'><strong>illum</strong></span> 
     </span>
    </p>
   </div>
   <div class='ocr_carea' id='block_1_15' title="bbox 566 1608 2174 1680">
    <p class='ocr_par' dir='ltr' id='par_1_15' title="bbox 566 1608 2174 1680">
     <span class='ocr_line' id='line_1_15' title="bbox 566 1608 2174 1680; baseline -0.004 -9"><span class='ocrx_word' id='word_1_104' title='bbox 566 1616 726 1672; x_wconf 90' lang='lat' dir='ltr'><strong>labor</strong></span> <span class='ocrx_word' id='word_1_105' title='bbox 745 1614 1061 1680; x_wconf 87' lang='lat' dir='ltr'><strong>conturbet,</strong></span> <span class='ocrx_word' id='word_1_106' title='bbox 1091 1611 1178 1668; x_wconf 92' lang='lat' dir='ltr'><strong>cui</strong></span> <span class='ocrx_word' id='word_1_107' title='bbox 1220 1611 1358 1666; x_wconf 88' lang='lat' dir='ltr'><strong>alter</strong></span> <span class='ocrx_word' id='word_1_108' title='bbox 1382 1625 1600 1665; x_wconf 89' lang='lat' dir='ltr'><strong>manum</strong></span> <span class='ocrx_word' id='word_1_109' title='bbox 1640 1609 1908 1680; x_wconf 78' lang='lat' dir='ltr'><strong>porrigit?</strong></span> <span class='ocrx_word' id='word_1_110' title='bbox 1934 1608 2174 1679; x_wconf 82' lang='lat' dir='ltr'><strong>Quisque</strong></span> 
     </span>
    </p>
   </div>
   <div class='ocr_carea' id='block_1_16' title="bbox 566 1702 2173 1784">
    <p class='ocr_par' dir='ltr' id='par_1_16' title="bbox 566 1702 2173 1784">
     <span class='ocr_line' id='line_1_16' title="bbox 566 1702 2173 1784; baseline -0.004 -22"><span class='ocrx_word' id='word_1_111' title='bbox 566 1707 733 1779; x_wconf 87' lang='lat' dir='ltr'><strong>igitur</strong></span> <span class='ocrx_word' id='word_1_112' title='bbox 751 1721 851 1784; x_wconf 85' lang='lat' dir='ltr'><strong>per</strong></span> <span class='ocrx_word' id='word_1_113' title='bbox 879 1705 1046 1761; x_wconf 88' lang='lat' dir='ltr'><strong>ardua</strong></span> <span class='ocrx_word' id='word_1_114' title='bbox 1076 1703 1298 1759; x_wconf 88' lang='lat' dir='ltr'><strong>alterius</strong></span> <span class='ocrx_word' id='word_1_115' title='bbox 1325 1702 1496 1757; x_wconf 89' lang='lat' dir='ltr'><strong>latere</strong></span> <span class='ocrx_word' id='word_1_116' title='bbox 1533 1702 1760 1771; x_wconf 90' lang='lat' dir='ltr'><strong>regitur,</strong></span> <span class='ocrx_word' id='word_1_117' title='bbox 1794 1702 2173 1758; x_wconf 88' lang='lat' dir='ltr'><strong>necessitatem</strong></span> 
     </span>
    </p>
   </div>
   <div class='ocr_carea' id='block_1_17' title="bbox 1560 279 3786 355">
    <p class='ocr_par' dir='ltr' id='par_1_17' title="bbox 1560 279 3786 355">
     <span class='ocr_line' id='line_1_17' title="bbox 1560 279 3786 355; baseline -0.004 -10"><span class='ocrx_word' id='word_1_118' title='bbox 1560 287 1618 345; x_wconf 93' lang='lat' dir='ltr'><strong>S.</strong></span> <span class='ocrx_word' id='word_1_119' title='bbox 1662 283 2041 342; x_wconf 76' lang='lat' dir='ltr'><strong>VALERIANI</strong></span> <span class='ocrx_word' id='word_1_120' title='bbox 2082 279 2394 338; x_wconf 82' lang='lat' dir='ltr'><strong>EPISCOPI</strong></span> <span class='ocrx_word' id='word_1_121' title='bbox 2435 279 2897 339; x_wconf 76' lang='lat' dir='ltr'><strong>CEMELIENSIS</strong></span> <span class='ocrx_word' id='word_1_122' title='bbox 3709 293 3786 355; x_wconf 68' lang='grc' dir='ltr'><strong>τοο</strong></span> 
     </span>
    </p>
   </div>
   <div class='ocr_carea' id='block_1_18' title="bbox 2878 388 3280 450">
    <p class='ocr_par' dir='ltr' id='par_1_18' title="bbox 2878 388 3280 450">
     <span class='ocr_line' id='line_1_18' title="bbox 2878 388 3280 450; baseline 0.007 -3"><span class='ocrx_word' id='word_1_123' title='bbox 2878 388 3164 449; x_wconf 84' lang='lat' dir='ltr'><strong>lIOMlLlA</strong></span> <span class='ocrx_word' id='word_1_124' title='bbox 3198 391 3280 450; x_wconf 82' lang='lat' dir='ltr'><strong>III.</strong></span> 
     </span>
    </p>
   </div>
   <div class='ocr_carea' id='block_1_19' title="bbox 2641 526 3510 604">
    <p class='ocr_par' dir='ltr' id='par_1_19' title="bbox 2641 526 3510 604">
     <span class='ocr_line' id='line_1_19' title="bbox 2641 526 3510 604; baseline 0.002 -12"><span class='ocrx_word' id='word_1_125' title='bbox 2641 526 2776 592; x_wconf 78' lang='lat' dir='ltr'><strong>Item</strong></span> <span class='ocrx_word' id='word_1_126' title='bbox 2804 527 2868 590; x_wconf 80' lang='lat' dir='ltr'><strong>de</strong></span> <span class='ocrx_word' id='word_1_127' title='bbox 2895 539 3040 592; x_wconf 81' lang='lat' dir='ltr'><strong>arcta</strong></span> <span class='ocrx_word' id='word_1_128' title='bbox 3075 539 3127 590; x_wconf 77' lang='lat' dir='ltr'><strong>et</strong></span> <span class='ocrx_word' id='word_1_129' title='bbox 3164 541 3381 604; x_wconf 75' lang='lat' dir='ltr'><strong>angusta</strong></span> <span class='ocrx_word' id='word_1_130' title='bbox 3416 535 3510 594; x_wconf 84' lang='lat' dir='ltr'><strong>via.</strong></span> 
     </span>
    </p>
   </div>
   <div class='ocr_carea' id='block_1_20' title="bbox 2348 685 3786 762">
    <p class='ocr_par' dir='ltr' id='par_1_20' title="bbox 2348 685 3786 762">
     <span class='ocr_line' id='line_1_20' title="bbox 2348 685 3786 762; baseline 0.009 -20"><span class='ocrx_word' id='word_1_131' title='bbox 2348 685 2402 743; x_wconf 81' lang='grc'><strong>1.</strong></span> <span class='ocrx_word' id='word_1_132' title='bbox 2441 687 2628 745; x_wconf 90' lang='lat' dir='ltr'><strong>Omnis</strong></span> <span class='ocrx_word' id='word_1_133' title='bbox 2653 688 2818 746; x_wconf 91' lang='lat' dir='ltr'><strong>homo</strong></span> <span class='ocrx_word' id='word_1_134' title='bbox 2844 690 2932 747; x_wconf 92' lang='lat' dir='ltr'><strong>cui</strong></span> <span class='ocrx_word' id='word_1_135' title='bbox 2970 697 3053 748; x_wconf 88' lang='lat' dir='ltr'><strong>est</strong></span> <span class='ocrx_word' id='word_1_136' title='bbox 3072 706 3203 748; x_wconf 87' lang='lat' dir='ltr'><strong>cura</strong></span> <span class='ocrx_word' id='word_1_137' title='bbox 3231 691 3399 748; x_wconf 86' lang='lat' dir='ltr'><strong>Deum</strong></span> <span class='ocrx_word' id='word_1_138' title='bbox 3417 694 3586 752; x_wconf 85' lang='lat' dir='ltr'><strong>videre</strong></span> <span class='ocrx_word' id='word_1_139' title='bbox 3609 703 3786 762; x_wconf 72' lang='lat' dir='ltr'><strong>etcmle.</strong></span> 
     </span>
    </p>
   </div>
   <div class='ocr_carea' id='block_1_21' title="bbox 2273 782 3789 869">
    <p class='ocr_par' dir='ltr' id='par_1_21' title="bbox 2273 782 3789 869">
     <span class='ocr_line' id='line_1_21' title="bbox 2273 782 3789 869; baseline 0.01 -32"><span class='ocrx_word' id='word_1_140' title='bbox 2273 782 2378 838; x_wconf 89' lang='lat' dir='ltr'><strong>stia</strong></span> <span class='ocrx_word' id='word_1_141' title='bbox 2406 797 2571 854; x_wconf 88' lang='lat' dir='ltr'><strong>regna</strong></span> <span class='ocrx_word' id='word_1_142' title='bbox 2589 785 2924 855; x_wconf 90' lang='lat' dir='ltr'><strong>contingere,</strong></span> <span class='ocrx_word' id='word_1_143' title='bbox 2957 784 3114 843; x_wconf 79' lang='lat' dir='ltr'><strong>facile</strong></span> <span class='ocrx_word' id='word_1_144' title='bbox 3142 795 3322 860; x_wconf 85' lang='lat' dir='ltr'><strong>potest</strong></span> <span class='ocrx_word' id='word_1_145' title='bbox 3357 789 3646 862; x_wconf 79' lang='lat' dir='ltr'><strong>intelligere,</strong></span> <span class='ocrx_word' id='word_1_146' title='bbox 3671 812 3789 869; x_wconf 82' lang='lat' dir='ltr'><strong>angu-</strong></span> 
     </span>
    </p>
   </div>
   <div class='ocr_carea' id='block_1_22' title="bbox 2274 877 3788 958">
    <p class='ocr_par' dir='ltr' id='par_1_22' title="bbox 2274 877 3788 958">
     <span class='ocr_line' id='line_1_22' title="bbox 2274 877 3788 958; baseline 0.007 -24"><span class='ocrx_word' id='word_1_147' title='bbox 2274 878 2345 934; x_wconf 87' lang='lat' dir='ltr'><strong>sti</strong></span> <span class='ocrx_word' id='word_1_148' title='bbox 2374 887 2429 936; x_wconf 94' lang='lat' dir='ltr'><strong>et</strong></span> <span class='ocrx_word' id='word_1_149' title='bbox 2451 877 2603 934; x_wconf 88' lang='lat' dir='ltr'><strong>ardui</strong></span> <span class='ocrx_word' id='word_1_150' title='bbox 2633 879 2845 936; x_wconf 89' lang='lat' dir='ltr'><strong>itineris</strong></span> <span class='ocrx_word' id='word_1_151' title='bbox 2867 881 3222 936; x_wconf 87' lang='lat' dir='ltr'><strong>necessitates</strong></span> <span class='ocrx_word' id='word_1_152' title='bbox 3249 881 3317 935; x_wconf 92' lang='lat' dir='ltr'><strong>ad</strong></span> <span class='ocrx_word' id='word_1_153' title='bbox 3344 882 3463 938; x_wconf 77' lang='lat' dir='ltr'><strong>vita:</strong></span> <span class='ocrx_word' id='word_1_154' title='bbox 3490 889 3788 958; x_wconf 86' lang='lat' dir='ltr'><strong>compendium</strong></span> 
     </span>
    </p>
   </div>
   <div class='ocr_carea' id='block_1_23' title="bbox 2273 971 3789 1052">
    <p class='ocr_par' dir='ltr' id='par_1_23' title="bbox 2273 971 3789 1052">
     <span class='ocr_line' id='line_1_23' title="bbox 2273 971 3789 1052; baseline 0.004 -24"><span class='ocrx_word' id='word_1_155' title='bbox 2273 971 2570 1052; x_wconf 85' lang='lat' dir='ltr'><strong>pertinere,</strong></span> <span class='ocrx_word' id='word_1_156' title='bbox 2596 980 2653 1028; x_wconf 92' lang='lat' dir='ltr'><strong>et</strong></span> <span class='ocrx_word' id='word_1_157' title='bbox 2672 987 2826 1045; x_wconf 89' lang='lat' dir='ltr'><strong>spem</strong></span> <span class='ocrx_word' id='word_1_158' title='bbox 2849 971 3159 1028; x_wconf 71' lang='lat' dir='ltr'><strong>obtinenda:</strong></span> <span class='ocrx_word' id='word_1_159' title='bbox 3185 972 3370 1044; x_wconf 65' lang='lat' dir='ltr'><strong>gloriae</strong></span> <span class='ocrx_word' id='word_1_160' title='bbox 3395 972 3446 1029; x_wconf 88' lang='lat' dir='ltr'><strong>in</strong></span> <span class='ocrx_word' id='word_1_161' title='bbox 3477 973 3642 1032; x_wconf 88' lang='lat' dir='ltr'><strong>labore</strong></span> <span class='ocrx_word' id='word_1_162' title='bbox 3662 983 3789 1038; x_wconf 85' lang='lat' dir='ltr'><strong>consi-</strong></span> 
     </span>
    </p>
   </div>
   <div class='ocr_carea' id='block_1_24' title="bbox 2274 1065 3790 1142">
    <p class='ocr_par' dir='ltr' id='par_1_24' title="bbox 2274 1065 3790 1142">
     <span class='ocr_line' id='line_1_24' title="bbox 2274 1065 3790 1142; baseline 0.003 -19"><span class='ocrx_word' id='word_1_163' title='bbox 2274 1075 2441 1126; x_wconf 89' lang='lat' dir='ltr'><strong>stere.</strong></span> <span class='ocrx_word' id='word_1_164' title='bbox 2468 1065 2613 1122; x_wconf 83' lang='lat' dir='ltr'><strong>Nihil</strong></span> <span class='ocrx_word' id='word_1_165' title='bbox 2649 1075 2734 1123; x_wconf 88' lang='lat' dir='ltr'><strong>est</strong></span> <span class='ocrx_word' id='word_1_166' title='bbox 2771 1067 2916 1126; x_wconf 89' lang='lat' dir='ltr'><strong>enim</strong></span> <span class='ocrx_word' id='word_1_167' title='bbox 2959 1065 3106 1138; x_wconf 91' lang='lat' dir='ltr'><strong>quod</strong></span> <span class='ocrx_word' id='word_1_168' title='bbox 3155 1081 3262 1122; x_wconf 94' lang='lat' dir='ltr'><strong>non</strong></span> <span class='ocrx_word' id='word_1_169' title='bbox 3293 1066 3446 1122; x_wconf 87' lang='lat' dir='ltr'><strong>labor</strong></span> <span class='ocrx_word' id='word_1_170' title='bbox 3470 1080 3736 1142; x_wconf 81' lang='lat' dir='ltr'><strong>exsuperet;</strong></span> <span class='ocrx_word' id='word_1_171' title='bbox 3759 1078 3790 1133; x_wconf 85' lang='lat' dir='ltr'><strong>si</strong></span> 
     </span>
    </p>
   </div>
   <div class='ocr_carea' id='block_1_25' title="bbox 2273 1160 3790 1238">
    <p class='ocr_par' dir='ltr' id='par_1_25' title="bbox 2273 1160 3790 1238">
     <span class='ocr_line' id='line_1_25' title="bbox 2273 1160 3790 1238; baseline 0.003 -20"><span class='ocrx_word' id='word_1_172' title='bbox 2273 1163 2457 1221; x_wconf 84' lang='lat' dir='ltr'><strong>tamen</strong></span> <span class='ocrx_word' id='word_1_173' title='bbox 2481 1163 2536 1234; x_wconf 85' lang='lat' dir='ltr'><strong>in</strong></span> <span class='ocrx_word' id='word_1_174' title='bbox 2557 1162 2784 1219; x_wconf 86' lang='lat' dir='ltr'><strong>alteram</strong></span> <span class='ocrx_word' id='word_1_175' title='bbox 2815 1171 3049 1238; x_wconf 82' lang='lat' dir='ltr'><strong>partem,</strong></span> <span class='ocrx_word' id='word_1_176' title='bbox 3074 1169 3135 1218; x_wconf 90' lang='lat' dir='ltr'><strong>ut</strong></span> <span class='ocrx_word' id='word_1_177' title='bbox 3162 1160 3383 1227; x_wconf 88' lang='lat' dir='ltr'><strong>assolet,</strong></span> <span class='ocrx_word' id='word_1_178' title='bbox 3411 1161 3603 1218; x_wconf 87' lang='lat' dir='ltr'><strong>animus</strong></span> <span class='ocrx_word' id='word_1_179' title='bbox 3624 1179 3708 1220; x_wconf 84' lang='lat' dir='ltr'><strong>non</strong></span> <span class='ocrx_word' id='word_1_180' title='bbox 3727 1167 3790 1223; x_wconf 79' lang='lat' dir='ltr'><strong>de-</strong></span> 
     </span>
    </p>
   </div>
   <div class='ocr_carea' id='block_1_26' title="bbox 2273 1249 3791 1314">
    <p class='ocr_par' dir='ltr' id='par_1_26' title="bbox 2273 1249 3791 1314">
     <span class='ocr_line' id='line_1_26' title="bbox 2273 1249 3791 1314; baseline 0.002 -4"><span class='ocrx_word' id='word_1_181' title='bbox 2273 1254 2461 1312; x_wconf 90' lang='lat' dir='ltr'><strong>clinet.</strong></span> <span class='ocrx_word' id='word_1_182' title='bbox 2490 1252 2720 1312; x_wconf 89' lang='lat' dir='ltr'><strong>Constat</strong></span> <span class='ocrx_word' id='word_1_183' title='bbox 2739 1262 2919 1312; x_wconf 89' lang='lat' dir='ltr'><strong>autem</strong></span> <span class='ocrx_word' id='word_1_184' title='bbox 2943 1253 3020 1314; x_wconf 89' lang='lat' dir='ltr'><strong>illi</strong></span> <span class='ocrx_word' id='word_1_185' title='bbox 3043 1267 3233 1312; x_wconf 88' lang='lat' dir='ltr'><strong>omnes</strong></span> <span class='ocrx_word' id='word_1_186' title='bbox 3264 1249 3589 1308; x_wconf 84' lang='lat' dir='ltr'><strong>dililcuitates</strong></span> <span class='ocrx_word' id='word_1_187' title='bbox 3611 1270 3791 1314; x_wconf 78' lang='lat' dir='ltr'><strong>occum-</strong></span> 
     </span>
    </p>
   </div>
   <div class='ocr_carea' id='block_1_27' title="bbox 2273 1341 3791 1422">
    <p class='ocr_par' dir='ltr' id='par_1_27' title="bbox 2273 1341 3791 1422">
     <span class='ocr_line' id='line_1_27' title="bbox 2273 1341 3791 1422; baseline 0.001 -21"><span class='ocrx_word' id='word_1_188' title='bbox 2273 1360 2355 1412; x_wconf 92' lang='lat' dir='ltr'><strong>re,</strong></span> <span class='ocrx_word' id='word_1_189' title='bbox 2399 1345 2492 1416; x_wconf 89' lang='lat' dir='ltr'><strong>qui</strong></span> <span class='ocrx_word' id='word_1_190' title='bbox 2532 1345 2675 1402; x_wconf 88' lang='lat' dir='ltr'><strong>illius</strong></span> <span class='ocrx_word' id='word_1_191' title='bbox 2713 1345 2968 1422; x_wconf 68' lang='lat' dir='ltr'><strong>spatiosa:</strong></span> <span class='ocrx_word' id='word_1_192' title='bbox 2992 1344 3090 1401; x_wconf 76' lang='lat' dir='ltr'><strong>vite</strong></span> <span class='ocrx_word' id='word_1_193' title='bbox 3118 1341 3419 1399; x_wconf 88' lang='lat' dir='ltr'><strong>delectatur</strong></span> <span class='ocrx_word' id='word_1_194' title='bbox 3455 1357 3636 1399; x_wconf 87' lang='lat' dir='ltr'><strong>errore.</strong></span> <span class='ocrx_word' id='word_1_195' title='bbox 3657 1344 3791 1404; x_wconf 79' lang='lat' dir='ltr'><strong>Audite</strong></span> 
     </span>
    </p>
   </div>
   <div class='ocr_carea' id='block_1_28' title="bbox 2275 1433 3791 1508">
    <p class='ocr_par' dir='ltr' id='par_1_28' title="bbox 2275 1433 3791 1508">
     <span class='ocr_line' id='line_1_28' title="bbox 2275 1433 3791 1508; baseline 0 -14"><span class='ocrx_word' id='word_1_196' title='bbox 2275 1436 2664 1508; x_wconf 78' lang='lat' dir='ltr'><strong>evangelistam</strong></span> <span class='ocrx_word' id='word_1_197' title='bbox 2704 1435 2976 1492; x_wconf 86' lang='lat' dir='ltr'><strong>dicentem</strong></span> <span class='ocrx_word' id='word_1_198' title='bbox 3009 1453 3022 1490; x_wconf 87' lang='lat'><strong>;</strong></span> <span class='ocrx_word' id='word_1_199' title='bbox 3063 1433 3229 1501; x_wconf 82' lang='lat' dir='ltr'><strong>Quam</strong></span> <span class='ocrx_word' id='word_1_200' title='bbox 3261 1433 3435 1505; x_wconf 83' lang='lat' dir='ltr'><strong>ampla</strong></span> <span class='ocrx_word' id='word_1_201' title='bbox 3461 1435 3538 1488; x_wconf 90' lang='lat' dir='ltr'><strong>via</strong></span> <span class='ocrx_word' id='word_1_202' title='bbox 3562 1440 3791 1507; x_wconf 79' lang='lat' dir='ltr'><strong>etspatiota</strong></span> 
     </span>
    </p>
   </div>
   <div class='ocr_carea' id='block_1_29' title="bbox 2274 1527 3792 1601">
    <p class='ocr_par' dir='ltr' id='par_1_29' title="bbox 2274 1527 3792 1601">
     <span class='ocr_line' id='line_1_29' title="bbox 2274 1527 3792 1601; baseline 0.001 -20"><span class='ocrx_word' id='word_1_203' title='bbox 2274 1536 2352 1581; x_wconf 84' lang='lat' dir='ltr'><strong>est</strong></span> <span class='ocrx_word' id='word_1_204' title='bbox 2370 1544 2486 1600; x_wconf 77' lang='lat' dir='ltr'><strong>qute</strong></span> <span class='ocrx_word' id='word_1_205' title='bbox 2524 1527 2666 1582; x_wconf 82' lang='lat' dir='ltr'><strong>ducit</strong></span> <span class='ocrx_word' id='word_1_206' title='bbox 2687 1527 2756 1582; x_wconf 86' lang='lat' dir='ltr'><strong>ad</strong></span> <span class='ocrx_word' id='word_1_207' title='bbox 2783 1537 3018 1596; x_wconf 86' lang='lat' dir='ltr'><strong>mortem,</strong></span> <span class='ocrx_word' id='word_1_208' title='bbox 3049 1537 3099 1581; x_wconf 81' lang='lat' dir='ltr'><strong>et</strong></span> <span class='ocrx_word' id='word_1_209' title='bbox 3125 1527 3277 1582; x_wconf 83' lang='lat' dir='ltr'><strong>multi</strong></span> <span class='ocrx_word' id='word_1_210' title='bbox 3311 1535 3428 1581; x_wconf 87' lang='lat' dir='ltr'><strong>sunt</strong></span> <span class='ocrx_word' id='word_1_211' title='bbox 3455 1527 3536 1600; x_wconf 86' lang='lat' dir='ltr'><strong>qui</strong></span> <span class='ocrx_word' id='word_1_212' title='bbox 3563 1527 3792 1601; x_wconf 60' lang='lat' dir='ltr'><strong>intranti»;</strong></span> 
     </span>
    </p>
   </div>
   <div class='ocr_carea' id='block_1_30' title="bbox 2273 1617 3792 1692">
    <p class='ocr_par' dir='ltr' id='par_1_30' title="bbox 2273 1617 3792 1692">
     <span class='ocr_line' id='line_1_30' title="bbox 2273 1617 3792 1692; baseline 0.002 -18"><span class='ocrx_word' id='word_1_213' title='bbox 2273 1621 2427 1674; x_wconf 87' lang='lat' dir='ltr'><strong>eam!</strong></span> <span class='ocrx_word' id='word_1_214' title='bbox 2449 1617 2617 1686; x_wconf 87' lang='lat' dir='ltr'><strong>Quam</strong></span> <span class='ocrx_word' id='word_1_215' title='bbox 2638 1630 2784 1675; x_wconf 88' lang='lat' dir='ltr'><strong>arcta</strong></span> <span class='ocrx_word' id='word_1_216' title='bbox 2805 1631 2855 1676; x_wconf 85' lang='lat' dir='ltr'><strong>et</strong></span> <span class='ocrx_word' id='word_1_217' title='bbox 2885 1629 3108 1692; x_wconf 86' lang='lat' dir='ltr'><strong>angusta</strong></span> <span class='ocrx_word' id='word_1_218' title='bbox 3129 1621 3210 1675; x_wconf 85' lang='lat' dir='ltr'><strong>via</strong></span> <span class='ocrx_word' id='word_1_219' title='bbox 3230 1629 3436 1692; x_wconf 73' lang='lat' dir='ltr'><strong>estquae</strong></span> <span class='ocrx_word' id='word_1_220' title='bbox 3462 1618 3590 1674; x_wconf 80' lang='lat' dir='ltr'><strong>ducit</strong></span> <span class='ocrx_word' id='word_1_221' title='bbox 3608 1621 3792 1690; x_wconf 78' lang='lat' dir='ltr'><strong>adi-itam,</strong></span> 
     </span>
    </p>
   </div>
   <div class='ocr_carea' id='block_1_31' title="bbox 2274 1709 3792 1788">
    <p class='ocr_par' dir='ltr' id='par_1_31' title="bbox 2274 1709 3792 1788">
     <span class='ocr_line' id='line_1_31' title="bbox 2274 1709 3792 1788; baseline 0.001 -22"><span class='ocrx_word' id='word_1_222' title='bbox 2274 1721 2324 1766; x_wconf 84' lang='lat' dir='ltr'><strong>et</strong></span> <span class='ocrx_word' id='word_1_223' title='bbox 2345 1714 2500 1784; x_wconf 82' lang='lat' dir='ltr'><strong>pauci</strong></span> <span class='ocrx_word' id='word_1_224' title='bbox 2523 1721 2645 1767; x_wconf 83' lang='lat' dir='ltr'><strong>sunt</strong></span> <span class='ocrx_word' id='word_1_225' title='bbox 2671 1713 2757 1788; x_wconf 84' lang='lat' dir='ltr'><strong>qui</strong></span> <span class='ocrx_word' id='word_1_226' title='bbox 2795 1713 3064 1767; x_wconf 82' lang='lat' dir='ltr'><strong>inveniunt</strong></span> <span class='ocrx_word' id='word_1_227' title='bbox 3091 1728 3207 1768; x_wconf 81' lang='lat' dir='ltr'><strong>eam</strong></span> <span class='ocrx_word' id='word_1_228' title='bbox 3239 1713 3256 1783; x_wconf 94' lang='lat'><strong>(</strong></span> <span class='ocrx_word' id='word_1_229' title='bbox 3283 1709 3471 1767; x_wconf 82' lang='lat' dir='ltr'><strong>Matth.</strong></span> <span class='ocrx_word' id='word_1_230' title='bbox 3502 1725 3582 1776; x_wconf 87' lang='lat' dir='ltr'><strong>vn,</strong></span> <span class='ocrx_word' id='word_1_231' title='bbox 3609 1709 3679 1774; x_wconf 77' lang='grc'><strong>15,</strong></span> <span class='ocrx_word' id='word_1_232' title='bbox 3697 1710 3792 1782; x_wconf 70' lang='lat' dir='ltr'><strong>li)!</strong></span> 
     </span>
    </p>
   </div>
   <div class='ocr_carea' id='block_1_32' title="bbox 565 1787 3794 1882">
    <p class='ocr_par' dir='ltr' id='par_1_32' title="bbox 565 1787 3794 1882">
     <span class='ocr_line' id='line_1_32' title="bbox 565 1787 3794 1882; baseline 0 -26"><span class='ocrx_word' id='word_1_233' title='bbox 565 1808 758 1874; x_wconf 72' lang='lat' dir='ltr'><strong>ccepta:</strong></span> <span class='ocrx_word' id='word_1_234' title='bbox 786 1799 865 1856; x_wconf 91' lang='lat' dir='ltr'><strong>rei</strong></span> <span class='ocrx_word' id='word_1_235' title='bbox 891 1801 1065 1856; x_wconf 87' lang='lat' dir='ltr'><strong>diviso</strong></span> <span class='ocrx_word' id='word_1_236' title='bbox 1087 1801 1294 1858; x_wconf 87' lang='lat' dir='ltr'><strong>itineris</strong></span> <span class='ocrx_word' id='word_1_237' title='bbox 1321 1799 1509 1855; x_wconf 89' lang='lat' dir='ltr'><strong>labore</strong></span> <span class='ocrx_word' id='word_1_238' title='bbox 1538 1799 1808 1854; x_wconf 87' lang='lat' dir='ltr'><strong>hortatur.</strong></span> <span class='ocrx_word' id='word_1_239' title='bbox 1832 1797 1902 1854; x_wconf 84' lang='lat' dir='ltr'><strong>Et</strong></span> <span class='ocrx_word' id='word_1_240' title='bbox 1931 1799 2054 1856; x_wconf 91' lang='lat' dir='ltr'><strong>ideo</strong></span> <span class='ocrx_word' id='word_1_241' title='bbox 2073 1814 2172 1870; x_wconf 75' lang='grc' dir='ltr'><strong>ρο.</strong></span> <span class='ocrx_word' id='word_1_242' title='bbox 2202 1787 2249 1842; x_wconf 78' lang='grc' dir='ltr'><strong>Β</strong></span> <span class='ocrx_word' id='word_1_243' title='bbox 2276 1801 2395 1860; x_wconf 84' lang='grc' dir='ltr'><strong>Νοη</strong></span> <span class='ocrx_word' id='word_1_244' title='bbox 2425 1803 2613 1859; x_wconf 88' lang='lat' dir='ltr'><strong>dubito</strong></span> <span class='ocrx_word' id='word_1_245' title='bbox 2641 1787 2787 1882; x_wconf 88' lang='lat' dir='ltr'><strong>quod</strong></span> <span class='ocrx_word' id='word_1_246' title='bbox 2818 1802 3110 1872; x_wconf 72' lang='lat' dir='ltr'><strong>aliquantis</strong></span> <span class='ocrx_word' id='word_1_247' title='bbox 3131 1801 3183 1856; x_wconf 91' lang='lat' dir='ltr'><strong>in</strong></span> <span class='ocrx_word' id='word_1_248' title='bbox 3215 1799 3408 1857; x_wconf 90' lang='lat' dir='ltr'><strong>ordine</strong></span> <span class='ocrx_word' id='word_1_249' title='bbox 3426 1799 3641 1861; x_wconf 66' lang='lat' dir='ltr'><strong>conicitis</strong></span> <span class='ocrx_word' id='word_1_250' title='bbox 3657 1800 3794 1857; x_wconf 79' lang='lat' dir='ltr'><strong>miiit&#39;n</strong></span> 
     </span>
    </p>
   </div>
   <div class='ocr_carea' id='block_1_33' title="bbox 565 1889 2170 1963">
    <p class='ocr_par' dir='ltr' id='par_1_33' title="bbox 565 1889 2170 1963">
     <span class='ocr_line' id='line_1_33' title="bbox 565 1889 2170 1963; baseline 0.001 -18"><span class='ocrx_word' id='word_1_251' title='bbox 565 1897 673 1946; x_wconf 89' lang='lat' dir='ltr'><strong>test</strong></span> <span class='ocrx_word' id='word_1_252' title='bbox 697 1890 812 1945; x_wconf 82' lang='lat' dir='ltr'><strong>fieri</strong></span> <span class='ocrx_word' id='word_1_253' title='bbox 834 1900 894 1946; x_wconf 88' lang='lat' dir='ltr'><strong>ut</strong></span> <span class='ocrx_word' id='word_1_254' title='bbox 911 1891 976 1946; x_wconf 91' lang='lat' dir='ltr'><strong>ad</strong></span> <span class='ocrx_word' id='word_1_255' title='bbox 997 1892 1263 1962; x_wconf 90' lang='lat' dir='ltr'><strong>promissa</strong></span> <span class='ocrx_word' id='word_1_256' title='bbox 1285 1891 1435 1960; x_wconf 80' lang='lat' dir='ltr'><strong>regni</strong></span> <span class='ocrx_word' id='word_1_257' title='bbox 1464 1890 1690 1963; x_wconf 80' lang='lat' dir='ltr'><strong>praemia</strong></span> <span class='ocrx_word' id='word_1_258' title='bbox 1717 1905 1825 1944; x_wconf 93' lang='lat' dir='ltr'><strong>non</strong></span> <span class='ocrx_word' id='word_1_259' title='bbox 1855 1889 2016 1946; x_wconf 88' lang='lat' dir='ltr'><strong>dubie</strong></span> <span class='ocrx_word' id='word_1_260' title='bbox 2040 1905 2170 1962; x_wconf 91' lang='lat' dir='ltr'><strong>per-</strong></span> 
     </span>
    </p>
   </div>
   <div class='ocr_carea' id='block_1_34' title="bbox 565 1982 2167 2056">
    <p class='ocr_par' dir='ltr' id='par_1_34' title="bbox 565 1982 2167 2056">
     <span class='ocr_line' id='line_1_34' title="bbox 565 1982 2167 2056; baseline 0.001 -18"><span class='ocrx_word' id='word_1_261' title='bbox 565 1983 770 2048; x_wconf 80' lang='lat' dir='ltr'><strong>veniat,</strong></span> <span class='ocrx_word' id='word_1_262' title='bbox 802 1985 895 2054; x_wconf 91' lang='lat' dir='ltr'><strong>qui</strong></span> <span class='ocrx_word' id='word_1_263' title='bbox 935 1984 1004 2040; x_wconf 90' lang='lat' dir='ltr'><strong>ad</strong></span> <span class='ocrx_word' id='word_1_264' title='bbox 1031 1985 1312 2056; x_wconf 86' lang='lat' dir='ltr'><strong>superiora</strong></span> <span class='ocrx_word' id='word_1_265' title='bbox 1349 1985 1578 2040; x_wconf 91' lang='lat' dir='ltr'><strong>Domino</strong></span> <span class='ocrx_word' id='word_1_266' title='bbox 1605 1984 1902 2040; x_wconf 84' lang='lat' dir='ltr'><strong>comitante</strong></span> <span class='ocrx_word' id='word_1_267' title='bbox 1929 1982 2167 2040; x_wconf 86' lang='lat' dir='ltr'><strong>festinat.</strong></span> 
     </span>
    </p>
   </div>
   <div class='ocr_carea' id='block_1_35' title="bbox 561 2073 2172 2149">
    <p class='ocr_par' dir='ltr' id='par_1_35' title="bbox 561 2073 2172 2149">
     <span class='ocr_line' id='line_1_35' title="bbox 561 2073 2172 2149; baseline 0.002 -18"><span class='ocrx_word' id='word_1_268' title='bbox 561 2073 668 2131; x_wconf 89' lang='lat' dir='ltr'><strong>Sed</strong></span> <span class='ocrx_word' id='word_1_269' title='bbox 689 2075 1068 2147; x_wconf 87' lang='lat' dir='ltr'><strong>deponendum</strong></span> <span class='ocrx_word' id='word_1_270' title='bbox 1093 2086 1176 2133; x_wconf 91' lang='lat' dir='ltr'><strong>est</strong></span> <span class='ocrx_word' id='word_1_271' title='bbox 1197 2078 1370 2149; x_wconf 87' lang='lat' dir='ltr'><strong>prius,</strong></span> <span class='ocrx_word' id='word_1_272' title='bbox 1390 2077 1742 2145; x_wconf 89' lang='lat' dir='ltr'><strong>dilectissimi,</strong></span> <span class='ocrx_word' id='word_1_273' title='bbox 1765 2079 1903 2135; x_wconf 87' lang='lat' dir='ltr'><strong>sicut</strong></span> <span class='ocrx_word' id='word_1_274' title='bbox 1923 2079 2172 2149; x_wconf 83' lang='lat' dir='ltr'><strong>superius</strong></span> 
     </span>
    </p>
   </div>
   <div class='ocr_carea' id='block_1_36' title="bbox 559 2168 2171 2244">
    <p class='ocr_par' dir='ltr' id='par_1_36' title="bbox 559 2168 2171 2244">
     <span class='ocr_line' id='line_1_36' title="bbox 559 2168 2171 2244; baseline 0.002 -19"><span class='ocrx_word' id='word_1_275' title='bbox 559 2168 810 2236; x_wconf 83' lang='lat' dir='ltr'><strong>diximus,</strong></span> <span class='ocrx_word' id='word_1_276' title='bbox 841 2170 1102 2242; x_wconf 89' lang='lat' dir='ltr'><strong>quidquid</strong></span> <span class='ocrx_word' id='word_1_277' title='bbox 1131 2171 1381 2226; x_wconf 89' lang='lat' dir='ltr'><strong>humanis</strong></span> <span class='ocrx_word' id='word_1_278' title='bbox 1401 2171 1724 2244; x_wconf 88' lang='lat' dir='ltr'><strong>corporibus</strong></span> <span class='ocrx_word' id='word_1_279' title='bbox 1763 2170 1954 2226; x_wconf 82' lang='lat' dir='ltr'><strong>infelix</strong></span> <span class='ocrx_word' id='word_1_280' title='bbox 1985 2171 2171 2230; x_wconf 70' lang='lat' dir='ltr'><strong>saeculi</strong></span> 
     </span>
    </p>
   </div>
   <div class='ocr_carea' id='block_1_37' title="bbox 560 2259 2168 2334">
    <p class='ocr_par' dir='ltr' id='par_1_37' title="bbox 560 2259 2168 2334">
     <span class='ocr_line' id='line_1_37' title="bbox 560 2259 2168 2334; baseline 0.002 -17"><span class='ocrx_word' id='word_1_281' title='bbox 560 2273 718 2317; x_wconf 87' lang='lat' dir='ltr'><strong>error</strong></span> <span class='ocrx_word' id='word_1_282' title='bbox 739 2260 997 2331; x_wconf 88' lang='lat' dir='ltr'><strong>imposuit</strong></span> <span class='ocrx_word' id='word_1_283' title='bbox 1029 2279 1041 2314; x_wconf 94' lang='lat'><strong>:</strong></span> <span class='ocrx_word' id='word_1_284' title='bbox 1067 2276 1136 2316; x_wconf 91' lang='lat' dir='ltr'><strong>ne</strong></span> <span class='ocrx_word' id='word_1_285' title='bbox 1167 2259 1306 2317; x_wconf 88' lang='lat' dir='ltr'><strong>forte</strong></span> <span class='ocrx_word' id='word_1_286' title='bbox 1334 2277 1436 2317; x_wconf 90' lang='lat' dir='ltr'><strong>nos</strong></span> <span class='ocrx_word' id='word_1_287' title='bbox 1463 2271 1810 2333; x_wconf 88' lang='lat' dir='ltr'><strong>peccatorum</strong></span> <span class='ocrx_word' id='word_1_288' title='bbox 1841 2263 1984 2318; x_wconf 88' lang='lat' dir='ltr'><strong>mole</strong></span> <span class='ocrx_word' id='word_1_289' title='bbox 2014 2264 2168 2334; x_wconf 84' lang='lat' dir='ltr'><strong>obje-</strong></span> 
     </span>
    </p>
   </div>
   <div class='ocr_carea' id='block_1_38' title="bbox 562 2351 2171 2426">
    <p class='ocr_par' dir='ltr' id='par_1_38' title="bbox 562 2351 2171 2426">
     <span class='ocr_line' id='line_1_38' title="bbox 562 2351 2171 2426; baseline 0.002 -18"><span class='ocrx_word' id='word_1_290' title='bbox 562 2359 651 2408; x_wconf 88' lang='lat' dir='ltr'><strong>cta</strong></span> <span class='ocrx_word' id='word_1_291' title='bbox 679 2351 748 2406; x_wconf 93' lang='lat' dir='ltr'><strong>ad</strong></span> <span class='ocrx_word' id='word_1_292' title='bbox 779 2351 868 2407; x_wconf 89' lang='lat' dir='ltr'><strong>illa</strong></span> <span class='ocrx_word' id='word_1_293' title='bbox 897 2352 1357 2409; x_wconf 87' lang='lat' dir='ltr'><strong>remunerationis</strong></span> <span class='ocrx_word' id='word_1_294' title='bbox 1390 2361 1636 2426; x_wconf 88' lang='lat' dir='ltr'><strong>tempora</strong></span> <span class='ocrx_word' id='word_1_295' title='bbox 1667 2361 1760 2409; x_wconf 90' lang='lat' dir='ltr'><strong>aut</strong></span> <span class='ocrx_word' id='word_1_296' title='bbox 1784 2369 1894 2410; x_wconf 92' lang='lat' dir='ltr'><strong>non</strong></span> <span class='ocrx_word' id='word_1_297' title='bbox 1933 2355 2171 2426; x_wconf 88' lang='lat' dir='ltr'><strong>patiatur</strong></span> 
     </span>
    </p>
   </div>
   <div class='ocr_carea' id='block_1_39' title="bbox 557 2443 2170 2518">
    <p class='ocr_par' dir='ltr' id='par_1_39' title="bbox 557 2443 2170 2518">
     <span class='ocr_line' id='line_1_39' title="bbox 557 2443 2170 2518; baseline 0.002 -20"><span class='ocrx_word' id='word_1_298' title='bbox 557 2443 882 2515; x_wconf 85' lang='lat' dir='ltr'><strong>pervenire;</strong></span> <span class='ocrx_word' id='word_1_299' title='bbox 908 2452 1000 2499; x_wconf 93' lang='lat' dir='ltr'><strong>aut</strong></span> <span class='ocrx_word' id='word_1_300' title='bbox 1027 2445 1072 2500; x_wconf 92' lang='lat' dir='ltr'><strong>si</strong></span> <span class='ocrx_word' id='word_1_301' title='bbox 1095 2444 1522 2516; x_wconf 88' lang='lat' dir='ltr'><strong>pervenerimus,</strong></span> <span class='ocrx_word' id='word_1_302' title='bbox 1547 2444 1784 2501; x_wconf 67' lang='lat' dir='ltr'><strong>caelestis</strong></span> <span class='ocrx_word' id='word_1_303' title='bbox 1804 2446 1955 2516; x_wconf 89' lang='lat' dir='ltr'><strong>regni</strong></span> <span class='ocrx_word' id='word_1_304' title='bbox 1982 2452 2170 2518; x_wconf 88' lang='lat' dir='ltr'><strong>portas</strong></span> 
     </span>
    </p>
   </div>
   <div class='ocr_carea' id='block_1_40' title="bbox 559 2535 1226 2606">
    <p class='ocr_par' dir='ltr' id='par_1_40' title="bbox 559 2535 1226 2606">
     <span class='ocr_line' id='line_1_40' title="bbox 559 2535 1226 2606; baseline 0 -16"><span class='ocrx_word' id='word_1_305' title='bbox 559 2547 669 2591; x_wconf 89' lang='lat' dir='ltr'><strong>non</strong></span> <span class='ocrx_word' id='word_1_306' title='bbox 699 2535 980 2606; x_wconf 86' lang='lat' dir='ltr'><strong>permittat</strong></span> <span class='ocrx_word' id='word_1_307' title='bbox 1003 2535 1226 2592; x_wconf 91' lang='lat' dir='ltr'><strong>intrare.</strong></span> 
     </span>
    </p>
   </div>
   <div class='ocr_carea' id='block_1_41' title="bbox 631 2623 2168 2698">
    <p class='ocr_par' dir='ltr' id='par_1_41' title="bbox 631 2623 2168 2698">
     <span class='ocr_line' id='line_1_41' title="bbox 631 2623 2168 2698; baseline 0.002 -20"><span class='ocrx_word' id='word_1_308' title='bbox 631 2624 684 2679; x_wconf 82' lang='lat' dir='ltr'><strong>ti.</strong></span> <span class='ocrx_word' id='word_1_309' title='bbox 729 2623 838 2681; x_wconf 83' lang='lat' dir='ltr'><strong>Sed</strong></span> <span class='ocrx_word' id='word_1_310' title='bbox 871 2625 1037 2694; x_wconf 89' lang='lat' dir='ltr'><strong>dicis,</strong></span> <span class='ocrx_word' id='word_1_311' title='bbox 1073 2624 1191 2682; x_wconf 83' lang='lat' dir='ltr'><strong>Non</strong></span> <span class='ocrx_word' id='word_1_312' title='bbox 1220 2640 1509 2697; x_wconf 87' lang='lat' dir='ltr'><strong>possumus</strong></span> <span class='ocrx_word' id='word_1_313' title='bbox 1536 2625 1821 2698; x_wconf 87' lang='lat' dir='ltr'><strong>pervenire</strong></span> <span class='ocrx_word' id='word_1_314' title='bbox 1848 2643 1860 2678; x_wconf 89' lang='lat'><strong>:</strong></span> <span class='ocrx_word' id='word_1_315' title='bbox 1886 2625 2049 2682; x_wconf 87' lang='lat' dir='ltr'><strong>certis</strong></span> <span class='ocrx_word' id='word_1_316' title='bbox 2070 2641 2168 2682; x_wconf 84' lang='lat' dir='ltr'><strong>ex-</strong></span> 
     </span>
    </p>
   </div>
   <div class='ocr_carea' id='block_1_42' title="bbox 559 2715 2171 2792">
    <p class='ocr_par' dir='ltr' id='par_1_42' title="bbox 559 2715 2171 2792">
     <span class='ocr_line' id='line_1_42' title="bbox 559 2715 2171 2792; baseline 0 -19"><span class='ocrx_word' id='word_1_317' title='bbox 559 2716 876 2790; x_wconf 85' lang='lat' dir='ltr'><strong>perimentis</strong></span> <span class='ocrx_word' id='word_1_318' title='bbox 905 2718 1116 2792; x_wconf 88' lang='lat' dir='ltr'><strong>agitur;</strong></span> <span class='ocrx_word' id='word_1_319' title='bbox 1159 2715 1405 2773; x_wconf 89' lang='lat' dir='ltr'><strong>videmus</strong></span> <span class='ocrx_word' id='word_1_320' title='bbox 1436 2717 1579 2772; x_wconf 91' lang='lat' dir='ltr'><strong>enim</strong></span> <span class='ocrx_word' id='word_1_321' title='bbox 1621 2715 1934 2787; x_wconf 84' lang='lat' dir='ltr'><strong>frequenter</strong></span> <span class='ocrx_word' id='word_1_322' title='bbox 1971 2717 2171 2774; x_wconf 89' lang='lat' dir='ltr'><strong>multos</strong></span> 
     </span>
    </p>
   </div>
   <div class='ocr_carea' id='block_1_43' title="bbox 561 2809 2170 2885">
    <p class='ocr_par' dir='ltr' id='par_1_43' title="bbox 561 2809 2170 2885">
     <span class='ocr_line' id='line_1_43' title="bbox 561 2809 2170 2885; baseline 0.001 -17"><span class='ocrx_word' id='word_1_323' title='bbox 561 2809 855 2868; x_wconf 88' lang='lat' dir='ltr'><strong>iusalutato</strong></span> <span class='ocrx_word' id='word_1_324' title='bbox 903 2812 1294 2885; x_wconf 89' lang='lat' dir='ltr'><strong>patrefamilias</strong></span> <span class='ocrx_word' id='word_1_325' title='bbox 1317 2812 1485 2884; x_wconf 86' lang='lat' dir='ltr'><strong>janua</strong></span> <span class='ocrx_word' id='word_1_326' title='bbox 1527 2821 1666 2869; x_wconf 90' lang='lat' dir='ltr'><strong>teste</strong></span> <span class='ocrx_word' id='word_1_327' title='bbox 1693 2811 2000 2880; x_wconf 90' lang='lat' dir='ltr'><strong>discedere;</strong></span> <span class='ocrx_word' id='word_1_328' title='bbox 2031 2829 2170 2884; x_wconf 90' lang='lat' dir='ltr'><strong>quos</strong></span> 
     </span>
    </p>
   </div>
   <div class='ocr_carea' id='block_1_44' title="bbox 565 2903 2166 2980">
    <p class='ocr_par' dir='ltr' id='par_1_44' title="bbox 565 2903 2166 2980">
     <span class='ocr_line' id='line_1_44' title="bbox 565 2903 2166 2980; baseline 0.003 -22"><span class='ocrx_word' id='word_1_329' title='bbox 565 2910 750 2959; x_wconf 86' lang='lat' dir='ltr'><strong>tamen</strong></span> <span class='ocrx_word' id='word_1_330' title='bbox 773 2903 1036 2976; x_wconf 87' lang='lat' dir='ltr'><strong>nequitia,</strong></span> <span class='ocrx_word' id='word_1_331' title='bbox 1061 2911 1154 2959; x_wconf 91' lang='lat' dir='ltr'><strong>aut</strong></span> <span class='ocrx_word' id='word_1_332' title='bbox 1175 2905 1397 2972; x_wconf 91' lang='lat' dir='ltr'><strong>malitia,</strong></span> <span class='ocrx_word' id='word_1_333' title='bbox 1422 2913 1514 2959; x_wconf 88' lang='lat' dir='ltr'><strong>aut</strong></span> <span class='ocrx_word' id='word_1_334' title='bbox 1536 2905 1780 2980; x_wconf 89' lang='lat' dir='ltr'><strong>perfidia,</strong></span> <span class='ocrx_word' id='word_1_335' title='bbox 1813 2912 1907 2960; x_wconf 91' lang='lat' dir='ltr'><strong>aut</strong></span> <span class='ocrx_word' id='word_1_336' title='bbox 1935 2905 2166 2973; x_wconf 87' lang='lat' dir='ltr'><strong>luxuria,</strong></span> 
     </span>
    </p>
   </div>
   <div class='ocr_carea' id='block_1_45' title="bbox 562 2991 2170 3068">
    <p class='ocr_par' dir='ltr' id='par_1_45' title="bbox 562 2991 2170 3068">
     <span class='ocr_line' id='line_1_45' title="bbox 562 2991 2170 3068; baseline 0.004 -19"><span class='ocrx_word' id='word_1_337' title='bbox 562 3002 657 3050; x_wconf 90' lang='lat' dir='ltr'><strong>aut</strong></span> <span class='ocrx_word' id='word_1_338' title='bbox 684 2991 937 3066; x_wconf 73' lang='lat' dir='ltr'><strong>superbia</strong></span> <span class='ocrx_word' id='word_1_339' title='bbox 967 2993 1095 3051; x_wconf 90' lang='lat' dir='ltr'><strong>facit</strong></span> <span class='ocrx_word' id='word_1_340' title='bbox 1120 3010 1335 3052; x_wconf 85' lang='lat' dir='ltr'><strong>exosos.</strong></span> <span class='ocrx_word' id='word_1_341' title='bbox 1367 2995 1776 3068; x_wconf 87' lang='lat' dir='ltr'><strong>Contempletur</strong></span> <span class='ocrx_word' id='word_1_342' title='bbox 1799 2997 2170 3068; x_wconf 88' lang='lat' dir='ltr'><strong>unusquisque</strong></span> 
     </span>
    </p>
   </div>
   <div class='ocr_carea' id='block_1_46' title="bbox 560 3085 2166 3159">
    <p class='ocr_par' dir='ltr' id='par_1_46' title="bbox 560 3085 2166 3159">
     <span class='ocr_line' id='line_1_46' title="bbox 560 3085 2166 3159; baseline 0.003 -19"><span class='ocrx_word' id='word_1_343' title='bbox 560 3094 802 3141; x_wconf 89' lang='lat' dir='ltr'><strong>vestrum</strong></span> <span class='ocrx_word' id='word_1_344' title='bbox 830 3085 1110 3142; x_wconf 72' lang='lat' dir='ltr'><strong>diabolicae</strong></span> <span class='ocrx_word' id='word_1_345' title='bbox 1129 3087 1565 3159; x_wconf 76' lang='lat' dir='ltr'><strong>pnesumptionis</strong></span> <span class='ocrx_word' id='word_1_346' title='bbox 1593 3086 1888 3155; x_wconf 66' lang='lat' dir='ltr'><strong>offensam;</strong></span> <span class='ocrx_word' id='word_1_347' title='bbox 1919 3099 1976 3144; x_wconf 91' lang='lat' dir='ltr'><strong>et</strong></span> <span class='ocrx_word' id='word_1_348' title='bbox 2004 3088 2166 3145; x_wconf 91' lang='lat' dir='ltr'><strong>intel-</strong></span> 
     </span>
    </p>
   </div>
   <div class='ocr_carea' id='block_1_47' title="bbox 2275 1890 3793 1968">
    <p class='ocr_par' dir='ltr' id='par_1_47' title="bbox 2275 1890 3793 1968">
     <span class='ocr_line' id='line_1_47' title="bbox 2275 1890 3793 1968; baseline -0.001 -18"><span class='ocrx_word' id='word_1_349' title='bbox 2275 1895 2586 1950; x_wconf 88' lang='lat' dir='ltr'><strong>constitntis</strong></span> <span class='ocrx_word' id='word_1_350' title='bbox 2605 1894 3041 1968; x_wconf 86' lang='lat' dir='ltr'><strong>desperationem</strong></span> <span class='ocrx_word' id='word_1_351' title='bbox 3065 1891 3250 1957; x_wconf 84' lang='lat' dir='ltr'><strong>faciat,</strong></span> <span class='ocrx_word' id='word_1_352' title='bbox 3265 1891 3411 1964; x_wconf 77' lang='lat' dir='ltr'><strong>quod</strong></span> <span class='ocrx_word' id='word_1_353' title='bbox 3429 1890 3641 1947; x_wconf 72' lang='lat' dir='ltr'><strong>cmlestis</strong></span> <span class='ocrx_word' id='word_1_354' title='bbox 3655 1891 3793 1948; x_wconf 81' lang='lat' dir='ltr'><strong>militia</strong></span> 
     </span>
    </p>
   </div>
   <div class='ocr_carea' id='block_1_48' title="bbox 2277 1983 3792 2056">
    <p class='ocr_par' dir='ltr' id='par_1_48' title="bbox 2277 1983 3792 2056">
     <span class='ocr_line' id='line_1_48' title="bbox 2277 1983 3792 2056; baseline -0.002 -13"><span class='ocrx_word' id='word_1_355' title='bbox 2277 1987 2433 2044; x_wconf 88' lang='lat' dir='ltr'><strong>ardui</strong></span> <span class='ocrx_word' id='word_1_356' title='bbox 2464 1989 2674 2045; x_wconf 88' lang='lat' dir='ltr'><strong>itineris</strong></span> <span class='ocrx_word' id='word_1_357' title='bbox 2695 1996 2937 2045; x_wconf 87' lang='lat' dir='ltr'><strong>arctatur</strong></span> <span class='ocrx_word' id='word_1_358' title='bbox 2965 2002 3235 2044; x_wconf 86' lang='lat' dir='ltr'><strong>accessus.</strong></span> <span class='ocrx_word' id='word_1_359' title='bbox 3267 1983 3336 2041; x_wconf 82' lang='lat' dir='ltr'><strong>Et</strong></span> <span class='ocrx_word' id='word_1_360' title='bbox 3355 2001 3496 2052; x_wconf 90' lang='lat' dir='ltr'><strong>vere,</strong></span> <span class='ocrx_word' id='word_1_361' title='bbox 3526 1985 3792 2056; x_wconf 84' lang='lat' dir='ltr'><strong>dilectissimi,</strong></span> 
     </span>
    </p>
   </div>
   <div class='ocr_carea' id='block_1_49' title="bbox 2275 2078 3792 2153">
    <p class='ocr_par' dir='ltr' id='par_1_49' title="bbox 2275 2078 3792 2153">
     <span class='ocr_line' id='line_1_49' title="bbox 2275 2078 3792 2153; baseline 0.003 -17"><span class='ocrx_word' id='word_1_362' title='bbox 2275 2097 2385 2138; x_wconf 92' lang='lat' dir='ltr'><strong>non</strong></span> <span class='ocrx_word' id='word_1_363' title='bbox 2425 2083 2600 2138; x_wconf 90' lang='lat' dir='ltr'><strong>solum</strong></span> <span class='ocrx_word' id='word_1_364' title='bbox 2641 2082 2900 2150; x_wconf 90' lang='lat' dir='ltr'><strong>arduum,</strong></span> <span class='ocrx_word' id='word_1_365' title='bbox 2925 2082 3018 2138; x_wconf 90' lang='lat' dir='ltr'><strong>sed</strong></span> <span class='ocrx_word' id='word_1_366' title='bbox 3046 2082 3212 2137; x_wconf 90' lang='lat' dir='ltr'><strong>etiam</strong></span> <span class='ocrx_word' id='word_1_367' title='bbox 3241 2078 3459 2137; x_wconf 75' lang='lat' dir='ltr'><strong>difficile</strong></span> <span class='ocrx_word' id='word_1_368' title='bbox 3485 2088 3537 2137; x_wconf 92' lang='lat' dir='ltr'><strong>et</strong></span> <span class='ocrx_word' id='word_1_369' title='bbox 3565 2079 3666 2153; x_wconf 88' lang='lat' dir='ltr'><strong>plus</strong></span> <span class='ocrx_word' id='word_1_370' title='bbox 3686 2095 3792 2151; x_wconf 81' lang='lat' dir='ltr'><strong>quam</strong></span> 
     </span>
    </p>
   </div>
   <div class='ocr_carea' id='block_1_50' title="bbox 2274 2170 3793 2231">
    <p class='ocr_par' dir='ltr' id='par_1_50' title="bbox 2274 2170 3793 2231">
     <span class='ocr_line' id='line_1_50' title="bbox 2274 2170 3793 2231; baseline 0.004 -6"><span class='ocrx_word' id='word_1_371' title='bbox 2274 2170 2609 2228; x_wconf 88' lang='lat' dir='ltr'><strong>laboriosum</strong></span> <span class='ocrx_word' id='word_1_372' title='bbox 2638 2172 2809 2229; x_wconf 86' lang='lat' dir='ltr'><strong>estad</strong></span> <span class='ocrx_word' id='word_1_373' title='bbox 2831 2173 3060 2230; x_wconf 90' lang='lat' dir='ltr'><strong>celsiora</strong></span> <span class='ocrx_word' id='word_1_374' title='bbox 3085 2171 3452 2229; x_wconf 88' lang='lat' dir='ltr'><strong>tendentibus.</strong></span> <span class='ocrx_word' id='word_1_375' title='bbox 3473 2170 3572 2228; x_wconf 83' lang='lat' dir='ltr'><strong>Sed</strong></span> <span class='ocrx_word' id='word_1_376' title='bbox 3586 2173 3725 2228; x_wconf 82' lang='lat' dir='ltr'><strong>invitis</strong></span> <span class='ocrx_word' id='word_1_377' title='bbox 3739 2174 3793 2231; x_wconf 73' lang='lat' dir='ltr'><strong>de</strong></span> 
     </span>
    </p>
   </div>
   <div class='ocr_carea' id='block_1_51' title="bbox 2273 2260 3792 2335">
    <p class='ocr_par' dir='ltr' id='par_1_51' title="bbox 2273 2260 3792 2335">
     <span class='ocr_line' id='line_1_51' title="bbox 2273 2260 3792 2335; baseline 0.001 -16"><span class='ocrx_word' id='word_1_378' title='bbox 2273 2260 2507 2329; x_wconf 79' lang='lat' dir='ltr'><strong>sidiosis,</strong></span> <span class='ocrx_word' id='word_1_379' title='bbox 2533 2271 2589 2319; x_wconf 90' lang='lat' dir='ltr'><strong>et</strong></span> <span class='ocrx_word' id='word_1_380' title='bbox 2623 2263 2903 2335; x_wconf 88' lang='lat' dir='ltr'><strong>occupatis</strong></span> <span class='ocrx_word' id='word_1_381' title='bbox 2925 2263 3346 2334; x_wconf 86' lang='lat' dir='ltr'><strong>negligentibus,</strong></span> <span class='ocrx_word' id='word_1_382' title='bbox 3379 2263 3492 2320; x_wconf 87' lang='lat' dir='ltr'><strong>sine</strong></span> <span class='ocrx_word' id='word_1_383' title='bbox 3525 2262 3663 2320; x_wconf 91' lang='lat' dir='ltr'><strong>dubio</strong></span> <span class='ocrx_word' id='word_1_384' title='bbox 3685 2264 3792 2321; x_wconf 81' lang='lat' dir='ltr'><strong>etiam</strong></span> 
     </span>
    </p>
   </div>
   <div class='ocr_carea' id='block_1_52' title="bbox 2271 2353 3793 2428">
    <p class='ocr_par' dir='ltr' id='par_1_52' title="bbox 2271 2353 3793 2428">
     <span class='ocr_line' id='line_1_52' title="bbox 2271 2353 3793 2428; baseline 0.002 -17"><span class='ocrx_word' id='word_1_385' title='bbox 2271 2370 2373 2428; x_wconf 90' lang='lat' dir='ltr'><strong>per</strong></span> <span class='ocrx_word' id='word_1_386' title='bbox 2398 2356 2559 2427; x_wconf 87' lang='lat' dir='ltr'><strong>plana</strong></span> <span class='ocrx_word' id='word_1_387' title='bbox 2583 2355 2880 2414; x_wconf 79' lang='lat' dir='ltr'><strong>necessitas</strong></span> <span class='ocrx_word' id='word_1_388' title='bbox 2899 2355 3103 2414; x_wconf 75' lang='lat' dir='ltr'><strong>laboris</strong></span> <span class='ocrx_word' id='word_1_389' title='bbox 3125 2355 3408 2415; x_wconf 81' lang='lat' dir='ltr'><strong>accrescit.</strong></span> <span class='ocrx_word' id='word_1_390' title='bbox 3430 2353 3656 2424; x_wconf 77' lang='lat' dir='ltr'><strong>Quamvis</strong></span> <span class='ocrx_word' id='word_1_391' title='bbox 3670 2365 3793 2414; x_wconf 80' lang='lat' dir='ltr'><strong>autem</strong></span> 
     </span>
    </p>
   </div>
   <div class='ocr_carea' id='block_1_53' title="bbox 2273 2451 3792 2527">
    <p class='ocr_par' dir='ltr' id='par_1_53' title="bbox 2273 2451 3792 2527">
     <span class='ocr_line' id='line_1_53' title="bbox 2273 2451 3792 2527; baseline 0.003 -20"><span class='ocrx_word' id='word_1_392' title='bbox 2273 2451 2384 2507; x_wconf 91' lang='lat' dir='ltr'><strong>sint</strong></span> <span class='ocrx_word' id='word_1_393' title='bbox 2413 2468 2606 2524; x_wconf 88' lang='lat' dir='ltr'><strong>aspera</strong></span> <span class='ocrx_word' id='word_1_394' title='bbox 2647 2460 2702 2510; x_wconf 91' lang='lat' dir='ltr'><strong>et</strong></span> <span class='ocrx_word' id='word_1_395' title='bbox 2739 2453 2978 2511; x_wconf 86' lang='lat' dir='ltr'><strong>dimcilia</strong></span> <span class='ocrx_word' id='word_1_396' title='bbox 3025 2469 3381 2527; x_wconf 71' lang='lat' dir='ltr'><strong>quatcumque</strong></span> <span class='ocrx_word' id='word_1_397' title='bbox 3419 2465 3532 2512; x_wconf 92' lang='lat' dir='ltr'><strong>sunt</strong></span> <span class='ocrx_word' id='word_1_398' title='bbox 3557 2456 3607 2512; x_wconf 88' lang='lat' dir='ltr'><strong>in</strong></span> <span class='ocrx_word' id='word_1_399' title='bbox 3635 2455 3792 2512; x_wconf 72' lang='lat' dir='ltr'><strong>excelsis</strong></span> 
     </span>
    </p>
   </div>
   <div class='ocr_carea' id='block_1_54' title="bbox 2272 2542 3791 2624">
    <p class='ocr_par' dir='ltr' id='par_1_54' title="bbox 2272 2542 3791 2624">
     <span class='ocr_line' id='line_1_54' title="bbox 2272 2542 3791 2624; baseline 0.003 -27"><span class='ocrx_word' id='word_1_400' title='bbox 2272 2542 2470 2624; x_wconf 88' lang='lat' dir='ltr'><strong>posita,</strong></span> <span class='ocrx_word' id='word_1_401' title='bbox 2501 2558 2611 2599; x_wconf 91' lang='lat' dir='ltr'><strong>non</strong></span> <span class='ocrx_word' id='word_1_402' title='bbox 2641 2545 2804 2602; x_wconf 92' lang='lat' dir='ltr'><strong>dubie</strong></span> <span class='ocrx_word' id='word_1_403' title='bbox 2844 2545 2903 2601; x_wconf 86' lang='lat' dir='ltr'><strong>fit</strong></span> <span class='ocrx_word' id='word_1_404' title='bbox 2925 2553 2985 2602; x_wconf 94' lang='lat' dir='ltr'><strong>ut</strong></span> <span class='ocrx_word' id='word_1_405' title='bbox 3013 2546 3068 2602; x_wconf 91' lang='lat' dir='ltr'><strong>in</strong></span> <span class='ocrx_word' id='word_1_406' title='bbox 3089 2555 3340 2619; x_wconf 88' lang='lat' dir='ltr'><strong>apertum</strong></span> <span class='ocrx_word' id='word_1_407' title='bbox 3371 2563 3603 2622; x_wconf 84' lang='lat' dir='ltr'><strong>campum</strong></span> <span class='ocrx_word' id='word_1_408' title='bbox 3619 2549 3791 2613; x_wconf 82' lang='lat' dir='ltr'><strong>veniant,</strong></span> 
     </span>
    </p>
   </div>
   <div class='ocr_carea' id='block_1_55' title="bbox 2271 2635 3787 2712">
    <p class='ocr_par' dir='ltr' id='par_1_55' title="bbox 2271 2635 3787 2712">
     <span class='ocr_line' id='line_1_55' title="bbox 2271 2635 3787 2712; baseline 0.003 -21"><span class='ocrx_word' id='word_1_409' title='bbox 2271 2635 2318 2691; x_wconf 90' lang='lat' dir='ltr'><strong>si</strong></span> <span class='ocrx_word' id='word_1_410' title='bbox 2348 2636 2727 2697; x_wconf 89' lang='lat' dir='ltr'><strong>itinerantibus</strong></span> <span class='ocrx_word' id='word_1_411' title='bbox 2777 2640 2910 2695; x_wconf 89' lang='lat' dir='ltr'><strong>nihil</strong></span> <span class='ocrx_word' id='word_1_412' title='bbox 2947 2639 3347 2712; x_wconf 87' lang='lat' dir='ltr'><strong>desperationis</strong></span> <span class='ocrx_word' id='word_1_413' title='bbox 3394 2651 3635 2698; x_wconf 87' lang='lat' dir='ltr'><strong>occurrat.</strong></span> <span class='ocrx_word' id='word_1_414' title='bbox 3668 2637 3787 2696; x_wconf 84' lang='lat' dir='ltr'><strong>Omne</strong></span> 
     </span>
    </p>
   </div>
   <div class='ocr_carea' id='block_1_56' title="bbox 2273 2727 3792 2810">
    <p class='ocr_par' dir='ltr' id='par_1_56' title="bbox 2273 2727 3792 2810">
     <span class='ocr_line' id='line_1_56' title="bbox 2273 2727 3792 2810; baseline 0.004 -28"><span class='ocrx_word' id='word_1_415' title='bbox 2273 2727 2436 2798; x_wconf 89' lang='lat' dir='ltr'><strong>igitur</strong></span> <span class='ocrx_word' id='word_1_416' title='bbox 2455 2746 2612 2810; x_wconf 91' lang='lat' dir='ltr'><strong>opus,</strong></span> <span class='ocrx_word' id='word_1_417' title='bbox 2637 2731 2992 2808; x_wconf 78' lang='lat' dir='ltr'><strong>dilectissimi,</strong></span> <span class='ocrx_word' id='word_1_418' title='bbox 3020 2733 3073 2787; x_wconf 93' lang='lat' dir='ltr'><strong>in</strong></span> <span class='ocrx_word' id='word_1_419' title='bbox 3095 2747 3207 2804; x_wconf 92' lang='lat' dir='ltr'><strong>quo</strong></span> <span class='ocrx_word' id='word_1_420' title='bbox 3239 2731 3474 2788; x_wconf 90' lang='lat' dir='ltr'><strong>studium</strong></span> <span class='ocrx_word' id='word_1_421' title='bbox 3494 2732 3699 2788; x_wconf 75' lang='lat' dir='ltr'><strong>humanm</strong></span> <span class='ocrx_word' id='word_1_422' title='bbox 3713 2747 3792 2788; x_wconf 72' lang='lat' dir='ltr'><strong>con</strong></span> 
     </span>
    </p>
   </div>
   <div class='ocr_carea' id='block_1_57' title="bbox 2273 2819 3791 2898">
    <p class='ocr_par' dir='ltr' id='par_1_57' title="bbox 2273 2819 3791 2898">
     <span class='ocr_line' id='line_1_57' title="bbox 2273 2819 3791 2898; baseline 0.001 -22"><span class='ocrx_word' id='word_1_423' title='bbox 2273 2821 2599 2878; x_wconf 87' lang='lat' dir='ltr'><strong>versationis</strong></span> <span class='ocrx_word' id='word_1_424' title='bbox 2645 2823 2923 2898; x_wconf 84' lang='lat' dir='ltr'><strong>invigilat,</strong></span> <span class='ocrx_word' id='word_1_425' title='bbox 2953 2821 3327 2879; x_wconf 89' lang='lat' dir='ltr'><strong>voluntarium</strong></span> <span class='ocrx_word' id='word_1_426' title='bbox 3372 2822 3586 2893; x_wconf 89' lang='lat' dir='ltr'><strong>requirit</strong></span> <span class='ocrx_word' id='word_1_427' title='bbox 3609 2819 3791 2878; x_wconf 84' lang='lat' dir='ltr'><strong>officium.</strong></span> 
     </span>
    </p>
   </div>
   <div class='ocr_carea' id='block_1_58' title="bbox 2272 2909 3790 2985">
    <p class='ocr_par' dir='ltr' id='par_1_58' title="bbox 2272 2909 3790 2985">
     <span class='ocr_line' id='line_1_58' title="bbox 2272 2909 3790 2985; baseline 0.001 -19"><span class='ocrx_word' id='word_1_428' title='bbox 2272 2909 2408 2966; x_wconf 84' lang='lat' dir='ltr'><strong>Nam</strong></span> <span class='ocrx_word' id='word_1_429' title='bbox 2438 2913 2812 2970; x_wconf 73' lang='lat' dir='ltr'><strong>iniestimabile</strong></span> <span class='ocrx_word' id='word_1_430' title='bbox 2841 2922 2925 2971; x_wconf 93' lang='lat' dir='ltr'><strong>est</strong></span> <span class='ocrx_word' id='word_1_431' title='bbox 2943 2923 3208 2985; x_wconf 90' lang='lat' dir='ltr'><strong>quantum</strong></span> <span class='ocrx_word' id='word_1_432' title='bbox 3231 2911 3555 2970; x_wconf 88' lang='lat' dir='ltr'><strong>difficultatis</strong></span> <span class='ocrx_word' id='word_1_433' title='bbox 3577 2923 3790 2979; x_wconf 75' lang='lat' dir='ltr'><strong>accrescat,</strong></span> 
     </span>
    </p>
   </div>
   <div class='ocr_carea' id='block_1_59' title="bbox 2271 3002 3791 3081">
    <p class='ocr_par' dir='ltr' id='par_1_59' title="bbox 2271 3002 3791 3081">
     <span class='ocr_line' id='line_1_59' title="bbox 2271 3002 3791 3081; baseline 0.002 -23"><span class='ocrx_word' id='word_1_434' title='bbox 2271 3002 2319 3058; x_wconf 91' lang='lat' dir='ltr'><strong>si</strong></span> <span class='ocrx_word' id='word_1_435' title='bbox 2358 3003 2634 3062; x_wconf 90' lang='lat' dir='ltr'><strong>hominem</strong></span> <span class='ocrx_word' id='word_1_436' title='bbox 2671 3006 2926 3062; x_wconf 89' lang='lat' dir='ltr'><strong>voluntas</strong></span> <span class='ocrx_word' id='word_1_437' title='bbox 2968 3006 3024 3062; x_wconf 94' lang='lat' dir='ltr'><strong>in</strong></span> <span class='ocrx_word' id='word_1_438' title='bbox 3052 3007 3294 3062; x_wconf 84' lang='lat' dir='ltr'><strong>maxima</strong></span> <span class='ocrx_word' id='word_1_439' title='bbox 3341 3020 3518 3061; x_wconf 88' lang='lat' dir='ltr'><strong>rerum</strong></span> <span class='ocrx_word' id='word_1_440' title='bbox 3553 3005 3791 3081; x_wconf 71' lang='lat' dir='ltr'><strong>necessitate</strong></span> 
     </span>
    </p>
   </div>
   <div class='ocr_carea' id='block_1_60' title="bbox 2273 3097 3792 3176">
    <p class='ocr_par' dir='ltr' id='par_1_60' title="bbox 2273 3097 3792 3176">
     <span class='ocr_line' id='line_1_60' title="bbox 2273 3097 3792 3176; baseline 0 -23"><span class='ocrx_word' id='word_1_441' title='bbox 2273 3097 2526 3176; x_wconf 89' lang='lat' dir='ltr'><strong>decipiat.</strong></span> <span class='ocrx_word' id='word_1_442' title='bbox 2553 3097 2858 3172; x_wconf 83' lang='lat' dir='ltr'><strong>Numquam</strong></span> <span class='ocrx_word' id='word_1_443' title='bbox 2888 3099 2979 3157; x_wconf 90' lang='lat' dir='ltr'><strong>ille</strong></span> <span class='ocrx_word' id='word_1_444' title='bbox 2998 3099 3140 3157; x_wconf 88' lang='lat' dir='ltr'><strong>bene</strong></span> <span class='ocrx_word' id='word_1_445' title='bbox 3159 3099 3270 3156; x_wconf 85' lang='lat' dir='ltr'><strong>iter</strong></span> <span class='ocrx_word' id='word_1_446' title='bbox 3298 3098 3449 3155; x_wconf 89' lang='lat' dir='ltr'><strong>ardui</strong></span> <span class='ocrx_word' id='word_1_447' title='bbox 3469 3098 3644 3154; x_wconf 88' lang='lat' dir='ltr'><strong>montis</strong></span> <span class='ocrx_word' id='word_1_448' title='bbox 3660 3109 3792 3167; x_wconf 81' lang='lat' dir='ltr'><strong>aggre-</strong></span> 
     </span>
    </p>
   </div>
   <div class='ocr_carea' id='block_1_61' title="bbox 541 3173 3790 3273">
    <p class='ocr_par' dir='ltr' id='par_1_61' title="bbox 541 3173 3790 3273">
     <span class='ocr_line' id='line_1_61' title="bbox 541 3173 3790 3273; baseline 0.014 -77"><span class='ocrx_word' id='word_1_449' title='bbox 541 3173 690 3273; x_wconf 53' lang='lat' dir='ltr'><strong>liget</strong></span> <span class='ocrx_word' id='word_1_450' title='bbox 714 3187 974 3260; x_wconf 85' lang='lat' dir='ltr'><strong>quantum</strong></span> <span class='ocrx_word' id='word_1_451' title='bbox 991 3179 1242 3273; x_wconf 82' lang='lat' dir='ltr'><strong>superbia</strong></span> <span class='ocrx_word' id='word_1_452' title='bbox 1267 3188 1455 3249; x_wconf 90' lang='lat' dir='ltr'><strong>gravet</strong></span> <span class='ocrx_word' id='word_1_453' title='bbox 1481 3179 1756 3273; x_wconf 83' lang='lat' dir='ltr'><strong>hominem</strong></span> <span class='ocrx_word' id='word_1_454' title='bbox 1787 3179 1854 3234; x_wconf 91' lang='lat' dir='ltr'><strong>ad</strong></span> <span class='ocrx_word' id='word_1_455' title='bbox 1879 3181 2161 3273; x_wconf 85' lang='lat' dir='ltr'><strong>superiora</strong></span> <span class='ocrx_word' id='word_1_456' title='bbox 2187 3183 2234 3246; x_wconf 91' lang='lat' dir='ltr'><strong>C</strong></span> <span class='ocrx_word' id='word_1_457' title='bbox 2266 3173 2432 3257; x_wconf 58' lang='lat' dir='ltr'><strong>ditur,</strong></span> <span class='ocrx_word' id='word_1_458' title='bbox 2480 3191 2566 3246; x_wconf 80' lang='lat' dir='ltr'><strong>cui</strong></span> <span class='ocrx_word' id='word_1_459' title='bbox 2607 3194 2656 3273; x_wconf 78' lang='lat'><strong>5</strong></span> <span class='ocrx_word' id='word_1_460' title='bbox 2685 3191 2994 3268; x_wconf 73' lang='lat' dir='ltr'><strong>desperatio</strong></span> <span class='ocrx_word' id='word_1_461' title='bbox 3040 3189 3376 3256; x_wconf 81' lang='lat' dir='ltr'><strong>dominatur.</strong></span> <span class='ocrx_word' id='word_1_462' title='bbox 3422 3187 3627 3257; x_wconf 85' lang='lat' dir='ltr'><strong>Quando</strong></span> <span class='ocrx_word' id='word_1_463' title='bbox 3665 3194 3790 3242; x_wconf 79' lang='lat' dir='ltr'><strong>autem</strong></span> 
     </span>
    </p>
   </div>
   <div class='ocr_carea' id='block_1_62' title="bbox 561 3269 2168 3342">
    <p class='ocr_par' dir='ltr' id='par_1_62' title="bbox 561 3269 2168 3342">
     <span class='ocr_line' id='line_1_62' title="bbox 561 3269 2168 3342; baseline 0.004 -18"><span class='ocrx_word' id='word_1_464' title='bbox 561 3269 909 3338; x_wconf 90' lang='lat' dir='ltr'><strong>tendentem;</strong></span> <span class='ocrx_word' id='word_1_465' title='bbox 932 3270 1021 3325; x_wconf 88' lang='lat' dir='ltr'><strong>vel</strong></span> <span class='ocrx_word' id='word_1_466' title='bbox 1049 3270 1104 3325; x_wconf 92' lang='lat' dir='ltr'><strong>in</strong></span> <span class='ocrx_word' id='word_1_467' title='bbox 1139 3285 1248 3341; x_wconf 92' lang='lat' dir='ltr'><strong>quo</strong></span> <span class='ocrx_word' id='word_1_468' title='bbox 1287 3279 1432 3326; x_wconf 89' lang='lat' dir='ltr'><strong>statu</strong></span> <span class='ocrx_word' id='word_1_469' title='bbox 1457 3271 1527 3326; x_wconf 92' lang='lat' dir='ltr'><strong>sit</strong></span> <span class='ocrx_word' id='word_1_470' title='bbox 1554 3271 1784 3342; x_wconf 90' lang='lat' dir='ltr'><strong>positus,</strong></span> <span class='ocrx_word' id='word_1_471' title='bbox 1808 3271 1895 3328; x_wconf 94' lang='lat' dir='ltr'><strong>cui</strong></span> <span class='ocrx_word' id='word_1_472' title='bbox 1915 3271 2168 3331; x_wconf 88' lang='lat' dir='ltr'><strong>elationis</strong></span> 
     </span>
    </p>
   </div>
   <div class='ocr_carea' id='block_1_63' title="bbox 563 3359 2163 3438">
    <p class='ocr_par' dir='ltr' id='par_1_63' title="bbox 563 3359 2163 3438">
     <span class='ocr_line' id='line_1_63' title="bbox 563 3359 2163 3438; baseline 0.002 -21"><span class='ocrx_word' id='word_1_473' title='bbox 563 3361 786 3438; x_wconf 87' lang='lat' dir='ltr'><strong>spiritus</strong></span> <span class='ocrx_word' id='word_1_474' title='bbox 804 3362 1132 3418; x_wconf 89' lang='lat' dir='ltr'><strong>dominatur.</strong></span> <span class='ocrx_word' id='word_1_475' title='bbox 1153 3359 1348 3417; x_wconf 85' lang='lat' dir='ltr'><strong>Audite</strong></span> <span class='ocrx_word' id='word_1_476' title='bbox 1358 3361 1425 3417; x_wconf 92' lang='lat' dir='ltr'><strong>de</strong></span> <span class='ocrx_word' id='word_1_477' title='bbox 1440 3361 1547 3417; x_wconf 91' lang='lat' dir='ltr'><strong>hoc</strong></span> <span class='ocrx_word' id='word_1_478' title='bbox 1565 3361 1851 3416; x_wconf 90' lang='lat' dir='ltr'><strong>Dominum</strong></span> <span class='ocrx_word' id='word_1_479' title='bbox 1873 3362 2163 3420; x_wconf 91' lang='lat' dir='ltr'><strong>dicentem:</strong></span> 
     </span>
    </p>
   </div>
   <div class='ocr_carea' id='block_1_64' title="bbox 562 3451 2166 3526">
    <p class='ocr_par' dir='ltr' id='par_1_64' title="bbox 562 3451 2166 3526">
     <span class='ocr_line' id='line_1_64' title="bbox 562 3451 2166 3526; baseline 0.002 -18"><span class='ocrx_word' id='word_1_480' title='bbox 562 3451 863 3508; x_wconf 81' lang='lat' dir='ltr'><strong>Humilibus</strong></span> <span class='ocrx_word' id='word_1_481' title='bbox 889 3451 1030 3508; x_wconf 82' lang='lat' dir='ltr'><strong>Deus</strong></span> <span class='ocrx_word' id='word_1_482' title='bbox 1065 3453 1156 3508; x_wconf 84' lang='lat' dir='ltr'><strong>dat</strong></span> <span class='ocrx_word' id='word_1_483' title='bbox 1175 3454 1420 3526; x_wconf 85' lang='lat' dir='ltr'><strong>gratiam,</strong></span> <span class='ocrx_word' id='word_1_484' title='bbox 1452 3453 1684 3526; x_wconf 86' lang='lat' dir='ltr'><strong>superbis</strong></span> <span class='ocrx_word' id='word_1_485' title='bbox 1705 3454 1900 3507; x_wconf 77' lang='lat' dir='ltr'><strong>resistit</strong></span> <span class='ocrx_word' id='word_1_486' title='bbox 1923 3453 2060 3526; x_wconf 81' lang='lat' dir='ltr'><strong>(Jac.</strong></span> <span class='ocrx_word' id='word_1_487' title='bbox 2093 3471 2166 3523; x_wconf 87' lang='lat' dir='ltr'><strong>iv,</strong></span> 
     </span>
    </p>
   </div>
   <div class='ocr_carea' id='block_1_65' title="bbox 561 3547 2170 3624">
    <p class='ocr_par' dir='ltr' id='par_1_65' title="bbox 561 3547 2170 3624">
     <span class='ocr_line' id='line_1_65' title="bbox 561 3547 2170 3624; baseline 0.002 -20"><span class='ocrx_word' id='word_1_488' title='bbox 561 3547 642 3624; x_wconf 78' lang='lat'><strong>6).</strong></span> <span class='ocrx_word' id='word_1_489' title='bbox 665 3547 771 3605; x_wconf 89' lang='lat' dir='ltr'><strong>Sed</strong></span> <span class='ocrx_word' id='word_1_490' title='bbox 801 3565 903 3605; x_wconf 92' lang='lat' dir='ltr'><strong>nec</strong></span> <span class='ocrx_word' id='word_1_491' title='bbox 931 3549 1106 3605; x_wconf 89' lang='lat' dir='ltr'><strong>minus</strong></span> <span class='ocrx_word' id='word_1_492' title='bbox 1134 3549 1428 3620; x_wconf 91' lang='lat' dir='ltr'><strong>impeditur</strong></span> <span class='ocrx_word' id='word_1_493' title='bbox 1456 3548 1752 3604; x_wconf 90' lang='lat' dir='ltr'><strong>necessitas</strong></span> <span class='ocrx_word' id='word_1_494' title='bbox 1775 3547 1936 3618; x_wconf 90' lang='lat' dir='ltr'><strong>hujus</strong></span> <span class='ocrx_word' id='word_1_495' title='bbox 1959 3549 2170 3607; x_wconf 91' lang='lat' dir='ltr'><strong>itineris</strong></span> 
     </span>
    </p>
   </div>
   <div class='ocr_carea' id='block_1_66' title="bbox 563 3642 2172 3716">
    <p class='ocr_par' dir='ltr' id='par_1_66' title="bbox 563 3642 2172 3716">
     <span class='ocr_line' id='line_1_66' title="bbox 563 3642 2172 3716; baseline 0.002 -17"><span class='ocrx_word' id='word_1_496' title='bbox 563 3642 699 3699; x_wconf 88' lang='lat' dir='ltr'><strong>vitio</strong></span> <span class='ocrx_word' id='word_1_497' title='bbox 739 3643 1050 3714; x_wconf 87' lang='lat' dir='ltr'><strong>cupiditatis</strong></span> <span class='ocrx_word' id='word_1_498' title='bbox 1082 3661 1096 3695; x_wconf 91' lang='lat'><strong>:</strong></span> <span class='ocrx_word' id='word_1_499' title='bbox 1125 3658 1246 3716; x_wconf 65' lang='lat' dir='ltr'><strong>quat</strong></span> <span class='ocrx_word' id='word_1_500' title='bbox 1273 3644 1402 3700; x_wconf 89' lang='lat' dir='ltr'><strong>dum</strong></span> <span class='ocrx_word' id='word_1_501' title='bbox 1428 3643 1544 3698; x_wconf 89' lang='lat' dir='ltr'><strong>vult</strong></span> <span class='ocrx_word' id='word_1_502' title='bbox 1565 3643 1728 3698; x_wconf 90' lang='lat' dir='ltr'><strong>nimia</strong></span> <span class='ocrx_word' id='word_1_503' title='bbox 1757 3645 2000 3716; x_wconf 72' lang='lat' dir='ltr'><strong>pecunite</strong></span> <span class='ocrx_word' id='word_1_504' title='bbox 2027 3647 2172 3704; x_wconf 89' lang='lat' dir='ltr'><strong>mole</strong></span> 
     </span>
    </p>
   </div>
   <div class='ocr_carea' id='block_1_67' title="bbox 565 3733 2174 3814">
    <p class='ocr_par' dir='ltr' id='par_1_67' title="bbox 565 3733 2174 3814">
     <span class='ocr_line' id='line_1_67' title="bbox 565 3733 2174 3814; baseline 0.002 -25"><span class='ocrx_word' id='word_1_505' title='bbox 565 3733 822 3814; x_wconf 86' lang='lat' dir='ltr'><strong>gaudere,</strong></span> <span class='ocrx_word' id='word_1_506' title='bbox 854 3734 1077 3790; x_wconf 89' lang='lat' dir='ltr'><strong>divitem</strong></span> <span class='ocrx_word' id='word_1_507' title='bbox 1123 3735 1178 3789; x_wconf 92' lang='lat' dir='ltr'><strong>in</strong></span> <span class='ocrx_word' id='word_1_508' title='bbox 1207 3747 1431 3804; x_wconf 89' lang='lat' dir='ltr'><strong>regnum</strong></span> <span class='ocrx_word' id='word_1_509' title='bbox 1469 3734 1730 3790; x_wconf 73' lang='lat' dir='ltr'><strong>cmlorum</strong></span> <span class='ocrx_word' id='word_1_510' title='bbox 1762 3750 1869 3790; x_wconf 90' lang='lat' dir='ltr'><strong>non</strong></span> <span class='ocrx_word' id='word_1_511' title='bbox 1908 3736 2174 3806; x_wconf 84' lang='lat' dir='ltr'><strong>permittit</strong></span> 
     </span>
    </p>
   </div>
   <div class='ocr_carea' id='block_1_68' title="bbox 566 3823 2172 3904">
    <p class='ocr_par' dir='ltr' id='par_1_68' title="bbox 566 3823 2172 3904">
     <span class='ocr_line' id='line_1_68' title="bbox 566 3823 2172 3904; baseline 0.004 -25"><span class='ocrx_word' id='word_1_512' title='bbox 566 3823 793 3892; x_wconf 89' lang='lat' dir='ltr'><strong>intrare,</strong></span> <span class='ocrx_word' id='word_1_513' title='bbox 837 3825 912 3880; x_wconf 87' lang='lat' dir='ltr'><strong>ita</strong></span> <span class='ocrx_word' id='word_1_514' title='bbox 954 3825 1185 3881; x_wconf 88' lang='lat' dir='ltr'><strong>Domino</strong></span> <span class='ocrx_word' id='word_1_515' title='bbox 1220 3826 1433 3882; x_wconf 89' lang='lat' dir='ltr'><strong>dicente</strong></span> <span class='ocrx_word' id='word_1_516' title='bbox 1467 3843 1482 3879; x_wconf 90' lang='lat'><strong>:</strong></span> <span class='ocrx_word' id='word_1_517' title='bbox 1521 3827 1684 3880; x_wconf 82' lang='lat' dir='ltr'><strong>Amen</strong></span> <span class='ocrx_word' id='word_1_518' title='bbox 1713 3826 1828 3882; x_wconf 83' lang='lat' dir='ltr'><strong>dico</strong></span> <span class='ocrx_word' id='word_1_519' title='bbox 1862 3826 2020 3895; x_wconf 83' lang='lat' dir='ltr'><strong>vobis,</strong></span> <span class='ocrx_word' id='word_1_520' title='bbox 2051 3832 2172 3904; x_wconf 80' lang='lat' dir='ltr'><strong>quia</strong></span> 
     </span>
    </p>
   </div>
   <div class='ocr_carea' id='block_1_69' title="bbox 567 3915 2167 3991">
    <p class='ocr_par' dir='ltr' id='par_1_69' title="bbox 567 3915 2167 3991">
     <span class='ocr_line' id='line_1_69' title="bbox 567 3915 2167 3991; baseline 0.004 -21"><span class='ocrx_word' id='word_1_521' title='bbox 567 3915 776 3990; x_wconf 65' lang='lat' dir='ltr'><strong>difﬁcile</strong></span> <span class='ocrx_word' id='word_1_522' title='bbox 794 3926 871 3972; x_wconf 87' lang='lat' dir='ltr'><strong>est</strong></span> <span class='ocrx_word' id='word_1_523' title='bbox 899 3917 1108 3972; x_wconf 86' lang='lat' dir='ltr'><strong>divitem</strong></span> <span class='ocrx_word' id='word_1_524' title='bbox 1134 3918 1332 3972; x_wconf 85' lang='lat' dir='ltr'><strong>intrare</strong></span> <span class='ocrx_word' id='word_1_525' title='bbox 1353 3918 1405 3972; x_wconf 88' lang='lat' dir='ltr'><strong>in</strong></span> <span class='ocrx_word' id='word_1_526' title='bbox 1437 3933 1651 3990; x_wconf 85' lang='lat' dir='ltr'><strong>regnum</strong></span> <span class='ocrx_word' id='word_1_527' title='bbox 1678 3917 1922 3974; x_wconf 69' lang='lat' dir='ltr'><strong>calorum</strong></span> <span class='ocrx_word' id='word_1_528' title='bbox 1953 3919 2167 3991; x_wconf 83' lang='lat' dir='ltr'><strong>(Matth.</strong></span> 
     </span>
    </p>
   </div>
   <div class='ocr_carea' id='block_1_70' title="bbox 564 4010 2169 4083">
    <p class='ocr_par' dir='ltr' id='par_1_70' title="bbox 564 4010 2169 4083">
     <span class='ocr_line' id='line_1_70' title="bbox 564 4010 2169 4083; baseline 0.004 -16"><span class='ocrx_word' id='word_1_529' title='bbox 564 4026 679 4078; x_wconf 75' lang='lat' dir='ltr'><strong>nx,</strong></span> <span class='ocrx_word' id='word_1_530' title='bbox 710 4010 824 4082; x_wconf 76' lang='lat'><strong>2&#39;5).</strong></span> <span class='ocrx_word' id='word_1_531' title='bbox 861 4011 1000 4067; x_wconf 87' lang='lat' dir='ltr'><strong>Hinc</strong></span> <span class='ocrx_word' id='word_1_532' title='bbox 1027 4012 1282 4078; x_wconf 85' lang='lat' dir='ltr'><strong>ebrietas,</strong></span> <span class='ocrx_word' id='word_1_533' title='bbox 1329 4012 1554 4068; x_wconf 70' lang='lat' dir='ltr'><strong>luxuria:</strong></span> <span class='ocrx_word' id='word_1_534' title='bbox 1602 4013 1760 4069; x_wconf 91' lang='lat' dir='ltr'><strong>malis</strong></span> <span class='ocrx_word' id='word_1_535' title='bbox 1792 4016 2027 4083; x_wconf 89' lang='lat' dir='ltr'><strong>conscia,</strong></span> <span class='ocrx_word' id='word_1_536' title='bbox 2061 4033 2169 4073; x_wconf 93' lang='lat' dir='ltr'><strong>non</strong></span> 
     </span>
    </p>
   </div>
   <div class='ocr_carea' id='block_1_71' title="bbox 562 4101 2169 4179">
    <p class='ocr_par' dir='ltr' id='par_1_71' title="bbox 562 4101 2169 4179">
     <span class='ocr_line' id='line_1_71' title="bbox 562 4101 2169 4179; baseline 0.006 -24"><span class='ocrx_word' id='word_1_537' title='bbox 562 4116 755 4176; x_wconf 88' lang='lat' dir='ltr'><strong>parum</strong></span> <span class='ocrx_word' id='word_1_538' title='bbox 785 4101 1036 4158; x_wconf 89' lang='lat' dir='ltr'><strong>humanis</strong></span> <span class='ocrx_word' id='word_1_539' title='bbox 1065 4103 1384 4174; x_wconf 88' lang='lat' dir='ltr'><strong>corporibus</strong></span> <span class='ocrx_word' id='word_1_540' title='bbox 1413 4105 1595 4168; x_wconf 86' lang='lat' dir='ltr'><strong>oneris</strong></span> <span class='ocrx_word' id='word_1_541' title='bbox 1637 4105 1825 4162; x_wconf 91' lang='lat' dir='ltr'><strong>indicit</strong></span> <span class='ocrx_word' id='word_1_542' title='bbox 1851 4125 1863 4161; x_wconf 95' lang='lat'><strong>:</strong></span> <span class='ocrx_word' id='word_1_543' title='bbox 1895 4123 2015 4179; x_wconf 71' lang='lat' dir='ltr'><strong>qua:</strong></span> <span class='ocrx_word' id='word_1_544' title='bbox 2041 4109 2169 4166; x_wconf 91' lang='lat' dir='ltr'><strong>dum</strong></span> 
     </span>
    </p>
   </div>
   <div class='ocr_carea' id='block_1_72' title="bbox 565 4193 2174 4266">
    <p class='ocr_par' dir='ltr' id='par_1_72' title="bbox 565 4193 2174 4266">
     <span class='ocr_line' id='line_1_72' title="bbox 565 4193 2174 4266; baseline 0.01 -17"><span class='ocrx_word' id='word_1_545' title='bbox 565 4193 853 4266; x_wconf 83' lang='lat' dir='ltr'><strong>impudicis</strong></span> <span class='ocrx_word' id='word_1_546' title='bbox 869 4198 1080 4254; x_wconf 90' lang='lat' dir='ltr'><strong>actibus</strong></span> <span class='ocrx_word' id='word_1_547' title='bbox 1101 4200 1288 4266; x_wconf 88' lang='lat' dir='ltr'><strong>servit,</strong></span> <span class='ocrx_word' id='word_1_548' title='bbox 1313 4199 1580 4257; x_wconf 86' lang='lat' dir='ltr'><strong>infelicem</strong></span> <span class='ocrx_word' id='word_1_549' title='bbox 1603 4203 1878 4260; x_wconf 90' lang='lat' dir='ltr'><strong>hominem</strong></span> <span class='ocrx_word' id='word_1_550' title='bbox 1901 4222 1930 4262; x_wconf 88' lang='lat' dir='ltr'><strong>a</strong></span> <span class='ocrx_word' id='word_1_551' title='bbox 1954 4223 2174 4264; x_wconf 90' lang='lat' dir='ltr'><strong>consor-</strong></span> 
     </span>
    </p>
   </div>
   <div class='ocr_carea' id='block_1_73' title="bbox 562 4285 2168 4366">
    <p class='ocr_par' dir='ltr' id='par_1_73' title="bbox 562 4285 2168 4366">
     <span class='ocr_line' id='line_1_73' title="bbox 562 4285 2168 4366; baseline 0.009 -26"><span class='ocrx_word' id='word_1_552' title='bbox 562 4285 641 4342; x_wconf 87' lang='lat' dir='ltr'><strong>tio</strong></span> <span class='ocrx_word' id='word_1_553' title='bbox 662 4288 814 4356; x_wconf 89' lang='lat' dir='ltr'><strong>regni</strong></span> <span class='ocrx_word' id='word_1_554' title='bbox 854 4290 1090 4345; x_wconf 78' lang='lat' dir='ltr'><strong>caelestis</strong></span> <span class='ocrx_word' id='word_1_555' title='bbox 1121 4291 1367 4346; x_wconf 84' lang='lat' dir='ltr'><strong>exclusit.</strong></span> <span class='ocrx_word' id='word_1_556' title='bbox 1394 4290 1615 4350; x_wconf 88' lang='lat' dir='ltr'><strong>Obsidet</strong></span> <span class='ocrx_word' id='word_1_557' title='bbox 1642 4294 1806 4352; x_wconf 88' lang='lat' dir='ltr'><strong>etiam</strong></span> <span class='ocrx_word' id='word_1_558' title='bbox 1837 4299 2047 4366; x_wconf 89' lang='lat' dir='ltr'><strong>angusti</strong></span> <span class='ocrx_word' id='word_1_559' title='bbox 2080 4299 2168 4356; x_wconf 91' lang='lat' dir='ltr'><strong>iti-</strong></span> 
     </span>
    </p>
   </div>
   <div class='ocr_carea' id='block_1_74' title="bbox 564 4382 2167 4464">
    <p class='ocr_par' dir='ltr' id='par_1_74' title="bbox 564 4382 2167 4464">
     <span class='ocr_line' id='line_1_74' title="bbox 564 4382 2167 4464; baseline 0.01 -29"><span class='ocrx_word' id='word_1_560' title='bbox 564 4382 713 4436; x_wconf 87' lang='lat' dir='ltr'><strong>neris</strong></span> <span class='ocrx_word' id='word_1_561' title='bbox 750 4393 1017 4439; x_wconf 88' lang='lat' dir='ltr'><strong>secretum</strong></span> <span class='ocrx_word' id='word_1_562' title='bbox 1057 4385 1346 4442; x_wconf 88' lang='lat' dir='ltr'><strong>crudelitas</strong></span> <span class='ocrx_word' id='word_1_563' title='bbox 1385 4402 1506 4442; x_wconf 92' lang='lat' dir='ltr'><strong>cum</strong></span> <span class='ocrx_word' id='word_1_564' title='bbox 1539 4387 1818 4460; x_wconf 88' lang='lat' dir='ltr'><strong>impietate</strong></span> <span class='ocrx_word' id='word_1_565' title='bbox 1837 4391 2167 4464; x_wconf 86' lang='lat' dir='ltr'><strong>conjuncta:</strong></span> 
     </span>
    </p>
   </div>
   <div class='ocr_carea' id='block_1_75' title="bbox 561 4472 2172 4553">
    <p class='ocr_par' dir='ltr' id='par_1_75' title="bbox 561 4472 2172 4553">
     <span class='ocr_line' id='line_1_75' title="bbox 561 4472 2172 4553; baseline 0.013 -28"><span class='ocrx_word' id='word_1_566' title='bbox 561 4483 685 4542; x_wconf 75' lang='lat' dir='ltr'><strong>qua:</strong></span> <span class='ocrx_word' id='word_1_567' title='bbox 710 4483 732 4508; x_wconf 74' lang='grc' dir='ltr'>α</span> <span class='ocrx_word' id='word_1_568' title='bbox 757 4472 884 4528; x_wconf 92' lang='lat' dir='ltr'><strong>dum</strong></span> <span class='ocrx_word' id='word_1_569' title='bbox 907 4476 1145 4532; x_wconf 88' lang='lat' dir='ltr'><strong>cruentis</strong></span> <span class='ocrx_word' id='word_1_570' title='bbox 1171 4476 1379 4548; x_wconf 90' lang='lat' dir='ltr'><strong>legibus</strong></span> <span class='ocrx_word' id='word_1_571' title='bbox 1398 4481 1590 4538; x_wconf 91' lang='lat' dir='ltr'><strong>mortis</strong></span> <span class='ocrx_word' id='word_1_572' title='bbox 1609 4481 1636 4521; x_wconf 74' lang='grc' dir='ltr'>δ</span> <span class='ocrx_word' id='word_1_573' title='bbox 1660 4483 1911 4553; x_wconf 90' lang='lat' dir='ltr'><strong>instituit,</strong></span> <span class='ocrx_word' id='word_1_574' title='bbox 1936 4487 2172 4546; x_wconf 77' lang='lat' dir='ltr'><strong>caelestis</strong></span> 
     </span>
    </p>
   </div>
   <div class='ocr_carea' id='block_1_76' title="bbox 2271 3279 3787 3358">
    <p class='ocr_par' dir='ltr' id='par_1_76' title="bbox 2271 3279 3787 3358">
     <span class='ocr_line' id='line_1_76' title="bbox 2271 3279 3787 3358; baseline -0.002 -22"><span class='ocrx_word' id='word_1_575' title='bbox 2271 3287 2456 3356; x_wconf 89' lang='lat' dir='ltr'><strong>potest</strong></span> <span class='ocrx_word' id='word_1_576' title='bbox 2484 3279 2602 3337; x_wconf 82' lang='lat' dir='ltr'><strong>ﬂeri</strong></span> <span class='ocrx_word' id='word_1_577' title='bbox 2630 3289 2690 3338; x_wconf 89' lang='lat' dir='ltr'><strong>ut</strong></span> <span class='ocrx_word' id='word_1_578' title='bbox 2716 3297 2915 3358; x_wconf 86' lang='lat' dir='ltr'><strong>corpus</strong></span> <span class='ocrx_word' id='word_1_579' title='bbox 2942 3288 3223 3339; x_wconf 88' lang='lat' dir='ltr'><strong>assuescat</strong></span> <span class='ocrx_word' id='word_1_580' title='bbox 3261 3281 3454 3349; x_wconf 90' lang='lat' dir='ltr'><strong>labori,</strong></span> <span class='ocrx_word' id='word_1_581' title='bbox 3493 3280 3586 3337; x_wconf 82' lang='lat' dir='ltr'><strong>nisi</strong></span> <span class='ocrx_word' id='word_1_582' title='bbox 3607 3280 3787 3335; x_wconf 75' lang='lat' dir='ltr'><strong>voluntas</strong></span> 
     </span>
    </p>
   </div>
   <div class='ocr_carea' id='block_1_77' title="bbox 2273 3371 3790 3447">
    <p class='ocr_par' dir='ltr' id='par_1_77' title="bbox 2273 3371 3790 3447">
     <span class='ocr_line' id='line_1_77' title="bbox 2273 3371 3790 3447; baseline -0.001 -19"><span class='ocrx_word' id='word_1_583' title='bbox 2273 3372 2616 3446; x_wconf 88' lang='lat' dir='ltr'><strong>obtemperet</strong></span> <span class='ocrx_word' id='word_1_584' title='bbox 2654 3374 2961 3431; x_wconf 76' lang='lat' dir='ltr'><strong>laboranti?</strong></span> <span class='ocrx_word' id='word_1_585' title='bbox 2989 3373 3224 3447; x_wconf 81' lang='lat' dir='ltr'><strong>Respice</strong></span> <span class='ocrx_word' id='word_1_586' title='bbox 3263 3381 3320 3431; x_wconf 91' lang='lat' dir='ltr'><strong>et</strong></span> <span class='ocrx_word' id='word_1_587' title='bbox 3347 3373 3468 3431; x_wconf 86' lang='lat' dir='ltr'><strong>vide</strong></span> <span class='ocrx_word' id='word_1_588' title='bbox 3493 3389 3632 3446; x_wconf 80' lang='lat' dir='ltr'><strong>quam</strong></span> <span class='ocrx_word' id='word_1_589' title='bbox 3655 3371 3790 3430; x_wconf 83' lang='lat' dir='ltr'><strong>cith</strong></span> 
     </span>
    </p>
   </div>
   <div class='ocr_carea' id='block_1_78' title="bbox 2271 3464 3790 3538">
    <p class='ocr_par' dir='ltr' id='par_1_78' title="bbox 2271 3464 3790 3538">
     <span class='ocr_line' id='line_1_78' title="bbox 2271 3464 3790 3538; baseline 0.001 -21"><span class='ocrx_word' id='word_1_590' title='bbox 2271 3469 2474 3518; x_wconf 88' lang='lat' dir='ltr'><strong>terram</strong></span> <span class='ocrx_word' id='word_1_591' title='bbox 2511 3465 2724 3531; x_wconf 79' lang='lat' dir='ltr'><strong>resilit,</strong></span> <span class='ocrx_word' id='word_1_592' title='bbox 2768 3467 2861 3536; x_wconf 92' lang='lat' dir='ltr'><strong>qui</strong></span> <span class='ocrx_word' id='word_1_593' title='bbox 2909 3479 3108 3538; x_wconf 90' lang='lat' dir='ltr'><strong>equum</strong></span> <span class='ocrx_word' id='word_1_594' title='bbox 3157 3464 3406 3538; x_wconf 90' lang='lat' dir='ltr'><strong>trepidus</strong></span> <span class='ocrx_word' id='word_1_595' title='bbox 3451 3465 3702 3522; x_wconf 88' lang='lat' dir='ltr'><strong>ascendit:</strong></span> <span class='ocrx_word' id='word_1_596' title='bbox 3735 3464 3790 3519; x_wconf 81' lang='lat' dir='ltr'><strong>vel</strong></span> 
     </span>
    </p>
   </div>
   <div class='ocr_carea' id='block_1_79' title="bbox 2273 3559 3788 3636">
    <p class='ocr_par' dir='ltr' id='par_1_79' title="bbox 2273 3559 3788 3636">
     <span class='ocr_line' id='line_1_79' title="bbox 2273 3559 3788 3636; baseline -0.001 -23"><span class='ocrx_word' id='word_1_597' title='bbox 2273 3560 2491 3628; x_wconf 85' lang='lat' dir='ltr'><strong>quantis</strong></span> <span class='ocrx_word' id='word_1_598' title='bbox 2520 3559 2730 3618; x_wconf 88' lang='lat' dir='ltr'><strong>laboret</strong></span> <span class='ocrx_word' id='word_1_599' title='bbox 2758 3560 3041 3636; x_wconf 82' lang='lat' dir='ltr'><strong>angustiis,</strong></span> <span class='ocrx_word' id='word_1_600' title='bbox 3064 3561 3158 3634; x_wconf 86' lang='lat' dir='ltr'><strong>qui</strong></span> <span class='ocrx_word' id='word_1_601' title='bbox 3177 3560 3385 3618; x_wconf 89' lang='lat' dir='ltr'><strong>invitus</strong></span> <span class='ocrx_word' id='word_1_602' title='bbox 3413 3559 3573 3617; x_wconf 87' lang='lat' dir='ltr'><strong>altum</strong></span> <span class='ocrx_word' id='word_1_603' title='bbox 3589 3572 3706 3615; x_wconf 81' lang='lat' dir='ltr'><strong>mare</strong></span> <span class='ocrx_word' id='word_1_604' title='bbox 3725 3573 3788 3612; x_wconf 80' lang='lat' dir='ltr'><strong>ni-</strong></span> 
     </span>
    </p>
   </div>
   <div class='ocr_carea' id='block_1_80' title="bbox 2272 3651 2895 3724">
    <p class='ocr_par' dir='ltr' id='par_1_80' title="bbox 2272 3651 2895 3724">
     <span class='ocr_line' id='line_1_80' title="bbox 2272 3651 2895 3724; baseline -0.005 -14"><span class='ocrx_word' id='word_1_605' title='bbox 2272 3651 2549 3724; x_wconf 87' lang='lat' dir='ltr'><strong>vigaturus</strong></span> <span class='ocrx_word' id='word_1_606' title='bbox 2579 3651 2895 3724; x_wconf 85' lang='lat' dir='ltr'><strong>ingreditur.</strong></span> 
     </span>
    </p>
   </div>
   <div class='ocr_carea' id='block_1_81' title="bbox 2343 3735 3789 3813">
    <p class='ocr_par' dir='ltr' id='par_1_81' title="bbox 2343 3735 3789 3813">
     <span class='ocr_line' id='line_1_81' title="bbox 2343 3735 3789 3813; baseline -0.004 -17"><span class='ocrx_word' id='word_1_607' title='bbox 2343 3741 2396 3796; x_wconf 73' lang='lat'><strong>2.</strong></span> <span class='ocrx_word' id='word_1_608' title='bbox 2442 3742 2653 3813; x_wconf 81' lang='lat' dir='ltr'><strong>Religio</strong></span> <span class='ocrx_word' id='word_1_609' title='bbox 2694 3739 2990 3798; x_wconf 86' lang='lat' dir='ltr'><strong>Christiani</strong></span> <span class='ocrx_word' id='word_1_610' title='bbox 3035 3739 3275 3797; x_wconf 85' lang='lat' dir='ltr'><strong>nominis</strong></span> <span class='ocrx_word' id='word_1_611' title='bbox 3323 3739 3381 3797; x_wconf 88' lang='lat' dir='ltr'><strong>in</strong></span> <span class='ocrx_word' id='word_1_612' title='bbox 3425 3752 3527 3812; x_wconf 78' lang='lat' dir='ltr'><strong>qua</strong></span> <span class='ocrx_word' id='word_1_613' title='bbox 3561 3735 3706 3794; x_wconf 83' lang='lat' dir='ltr'><strong>vocati</strong></span> <span class='ocrx_word' id='word_1_614' title='bbox 3729 3749 3789 3790; x_wconf 85' lang='lat' dir='ltr'><strong>su-</strong></span> 
     </span>
    </p>
   </div>
   <div class='ocr_carea' id='block_1_82' title="bbox 2273 3828 3789 3907">
    <p class='ocr_par' dir='ltr' id='par_1_82' title="bbox 2273 3828 3789 3907">
     <span class='ocr_line' id='line_1_82' title="bbox 2273 3828 3789 3907; baseline -0.009 -12"><span class='ocrx_word' id='word_1_615' title='bbox 2273 3853 2424 3904; x_wconf 89' lang='lat' dir='ltr'><strong>mus,</strong></span> <span class='ocrx_word' id='word_1_616' title='bbox 2477 3837 2633 3893; x_wconf 90' lang='lat' dir='ltr'><strong>liberi</strong></span> <span class='ocrx_word' id='word_1_617' title='bbox 2682 3836 2889 3892; x_wconf 88' lang='lat' dir='ltr'><strong>arbitrii</strong></span> <span class='ocrx_word' id='word_1_618' title='bbox 2937 3835 3179 3907; x_wconf 90' lang='lat' dir='ltr'><strong>suscepit</strong></span> <span class='ocrx_word' id='word_1_619' title='bbox 3225 3833 3490 3898; x_wconf 88' lang='lat' dir='ltr'><strong>officium,</strong></span> <span class='ocrx_word' id='word_1_620' title='bbox 3531 3831 3593 3888; x_wconf 90' lang='lat' dir='ltr'><strong>ad</strong></span> <span class='ocrx_word' id='word_1_621' title='bbox 3614 3844 3736 3902; x_wconf 86' lang='lat' dir='ltr'><strong>quam</strong></span> <span class='ocrx_word' id='word_1_622' title='bbox 3761 3828 3789 3882; x_wconf 87' lang='lat' dir='ltr'><strong>si</strong></span> 
     </span>
    </p>
   </div>
   <div class='ocr_carea' id='block_1_83' title="bbox 2271 3923 3790 4000">
    <p class='ocr_par' dir='ltr' id='par_1_83' title="bbox 2271 3923 3790 4000">
     <span class='ocr_line' id='line_1_83' title="bbox 2271 3923 3790 4000; baseline -0.007 -15"><span class='ocrx_word' id='word_1_623' title='bbox 2271 3929 2395 4000; x_wconf 90' lang='lat' dir='ltr'><strong>quis</strong></span> <span class='ocrx_word' id='word_1_624' title='bbox 2423 3929 2622 3985; x_wconf 90' lang='lat' dir='ltr'><strong>invitus</strong></span> <span class='ocrx_word' id='word_1_625' title='bbox 2646 3929 2889 3996; x_wconf 84' lang='lat' dir='ltr'><strong>venerit,</strong></span> <span class='ocrx_word' id='word_1_626' title='bbox 2921 3928 3076 3985; x_wconf 88' lang='lat' dir='ltr'><strong>oneri</strong></span> <span class='ocrx_word' id='word_1_627' title='bbox 3115 3943 3258 3984; x_wconf 92' lang='lat' dir='ltr'><strong>onus</strong></span> <span class='ocrx_word' id='word_1_628' title='bbox 3287 3925 3461 3993; x_wconf 89' lang='lat' dir='ltr'><strong>addit,</strong></span> <span class='ocrx_word' id='word_1_629' title='bbox 3492 3931 3542 3982; x_wconf 92' lang='lat' dir='ltr'><strong>et</strong></span> <span class='ocrx_word' id='word_1_630' title='bbox 3567 3923 3709 3982; x_wconf 81' lang='lat' dir='ltr'><strong>exulis</strong></span> <span class='ocrx_word' id='word_1_631' title='bbox 3727 3935 3790 3975; x_wconf 89' lang='lat' dir='ltr'><strong>sn-</strong></span> 
     </span>
    </p>
   </div>
   <div class='ocr_carea' id='block_1_84' title="bbox 2273 4015 3787 4100">
    <p class='ocr_par' dir='ltr' id='par_1_84' title="bbox 2273 4015 3787 4100">
     <span class='ocr_line' id='line_1_84' title="bbox 2273 4015 3787 4100; baseline -0.005 -24"><span class='ocrx_word' id='word_1_632' title='bbox 2273 4021 2422 4096; x_wconf 89' lang='lat' dir='ltr'><strong>tiqua</strong></span> <span class='ocrx_word' id='word_1_633' title='bbox 2452 4021 2571 4094; x_wconf 85' lang='lat' dir='ltr'><strong>lege</strong></span> <span class='ocrx_word' id='word_1_634' title='bbox 2599 4021 2938 4092; x_wconf 89' lang='lat' dir='ltr'><strong>corporibus,</strong></span> <span class='ocrx_word' id='word_1_635' title='bbox 2970 4020 3275 4100; x_wconf 73' lang='lat' dir='ltr'><strong>desperatae</strong></span> <span class='ocrx_word' id='word_1_636' title='bbox 3304 4019 3426 4075; x_wconf 66' lang='lat' dir='ltr'><strong>vitxe</strong></span> <span class='ocrx_word' id='word_1_637' title='bbox 3453 4015 3637 4090; x_wconf 89' lang='lat' dir='ltr'><strong>pondus</strong></span> <span class='ocrx_word' id='word_1_638' title='bbox 3666 4015 3787 4084; x_wconf 85' lang='lat' dir='ltr'><strong>impo-</strong></span> 
     </span>
    </p>
   </div>
   <div class='ocr_carea' id='block_1_85' title="bbox 2272 4104 3787 4182">
    <p class='ocr_par' dir='ltr' id='par_1_85' title="bbox 2272 4104 3787 4182">
     <span class='ocr_line' id='line_1_85' title="bbox 2272 4104 3787 4182; baseline -0.008 -14"><span class='ocrx_word' id='word_1_639' title='bbox 2272 4112 2371 4168; x_wconf 91' lang='lat' dir='ltr'><strong>nit.</strong></span> <span class='ocrx_word' id='word_1_640' title='bbox 2412 4111 2540 4168; x_wconf 90' lang='lat' dir='ltr'><strong>lnde</strong></span> <span class='ocrx_word' id='word_1_641' title='bbox 2574 4118 2659 4168; x_wconf 91' lang='lat' dir='ltr'><strong>est</strong></span> <span class='ocrx_word' id='word_1_642' title='bbox 2683 4109 2830 4181; x_wconf 91' lang='lat' dir='ltr'><strong>quod</strong></span> <span class='ocrx_word' id='word_1_643' title='bbox 2859 4110 3057 4167; x_wconf 91' lang='lat' dir='ltr'><strong>multos</strong></span> <span class='ocrx_word' id='word_1_644' title='bbox 3085 4120 3246 4182; x_wconf 89' lang='lat' dir='ltr'><strong>porta</strong></span> <span class='ocrx_word' id='word_1_645' title='bbox 3274 4110 3465 4166; x_wconf 87' lang='lat' dir='ltr'><strong>mortis</strong></span> <span class='ocrx_word' id='word_1_646' title='bbox 3488 4108 3680 4178; x_wconf 90' lang='lat' dir='ltr'><strong>recipit,</strong></span> <span class='ocrx_word' id='word_1_647' title='bbox 3703 4104 3787 4172; x_wconf 83' lang='lat' dir='ltr'><strong>quia</strong></span> 
     </span>
    </p>
   </div>
   <div class='ocr_carea' id='block_1_86' title="bbox 2270 4197 3790 4280">
    <p class='ocr_par' dir='ltr' id='par_1_86' title="bbox 2270 4197 3790 4280">
     <span class='ocr_line' id='line_1_86' title="bbox 2270 4197 3790 4280; baseline -0.005 -21"><span class='ocrx_word' id='word_1_648' title='bbox 2270 4203 2528 4280; x_wconf 87' lang='lat' dir='ltr'><strong>perituris</strong></span> <span class='ocrx_word' id='word_1_649' title='bbox 2573 4219 2787 4274; x_wconf 90' lang='lat' dir='ltr'><strong>semper</strong></span> <span class='ocrx_word' id='word_1_650' title='bbox 2829 4203 2953 4259; x_wconf 76' lang='lat' dir='ltr'><strong>vita:</strong></span> <span class='ocrx_word' id='word_1_651' title='bbox 2993 4200 3283 4259; x_wconf 84' lang='lat' dir='ltr'><strong>difﬁcultas</strong></span> <span class='ocrx_word' id='word_1_652' title='bbox 3321 4201 3566 4259; x_wconf 83' lang='lat' dir='ltr'><strong>occurrit.</strong></span> <span class='ocrx_word' id='word_1_653' title='bbox 3603 4197 3790 4254; x_wconf 79' lang='lat' dir='ltr'><strong>Necessa-</strong></span> 
     </span>
    </p>
   </div>
   <div class='ocr_carea' id='block_1_87' title="bbox 2270 4285 3790 4370">
    <p class='ocr_par' dir='ltr' id='par_1_87' title="bbox 2270 4285 3790 4370">
     <span class='ocr_line' id='line_1_87' title="bbox 2270 4285 3790 4370; baseline -0.009 -18"><span class='ocrx_word' id='word_1_654' title='bbox 2270 4297 2410 4352; x_wconf 91' lang='lat' dir='ltr'><strong>rium</strong></span> <span class='ocrx_word' id='word_1_655' title='bbox 2458 4296 2641 4370; x_wconf 83' lang='lat' dir='ltr'><strong>itaque</strong></span> <span class='ocrx_word' id='word_1_656' title='bbox 2686 4303 2745 4351; x_wconf 94' lang='lat' dir='ltr'><strong>ut</strong></span> <span class='ocrx_word' id='word_1_657' title='bbox 2791 4295 2882 4366; x_wconf 92' lang='lat' dir='ltr'><strong>qui</strong></span> <span class='ocrx_word' id='word_1_658' title='bbox 2931 4295 3000 4351; x_wconf 89' lang='lat' dir='ltr'><strong>ad</strong></span> <span class='ocrx_word' id='word_1_659' title='bbox 3047 4295 3318 4352; x_wconf 88' lang='lat' dir='ltr'><strong>libertatis</strong></span> <span class='ocrx_word' id='word_1_660' title='bbox 3362 4295 3499 4350; x_wconf 85' lang='lat' dir='ltr'><strong>viam</strong></span> <span class='ocrx_word' id='word_1_661' title='bbox 3531 4285 3790 4364; x_wconf 67' lang='lat' dir='ltr'><strong>pervenitsi</strong></span> 
     </span>
    </p>
   </div>
   <div class='ocr_carea' id='block_1_88' title="bbox 2271 4377 3790 4458">
    <p class='ocr_par' dir='ltr' id='par_1_88' title="bbox 2271 4377 3790 4458">
     <span class='ocr_line' id='line_1_88' title="bbox 2271 4377 3790 4458; baseline -0.007 -16"><span class='ocrx_word' id='word_1_662' title='bbox 2271 4387 2399 4458; x_wconf 92' lang='lat' dir='ltr'><strong>quid</strong></span> <span class='ocrx_word' id='word_1_663' title='bbox 2429 4387 2481 4442; x_wconf 87' lang='lat' dir='ltr'><strong>in</strong></span> <span class='ocrx_word' id='word_1_664' title='bbox 2511 4403 2570 4443; x_wconf 93' lang='lat' dir='ltr'><strong>se</strong></span> <span class='ocrx_word' id='word_1_665' title='bbox 2598 4395 2681 4442; x_wconf 90' lang='lat' dir='ltr'><strong>est</strong></span> <span class='ocrx_word' id='word_1_666' title='bbox 2710 4386 3070 4453; x_wconf 86' lang='lat' dir='ltr'><strong>infidelitatis,</strong></span> <span class='ocrx_word' id='word_1_667' title='bbox 3115 4395 3360 4451; x_wconf 88' lang='lat' dir='ltr'><strong>resecet,</strong></span> <span class='ocrx_word' id='word_1_668' title='bbox 3391 4393 3447 4442; x_wconf 90' lang='lat' dir='ltr'><strong>et</strong></span> <span class='ocrx_word' id='word_1_669' title='bbox 3471 4383 3666 4441; x_wconf 65' lang='lat' dir='ltr'><strong>caeleste</strong></span> <span class='ocrx_word' id='word_1_670' title='bbox 3686 4377 3790 4434; x_wconf 78' lang='lat' dir='ltr'><strong>testi-</strong></span> 
     </span>
    </p>
   </div>
   <div class='ocr_carea' id='block_1_89' title="bbox 2272 4473 3788 4536">
    <p class='ocr_par' dir='ltr' id='par_1_89' title="bbox 2272 4473 3788 4536">
     <span class='ocr_line' id='line_1_89' title="bbox 2272 4473 3788 4536; baseline -0.009 -1"><span class='ocrx_word' id='word_1_671' title='bbox 2272 4480 2513 4536; x_wconf 92' lang='lat' dir='ltr'><strong>monium</strong></span> <span class='ocrx_word' id='word_1_672' title='bbox 2561 4480 2740 4535; x_wconf 89' lang='lat' dir='ltr'><strong>studio</strong></span> <span class='ocrx_word' id='word_1_673' title='bbox 2780 4479 3103 4535; x_wconf 64' lang='lat' dir='ltr'><strong>voluntarize</strong></span> <span class='ocrx_word' id='word_1_674' title='bbox 3131 4479 3408 4535; x_wconf 85' lang='lat' dir='ltr'><strong>servitutis</strong></span> <span class='ocrx_word' id='word_1_675' title='bbox 3437 4473 3723 4533; x_wconf 83' lang='lat' dir='ltr'><strong>accumulet:</strong></span> <span class='ocrx_word' id='word_1_676' title='bbox 3745 4483 3788 4522; x_wconf 87' lang='lat' dir='ltr'><strong>ne</strong></span> 
     </span>
    </p>
   </div>
   <div class='ocr_carea' id='block_1_90' title="bbox 561 4559 3788 4651">
    <p class='ocr_par' dir='ltr' id='par_1_90' title="bbox 561 4559 3788 4651">
     <span class='ocr_line' id='line_1_90' title="bbox 561 4559 3788 4651; baseline 0.002 -35"><span class='ocrx_word' id='word_1_677' title='bbox 561 4561 750 4634; x_wconf 74' lang='lat' dir='ltr'><strong>glorize</strong></span> <span class='ocrx_word' id='word_1_678' title='bbox 776 4564 967 4620; x_wconf 88' lang='lat' dir='ltr'><strong>clausit</strong></span> <span class='ocrx_word' id='word_1_679' title='bbox 993 4567 1158 4632; x_wconf 90' lang='lat' dir='ltr'><strong>viam,</strong></span> <span class='ocrx_word' id='word_1_680' title='bbox 1183 4569 1256 4624; x_wconf 89' lang='lat' dir='ltr'><strong>ita</strong></span> <span class='ocrx_word' id='word_1_681' title='bbox 1287 4569 1550 4642; x_wconf 85' lang='lat' dir='ltr'><strong>Apostolo</strong></span> <span class='ocrx_word' id='word_1_682' title='bbox 1577 4572 1791 4630; x_wconf 87' lang='lat' dir='ltr'><strong>dicente</strong></span> <span class='ocrx_word' id='word_1_683' title='bbox 1816 4593 1831 4630; x_wconf 95' lang='lat'><strong>:</strong></span> <span class='ocrx_word' id='word_1_684' title='bbox 1864 4574 1990 4631; x_wconf 85' lang='lat' dir='ltr'><strong>Non</strong></span> <span class='ocrx_word' id='word_1_685' title='bbox 2007 4581 2166 4651; x_wconf 81' lang='lat' dir='ltr'><strong>fures,</strong></span> <span class='ocrx_word' id='word_1_686' title='bbox 2197 4573 2252 4635; x_wconf 89' lang='lat' dir='ltr'><strong><em>D</em></strong></span> <span class='ocrx_word' id='word_1_687' title='bbox 2276 4574 2442 4631; x_wconf 91' lang='lat' dir='ltr'><strong>homo</strong></span> <span class='ocrx_word' id='word_1_688' title='bbox 2472 4575 2634 4632; x_wconf 90' lang='lat' dir='ltr'><strong>tantis</strong></span> <span class='ocrx_word' id='word_1_689' title='bbox 2664 4573 2776 4632; x_wconf 90' lang='lat' dir='ltr'><strong>Deo</strong></span> <span class='ocrx_word' id='word_1_690' title='bbox 2815 4572 3096 4629; x_wconf 89' lang='lat' dir='ltr'><strong>beneficiis</strong></span> <span class='ocrx_word' id='word_1_691' title='bbox 3135 4571 3436 4640; x_wconf 84' lang='lat' dir='ltr'><strong>obnoxius,</strong></span> <span class='ocrx_word' id='word_1_692' title='bbox 3467 4570 3518 4626; x_wconf 89' lang='lat' dir='ltr'><strong>in</strong></span> <span class='ocrx_word' id='word_1_693' title='bbox 3545 4567 3694 4641; x_wconf 85' lang='lat' dir='ltr'><strong>parvis</strong></span> <span class='ocrx_word' id='word_1_694' title='bbox 3709 4559 3788 4618; x_wconf 75' lang='lat' dir='ltr'><strong>ofﬁ-</strong></span> 
     </span>
    </p>
   </div>
   <div class='ocr_carea' id='block_1_91' title="bbox 561 4658 2162 4740">
    <p class='ocr_par' dir='ltr' id='par_1_91' title="bbox 561 4658 2162 4740">
     <span class='ocr_line' id='line_1_91' title="bbox 561 4658 2162 4740; baseline 0.011 -32"><span class='ocrx_word' id='word_1_695' title='bbox 561 4669 670 4709; x_wconf 83' lang='lat' dir='ltr'><strong>non</strong></span> <span class='ocrx_word' id='word_1_696' title='bbox 692 4658 854 4722; x_wconf 81' lang='lat' dir='ltr'><strong>avari,</strong></span> <span class='ocrx_word' id='word_1_697' title='bbox 893 4674 1000 4712; x_wconf 83' lang='lat' dir='ltr'><strong>non</strong></span> <span class='ocrx_word' id='word_1_698' title='bbox 1032 4660 1238 4727; x_wconf 75' lang='lat' dir='ltr'><strong>ebriosi,</strong></span> <span class='ocrx_word' id='word_1_699' title='bbox 1270 4677 1376 4716; x_wconf 85' lang='lat' dir='ltr'><strong>non</strong></span> <span class='ocrx_word' id='word_1_700' title='bbox 1404 4662 1645 4718; x_wconf 77' lang='lat' dir='ltr'><strong>maledici</strong></span> <span class='ocrx_word' id='word_1_701' title='bbox 1662 4703 1676 4728; x_wconf 87' lang='lat'><strong>,</strong></span> <span class='ocrx_word' id='word_1_702' title='bbox 1705 4682 1810 4721; x_wconf 85' lang='lat' dir='ltr'><strong>non</strong></span> <span class='ocrx_word' id='word_1_703' title='bbox 1839 4685 2054 4740; x_wconf 82' lang='lat' dir='ltr'><strong>rapaces</strong></span> <span class='ocrx_word' id='word_1_704' title='bbox 2076 4687 2162 4725; x_wconf 81' lang='lat' dir='ltr'><strong>re-</strong></span> 
     </span>
    </p>
   </div>
   <div class='ocr_carea' id='block_1_92' title="bbox 560 4746 2162 4834">
    <p class='ocr_par' dir='ltr' id='par_1_92' title="bbox 560 4746 2162 4834">
     <span class='ocr_line' id='line_1_92' title="bbox 560 4746 2162 4834; baseline 0.011 -35"><span class='ocrx_word' id='word_1_705' title='bbox 560 4761 716 4819; x_wconf 83' lang='lat' dir='ltr'><strong>gnum</strong></span> <span class='ocrx_word' id='word_1_706' title='bbox 757 4746 854 4802; x_wconf 86' lang='lat' dir='ltr'><strong>Dei</strong></span> <span class='ocrx_word' id='word_1_707' title='bbox 891 4749 1222 4829; x_wconf 80' lang='lat' dir='ltr'><strong>possidebunt</strong></span> <span class='ocrx_word' id='word_1_708' title='bbox 1253 4751 1294 4824; x_wconf 97' lang='lat' dir='ltr'><strong>(l</strong></span> <span class='ocrx_word' id='word_1_709' title='bbox 1335 4750 1454 4808; x_wconf 89' lang='lat' dir='ltr'><strong>Cor.</strong></span> <span class='ocrx_word' id='word_1_710' title='bbox 1498 4771 1582 4822; x_wconf 76' lang='lat' dir='ltr'><strong>vr,</strong></span> <span class='ocrx_word' id='word_1_711' title='bbox 1616 4754 1726 4825; x_wconf 83' lang='lat' dir='ltr'><strong>iO).</strong></span> <span class='ocrx_word' id='word_1_712' title='bbox 1759 4753 1842 4812; x_wconf 86' lang='lat' dir='ltr'><strong>Ad</strong></span> <span class='ocrx_word' id='word_1_713' title='bbox 1869 4757 1985 4814; x_wconf 72' lang='lat' dir='ltr'><strong>hinc</strong></span> <span class='ocrx_word' id='word_1_714' title='bbox 2032 4773 2162 4834; x_wconf 82' lang='lat' dir='ltr'><strong>ergo</strong></span> 
     </span>
    </p>
   </div>
   <div class='ocr_carea' id='block_1_93' title="bbox 560 4839 2156 4920">
    <p class='ocr_par' dir='ltr' id='par_1_93' title="bbox 560 4839 2156 4920">
     <span class='ocr_line' id='line_1_93' title="bbox 560 4839 2156 4920; baseline 0.009 -28"><span class='ocrx_word' id='word_1_715' title='bbox 560 4852 684 4910; x_wconf 68' lang='lat' dir='ltr'><strong>quae</strong></span> <span class='ocrx_word' id='word_1_716' title='bbox 706 4839 956 4907; x_wconf 88' lang='lat' dir='ltr'><strong>diximus,</strong></span> <span class='ocrx_word' id='word_1_717' title='bbox 987 4843 1332 4913; x_wconf 88' lang='lat' dir='ltr'><strong>pugnandum</strong></span> <span class='ocrx_word' id='word_1_718' title='bbox 1351 4845 1507 4900; x_wconf 89' lang='lat' dir='ltr'><strong>nobis</strong></span> <span class='ocrx_word' id='word_1_719' title='bbox 1535 4855 1617 4901; x_wconf 89' lang='lat' dir='ltr'><strong>est</strong></span> <span class='ocrx_word' id='word_1_720' title='bbox 1640 4847 1820 4903; x_wconf 91' lang='lat' dir='ltr'><strong>studio</strong></span> <span class='ocrx_word' id='word_1_721' title='bbox 1843 4848 2156 4920; x_wconf 67' lang='lat' dir='ltr'><strong>disciplinae,</strong></span> 
     </span>
    </p>
   </div>
   <div class='ocr_carea' id='block_1_94' title="bbox 559 4933 2160 5013">
    <p class='ocr_par' dir='ltr' id='par_1_94' title="bbox 559 4933 2160 5013">
     <span class='ocr_line' id='line_1_94' title="bbox 559 4933 2160 5013; baseline 0.007 -25"><span class='ocrx_word' id='word_1_722' title='bbox 559 4940 618 4988; x_wconf 80' lang='lat' dir='ltr'><strong>ut</strong></span> <span class='ocrx_word' id='word_1_723' title='bbox 645 4935 1020 5002; x_wconf 86' lang='lat' dir='ltr'><strong>perveniamus</strong></span> <span class='ocrx_word' id='word_1_724' title='bbox 1058 4935 1126 4992; x_wconf 91' lang='lat' dir='ltr'><strong>ad</strong></span> <span class='ocrx_word' id='word_1_725' title='bbox 1154 4937 1332 4993; x_wconf 91' lang='lat' dir='ltr'><strong>locum</strong></span> <span class='ocrx_word' id='word_1_726' title='bbox 1361 4938 1505 4994; x_wconf 72' lang='lat' dir='ltr'><strong>vitte.</strong></span> <span class='ocrx_word' id='word_1_727' title='bbox 1531 4933 1846 4997; x_wconf 86' lang='lat' dir='ltr'><strong>Adhibenda</strong></span> <span class='ocrx_word' id='word_1_728' title='bbox 1874 4944 2047 5013; x_wconf 86' lang='lat' dir='ltr'><strong>magis</strong></span> <span class='ocrx_word' id='word_1_729' title='bbox 2076 4954 2160 5000; x_wconf 90' lang='lat' dir='ltr'><strong>est</strong></span> 
     </span>
    </p>
   </div>
   <div class='ocr_carea' id='block_1_95' title="bbox 556 5023 2158 5110">
    <p class='ocr_par' dir='ltr' id='par_1_95' title="bbox 556 5023 2158 5110">
     <span class='ocr_line' id='line_1_95' title="bbox 556 5023 2158 5110; baseline 0.01 -30"><span class='ocrx_word' id='word_1_730' title='bbox 556 5023 738 5083; x_wconf 87' lang='lat' dir='ltr'><strong>itineri</strong></span> <span class='ocrx_word' id='word_1_731' title='bbox 760 5037 946 5086; x_wconf 89' lang='lat' dir='ltr'><strong>nostro</strong></span> <span class='ocrx_word' id='word_1_732' title='bbox 974 5031 1168 5103; x_wconf 89' lang='lat' dir='ltr'><strong>pietas,</strong></span> <span class='ocrx_word' id='word_1_733' title='bbox 1195 5033 1585 5104; x_wconf 87' lang='lat' dir='ltr'><strong>misericordia,</strong></span> <span class='ocrx_word' id='word_1_734' title='bbox 1613 5037 1910 5108; x_wconf 89' lang='lat' dir='ltr'><strong>humilitas,</strong></span> <span class='ocrx_word' id='word_1_735' title='bbox 1936 5038 2158 5110; x_wconf 87' lang='lat' dir='ltr'><strong>integri-</strong></span> 
     </span>
    </p>
   </div>
   <div class='ocr_carea' id='block_1_96' title="bbox 556 5120 2156 5196">
    <p class='ocr_par' dir='ltr' id='par_1_96' title="bbox 556 5120 2156 5196">
     <span class='ocr_line' id='line_1_96' title="bbox 556 5120 2156 5196; baseline 0.011 -25"><span class='ocrx_word' id='word_1_736' title='bbox 556 5124 658 5182; x_wconf 89' lang='lat' dir='ltr'><strong>tas,</strong></span> <span class='ocrx_word' id='word_1_737' title='bbox 683 5120 921 5189; x_wconf 89' lang='lat' dir='ltr'><strong>castitas,</strong></span> <span class='ocrx_word' id='word_1_738' title='bbox 963 5122 1249 5191; x_wconf 89' lang='lat' dir='ltr'><strong>sobrietas,</strong></span> <span class='ocrx_word' id='word_1_739' title='bbox 1282 5141 1407 5196; x_wconf 85' lang='lat' dir='ltr'><strong>pax,</strong></span> <span class='ocrx_word' id='word_1_740' title='bbox 1439 5125 1603 5194; x_wconf 90' lang='lat' dir='ltr'><strong>fides,</strong></span> <span class='ocrx_word' id='word_1_741' title='bbox 1635 5130 1891 5185; x_wconf 89' lang='lat' dir='ltr'><strong>charitas.</strong></span> <span class='ocrx_word' id='word_1_742' title='bbox 1917 5130 2034 5186; x_wconf 88' lang='lat' dir='ltr'><strong>Non</strong></span> <span class='ocrx_word' id='word_1_743' title='bbox 2057 5148 2156 5188; x_wconf 90' lang='lat' dir='ltr'><strong>au-</strong></span> 
     </span>
    </p>
   </div>
   <div class='ocr_carea' id='block_1_97' title="bbox 557 5209 2152 5293">
    <p class='ocr_par' dir='ltr' id='par_1_97' title="bbox 557 5209 2152 5293">
     <span class='ocr_line' id='line_1_97' title="bbox 557 5209 2152 5293; baseline 0.013 -33"><span class='ocrx_word' id='word_1_744' title='bbox 557 5212 665 5262; x_wconf 88' lang='lat' dir='ltr'><strong>tem</strong></span> <span class='ocrx_word' id='word_1_745' title='bbox 689 5209 835 5278; x_wconf 90' lang='lat' dir='ltr'><strong>prius</strong></span> <span class='ocrx_word' id='word_1_746' title='bbox 874 5211 940 5266; x_wconf 84' lang='lat' dir='ltr'><strong>ad</strong></span> <span class='ocrx_word' id='word_1_747' title='bbox 969 5213 1146 5270; x_wconf 93' lang='lat' dir='ltr'><strong>locum</strong></span> <span class='ocrx_word' id='word_1_748' title='bbox 1172 5217 1450 5286; x_wconf 56' lang='lat' dir='ltr'><strong>promissas</strong></span> <span class='ocrx_word' id='word_1_749' title='bbox 1488 5219 1820 5276; x_wconf 75' lang='lat' dir='ltr'><strong>hiereditatis</strong></span> <span class='ocrx_word' id='word_1_750' title='bbox 1848 5225 2152 5293; x_wconf 86' lang='lat' dir='ltr'><strong>pervenies,</strong></span> 
     </span>
    </p>
   </div>
   <div class='ocr_carea' id='block_1_98' title="bbox 556 5298 2154 5388">
    <p class='ocr_par' dir='ltr' id='par_1_98' title="bbox 556 5298 2154 5388">
     <span class='ocr_line' id='line_1_98' title="bbox 556 5298 2154 5388; baseline 0.013 -36"><span class='ocrx_word' id='word_1_751' title='bbox 556 5298 658 5353; x_wconf 89' lang='lat' dir='ltr'><strong>nisi</strong></span> <span class='ocrx_word' id='word_1_752' title='bbox 679 5301 777 5357; x_wconf 93' lang='lat' dir='ltr'><strong>sub</strong></span> <span class='ocrx_word' id='word_1_753' title='bbox 803 5303 908 5360; x_wconf 94' lang='lat' dir='ltr'><strong>hoc</strong></span> <span class='ocrx_word' id='word_1_754' title='bbox 939 5303 1063 5362; x_wconf 64' lang='lat' dir='ltr'><strong>vitm</strong></span> <span class='ocrx_word' id='word_1_755' title='bbox 1097 5307 1277 5364; x_wconf 90' lang='lat' dir='ltr'><strong>studio</strong></span> <span class='ocrx_word' id='word_1_756' title='bbox 1317 5317 1574 5368; x_wconf 88' lang='lat' dir='ltr'><strong>onustum</strong></span> <span class='ocrx_word' id='word_1_757' title='bbox 1603 5313 1750 5387; x_wconf 88' lang='lat' dir='ltr'><strong>prius</strong></span> <span class='ocrx_word' id='word_1_758' title='bbox 1781 5313 1923 5370; x_wconf 89' lang='lat' dir='ltr'><strong>vitiis</strong></span> <span class='ocrx_word' id='word_1_759' title='bbox 1954 5331 2154 5388; x_wconf 88' lang='lat' dir='ltr'><strong>corpus</strong></span> 
     </span>
    </p>
   </div>
   <div class='ocr_carea' id='block_1_99' title="bbox 553 5392 787 5450">
    <p class='ocr_par' dir='ltr' id='par_1_99' title="bbox 553 5392 787 5450">
     <span class='ocr_line' id='line_1_99' title="bbox 553 5392 787 5450; baseline 0.009 -5"><span class='ocrx_word' id='word_1_760' title='bbox 553 5392 787 5450; x_wconf 85' lang='lat' dir='ltr'><strong>exueris.</strong></span> 
     </span>
    </p>
   </div>
   <div class='ocr_carea' id='block_1_100' title="bbox 569 5663 2148 5741">
    <p class='ocr_par' dir='ltr' id='par_1_100' title="bbox 569 5663 2148 5741">
     <span class='ocr_line' id='line_1_100' title="bbox 569 5663 2148 5741; baseline 0.005 -19"><span class='ocrx_word' id='word_1_761' title='bbox 569 5735 574 5739; x_wconf 89' lang='lat'>_</span> <span class='ocrx_word' id='word_1_762' title='bbox 627 5674 655 5706; x_wconf 80' lang='grc' dir='ltr'>ι</span> <span class='ocrx_word' id='word_1_763' title='bbox 693 5663 966 5741; x_wconf 68' lang='grc' dir='ltr'><strong>ᾼῑὶθηῑίιιε</strong></span> <span class='ocrx_word' id='word_1_764' title='bbox 1002 5667 1208 5740; x_wconf 91' lang='lat' dir='ltr'><strong>inspice</strong></span> <span class='ocrx_word' id='word_1_765' title='bbox 1229 5683 1354 5741; x_wconf 68' lang='lat' dir='ltr'><strong>quin</strong></span> <span class='ocrx_word' id='word_1_766' title='bbox 1381 5677 1507 5726; x_wconf 88' lang='lat' dir='ltr'><strong>sunt</strong></span> <span class='ocrx_word' id='word_1_767' title='bbox 1538 5670 1642 5727; x_wconf 65' lang='lat' dir='ltr'><strong>illic</strong></span> <span class='ocrx_word' id='word_1_768' title='bbox 1667 5671 1815 5741; x_wconf 84' lang='lat' dir='ltr'><strong>leges</strong></span> <span class='ocrx_word' id='word_1_769' title='bbox 1844 5674 2055 5738; x_wconf 85' lang='lat' dir='ltr'><strong>mortis,</strong></span> <span class='ocrx_word' id='word_1_770' title='bbox 2092 5682 2148 5731; x_wconf 88' lang='lat' dir='ltr'><strong>et</strong></span> 
     </span>
    </p>
   </div>
   <div class='ocr_carea' id='block_1_101' title="bbox 553 5739 2149 5867">
    <p class='ocr_par' dir='ltr' id='par_1_101' title="bbox 553 5739 2149 5867">
     <span class='ocr_line' id='line_1_101' title="bbox 553 5739 2149 5867; baseline 0.004 -72"><span class='ocrx_word' id='word_1_771' title='bbox 553 5753 676 5867; x_wconf 50' lang='grc' dir='ltr'><strong>ἔξω</strong></span> <span class='ocrx_word' id='word_1_772' title='bbox 694 5740 885 5796; x_wconf 87' lang='lat' dir='ltr'><strong>harum</strong></span> <span class='ocrx_word' id='word_1_773' title='bbox 905 5739 1192 5824; x_wconf 62' lang='lat' dir='ltr'><strong>institutio.</strong></span> <span class='ocrx_word' id='word_1_774' title='bbox 1215 5739 1448 5802; x_wconf 80' lang='lat' dir='ltr'><strong>Omnino</strong></span> <span class='ocrx_word' id='word_1_775' title='bbox 1467 5739 1778 5826; x_wconf 67' lang='lat' dir='ltr'><strong>assentieris</strong></span> <span class='ocrx_word' id='word_1_776' title='bbox 1798 5745 1973 5812; x_wconf 82' lang='lat' dir='ltr'><strong>nobis,</strong></span> <span class='ocrx_word' id='word_1_777' title='bbox 2000 5745 2149 5830; x_wconf 62' lang='lat' dir='ltr'><strong>diar-</strong></span> 
     </span>
     <span class='ocr_line' id='line_1_102' title="bbox 649 5807 2148 5867; baseline 0 0"><span class='ocrx_word' id='word_1_778' title='bbox 649 5807 953 5867; x_wconf 62' lang='lat' dir='ltr'><strong>leniendum.</strong></span> <span class='ocrx_word' id='word_1_779' title='bbox 1000 5807 1070 5867; x_wconf 84' lang='lat' dir='ltr'><strong>Ut</strong></span> <span class='ocrx_word' id='word_1_780' title='bbox 1098 5828 1153 5867; x_wconf 85' lang='lat' dir='ltr'><strong>in</strong></span> <span class='ocrx_word' id='word_1_781' title='bbox 1196 5827 1408 5867; x_wconf 88' lang='lat' dir='ltr'><strong>avaros.</strong></span> <span class='ocrx_word' id='word_1_782' title='bbox 1441 5813 1758 5867; x_wconf 83' lang='lat' dir='ltr'><strong>libidinosos</strong></span> <span class='ocrx_word' id='word_1_783' title='bbox 1803 5823 1859 5867; x_wconf 77' lang='lat' dir='ltr'><strong>et</strong></span> <span class='ocrx_word' id='word_1_784' title='bbox 1904 5817 2148 5867; x_wconf 75' lang='lat' dir='ltr'><strong>ebriosos</strong></span> 
     </span>
    </p>
   </div>
   <div class='ocr_carea' id='block_1_102' title="bbox 669 5807 2148 5883">
    <p class='ocr_par' dir='ltr' id='par_1_102' title="bbox 669 5807 2148 5883">
     <span class='ocr_line' id='line_1_103' title="bbox 669 5807 2148 5883; baseline 0.007 -17"><span class='ocrx_word' id='word_1_785' title='bbox 669 5811 953 5880; x_wconf 74' lang='lat' dir='ltr'><strong>egentium.</strong></span> <span class='ocrx_word' id='word_1_786' title='bbox 1000 5807 1070 5870; x_wconf 84' lang='lat' dir='ltr'><strong>Ut</strong></span> <span class='ocrx_word' id='word_1_787' title='bbox 1098 5811 1153 5871; x_wconf 89' lang='lat' dir='ltr'><strong>in</strong></span> <span class='ocrx_word' id='word_1_788' title='bbox 1196 5827 1408 5883; x_wconf 85' lang='lat' dir='ltr'><strong>avaros,</strong></span> <span class='ocrx_word' id='word_1_789' title='bbox 1441 5813 1758 5876; x_wconf 80' lang='lat' dir='ltr'><strong>libidinosas</strong></span> <span class='ocrx_word' id='word_1_790' title='bbox 1803 5807 1859 5876; x_wconf 75' lang='lat' dir='ltr'><strong>et</strong></span> <span class='ocrx_word' id='word_1_791' title='bbox 1904 5807 2148 5878; x_wconf 79' lang='lat' dir='ltr'><strong>ebriosos</strong></span> 
     </span>
    </p>
   </div>
   <div class='ocr_carea' id='block_1_103' title="bbox 2271 4655 3788 4736">
    <p class='ocr_par' dir='ltr' id='par_1_103' title="bbox 2271 4655 3788 4736">
     <span class='ocr_line' id='line_1_104' title="bbox 2271 4655 3788 4736; baseline -0.01 -12"><span class='ocrx_word' id='word_1_792' title='bbox 2271 4668 2368 4724; x_wconf 90' lang='lat' dir='ltr'><strong>ciis</strong></span> <span class='ocrx_word' id='word_1_793' title='bbox 2397 4669 2701 4724; x_wconf 88' lang='lat' dir='ltr'><strong>inveniatur</strong></span> <span class='ocrx_word' id='word_1_794' title='bbox 2728 4667 2989 4736; x_wconf 87' lang='lat' dir='ltr'><strong>ingratus.</strong></span> <span class='ocrx_word' id='word_1_795' title='bbox 3031 4664 3078 4720; x_wconf 83' lang='lat' dir='ltr'><strong>A</strong></span> <span class='ocrx_word' id='word_1_796' title='bbox 3108 4665 3498 4736; x_wconf 88' lang='lat' dir='ltr'><strong>negligentibus</strong></span> <span class='ocrx_word' id='word_1_797' title='bbox 3521 4670 3570 4718; x_wconf 85' lang='lat' dir='ltr'><strong>et</strong></span> <span class='ocrx_word' id='word_1_798' title='bbox 3595 4655 3788 4730; x_wconf 83' lang='lat' dir='ltr'><strong>imperitis</strong></span> 
     </span>
    </p>
   </div>
   <div class='ocr_carea' id='block_1_104' title="bbox 2269 4758 3786 4830">
    <p class='ocr_par' dir='ltr' id='par_1_104' title="bbox 2269 4758 3786 4830">
     <span class='ocr_line' id='line_1_105' title="bbox 2269 4758 3786 4830; baseline -0.011 -12"><span class='ocrx_word' id='word_1_799' title='bbox 2269 4761 2547 4819; x_wconf 87' lang='lat' dir='ltr'><strong>servitium</strong></span> <span class='ocrx_word' id='word_1_800' title='bbox 2575 4760 2688 4816; x_wconf 88' lang='lat' dir='ltr'><strong>Deo</strong></span> <span class='ocrx_word' id='word_1_801' title='bbox 2719 4759 2960 4816; x_wconf 91' lang='lat' dir='ltr'><strong>debitum</strong></span> <span class='ocrx_word' id='word_1_802' title='bbox 2988 4758 3130 4815; x_wconf 90' lang='lat' dir='ltr'><strong>forte</strong></span> <span class='ocrx_word' id='word_1_803' title='bbox 3153 4759 3428 4830; x_wconf 88' lang='lat' dir='ltr'><strong>judicetur</strong></span> <span class='ocrx_word' id='word_1_804' title='bbox 3455 4767 3718 4818; x_wconf 86' lang='lat' dir='ltr'><strong>onerosum,</strong></span> <span class='ocrx_word' id='word_1_805' title='bbox 3741 4763 3786 4803; x_wconf 80' lang='lat' dir='ltr'><strong>ex</strong></span> 
     </span>
    </p>
   </div>
   <div class='ocr_carea' id='block_1_105' title="bbox 2267 4842 3784 4924">
    <p class='ocr_par' dir='ltr' id='par_1_105' title="bbox 2267 4842 3784 4924">
     <span class='ocr_line' id='line_1_106' title="bbox 2267 4842 3784 4924; baseline -0.01 -17"><span class='ocrx_word' id='word_1_806' title='bbox 2267 4851 2373 4909; x_wconf 94' lang='lat' dir='ltr'><strong>hoc</strong></span> <span class='ocrx_word' id='word_1_807' title='bbox 2398 4852 2543 4922; x_wconf 91' lang='lat' dir='ltr'><strong>quod</strong></span> <span class='ocrx_word' id='word_1_808' title='bbox 2575 4849 2778 4907; x_wconf 88' lang='lat' dir='ltr'><strong>nullum</strong></span> <span class='ocrx_word' id='word_1_809' title='bbox 2800 4858 3012 4924; x_wconf 87' lang='lat' dir='ltr'><strong>tempus</strong></span> <span class='ocrx_word' id='word_1_810' title='bbox 3031 4851 3334 4907; x_wconf 88' lang='lat' dir='ltr'><strong>vacationis</strong></span> <span class='ocrx_word' id='word_1_811' title='bbox 3354 4848 3589 4919; x_wconf 85' lang='lat' dir='ltr'><strong>excipiat.</strong></span> <span class='ocrx_word' id='word_1_812' title='bbox 3616 4842 3784 4899; x_wconf 86' lang='lat' dir='ltr'><strong>Omnem</strong></span> 
     </span>
    </p>
   </div>
   <div class='ocr_carea' id='block_1_106' title="bbox 2266 4930 3779 5007">
    <p class='ocr_par' dir='ltr' id='par_1_106' title="bbox 2266 4930 3779 5007">
     <span class='ocr_line' id='line_1_107' title="bbox 2266 4930 3779 5007; baseline -0.006 -7"><span class='ocrx_word' id='word_1_813' title='bbox 2266 4943 2541 5000; x_wconf 88' lang='lat' dir='ltr'><strong>hominem</strong></span> <span class='ocrx_word' id='word_1_814' title='bbox 2591 4943 2766 5007; x_wconf 88' lang='lat' dir='ltr'><strong>Deus,</strong></span> <span class='ocrx_word' id='word_1_815' title='bbox 2811 4959 2919 4997; x_wconf 92' lang='lat' dir='ltr'><strong>non</strong></span> <span class='ocrx_word' id='word_1_816' title='bbox 2957 4943 3132 4997; x_wconf 90' lang='lat' dir='ltr'><strong>solum</strong></span> <span class='ocrx_word' id='word_1_817' title='bbox 3174 4941 3240 4996; x_wconf 91' lang='lat' dir='ltr'><strong>ad</strong></span> <span class='ocrx_word' id='word_1_818' title='bbox 3285 4941 3578 4997; x_wconf 86' lang='lat' dir='ltr'><strong>libertatem</strong></span> <span class='ocrx_word' id='word_1_819' title='bbox 3609 4930 3779 4992; x_wconf 73' lang='lat' dir='ltr'><strong>vocavit.</strong></span> 
     </span>
    </p>
   </div>
   <div class='ocr_carea' id='block_1_107' title="bbox 2264 5024 3783 5106">
    <p class='ocr_par' dir='ltr' id='par_1_107' title="bbox 2264 5024 3783 5106">
     <span class='ocr_line' id='line_1_108' title="bbox 2264 5024 3783 5106; baseline -0.012 -12"><span class='ocrx_word' id='word_1_820' title='bbox 2264 5037 2358 5094; x_wconf 90' lang='lat' dir='ltr'><strong>sed</strong></span> <span class='ocrx_word' id='word_1_821' title='bbox 2381 5038 2544 5093; x_wconf 89' lang='lat' dir='ltr'><strong>etiam</strong></span> <span class='ocrx_word' id='word_1_822' title='bbox 2574 5037 2626 5091; x_wconf 89' lang='lat' dir='ltr'><strong>in</strong></span> <span class='ocrx_word' id='word_1_823' title='bbox 2657 5052 2864 5092; x_wconf 89' lang='lat' dir='ltr'><strong>summa</strong></span> <span class='ocrx_word' id='word_1_824' title='bbox 2893 5053 3073 5092; x_wconf 89' lang='lat' dir='ltr'><strong>rerum</strong></span> <span class='ocrx_word' id='word_1_825' title='bbox 3109 5035 3372 5106; x_wconf 89' lang='lat' dir='ltr'><strong>dignitate</strong></span> <span class='ocrx_word' id='word_1_826' title='bbox 3394 5029 3661 5091; x_wconf 91' lang='lat' dir='ltr'><strong>constituit.</strong></span> <span class='ocrx_word' id='word_1_827' title='bbox 3700 5024 3783 5094; x_wconf 84' lang='lat' dir='ltr'><strong>ipse</strong></span> 
     </span>
    </p>
   </div>
   <div class='ocr_carea' id='block_1_108' title="bbox 2261 5111 3781 5196">
    <p class='ocr_par' dir='ltr' id='par_1_108' title="bbox 2261 5111 3781 5196">
     <span class='ocr_line' id='line_1_109' title="bbox 2261 5111 3781 5196; baseline -0.009 -11"><span class='ocrx_word' id='word_1_828' title='bbox 2261 5137 2443 5184; x_wconf 89' lang='lat' dir='ltr'><strong>autem</strong></span> <span class='ocrx_word' id='word_1_829' title='bbox 2471 5129 2572 5183; x_wconf 84' lang='lat' dir='ltr'><strong>sibi</strong></span> <span class='ocrx_word' id='word_1_830' title='bbox 2601 5128 2880 5183; x_wconf 88' lang='lat' dir='ltr'><strong>servitium</strong></span> <span class='ocrx_word' id='word_1_831' title='bbox 2905 5127 3110 5193; x_wconf 91' lang='lat' dir='ltr'><strong>indicit,</strong></span> <span class='ocrx_word' id='word_1_832' title='bbox 3142 5127 3232 5196; x_wconf 89' lang='lat' dir='ltr'><strong>qui</strong></span> <span class='ocrx_word' id='word_1_833' title='bbox 3263 5125 3458 5180; x_wconf 89' lang='lat' dir='ltr'><strong>invitus</strong></span> <span class='ocrx_word' id='word_1_834' title='bbox 3484 5119 3646 5178; x_wconf 86' lang='lat' dir='ltr'><strong>servit.</strong></span> <span class='ocrx_word' id='word_1_835' title='bbox 3687 5111 3781 5168; x_wconf 73' lang='lat' dir='ltr'><strong>Nam</strong></span> 
     </span>
    </p>
   </div>
   <div class='ocr_carea' id='block_1_109' title="bbox 2261 5205 3780 5286">
    <p class='ocr_par' dir='ltr' id='par_1_109' title="bbox 2261 5205 3780 5286">
     <span class='ocr_line' id='line_1_110' title="bbox 2261 5205 3780 5286; baseline -0.005 -7"><span class='ocrx_word' id='word_1_836' title='bbox 2261 5225 2306 5280; x_wconf 92' lang='lat' dir='ltr'><strong>si</strong></span> <span class='ocrx_word' id='word_1_837' title='bbox 2333 5223 2599 5278; x_wconf 87' lang='lat' dir='ltr'><strong>voluntati</strong></span> <span class='ocrx_word' id='word_1_838' title='bbox 2629 5222 2906 5278; x_wconf 88' lang='lat' dir='ltr'><strong>servitium</strong></span> <span class='ocrx_word' id='word_1_839' title='bbox 2935 5222 3341 5286; x_wconf 90' lang='lat' dir='ltr'><strong>accommodes,</strong></span> <span class='ocrx_word' id='word_1_840' title='bbox 3374 5234 3482 5274; x_wconf 92' lang='lat' dir='ltr'><strong>non</strong></span> <span class='ocrx_word' id='word_1_841' title='bbox 3510 5223 3558 5271; x_wconf 86' lang='lat' dir='ltr'><strong>te</strong></span> <span class='ocrx_word' id='word_1_842' title='bbox 3586 5205 3780 5266; x_wconf 69' lang='lat' dir='ltr'><strong>famulum</strong></span> 
     </span>
    </p>
   </div>
   <div class='ocr_carea' id='block_1_110' title="bbox 2260 5297 3778 5396">
    <p class='ocr_par' dir='ltr' id='par_1_110' title="bbox 2260 5297 3778 5396">
     <span class='ocr_line' id='line_1_111' title="bbox 2260 5297 3778 5396; baseline -0.007 -25"><span class='ocrx_word' id='word_1_843' title='bbox 2260 5316 2357 5371; x_wconf 91' lang='lat' dir='ltr'><strong>Dei</strong></span> <span class='ocrx_word' id='word_1_844' title='bbox 2386 5315 2626 5370; x_wconf 89' lang='lat' dir='ltr'><strong>invenies</strong></span> <span class='ocrx_word' id='word_1_845' title='bbox 2656 5329 2794 5380; x_wconf 89' lang='lat' dir='ltr'><strong>esse,</strong></span> <span class='ocrx_word' id='word_1_846' title='bbox 2827 5313 2922 5369; x_wconf 90' lang='lat' dir='ltr'><strong>sed</strong></span> <span class='ocrx_word' id='word_1_847' title='bbox 2952 5311 3138 5367; x_wconf 85' lang='lat' dir='ltr'><strong>ﬁlium.</strong></span> <span class='ocrx_word' id='word_1_848' title='bbox 3183 5310 3312 5366; x_wconf 85' lang='lat' dir='ltr'><strong>Nam</strong></span> <span class='ocrx_word' id='word_1_849' title='bbox 3341 5311 3413 5365; x_wconf 89' lang='lat' dir='ltr'><strong>ita</strong></span> <span class='ocrx_word' id='word_1_850' title='bbox 3435 5306 3554 5364; x_wconf 91' lang='lat' dir='ltr'><strong>dicit</strong></span> <span class='ocrx_word' id='word_1_851' title='bbox 3576 5297 3778 5396; x_wconf 56' lang='lat' dir='ltr'><strong>prophtflf‘</strong></span> 
     </span>
    </p>
   </div>
   <div class='ocr_carea' id='block_1_111' title="bbox 2257 5388 3776 5484">
    <p class='ocr_par' dir='ltr' id='par_1_111' title="bbox 2257 5388 3776 5484">
     <span class='ocr_line' id='line_1_112' title="bbox 2257 5388 3776 5484; baseline -0.009 -20"><span class='ocrx_word' id='word_1_852' title='bbox 2257 5423 2394 5466; x_wconf 91' lang='lat' dir='ltr'><strong>voce</strong></span> <span class='ocrx_word' id='word_1_853' title='bbox 2420 5407 2674 5465; x_wconf 88' lang='lat' dir='ltr'><strong>Domini:</strong></span> <span class='ocrx_word' id='word_1_854' title='bbox 2720 5405 2836 5484; x_wconf 84' lang='lat' dir='ltr'><strong>Ego</strong></span> <span class='ocrx_word' id='word_1_855' title='bbox 2874 5423 2963 5464; x_wconf 86' lang='lat' dir='ltr'><strong>ero</strong></span> <span class='ocrx_word' id='word_1_856' title='bbox 3000 5404 3140 5462; x_wconf 81' lang='lat' dir='ltr'><strong>vobis</strong></span> <span class='ocrx_word' id='word_1_857' title='bbox 3167 5405 3223 5460; x_wconf 84' lang='lat' dir='ltr'><strong>in</strong></span> <span class='ocrx_word' id='word_1_858' title='bbox 3254 5413 3482 5477; x_wconf 85' lang='lat' dir='ltr'><strong>patrem,</strong></span> <span class='ocrx_word' id='word_1_859' title='bbox 3511 5407 3557 5454; x_wconf 78' lang='lat' dir='ltr'><strong>et</strong></span> <span class='ocrx_word' id='word_1_860' title='bbox 3584 5410 3657 5450; x_wconf 76' lang='lat' dir='ltr'><strong>vos</strong></span> <span class='ocrx_word' id='word_1_861' title='bbox 3674 5388 3776 5444; x_wconf 60' lang='lat' dir='ltr'><strong>erit!&quot;</strong></span> 
     </span>
    </p>
   </div>
   <div class='ocr_carea' id='block_1_112' title="bbox 2252 5655 3776 5747">
    <p class='ocr_par' dir='ltr' id='par_1_112' title="bbox 2252 5655 3776 5747">
     <span class='ocr_line' id='line_1_113' title="bbox 2252 5655 3776 5747; baseline -0.006 -13"><span class='ocrx_word' id='word_1_862' title='bbox 2252 5677 2498 5734; x_wconf 89' lang='lat' dir='ltr'><strong>invectus</strong></span> <span class='ocrx_word' id='word_1_863' title='bbox 2531 5681 2614 5732; x_wconf 91' lang='lat' dir='ltr'><strong>est</strong></span> <span class='ocrx_word' id='word_1_864' title='bbox 2645 5677 2927 5740; x_wconf 88' lang='lat' dir='ltr'><strong>hactenus,</strong></span> <span class='ocrx_word' id='word_1_865' title='bbox 2959 5675 3035 5731; x_wconf 87' lang='lat' dir='ltr'><strong>ita</strong></span> <span class='ocrx_word' id='word_1_866' title='bbox 3058 5673 3171 5747; x_wconf 81' lang='lat' dir='ltr'><strong>jam</strong></span> <span class='ocrx_word' id='word_1_867' title='bbox 3199 5676 3296 5734; x_wconf 90' lang='lat' dir='ltr'><strong>sub</strong></span> <span class='ocrx_word' id='word_1_868' title='bbox 3317 5671 3470 5733; x_wconf 79' lang='lat' dir='ltr'><strong>titulo</strong></span> <span class='ocrx_word' id='word_1_869' title='bbox 3506 5655 3776 5727; x_wconf 45' lang='lat' dir='ltr'><strong>crudelia“</strong></span> 
     </span>
    </p>
   </div>
   <div class='ocr_carea' id='block_1_113' title="bbox 2252 5747 3186 5818">
    <p class='ocr_par' dir='ltr' id='par_1_113' title="bbox 2252 5747 3186 5818">
     <span class='ocr_line' id='line_1_114' title="bbox 2252 5747 3186 5818; baseline -0.002 -13"><span class='ocrx_word' id='word_1_870' title='bbox 2252 5749 2320 5806; x_wconf 87' lang='lat' dir='ltr'><strong>ad</strong></span> <span class='ocrx_word' id='word_1_871' title='bbox 2343 5749 2601 5805; x_wconf 80' lang='lat' dir='ltr'><strong>militares</strong></span> <span class='ocrx_word' id='word_1_872' title='bbox 2626 5748 2768 5804; x_wconf 89' lang='lat' dir='ltr'><strong>viros</strong></span> <span class='ocrx_word' id='word_1_873' title='bbox 2786 5748 2955 5807; x_wconf 88' lang='lat' dir='ltr'><strong>venit.</strong></span> <span class='ocrx_word' id='word_1_874' title='bbox 2979 5747 3186 5818; x_wconf 61' lang='lat' dir='ltr'><strong>Bautis.</strong></span> 
     </span>
    </p>
   </div>
   <div class='ocr_carea' id='block_1_114' title="bbox 2329 5819 2745 5888">
    <p class='ocr_par' dir='ltr' id='par_1_114' title="bbox 2329 5819 2745 5888">
     <span class='ocr_line' id='line_1_115' title="bbox 2329 5819 2745 5888; baseline 0.007 -9"><span class='ocrx_word' id='word_1_875' title='bbox 2329 5819 2356 5860; x_wconf 72' lang='grc' dir='ltr'>δ</span> <span class='ocrx_word' id='word_1_876' title='bbox 2394 5819 2480 5880; x_wconf 75' lang='lat' dir='ltr'><strong>An</strong></span> <span class='ocrx_word' id='word_1_877' title='bbox 2514 5819 2745 5888; x_wconf 60' lang='grc' dir='ltr'><strong>ἕκδάθεῖ</strong></span> 
     </span>
    </p>
   </div>
  </div>
