3924 6368
126 312 205 374 701

1537 300 1813 370 ΗΟΜΙΙᾸᾼ
1844 303 1935 364 ιγ.

3277 310 3380 380 7ρῖ

123 425 296 494 υκϋιίίη
317 422 456 500 ﬁlios
477 430 528 484 et
555 423 726 496 ﬁlias,
769 421 896 484 dicit
921 418 1176 488 Dominus
1211 419 1534 494 omnipotens
1565 416 1678 492 (Je-
1703 423 1753 481 Α
1781 433 2052 487 occurras.
2103 419 2298 484 Ainlite
2335 421 2658 510 prophetam
2694 418 2968 510 dicentem
2999 437 3014 474 τ
3066 381 3378 492 Voluntaria

123 538 223 582 rm,
248 533 383 582 uti,
415 513 478 584 9;
509 515 554 582 ιι
592 514 706 580 Cor,
741 530 812 588 γι,
844 512 952 588 18).

174 611 218 666 5.
253 607 588 672 Conditionis
612 615 827 678 nostrae,
859 605 1212 670 dilectissimi,
1246 605 1368 661 talis
1396 612 1480 662 est
1505 605 1678 661 servi-

121 717 202 772 tus,
231 710 282 766 ut
309 702 588 760 laudemus
617 717 829 774 semper
856 703 1142 760 Dominum
1181 710 1424 762 nostrum
1456 701 1511 758 in
1542 716 1678 774 ope-

119 799 236 856 ribus
267 796 396 862 suis,
430 803 487 854 et
514 795 838 858 extollamus
863 809 988 854 eum
1012 794 1066 850 in
1097 793 1345 856 claritate
1378 793 1678 868 maiestatis

121 906 205 948 sua:
239 903 362 950 voce
403 888 682 950 continua.
731 887 872 968 Quid
907 896 1087 950 autem
1123 894 1319 958 praeter
1342 886 1449 948 hoc
1485 887 1678 948 huma-

120 998 216 1040 num
243 980 430 1050 indiget
463 979 747 1046 invisibilis
769 1023 785 1048 ,
830 980 1391 1052 incomprehensibilis
1413 1022 1428 1048 ,
1473 981 1675 1040 inaesti-

119 1073 288 1136 mabilis
308 1073 489 1144 gloria:
518 1075 802 1156 potestas?
831 1081 923 1134 aut
954 1074 1007 1132 in
1037 1090 1146 1146 quo
1175 1075 1460 1148 corporale
1487 1075 1673 1146 requi—

119 1176 181 1230 rat
203 1165 450 1232 ofﬁcium,
489 1167 579 1238 cui
613 1167 809 1226 chorus
847 1167 1161 1237 obsequitur
1194 1167 1548 1238 angelorum?
1577 1168 1672 1230 llla

118 1271 177 1328 est
199 1262 406 1325 servitus
429 1261 804 1324 intolerabilis.
829 1276 992 1332 quam
1014 1261 1202 1322 indicit
1224 1262 1534 1334 tyrannicae.
1565 1261 1672 1324 hoc

116 1365 175 1414 est
198 1353 474 1428 diabolicae,
505 1353 894 1422 dominationis
922 1355 1200 1428 Superbia,
1231 1341 1408 1430 impia)
1447 1353 1670 1428 captivi-

117 1448 209 1504 tatis
242 1444 460 1514 injuria:
515 1444 584 1502 ad
637 1443 874 1508 cilicium
919 1461 1079 1518 vero,
1126 1461 1237 1508 non
1275 1445 1343 1501 ad
1388 1447 1667 1510 servitium

116 1539 303 1612 pertinet
323 1537 625 1596 voluntarie
654 1539 920 1614 superiori
942 1555 1189 1610 persona:
1210 1541 1466 1598 exhibere
1494 1540 1668 1604 fama.

117 1631 260 1686 latum.
298 1628 484 1682 Audite
513 1631 843 1699 prophetam
882 1631 1190 1694 dicentem:
1244 1631 1546 1688 Voluntaria
1573 1651 1664 1696 sa-

117 1719 310 1790 ;riﬁcabo
340 1719 452 1792 tibi,
486 1719 716 1784 Domine
743 1721 861 1796 (Ps.
896 1739 1006 1790 un,
1039 1723 1116 1796 8).
1170 1723 1370 1780 Discite
1399 1735 1662 1795 quantum

1784 510 1892 574 oris
1911 513 2009 572 mei
2033 513 2117 588 {ac
2143 508 2482 586 beneplacita,
2515 511 2739 585 Domine
2768 508 2885 588 (Ps.
2918 529 3098 583 cxvnt,
3133 511 3281 584 108).

1854 600 1905 664 5.
1947 602 2084 660 Cum
2121 619 2250 676 ergo
2291 605 2643 672 convenimus
2681 604 2748 672 ad
2791 603 3108 676 ecclesiam,
3140 603 3378 662 dilectis-

1779 697 1920 766 simi,
1952 706 2078 758 ante
2103 699 2282 768 omnia
2329 707 2540 764 secreta
2585 699 2822 770 pectoris
2869 699 3040 764 nostri
3072 697 3202 768 ﬁdes
3231 700 3377 758 veri-

1779 790 1905 856 tatis
1934 791 2136 856 auxilio
2181 792 2385 854 munita
2415 791 2689 864 possideat
2722 810 2733 844 :
2781 799 2806 828 ἰ
2839 799 2898 846 ιιι
2929 791 3070 846 enim
3099 806 3291 870 purum
3321 799 3376 852 et

1779 884 2176 948 immaculatum
2209 885 2351 951 Deus
2387 885 2595 956 diligit,
2653 902 2759 946 non
2802 883 3035 946 falsitate
3072 885 3372 956 obsessum,

1778 994 1888 1048 non
1917 978 2167 1052 periuriis
2197 987 2545 1064 occupatum,
2583 995 2691 1040 non
2723 978 2935 1044 ﬁctum,
2979 996 3088 1046 non
3122 977 3370 1048 dubium;

1775 1073 2010 1136 levitatis
2038 1075 2180 1134 enim
2211 1074 2462 1148 perlectm
2501 1075 2614 1132 haec
2646 1082 2770 1134 sunt
2803 1074 3018 1142 indicia,
3051 1083 3144 1136 aut
3172 1076 3372 1130 sancti-

1774 1167 1902 1236 tatis
1930 1182 2102 1234 amor,
2135 1176 2226 1232 aut
2259 1167 2434 1228 studia
2464 1167 2788 1237 disciplinac,
2821 1168 2925 1224 hoc
2953 1177 3036 1223 est
3061 1169 3366 1229 immacula-

1775 1263 1884 1322 tam
1904 1255 2133 1318 hostiam
2155 1257 2429 1316 sacriﬁciis
2450 1257 2726 1322 exhibere,
2758 1265 2867 1312 tota
2892 1255 3122 1328 Domino
3145 1257 3372 1314 ﬁdeliter

1772 1359 1954 1412 mente
1983 1351 2235 1406 servisse.
2278 1350 2496 1410 Servitii
2537 1357 2718 1406 autem
2753 1350 2920 1405 nostri
2953 1351 3064 1406 haec
3095 1362 3177 1412 est
3205 1351 3366 1418 ratio,

1771 1451 1830 1502 ut
1854 1443 2113 1500 beneﬁcia
2141 1442 2342 1506 Christi
2374 1443 2544 1499 nostri
2589 1459 2804 1516 semper
2842 1443 3075 1510 recolas,
3108 1445 3230 1498 etin
3261 1460 3369 1514 quo

1769 1536 2021 1608 religiose
2069 1533 2192 1598 ﬁdei
2239 1536 2424 1592 labore
2471 1534 2798 1614 profeceris,
2832 1537 3039 1591 auctori
3073 1543 3177 1590 tua:
3208 1535 3370 1591 liber-

1769 1630 1895 1692 tatis
1924 1630 2185 1698 assignes.
2227 1628 2373 1698 Inter
2400 1629 2581 1686 omnia
2611 1628 2887 1690 custodias
2918 1637 3184 1704 praecepta
3209 1627 3369 1699 justi-

1769 1721 1874 1788 tim,
1901 1721 1994 1778 uni
2015 1721 2128 1776 Deo
2150 1721 2372 1786 servias,
2399 1719 2680 1778 Trinitatis
2699 1727 2879 1776 tamen
2901 1721 3106 1776 honore
3129 1727 3367 1774 servato.

117 1813 238 1872 distet
281 1813 412 1870 inter
468 1811 744 1876 addictam
805 1822 861 1872 et
916 1814 1274 1876 voluntariam
1321 1817 1657 1882 servitutem.
1693 1821 1741 1888 Β
1768 1809 1942 1868 Unam
1972 1811 2132 1868 ﬁdem
2159 1855 2174 1880 ,
2209 1829 2374 1874 unum
2401 1813 2668 1887 baptisma
2708 1813 2926 1882 credas,
2960 1812 3134 1868 Patris
3159 1855 3174 1882 ,
3224 1811 3366 1878 Filii,

117 1903 360 1973 Numquam
388 1911 572 1976 potest
601 1903 720 1960 ﬁeri
754 1913 812 1962 ut
841 1906 957 1967 sine
986 1906 1191 1968 oll‘ensa
1214 1907 1356 1964 diem
1379 1909 1660 1980 transigat,

117 2013 233 2074 quem
263 1999 578 2070 negligentia
611 1999 838 2060 addicta:
875 2001 1147 2060 servitutis
1181 2009 1416 2062 accusat.
1463 2001 1566 2078 Qui
1594 2019 1662 2062 ex

119 2102 208 2149 voto
231 2091 438 2150 Domino
469 2108 569 2152 suo
601 2101 776 2163 paret,
811 2095 1038 2170 acquirit
1065 2094 1294 2166 gratiam
1326 2095 1544 2162 invitus,
1578 2111 1662 2160 ac-

117 2183 351 2240 cumulavit
388 2181 675 2254 injnriam,
721 2185 795 2240 ita
838 2185 1105 2260 prepbeta
1146 2185 1400 2246 dicente:
1435 2185 1662 2244 Maledi—

118 2287 195 2335 cta:
217 2277 364 2342 homo,
394 2277 480 2348 qui
510 2278 647 2349 facit
675 2293 832 2348 opera
854 2276 1068 2332 Domini
1092 2277 1411 2350 negligenter
1441 2276 1655 2350 (Jerem.

119 2380 250 2432 mm,
279 2367 380 2438 10).
421 2365 478 2422 Si
508 2368 821 2424 consideret
863 2369 1234 2440 unusquisque
1271 2377 1514 2424 vestrum
1537 2383 1662 2440 gra-

121 2461 212 2516 tiam
243 2458 473 2518 adhibittn
501 2458 802 2527 libertatis,
847 2475 1009 2530 quam
1037 2458 1282 2518 Christus
1312 2468 1498 2517 noster
1526 2461 1660 2520 lide-

120 2551 219 2608 libus
255 2552 448 2624 populis
488 2567 592 2622 per
636 2553 1101 2623 regenerationem
1140 2555 1320 2616 vitalis
1362 2555 1564 2614 lavacri
1606 2564 1662 2612 et

122 2641 295 2713 Spiritus
335 2644 501 2698 sancti
541 2641 865 2702 effusionem
911 2645 1208 2710 concessit,
1261 2647 1514 2721 intelligit
1550 2664 1658 2706 non

121 2735 248 2790 otiose
281 2735 496 2796 Domino
538 2737 918 2808 serviendum;
961 2738 1050 2794 cui
1091 2738 1339 2808 quamvis
1379 2739 1660 2810 quodlibet

123 2828 303 2904 quotidie
327 2829 541 2893 honoris
571 2838 668 2885 aut
695 2832 934 2888 muneris
963 2831 1334 2908 exhibeamus,
1368 2849 1661 2905 numquam

122 2927 254 2976 tamen
289 2922 637 2994 persolvimus
682 2924 828 2996 quod
874 2923 1154 2982 debemus.
1203 2926 1430 2994 Quando
1477 2935 1659 2982 autem

124 3021 181 3076 est
208 3023 255 3068 ut
277 3005 355 3071 ille
389 3017 665 3090 persolvat
705 3017 979 3088 debitum,
1023 3034 1186 3092 quem
1215 3027 1428 3080 constat
1455 3021 1658 3088 vicario

122 3118 249 3181 pinnae
286 3122 496 3163 munere
542 3117 942 3180 comparatum,
991 3109 1098 3164 nisi
1144 3108 1285 3166 forte
1328 3126 1429 3184 pro
1470 3126 1658 3170 amore

1766 1899 1795 1940 ι’
1825 1902 1908 1966 vel
1951 1901 2180 1982 Spiritus
2220 1903 2390 1958 sancti
2441 1918 2602 1964 unam
2641 1902 2902 1958 claritatis
2942 1900 3248 1960 conﬁtearis
3284 1917 3370 1957 cs-

1766 1996 2027 2064 sentiam;
2062 2011 2163 2054 nec
2190 1995 2357 2050 divisa
2388 1996 2666 2052 voluntate
2701 1994 3014 2072 cujusquam
3047 2004 3139 2050 aut
3167 2009 3368 2066 praece-

1765 2088 1895 2145 dere
1919 2098 2012 2146 aut
2034 2103 2260 2157 regnare
2283 2103 2602 2162 personam;
2634 2087 2730 2143 sed
2761 2085 2976 2141 Patrem
3006 2095 3060 2142 et
3088 2085 3282 2140 Filium
3311 2093 3368 2141 et

1765 2181 2024 2264 Spiritum
2053 2189 2301 2242 sanctum
2331 2180 2488 2242 unius
2517 2180 2823 2252 potestatis,
2857 2179 3014 2234 unius
3035 2177 3222 2248 credas
3245 2193 3366 2234 esse

1767 2275 1995 2332 virtutis.
2038 2273 2115 2328 lla
2168 2273 2328 2344 igitur
2368 2271 2426 2328 ﬁt
2466 2281 2524 2328 ut
2562 2273 2692 2328 illud
2735 2271 2961 2336 arduum
2998 2280 3054 2328 et
3081 2281 3367 2342 angustum

1764 2367 1868 2428 iter
1905 2368 1957 2422 in
1995 2375 2256 2426 teternum
2299 2366 2537 2422 victurus
2575 2381 2902 2438 exsuperes;
2941 2372 3105 2438 atque
3143 2380 3207 2420 ea
3247 2378 3368 2436 qua:

1757 2459 1917 2528 justis
1957 2459 2234 2518 laboribus
2277 2457 2329 2518 in
2359 2458 2568 2518 ccclesti
2597 2464 2751 2542 parte
2779 2445 3044 2532 promissa
3074 2465 3218 2528 sunt,
3255 2470 3366 2512 non

1762 2550 1925 2608 dubie
1965 2550 2342 2624 consequaris,
2383 2550 2429 2606 si
2461 2565 2560 2632 per
2599 2549 2699 2606 bos
2727 2548 3023 2622 disciplina:
3047 2548 3244 2620 gradus
3272 2564 3368 2605 ex-

1761 2656 1980 2708 curras,
2031 2650 2086 2696 et
2129 2641 2252 2696 vitae
2303 2650 2404 2706 tuae
2453 2650 2698 2716 tempora
2737 2641 2836 2698 sub
2873 2640 2975 2704 hac
3003 2640 3218 2714 vivendi
3247 2640 3366 2710 lege

1761 2733 2037 2808 dmponas'
2349 2803 2636 2860 nemus
2679 2805 2770 2861 1v.

2130 2897 2211 2954 De
2238 2901 2507 2972 promissis
2537 2908 2589 2954 et
2614 2916 2720 2954 non
2752 2898 2988 2954 redditis.

1832 3012 1886 3070 1.
1927 3013 1985 3070 Si
2019 3014 2186 3072 homo
2215 3014 2485 3070 obnoxius
2523 3011 2817 3081 beneﬁciis,
2848 3013 3204 3082 dilectissimi,
3237 3028 3365 3084 pro-

1759 3107 2005 3165 missioni
2039 3124 2150 3166 sua:
2185 3105 2556 3176 satisfaceret,
2601 3115 2657 3164 et
2696 3106 2875 3164 studio
2911 3107 3217 3170 devotionis
3258 3105 3364 3164 im-

123 3194 410 3267 redemptoris
434 3213 493 3254 se
522 3199 690 3254 simili
718 3201 989 3258 sententia
1017 3208 1112 3257 aut
1151 3201 1344 3258 mortis
1383 3210 1477 3258 aut
1504 3202 1656 3258 dam-
1681 3205 1727 3274 ς
1758 3201 1970 3276 plendac
2010 3201 2170 3260 ﬁdem
2211 3201 2423 3278 placitis
2461 3200 2772 3270 exhiberet;
2805 3201 3076 3260 neminem
3106 3215 3364 3288 umquam

125 3288 298 3343 nationis
330 3291 598 3364 excipiat?
643 3290 752 3348 Sed
791 3292 922 3348 dum
962 3293 1067 3352 ista
1094 3293 1404 3352 fortissimis
1438 3295 1661 3368 quibus-

125 3391 197 3448 que
231 3383 565 3456 proveniunt,
630 3400 732 3440 nos
782 3386 872 3442 vel
926 3385 1075 3458 quod
1127 3386 1305 3444 solum
1349 3403 1654 3461 possumus,

127 3471 282 3532 Christo
317 3485 493 3536 nostro
535 3477 782 3550 quotidie
827 3481 1122 3550 gratiarum
1169 3481 1375 3540 hostias
1413 3483 1660 3542 immole-

124 3582 223 3634 mus;
247 3579 296 3626 ut
317 3572 357 3626 si
387 3573 519 3630 alios
545 3575 931 3630 commendant
957 3575 1219 3634 virtutum
1244 3576 1470 3644 merita,
1503 3576 1660 3633 nobis

126 3658 263 3720 saltem
302 3662 467 3718 locum
517 3665 711 3736 gratia:
755 3664 960 3722 faciant
1012 3667 1333 3724 voluntariae
1384 3668 1659 3724 servitutis

128 3749 270 3808 ofﬁcia.

174 3842 212 3896 ιι.
243 3842 593 3906 Exoneremus
640 3857 768 3906 ante
813 3850 996 3908 omnia
1048 3850 1214 3912 corda
1260 3859 1446 3908 nostra
1492 3852 1658 3926 impia

127 3937 399 4008 contagione,
432 3949 492 3996 ut
520 3941 730 3998 fructus
757 3941 1027 4018 possimus
1056 3943 1263 4002 nutrire
1287 3942 1510 4014 iustitiae
1535 3963 1548 3998 :
1572 3944 1662 4002 de-

127 4026 188 4082 bet
217 4031 335 4087 enim
377 4049 442 4090 ex
486 4034 703 4107 integro
743 4036 975 4092 terrenis
1015 4036 1224 4092 actibus
1252 4037 1655 4106 abrenuntiare,

127 4120 300 4190 quivult
335 4126 642 4184 cmlestibus
682 4127 951 4184 mandatis
981 4127 1317 4186 satisfacere.
1355 4128 1490 4186 Nam
1521 4131 1660 4187 sicut

129 4210 248 4270 homo
271 4233 545 4294 numquam
576 4222 776 4280 invitus
800 4221 942 4278 bene
972 4221 1160 4290 servit,
1192 4223 1268 4278 ita
1297 4238 1398 4279 nec
1427 4238 1661 4294 occupa-

127 4310 186 4360 tus
214 4306 329 4368 bene
367 4313 744 4370 commendata
780 4313 1038 4370 custodit.
1100 4313 1410 4373 Voluntaria
1449 4316 1658 4390 sacriﬁ-

129 4397 217 4454 rabo
250 4402 343 4458 tibi.
399 4405 513 4466 Non
555 4409 675 4466 sine
702 4425 867 4466 causa
895 4408 1163 4480 propheta
1201 4409 1306 4470 hac
1341 4424 1402 4466 se
1429 4408 1658 4468 Domino

129 4503 222 4548 voce
254 4502 592 4560 commendat.
643 4501 861 4560 Sciebat
905 4503 1213 4564 necessario
1254 4501 1455 4562 multos
1493 4501 1658 4562 dubio

1760 3295 2013 3368 repetitio
2054 3294 2220 3354 debiti
2256 3295 2465 3372 ingrata
2504 3293 2894 3354 confunderet:
2941 3309 3042 3356 nec
3077 3300 3222 3354 esset
3248 3292 3365 3350 cui-

1759 3403 1922 3468 quam
1951 3387 2252 3460 imputandi
2279 3389 2450 3456 locus,
2482 3387 2528 3448 si
2559 3403 2687 3444 mox
2716 3386 2969 3460 promissi
2997 3385 3238 3448 muneris
3268 3401 3364 3442 vo-

1761 3488 1876 3538 tum
1905 3488 2227 3552 sequeretur
2256 3479 2499 3538 ellectus.
2543 3476 2648 3534 Sed
2671 3477 2796 3540 inde
2826 3477 3071 3556 estquod
3091 3477 3364 3536 interdum

1761 3575 2119 3632 amicitiarum
2166 3572 2300 3632 ﬁdes
2342 3573 2469 3632 laesa
2508 3573 2776 3644 suspirat,
2837 3572 2964 3642 quia
3011 3585 3236 3632 necesse
3279 3579 3365 3628 est

1760 3667 2048 3738 aliquoties
2072 3666 2279 3728 homini
2305 3674 2400 3726 aut
2419 3665 2794 3724 redhibitionis
2820 3665 3103 3744 increpare
3127 3680 3359 3732 moram,

1759 3767 1852 3828 aut
1892 3759 2152 3822 debitoris
2191 3759 2495 3832 exprobare
2530 3757 2830 3834 perﬁdiam.
2872 3758 3187 3820 Inimicitias
3217 3757 3362 3816 enim

1764 3863 1788 3892 ε
1816 3853 2017 3910 dixisse
2044 3862 2128 3910 est
2154 3853 2420 3924 promissa
2445 3851 2780 3924 denegasse:
2811 3851 2938 3921 quia
2972 3851 3042 3911 ad
3067 3850 3219 3912 litem
3237 3865 3365 3921 per-

1761 3946 1915 4013 tinet,
1939 3946 1985 4002 si
2013 3946 2142 4017 quid
2170 3954 2264 4002 aut
2283 3946 2372 4004 hic
2393 3945 2592 4002 invitus
2614 3945 2810 4014 reddit,
2835 3953 2928 4002 aut
2947 3945 3038 4002 ille
3065 3959 3163 4018 per
3181 3958 3364 4002 moras

1759 4041 2112 4098 exacerbatus
2154 4039 2341 4112 exigit.
2400 4038 2640 4108 Audistis
2677 4039 2997 4114 prophetam
3045 4037 3357 4094 dicentem:

1761 4133 1852 4188 Sic
1886 4135 2108 4204 psallam
2139 4134 2335 4187 nomini
2367 4141 2472 4197 tuo,
2505 4131 2666 4195 Deus,
2702 4132 2757 4188 in
2786 4128 3033 4186 awculum
3061 4127 3270 4194 saeculi,
3300 4137 3360 4184 ut

1759 4227 1974 4282 reddam
1997 4236 2113 4283 vota
2135 4243 2250 4282 mea
2275 4225 2340 4281 tle
2362 4225 2445 4280 die
2465 4225 2520 4280 in
2544 4224 2679 4280 diem
2711 4221 2826 4296 (Ps.
2852 4237 2941 4288 ωε,
2971 4219 3047 4294 9).
3089 4219 3359 4276 Inﬁnitum

1759 4330 1871 4386 est,
1918 4320 2284 4386 dilectissimi,
2334 4319 2464 4390 quid
2494 4315 2755 4374 beneﬁcia
2795 4315 2980 4384 gratia:
3021 4313 3266 4384 capiant,
3310 4313 3357 4368 si

1759 4419 1885 4470 ante
1914 4411 2058 4466 diem
2086 4411 2408 4468 creditorem
2455 4425 2614 4466 suum
2660 4408 2874 4465 debitor
2919 4406 3189 4464 solutione
3217 4420 3360 4476 prte-

1759 4503 1961 4558 veniat.
2018 4501 2356 4576 Quicumque
2403 4508 2587 4556 autem
2633 4499 3034 4560 commodatam
3073 4497 3362 4573 pecuniam

132 4584 247 4640 corde
270 4593 484 4661 servire;
517 4603 575 4652 et
612 4595 758 4651 aliud
788 4611 884 4652 ore
910 4594 1262 4668 promittere,
1294 4593 1441 4650 aliud
1459 4601 1650 4666 pecto-
1677 4595 1731 4658 ι)
1757 4594 1898 4652 ultro
1929 4593 2239 4662 reddiderit,
2272 4593 2376 4650 sibi
2403 4592 2639 4664 reponit.
2690 4591 2810 4651 Non
2843 4589 3058 4648 difﬁcile
3087 4589 3232 4646 enim
3261 4589 3362 4645 bo-

130 4687 212 4761 tllm
244 4692 430 4740 secreto
469 4686 781 4758 disponere.
833 4686 1140 4744 Voluntarie
1185 4687 1494 4761 sacriﬁcabo
1538 4688 1649 4744 tibi.

132 4760 325 4830 Quamvis
346 4790 501 4846 parva
525 4821 541 4848 ,
586 4795 656 4836 ex
684 4787 811 4836 voto
839 4778 1116 4836 offerentis
1144 4760 1338 4854 magna
1368 4775 1504 4835 ﬁunt
1530 4795 1654 4835 mu-

132 4869 252 4912 nera:
293 4879 601 4926 consumunt
660 4886 792 4926 vero
852 4878 1134 4926 auctorem
1189 4886 1346 4926 suum
1390 4869 1658 4926 beneﬁcia

134 4962 216 5015 qua:
237 4961 548 5019 constiterint
573 4973 785 5020 extorta
811 4983 825 5018 :
853 4965 931 5021 sic
953 4965 1186 5036 denique
1208 4979 1424 5038 semper
1448 4963 1657 5042 ριειηείι

134 5044 235 5108 quod
258 5058 501 5126 erogavit,
543 5058 636 5130 qui
672 5057 981 5116 convivium
1017 5057 1217 5114 invitus
1247 5057 1497 5114 instituit.
1549 5057 1654 5113 Vo-

137 5129 302 5228 luntaria
320 5129 613 5220 sacriﬁcabo
637 5148 762 5204 tibi:
791 5149 897 5214 hoc
924 5157 1006 5204 est
1031 5148 1340 5206 voluntario
1369 5145 1652 5206 sacriﬁcio.

138 5219 184 5313 ll
207 5237 376 5296 auctori
409 5219 498 5300 tuo
527 5243 639 5300 oris
666 5242 984 5300 munuscula
1030 5241 1275 5313 quotidie
1316 5241 1470 5298 lactus
1506 5242 1657 5298 exhi-

137 5309 258 5388 beas.
299 5326 401 5396 eius
454 5333 774 5398 sacriﬁcium
834 5335 1010 5404 laudis
1056 5335 1346 5396 verborum
1394 5336 1660 5393 suavitate

141 5416 395 5490 co“1901183;
424 5436 581 5500 atque
607 5427 676 5490 ad
696 5424 934 5488 ofﬁcium
955 5427 1137 5508 operis
1157 5428 1400 5502 deputati
1428 5426 1660 5486 devotus

193 5665 225 5748 ξ.
239 5661 420 5748 Mallem
447 5673 688 5748 equidem
715 5688 874 5728 unum
896 5714 911 5739 ,
945 5678 1038 5727 aut
1061 5687 1220 5727 unum
1246 5672 1422 5728 enim:
1453 5670 1654 5742 alioqu.

145 5730 779 5830 uitaliabrup‘tti'sﬁdetur.

195 5798 220 5846 ⁸
799 5815 1228 5890 neminemnam
1248 5815 1465 5886 videtin
1487 5823 1568 5885 at.
1596 5820 1660 5886 ut

1756 4705 1848 4746 mo
1877 4704 1999 4746 cum
2028 4703 2167 4760 epus
2196 4686 2358 4746 fuerit
2384 4685 2664 4757 quodlibet
2689 4685 2961 4758 impetrat,
2993 4683 3039 4738 si
3067 4681 3362 4742 feneratori

1757 4799 1856 4844 suo
1897 4782 2061 4840 celeri
2107 4778 2475 4840 satisfactione
2521 4777 2867 4850 respondeat.
2918 4773 3013 4832 Ille
3037 4789 3169 4834 vero
3199 4787 3363 4846 quem

1756 4874 1981 4955 perﬁdia
2016 4875 2212 4946 arguit,
2236 4889 2452 4951 θεωρεῖ
2470 4872 2754 4942 creditoris
2773 4870 2856 4930 sui
2871 4869 3093 4939 januam
3123 4867 3362 4926 clausam

1759 4968 2000 5034 invenit;
2033 4976 2090 5024 et
2125 4967 2371 5036 quamvis
2409 4964 2742 5040 frequenter,
2773 4961 2952 5038 pulset
2981 4975 3044 5016 ac
3073 4957 3360 5030 supplicet,

1761 5060 1932 5126 tristis
1961 5069 2015 5115 et
2046 5074 2246 5118 vacuus
2283 5073 2406 5116 cum
2449 5055 2816 5126 increpatione
2859 5051 3083 5110 recedit.
3145 5046 3202 5104 Si
3230 5059 3362 5116 ergo

1760 5153 1923 5208 homo
1964 5151 2170 5206 homini
2211 5147 2522 5206 rnentiendo
2566 5146 2853 5206 adversum
2896 5159 2955 5199 se
2984 5141 3106 5198 odia
3137 5137 3360 5202 excitat;

1760 5242 1977 5316 quando
2005 5241 2177 5311 magis
2201 5241 2246 5296 si
2277 5240 2386 5298 Deo
2415 5239 2594 5304 fallat,
2639 5246 2693 5294 ct
2722 5233 2958 5296 caelestis
2987 5227 3286 5302 maiestatis
3307 5226 3366 5299 6

1766 5332 2052 5394 Dominum
2080 5332 2288 5390 lubrica
2308 5331 2672 5408 promissione
2699 5324 2974 5400 decipiat?

1833 5423 1889 5481 2.
1930 5423 2056 5484 Ideo
2097 5424 2214 5482 haec
2252 5422 2670 5500 proposuimus,
2711 5411 3079 5488 dilectissimi.
3107 5409 3238 5488 quia
3273 5423 3362 5467 so-

1760 5673 1946 5749 paulo_
1944 5677 2086 5744 post.

1840 5756 1866 5788 ο
1904 5739 2090 5813 Forte,
2119 5739 2395 5800 indiciue.
