3924 6368
457 351 575 412 705

1451 345 1513 406 5.
1551 342 1930 404 VALERIANI
1973 343 2280 401 EPISCOPI
2320 345 2775 404 CEMELIENSIS

3659 308 3766 400 tos

464 464 583 522 ient
620 461 880 534 aliquanti
919 457 1322 517 imminentibus
1360 456 1614 530 periculis
1655 455 1726 510 ita
1757 455 2060 510 animorum
2092 459 2134 516 Λ
2164 457 2434 528 pactione,
2459 459 2552 528 qui
2575 458 2914 514 convincitur
2935 456 3164 512 Domino
3189 456 3393 528 aliquid
3412 456 3763 530 promisisse:

463 563 593 614 vota
620 567 969 627 componere,
1000 560 1062 608 ut
1081 550 1374 608 accedente
1404 560 1648 622 tempore
1675 549 2062 604 obliviscantur

465 665 527 707 se
555 647 756 718 aliquid
793 646 1020 702 Domino
1052 645 1386 716 promisisse.
1429 642 1526 699 Hic
1556 643 1787 698 hostiam
1817 642 2062 713 corporis

465 741 550 798 sui
570 738 758 804 oﬂert;
783 738 872 794 ille
892 737 1221 808 pmnitentia:
1244 737 1507 809 lacrymas
1532 735 1859 808 repromittit
1882 752 1896 788 :
1928 735 2064 790 alius

465 831 524 890 in
571 847 756 888 amore
803 830 1189 896 ecclesiarum,
1234 829 1372 884 alius
1412 829 1464 883 in
1504 829 1712 884 honore
1751 834 2064 882 sanctorum

465 923 581 979 voti
605 936 732 978 reus
760 921 985 977 exstitit.
1027 917 1135 975 Sed
1166 920 1267 974 ista
1293 926 1402 975 tam
1437 918 1598 974 facile
1633 926 1717 973 est
1745 918 2064 989 promittere

467 1031 632 1087 quam
661 1028 894 1086 negare,
945 1013 1090 1069 circa
1119 1027 1258 1083 quos
1287 1020 1395 1066 tam
1425 1011 1517 1066 diu
1545 1011 1704 1066 durat
1731 1026 1855 1081 spes
1893 1009 2063 1065 devo-

469 1108 634 1165 tionis
663 1106 946 1178 implenda:
973 1120 1137 1176 quam
1181 1104 1273 1160 diu
1313 1103 1471 1160 dolor
1511 1103 1746 1160 sentitur
1780 1103 1833 1158 in
1863 1096 2060 1174 capite.

467 1205 546 1262 ita
597 1204 855 1276 paulatim
895 1201 1202 1260 consuescit
1248 1201 1512 1271 promissa
1564 1199 1866 1270 denegare,
1915 1206 2068 1270 post—

468 1315 630 1371 quam
653 1307 882 1354 mortem
902 1296 1130 1366 coeperit
1151 1311 1258 1351 non
1291 1295 1500 1350 timere.
1525 1291 1594 1347 Et
1621 1293 1881 1348 miramur
1897 1307 2066 1363 quare

470 1391 758 1462 aliquoties
797 1387 1058 1444 Dominus
1104 1387 1432 1444 undantibus
1477 1387 1732 1460 lacrymis
1773 1395 1884 1441 tam
1915 1385 2066 1442 tarde

469 1483 816 1554 respondeat,
848 1497 948 1538 nec
976 1481 1230 1537 exaudiat
1268 1480 1682 1552 supplicantium
1721 1495 1885 1536 voces
1907 1479 2066 1550 justis

468 1575 749 1631 doloribus
786 1573 1116 1629 servientes!
1168 1572 1425 1627 Miramur
1469 1587 1639 1641 quare
1679 1586 1787 1627 non
1832 1571 2067 1628 sollicito

470 1666 720 1737 agricolae
769 1666 940 1722 laetior
984 1681 1044 1721 se
1088 1664 1254 1721 solito
1301 1665 1510 1721 cultura
1557 1671 1869 1737 componat,
1899 1679 2068 1735 quare

471 1774 581 1814 non
603 1757 832 1814 fecundo
861 1759 1068 1829 cespite
1095 1757 1378 1828 multiplex
1405 1759 1552 1830 spica
1581 1758 1864 1828 parturiat,
1896 1772 2067 1828 quare

2162 552 2253 621 qui
2295 561 2474 607 autem
2517 551 2846 607 redditurum
2877 567 2937 609 se
2982 550 3239 620 loquitur,
3271 550 3582 606 necessario
3611 548 3767 606 debi-

2162 651 2275 698 tum
2306 643 2611 700 conﬁtetur.
2655 643 2787 698 Tam
2813 644 2904 698 diu
2935 643 3078 699 enim
3113 643 3251 712 juris
3280 643 3356 698 tui
3388 652 3470 699 est
3507 643 3771 714 patrium—

2165 738 2309 792 nium
2360 749 2546 804 tuum,
2595 754 2758 809 quam
2798 737 2888 792 diu
2935 737 3278 807 chirographi
3324 733 3427 791 ﬁde
3471 735 3630 791 alteri
3661 752 3770 790 non

2162 829 2328 886 fuerit
2355 831 2671 900 obligatum.
2721 828 2780 884 ln
2820 829 2968 884 omni
2998 829 3182 899 itaque
3211 825 3446 899 placito,
3478 827 3597 882 sive
3625 825 3772 895 quod

2165 923 2400 979 amicitia
2448 923 2732 986 obtulerit,
2781 922 2896 977 sive
2941 918 3087 990 quod
3128 919 3379 976 voluntas
3431 918 3770 987 ascripserit,

2165 1032 2273 1072 non
2304 1015 2557 1072 lentanda
2597 1014 2906 1070 redhibitio.
2960 1013 3093 1069 Nam
3123 1013 3301 1068 omnis
3331 1011 3500 1068 oblati
3530 1011 3776 1066 muneris

2164 1109 2336 1178 gratia
2364 1108 2524 1180 perit,
2556 1109 2648 1163 ubi
2688 1123 2850 1164 causa
2888 1105 3230 1178 repetitionis
3260 1104 3544 1162 incumbit.
3577 1101 3657 1157 lla
3687 1102 3774 1156 ni-

2164 1203 2240 1259 hil
2261 1203 2402 1258 votis
2421 1202 2532 1258 suis
2561 1202 2826 1274 prmstitit,
2851 1201 2936 1257 cui
2960 1215 3180 1256 necesse
3213 1206 3298 1254 est
3337 1198 3511 1254 invito
3543 1195 3778 1252 reddere

2165 1296 2309 1368 quod
2334 1296 2598 1368 promisit.
2633 1295 2766 1351 Nam
2797 1296 3022 1364 legimus
3043 1294 3095 1349 in
3117 1293 3445 1350 Salomone:
3483 1289 3545 1347 Si
3576 1291 3775 1345 vereris

2165 1398 2335 1444 votum
2376 1387 2600 1444 Domino
2641 1397 2746 1454 tuo,
2789 1405 2854 1443 ne
2891 1404 3093 1443 moram
3132 1387 3316 1457 feceris
3354 1383 3571 1440 reddere
3599 1381 3776 1436 illud:

2165 1500 2399 1556 quaerens
2423 1485 2559 1537 enim
2593 1492 2789 1555 quwret
2815 1481 2948 1536 illud
2981 1480 3231 1536 Dominus
3261 1489 3375 1534 tuus
3398 1495 3431 1532 a
3462 1487 3529 1541 te,
3553 1485 3606 1530 et
3627 1482 3780 1529 erunt

2166 1575 2221 1629 in
2261 1585 2526 1647 peccatum
2559 1591 2674 1648 qua:
2711 1575 3048 1646 egrediuntur
3079 1589 3171 1645 per
3203 1570 3343 1626 labia
3374 1579 3484 1638 tua,
3524 1568 3630 1623 nisi
3661 1565 3780 1622 red-

2170 1667 2362 1722 dideris
2392 1668 2524 1722 illud
2548 1667 2725 1740 (Deut.
2761 1683 2908 1735 xxnt,
2941 1665 3054 1738 2|).

2243 1759 2292 1815 5.
2336 1759 2512 1832 Ergo,
2561 1760 2934 1826 dilectissimi,
2984 1773 3184 1815 moneo
3230 1765 3292 1814 ut
3339 1755 3674 1827 quicumque
3717 1769 3781 1811 se

469 1866 579 1906 non
627 1852 856 1923 pingues
909 1853 1044 1906 oleae
1091 1850 1380 1907 exhibeant
1425 1851 1662 1922 pretiosa
1710 1851 2064 1918 commercia,
2100 1844 2404 1908 BDomino
2466 1861 2652 1909 votum
2709 1852 3023 1923 promisisse
3081 1849 3272 1916 novit,
3329 1848 3513 1904 statim
3563 1845 3776 1902 reddat.

468 1957 638 2013 quare
685 1959 791 1999 non
833 1943 1008 2015 plenis
1039 1943 1397 1999 torcularibus
1437 1943 1595 1999 sudet
1623 1943 1845 2014 copiosa
1875 1941 2064 1998 vinde-

469 2035 605 2090 mia!
661 2033 830 2090 Nemo
877 2033 964 2090 hic
1013 2043 1170 2089 terra:
1201 2034 1458 2105 imputet,
1506 2049 1665 2089 nemo
1694 2033 2066 2104 intemperiem

471 2126 614 2182 aeris
642 2134 860 2182 accuset
885 2142 898 2179 :
930 2139 1125 2180 manus
1153 2125 1302 2180 arida
1342 2125 1476 2181 nihil
1503 2125 1726 2196 colligit;
1758 2133 1851 2181 aut
1877 2126 1923 2181 si
1951 2125 2068 2182 col-

471 2219 695 2288 legerit,
743 2232 872 2272 mox
918 2216 1134 2271 amittit.
1194 2215 1515 2273 lnfrnctuosi
1563 2217 1812 2287 agricola:
1857 2232 2072 2286 semper

471 2325 644 2366 vacua
668 2317 724 2365 et
751 2308 929 2365 otiosa
957 2317 1080 2363 sunt
1111 2309 1326 2364 horrea.
1380 2308 1512 2365 Nam
1543 2319 1598 2365 et
1621 2310 1744 2366 inde
1772 2309 2066 2378 descendit,

473 2399 622 2470 quod
671 2400 960 2470 aliquoties
1008 2416 1117 2456 non
1165 2400 1370 2456 invenit
1414 2401 1680 2457 medicina
1721 2417 1857 2472 quos
1893 2411 2066 2458 sanet.

474 2489 700 2547 Difﬁcile
727 2499 810 2548 est
839 2500 898 2546 ut
913 2491 1153 2548 medicus
1177 2507 1395 2548 manum
1417 2489 1648 2549 ﬁdeliter
1675 2495 2068 2562 accommodet,

474 2599 636 2654 quem
659 2583 968 2655 frequenter
1000 2584 1303 2655 languentis
1335 2585 1620 2657 promissio
1647 2602 1785 2642 vana
1806 2587 2068 2643 destituit.

549 2677 604 2732 5.
644 2675 786 2734 Ecce
808 2678 894 2734 hic
919 2675 1013 2734 ﬁlii
1039 2679 1123 2734 sui
1150 2679 1462 2734 iniirmitate
1489 2680 1741 2750 suspirat,
1776 2688 1830 2735 et
1856 2690 2075 2736 sancto-

475 2783 598 2824 rum
632 2767 830 2840 januas
866 2769 955 2826 die
1005 2779 1278 2840 noctuque
1325 2772 1577 2842 precibus
1623 2773 1905 2844 inquietat.
1949 2773 2074 2832 Hmc

475 2859 687 2927 mariti,
719 2860 809 2917 ille
835 2861 1018 2918 uxoris
1046 2876 1157 2918 suae
1181 2862 1487 2920 valetudine
1516 2863 1773 2931 alllictus,
1805 2873 2073 2923 secretum

477 2952 718 3024 pectoris
745 2953 830 3008 sui
859 2953 1058 3024 pulsat,
1090 2963 1146 3010 et
1166 2953 1329 3010 ﬂebili
1358 2956 1605 3012 oratione
1633 2958 1889 3013 auxilium
1919 2958 2079 3014 coale-

478 3045 580 3101 stis
606 3045 974 3101 miserationis
1021 3045 1305 3117 implorat,
1357 3063 1416 3104 se
1455 3063 1718 3120 suumque
1747 3067 1940 3107 munus
1964 3051 2076 3108 Deo

479 3137 733 3195 offerens.
793 3137 902 3196 Sed
950 3139 1053 3194 ista
1095 3139 1508 3197 succedentibus
1536 3142 1678 3198 votis
1707 3143 1950 3199 videmus
1978 3144 2076 3198 ali-

2169 1942 2330 2001 Certe
2364 1945 2457 2014 qui
2485 1944 2744 2001 solvendo
2776 1959 2884 2000 non
2912 1943 3126 2007 suﬁicit,
3172 1957 3278 1997 non
3312 1939 3618 2013 promittat.
3663 1936 3780 1993 Non

2170 2038 2276 2105 hic,
2310 2047 2368 2094 ut
2397 2038 2658 2108 aliquanti
2692 2046 2915 2104 nutant,
2948 2035 3360 2092 inhumanitatis
3381 2034 3514 2090 vitia
3541 2046 3780 2102 exagge—

2171 2148 2383 2199 ramus;
2407 2131 2502 2188 sed
2532 2131 2599 2187 de
2633 2130 2734 2187 ﬁde
2757 2131 3018 2195 dicimus,
3049 2145 3211 2199 quam
3242 2128 3485 2184 videmus
3508 2124 3657 2197 apud
3686 2123 3783 2178 ali—

2172 2231 2406 2292 quantos
2445 2223 2742 2294 periclitari
2783 2222 3091 2294 pestilentia
3127 2219 3402 2276 vanitatis.
3444 2217 3580 2273 Nam
3626 2215 3781 2271 multi

2173 2326 2331 2383 sunt,
2380 2317 2525 2386 quod
2569 2316 2724 2387 pejus
2752 2325 2867 2384 est,
2925 2316 3016 2385 qui
3046 2316 3324 2370 subtracto
3363 2311 3638 2369 libertatis
3677 2329 3783 2368 sua:

2174 2407 2391 2478 pretio,
2452 2424 2558 2462 non
2610 2408 2872 2477 integram
2921 2407 3242 2479 pecuniam,
3297 2407 3403 2461 hoc
3449 2414 3567 2473 est,
3620 2405 3784 2460 semi-

2175 2501 2388 2573 plenam
2446 2501 2723 2571 religionis
2775 2501 2932 2556 ﬁdem
2989 2501 3056 2556 ad
3112 2500 3397 2557 Dominum
3444 2500 3779 2556 detulerunt.

2177 2591 2374 2646 Audite
2415 2593 2736 2663 prophetam
2767 2594 3074 2650 dicentem:
3134 2593 3319 2650 Vorete
3357 2605 3407 2649 et
3442 2593 3648 2648 reddite
3675 2591 3784 2648 Deo

2176 2694 2343 2739 vestro
2372 2702 2586 2740 munera
2619 2685 2736 2758 (Ps.
2771 2705 2932 2753 Lxxv,
2968 2687 3078 2760 1‘2).
3124 2688 3334 2752 Vovete,
3367 2687 3453 2744 his
3480 2686 3577 2743 dat
3604 2687 3786 2742 consi-

2177 2777 2306 2834 lium
2353 2781 2743 2838 conversionis.
2789 2782 3046 2848 Reddite,
3097 2783 3164 2838 ab
3213 2782 3330 2838 istis
3374 2780 3620 2838 debitum
3660 2795 3786 2851 pro-

2179 2871 2356 2928 missm
2398 2876 2595 2946 repetit
2642 2877 2962 2932 sanctitatis.
3023 2875 3220 2930 Parum
3268 2883 3449 2930 autem
3497 2873 3591 2929 ille
3621 2871 3785 2928 habet

2178 2963 2246 3020 de
2267 2966 2547 3034 religione,
2579 2984 2740 3038 quem
2765 2968 2984 3024 studere
3003 2967 3157 3022 vides
3177 2967 3397 3033 saeculo,
3420 2974 3476 3022 et
3496 2964 3622 3036 plus
3651 2979 3785 3036 prte-

2178 3058 2318 3113 senti
2347 3059 2473 3114 viuc
2508 3059 2688 3115 favere
2716 3075 2878 3130 quam
2907 3068 3124 3116 aeterna“:
3163 3059 3370 3127 gloriae.
3412 3049 3566 3114 Tunc
3586 3057 3786 3129 probas

2181 3153 2314 3210 nihil
2342 3159 2397 3209 te
2426 3151 2656 3208 Domino
2685 3162 2776 3207 tua
2807 3153 3079 3209 oblatione
3126 3152 3436 3219 fraudasse,
3479 3151 3527 3206 si
3561 3151 3783 3221 justitia:

479 3231 696 3302 quoties
715 3231 964 3287 universa
987 3232 1166 3287 subito
1187 3233 1425 3288 animum
1447 3233 1729 3302 excedere,
1765 3245 1821 3291 ut
1841 3237 2072 3294 mstimes

2179 3255 2363 3319 partes
2391 3245 2540 3300 colas
2563 3284 2578 3309 ,
2611 3245 2972 3315 integritatem
3003 3245 3222 3315 diligas,
3253 3244 3600 3300 sanctitatem
3622 3258 3785 3313 quam

479 3325 708 3379 miseros
735 3322 1024 3380 oblivionis
1051 3325 1222 3393 magis
1251 3324 1448 3382 bibisse
1471 3327 1725 3397 poculum
1743 3369 1756 3392 ,
1785 3344 1894 3383 non
1935 3328 2079 3384 salu-

479 3412 570 3468 tis.
611 3411 687 3468 lta
717 3427 825 3469 non
848 3428 1066 3484 semper
1085 3413 1363 3472 fallacibus
1383 3417 1524 3472 votis
1543 3416 1824 3488 profutura
1854 3434 2081 3490 respon-

481 3503 631 3559 dent.
675 3502 902 3572 Quando
929 3512 1108 3560 autem
1137 3513 1221 3561 est
1246 3515 1305 3562 ut
1332 3505 1651 3564 beneﬁcium
1675 3509 1946 3577 inveniat,
1987 3513 2081 3580 qui

482 3593 721 3650 debitum
751 3611 859 3650 non
888 3598 1170 3668 reportat?
1197 3596 1314 3653 Non
1344 3606 1526 3669 potest
1554 3597 1669 3656 ﬁeri
1700 3616 1768 3657 ne
1792 3601 2080 3672 aliquando

482 3701 594 3740 sua:
622 3685 859 3756 perﬁdia:
886 3702 1076 3757 poenas
1102 3687 1235 3753 luat,
1267 3690 1361 3759 qui
1392 3690 1640 3748 inanibus
1666 3693 1846 3748 verbis
1870 3695 2081 3764 patien-

484 3779 614 3834 tiam
639 3778 836 3850 judicis
863 3779 1176 3850 frequenter
1197 3783 1442 3840 illuserit.
1484 3783 1613 3839 inde
1651 3794 1735 3841 est
1760 3787 1905 3856 quod
1939 3788 2082 3844 otio-

484 3870 560 3924 sis
601 3869 699 3925 Dei
747 3870 966 3926 auribus
1012 3871 1289 3927 hominum
1329 3890 1519 3945 preces
1563 3887 1930 3946 evanescunt,
1980 3895 2083 3936 nec

483 3961 651 4018 habet
677 3960 928 4018 ell‘ectum
959 3964 1276 4020 intercessio
1305 3966 1684 4040 lacrymarum,
1715 3972 1840 4040 quia
1864 3971 2082 4028 diﬁicile

486 4062 570 4110 est
591 4062 650 4110 ut
675 4056 1050 4122 exaudiantur,
1075 4058 1168 4127 qui
1197 4057 1310 4115 Deo
1337 4075 1436 4116 suo
1459 4060 1770 4132 frequenter
1794 4081 1931 4121 vana
1962 4083 2082 4138 pro-

484 4149 744 4206 missione
772 4149 1140 4206 blandiuntur.

555 4241 608 4298 4.
649 4243 802 4299 Beati
827 4244 971 4315 apud
998 4261 1137 4314 quos
1165 4255 1349 4302 manet
1378 4245 1510 4303 ﬁdes
1538 4249 1741 4318 placiti,
1781 4260 1836 4305 et
1876 4253 2078 4308 nullum

485 4336 722 4396 studium
753 4337 1068 4394 mentiendi.
1110 4337 1301 4395 Melius
1330 4349 1413 4396 est
1441 4343 1686 4412 profecto
1717 4360 1824 4400 non
1854 4347 2083 4416 promit-

484 4437 600 4485 tere
643 4444 804 4500 quam
845 4432 1108 4500 promissa
1157 4429 1445 4488 fraudare:
1498 4435 1587 4489 ubi
1625 4437 1870 4505 quamvis
1917 4438 2082 4494 homo

484 4521 892 4578 inhumanitatis
941 4531 1159 4577 notetur
1205 4524 1394 4595 culpa,
1449 4526 1589 4580 nulla
1631 4535 1811 4584 tamen
1841 4531 2082 4588 subdola:

2183 3339 2480 3411 promisisti
2503 3338 2777 3393 exhibeas.
2822 3339 2992 3394 Debet
3029 3349 3211 3394 autem
3243 3352 3610 3408 expavescere
3642 3335 3788 3390 Ana-

2184 3431 2288 3486 nia:
2315 3431 2401 3486 vel
2431 3431 2616 3486 uxoris
2643 3429 2760 3500 ejus
2788 3431 2991 3485 exitum
3016 3470 3030 3494 ,
3075 3430 3166 3500 qui
3203 3428 3452 3497 intelligit
3466 3442 3525 3483 se
3557 3427 3789 3483 Domino

2183 3523 2345 3578 fuisse
2390 3523 2695 3577 mentitum.
2767 3521 2957 3577 Vovete
3002 3532 3054 3577 et
3100 3521 3298 3576 reddite
3328 3518 3438 3575 Deo
3477 3529 3645 3575 vestro
3677 3536 3788 3573 mu-

2184 3631 2328 3670 nera.
2369 3615 2428 3669 In
2457 3615 2564 3670 hoc
2606 3615 2727 3671 loco
2769 3631 2986 3671 causam
3028 3613 3410 3669 muniﬁcentim
3439 3627 3548 3667 non
3579 3613 3790 3682 impor-

2183 3717 2314 3764 tunc
2354 3709 2732 3779 prosequitur,
2799 3710 2926 3778 quia
2951 3709 3307 3785 -testimoniis
3354 3706 3793 3778 competentibus

2184 3801 2557 3857 admonemur.
2618 3800 2894 3870 Siquidem
2944 3801 3288 3857 infructuosis
3333 3801 3642 3856 hominibus
3697 3813 3794 3855 ac-

2183 3895 2544 3963 quiescamus,
2576 3902 2637 3949 ut
2665 3895 2766 3949 ista
2797 3910 2900 3949 vox
2931 3892 3180 3949 alfectum
3212 3893 3412 3948 indicet
3440 3891 3788 3962 postulantis.

2183 3986 2452 4056 Numquid
2481 4001 2512 4041 a
2543 3994 2597 4042 te
2625 3985 2766 4041 Deus
2805 3985 3007 4055 aliquid
3048 3985 3306 4055 requirit,
3333 3984 3458 4054 quia
3489 3983 3565 4038 illi
3603 3981 3744 4036 desit
3769 3981 3795 4036 2

2181 4077 2313 4148 quid
2341 4085 2522 4133 autem
2552 4094 2659 4133 non
2699 4077 2881 4144 habet,
2930 4078 3022 4148 qui
3070 4085 3246 4132 totum
3287 4073 3574 4146 possidet?
3618 4071 3795 4128 Num-

2183 4170 2312 4240 quid
2346 4171 2473 4240 quia
2513 4169 2567 4224 in
2606 4169 3048 4225 tribulationibus
3095 4169 3203 4224 tuis
3251 4169 3520 4239 promittis
3567 4180 3790 4228 aurum,

2183 4270 2278 4316 aut
2303 4263 2356 4317 in
2377 4261 2656 4318 doloribus
2682 4263 2956 4334 polliceris
2995 4271 3279 4331 argentum
3301 4302 3315 4327 ,
3350 4261 3447 4316 Dei
3477 4260 3664 4316 usibus
3693 4274 3796 4314 ne-

2184 4354 2480 4410 cessarium
2511 4355 2632 4409 est?
2661 4361 2754 4408 aut
2782 4354 2906 4409 ideo
2929 4354 3126 4424 aliquis
3154 4354 3422 4424 pretiosos
3451 4351 3658 4423 lapides
3693 4359 3797 4407 aut

2183 4455 2363 4501 vestes
2411 4443 2602 4511 oﬁ‘ert,
2653 4445 2779 4514 quia
2828 4444 2913 4499 his
2953 4443 3098 4499 Deus
3145 4441 3494 4513 indiget?0b
3521 4443 3627 4499 hoc
3655 4457 3688 4497 a
3733 4451 3796 4500 te

2184 4547 2338 4594 tuum
2367 4554 2562 4595 munus
2588 4540 2869 4609 quaeritur,
2908 4546 2968 4593 ut
2990 4539 3104 4609 ipse
3127 4537 3332 4607 fulgeas
3359 4545 3454 4593 tuo
3483 4553 3634 4603 auro,
3669 4538 3796 4608 ipse

488 4613 964 4670 circumventionis
991 4623 1246 4682 gravatur
1279 4617 1492 4686 injuria.
1537 4618 1820 4677 Recurrite
1849 4623 2081 4694 denique
2110 4630 2158 4689 D
2188 4641 2281 4686 tuo
2331 4632 2503 4687 niteas
2549 4640 2773 4701 argento
2796 4673 2812 4699 ,
2864 4633 2981 4702 ipse
3010 4632 3118 4687 tuis
3145 4633 3374 4702 gemmis
3405 4632 3632 4696 orneris,
3669 4632 3793 4702 ipse

484 4704 552 4760 ad
600 4705 764 4760 Actus
813 4705 1227 4776 Apostolorum,
1281 4717 1335 4764 et
1377 4710 1661 4766 invenietis
1707 4713 1774 4768 ad
1825 4716 2081 4772 damnum

483 4797 675 4854 anima:
714 4797 986 4866 pertinere
1015 4798 1297 4868 promissis
1334 4799 1493 4856 ﬁdem
1521 4801 1786 4874 frangere.
1830 4806 2082 4877 Legimus

481 4887 644 4959 igitur
672 4887 936 4942 Ananiam
986 4897 1043 4944 et
1070 4889 1393 4961 Sapphiram
1433 4909 1658 4951 uxorem
1685 4913 1837 4951 suam
1861 4900 2080 4957 vendito

483 4982 809 5055 patrimonio
865 4999 962 5040 suo
1025 4993 1234 5055 partem
1291 4985 1663 5057 dispensanda:
1721 4993 1965 5062 pecuniae
2012 4995 2080 5051 ad

481 5075 760 5146 apostolos
795 5074 1082 5142 detulisse,
1128 5074 1510 5148 partem‘domi
1538 5081 1872 5138 reconditam
1903 5101 2079 5141 reser-

485 5184 669 5236 vasse;
707 5169 902 5240 quibus
933 5171 1008 5226 ait
1043 5179 1260 5228 sanctus
1299 5170 1524 5230 Petrus:
1559 5172 1816 5247 Implevit,
1843 5177 2070 5245 Anania,

479 5263 724 5336 iniquitas
755 5281 845 5320 cor
864 5275 1083 5321 vestrum
1105 5268 1310 5322 mentiri
1331 5266 1553 5339 Spiritui
1580 5280 1780 5336 sancto,
1811 5288 1924 5326 cum
1944 5282 2076 5327 esset

480 5355 672 5428 fundus
700 5359 756 5411 in
782 5367 947 5414 vestra
968 5367 1247 5429 potestate;
1269 5375 1375 5414 non
1397 5360 1686 5415 hominibus
1710 5364 1906 5417 mentiti
1927 5365 2070 5432 estis,

479 5447 571 5502 sed
599 5447 709 5505 Deo
740 5451 875 5520 (Act.
901 5467 951 5517 v,
985 5450 1036 5516 5,
1061 5450 1137 5521 4).
1177 5451 1255 5506 Ita
1303 5452 1430 5507 dum
1477 5463 1772 5524 operantur
1811 5455 2068 5525 fraudem,

480 5544 702 5598 mercati
741 5553 865 5600 sunt
911 5552 1180 5608 mortem;
1223 5554 1279 5601 et
1325 5546 1450 5601 dum
1499 5547 1777 5618 cupiditati
1806 5551 2067 5616 serviunt,

479 5642 682 5691 aeterna
728 5651 950 5692 munera
993 5637 1359 5708 perdiderunt.
1414 5637 1555 5694 Ecce
1603 5639 1732 5694 dicit
1761 5641 2068 5712 propheta:

492 5725 621 5782 Vota
659 5746 772 5784 mea
801 5729 1026 5786 Domino
1073 5731 1316 5796 reddam,
1361 5733 1414 5785 in
1454 5734 1602 5787 atriis
1649 5733 1829 5790 domus
1861 5735 2073 5794 Domini

483 5817 600 5886 (Ps.
625 5837 749 5888 cxv,
773 5821 884 5890 18).
925 5822 1201 5893 Obligatus
1222 5824 1461 5894 legitima
1479 5823 1648 5884 debiti
1668 5830 1888 5888 estsine
1907 5828 2074 5888 dubio

2185 4731 2279 4779 tuo
2323 4725 2498 4780 serico
2538 4725 2805 4782 vestiaris.
2848 4723 2979 4780 Tuis
3007 4723 3166 4779 donis
3196 4732 3342 4779 tuam
3373 4724 3486 4779 vult
3521 4723 3793 4781 Dominus

2182 4817 2416 4872 animam
2446 4819 2739 4888 componi,
2770 4833 2932 4888 quam
2960 4817 3109 4872 videt
3130 4823 3224 4871 aut
3251 4817 3537 4887 superbiat,
3569 4825 3666 4871 aut
3692 4833 3793 4873 ne-

2181 4910 2396 4979 quititn,
2429 4919 2522 4964 aut
2550 4911 2817 4976 avarititc,
2859 4918 2953 4965 aut
2984 4909 3210 4964 luxuria
3237 4909 3372 4964 vitio
3406 4908 3764 4980 depravatam

2191 5001 2378 5058 Vovete
2401 5013 2451 5057 et
2472 5003 2670 5058 reddite
2693 5003 2918 5059 Domino
2950 5001 3057 5060 Deo
3078 5013 3241 5058 vestro
3271 5019 3504 5057 munera.

2251 5094 2304 5148 6.
2345 5093 2451 5149 Sed
2493 5094 2629 5150 dicis
2676 5094 2832 5160 forte,
2861 5093 2978 5149 Non
3018 5094 3219 5162 indiget
3250 5093 3392 5148 Deus
3441 5100 3621 5148 nostra
3653 5109 3789 5148 mu-

2183 5202 2332 5240 nera.
2366 5185 2484 5242 Non
2513 5186 2728 5256 quidem
2758 5202 2979 5241 munera
3012 5186 3213 5255 indiget
3247 5203 3259 5238 :
3292 5184 3385 5240 sed
3429 5185 3660 5240 fructum
3695 5201 3790 5241 re-

2181 5279 2383 5346 quirit,
2434 5294 2593 5348 quem
2655 5287 2879 5348 propter
2935 5278 3360 5350 redemptionem
3425 5278 3617 5333 anima:
3676 5287 3789 5334 tu:e

2182 5370 2565 5425 misericordia:
2611 5370 2906 5440 deputavit.
2947 5369 3082 5424 Nam
3123 5378 3318 5440 praeter
3356 5370 3500 5424 illam
3541 5369 3788 5426 hostiam

2182 5463 2424 5532 corporis
2453 5462 2527 5516 tui
2556 5477 2715 5531 quam
2759 5462 3124 5532 incorruptam
3154 5470 3209 5516 et
3241 5461 3552 5516 inviolatam
3590 5461 3783 5516 altari-

2181 5557 2280 5612 bus
2308 5555 2560 5611 convenit
2588 5555 2862 5622 exhibere,
2890 5572 2989 5612 nec
3016 5572 3123 5611 non
3146 5556 3296 5612 vocis
3323 5555 3496 5610 oﬁieia
3522 5570 3641 5624 qua:
3673 5572 3788 5612 no-

2180 5655 2294 5703 stro
2333 5646 2589 5700 debemus
2618 5643 2840 5713 artiﬁci,
2882 5648 2990 5704 hoc
3026 5656 3110 5703 est
3135 5648 3276 5719 apud
3307 5648 3590 5704 Dominum
3620 5663 3789 5705 acce-

2180 5737 2380 5808 ptabile
2395 5738 2732 5804 sacrificium,
2753 5748 2810 5794 ut
2825 5739 3048 5795 bonitati
3065 5748 3121 5796 et
3140 5739 3522 5797 misericordia:
3534 5738 3784 5807 studeas,

2179 5839 2240 5885 ut
2261 5829 2483 5898 justitiae
2519 5841 2705 5902 partes
2733 5831 2948 5900 foveas,
2979 5841 3036 5892 et
3076 5833 3182 5893 ﬁde
3221 5834 3544 5895 intemerata
3574 5832 3787 5907 iugiter
