3924 6368
113 312 208 372 105

1537 290 1815 350 HOMILIA
1851 291 1918 346 ν.

114 423 325 486 Domino
371 419 587 493 placere
626 413 955 481 contendas;
987 420 1047 468 ut
1085 411 1288 466 nudum
1335 423 1448 464 non
1491 406 1693 462 invitus
1723 413 1768 470 Α
1797 405 2056 477 despiciat
2083 409 2304 475 nudum,
2337 421 2497 465 nemo
2520 404 2808 466 conturbet
2832 417 3032 477 aspero
3053 419 3152 462 ore
3174 405 3386 462 mendi-

114 517 317 580 vestias,
369 521 428 568 ut
469 513 680 582 inopem
714 525 819 564 non
868 507 1067 561 invitus
1113 517 1333 576 pascas,
1367 509 1424 555 ut
1451 499 1696 570 captivos

115 607 398 665 voluntarie
426 603 679 666 redimas,
713 609 772 656 ut
800 597 1091 668 iuvinculo
1112 595 1464 652 constitutum
1488 605 1698 647 memor

114 715 205 758 tua:
232 696 621 768 redemptionis
647 693 917 749 absolvas.
942 689 1020 744 Ad
1044 689 1158 744 hmc
1182 687 1320 743 forte
1343 683 1694 755 respondeas,

119 794 235 864 Quid
280 791 508 865 pauperi
551 788 768 854 faciam,
817 784 946 857 quid
995 783 1106 839 ﬁlio
1149 778 1513 848 derelinquo?
1561 775 1701 830 Audi

118 886 385 944 Dominum
414 883 686 938 dicentem
722 898 736 934 :
772 875 874 944 Qui
903 875 1020 949 plus
1045 873 1294 928 amaverit
1319 870 1489 942 filium
1515 876 1604 921 aut
1630 867 1701 938 fi-

118 983 253 1042 liam,
299 994 458 1051 quam
487 992 599 1040 me,
650 990 756 1030 non
804 979 884 1026 est
917 986 1000 1026 me
1034 967 1218 1040 dignus
1243 963 1462 1039 (Matth.
1487 978 1543 1025 ι,
1585 959 1700 1029 57).

118 1071 305 1128 Videtis
326 1083 460 1140 ergo
489 1067 620 1123 nihil
649 1062 1043 1137 praeferendum
1075 1059 1208 1122 Deo,
1242 1071 1345 1113 nec
1383 1055 1506 1126 plus
1536 1051 1704 1107 ﬁlium

120 1161 448 1234 cogitandum
477 1174 596 1215 esse
623 1171 786 1228 quam
810 1155 998 1211 Deum.
1036 1151 1202 1216 Dicis,
1236 1147 1374 1216 Quid
1407 1145 1518 1200 ﬁlio
1545 1143 1704 1234 dere-

121 1233 326 1326 linquo?
355 1250 415 1307 Si
443 1266 565 1308 cum
595 1263 761 1304 unum
792 1245 958 1300 ﬁlium
987 1243 1222 1308 habeas,
1264 1239 1430 1294 alium
1471 1235 1567 1290 tibi
1604 1233 1705 1289 de-

123 1345 346 1420 speranti
395 1343 582 1400 uxoris
625 1348 812 1412 partus
857 1336 1142 1402 exhibeat,
1185 1345 1366 1387 nonne
1422 1337 1710 1395 utrumque

125 1442 207 1498 tibi
242 1453 355 1494 uno
395 1433 760 1493 successionis
790 1431 840 1504 7
868 1431 1037 1501 gradu
1070 1428 1244 1500 pietas
1285 1430 1512 1496 paterna
1557 1433 1712 1476 com-

125 1531 348 1594 mendat,
363 1536 420 1585 et
442 1536 502 1583 ut
520 1522 922 1596 supervenienti
945 1522 1125 1576 locum
1148 1517 1332 1582 facias,
1358 1515 1520 1571 etiam
1545 1518 1712 1567 testa-

126 1622 272 1682 menti
291 1623 416 1691 jura
441 1616 745 1676 rescindis?
778 1614 858 1670 Ita
891 1611 1262 1668 haereditatem
1288 1607 1375 1662 cui
1405 1605 1547 1661 solet
1575 1616 1714 1657 unus

128 1713 508 1776 hibxreditare,
541 1709 854 1778 frequenter
899 1703 1144 1759 videmus
1188 1701 1332 1755 inter
1378 1697 1578 1752 multos
1606 1710 1710 1749 nu-

1797 517 1940 558 cum.
1982 499 2107 558 Haec
2143 510 2227 558 est
2270 503 2412 559 inter
2447 502 2628 558 omnia
2665 501 2864 573 placita
2907 501 3021 558 Deo
3065 501 3270 570 hostia,
3296 501 3389 559 hic

1797 594 1934 650 ordo
1959 594 2272 650 salutarium
2299 593 2706 660 sacriliciorum,
2737 601 2798 649 ut
2825 593 3036 649 miseris
3061 592 3115 649 in
3151 591 3390 649 necessi-

1801 693 1912 741 tate
1936 685 2222 741 subvenias
2253 703 2266 739 :
2299 693 2356 742 et
2384 700 2450 742 ne
2477 685 2530 740 in
2570 683 2899 740 inﬁdelitatis
2937 691 3124 740 notam
3161 681 3386 751 incidas,

1800 789 2026 846 compos
2050 777 2160 834 voti
2188 774 2348 832 ﬁdem
2374 787 2481 832 tuae
2504 773 2878 848 promissionis
2907 774 3174 831 absolvas.

2407 927 2692 985 HOMlLlA
2732 927 2791 982 ν.

2333 1044 2410 1100 De
2437 1046 2543 1100 oris
2569 1045 2870 1100 insolentia.

1882 1162 1932 1216 l.
1959 1161 2076 1216 Non
2103 1162 2336 1216 otiosum
2367 1169 2468 1227 est,
2499 1159 2850 1224 dilectissimi,
2875 1158 3024 1229 quod
3052 1158 3190 1213 inter
3224 1169 3400 1214 cmnta

1808 1253 1935 1308 vitia
1961 1268 2082 1322 quae
2109 1253 2272 1307 vitam
2301 1253 2548 1308 humana:
2576 1251 2901 1308 conditionis
2924 1251 3257 1321 impugnant,
3280 1264 3405 1320 spe-

1809 1347 2017 1403 cialiter
2046 1347 2239 1416 linguae
2266 1345 2609 1402 insolentiam
2630 1345 2897 1416 propheta
2917 1343 3162 1413 castigat.
3187 1341 3406 1399 Sciebat

1810 1438 2118 1494 necessario
2145 1439 2312 1493 amari
2335 1439 2445 1493 oris
2482 1436 2662 1492 studio
2693 1437 2982 1506 aliquoties
3011 1451 3220 1491 venena
3256 1450 3407 1491 com-

1811 1531 1967 1602 poni,
2008 1537 2063 1585 et
2105 1530 2266 1584 nimia
2309 1529 2564 1584 facilitate
2609 1528 2877 1584 labiorum
2922 1525 3236 1598 frequenter
3283 1527 3408 1582 odia

1811 1623 2133 1693 comparari.
2186 1621 2252 1677 Et
2288 1637 2446 1689 vere,
2478 1620 2840 1686 dilectissimi,
2873 1620 2947 1675 ita
2996 1629 3097 1675 est.
3152 1619 3285 1675 Nam
3322 1621 3410 1674 in-

1812 1715 1995 1783 quieta
2025 1715 2342 1769 naturaliter
2369 1715 2547 1783 lingua
2578 1729 2686 1770 non
2723 1729 2946 1785 parvum
2983 1712 3300 1768 mortalibus
3329 1711 3412 1766 af-

129 1822 260 1864 mero
299 1795 652 1861 accrescente
695 1796 962 1856 sulﬁcere.
994 1795 1097 1864 Qui
1125 1808 1256 1864 ergo
1291 1791 1456 1848 habet
1495 1789 1715 1844 “nicum
1747 1795 1793 1856 B
1819 1807 1924 1863 fert
1952 1807 2072 1862 vitm
2100 1807 2484 1862 detrimentum
2504 1848 2517 1870 ,
2548 1814 2608 1862 ut
2633 1821 2756 1862 cum
2784 1807 2923 1862 bene
2951 1804 3272 1876 composita,
3303 1804 3414 1860 dis-

129 1900 296 1964 ﬁlium,
325 1897 533 1966 cogitet
559 1892 834 1949 Christum
855 1889 958 1946 sibi
983 1896 1201 1952 natum;
1225 1892 1391 1954 atque
1418 1882 1558 1937 inter
1577 1879 1716 1934 duos

131 2001 210 2048 aut
235 2000 347 2047 tres
378 1989 465 2046 vel
495 1989 678 2060 plures
707 1986 780 2040 ita
809 1998 943 2055 opes
965 1997 1094 2038 suas
1116 1979 1322 2036 dividat
1339 2016 1354 2041 ,
1381 1991 1449 2033 ne
1467 1973 1717 2030 Christus

131 2097 298 2144 noster
324 2084 707 2142 exlneredatus
732 2078 1008 2135 abscedat.
1038 2073 1196 2143 Quod
1214 2073 1261 2128 si
1284 2079 1493 2127 tantum
1516 2067 1718 2138 gaudes

133 2194 339 2236 numero
370 2177 622 2242 ﬁliorum,
655 2186 851 2230 moneo
893 2177 952 2225 ut
991 2167 1227 2222 admisso
1269 2164 1336 2219 ad
1380 2163 1718 2220 consortium

133 2270 450 2331 hereditatis
479 2267 824 2337 redemptore
853 2271 980 2329 tuo,
1011 2261 1086 2316 ita
1114 2256 1426 2332 patrimonii
1457 2255 1534 2310 tui
1575 2252 1717 2308 divi—

140 2368 326 2424 sionem
362 2373 662 2434 temperes,
691 2357 848 2430 quasi
885 2363 979 2410 aut
1006 2369 1174 2410 unum
1203 2352 1380 2408 minus
1409 2357 1594 2404 natum
1623 2346 1721 2402 tibi

135 2458 346 2528 judices,
373 2466 469 2511 aut
494 2467 659 2508 unum
680 2451 798 2524 plus
817 2449 1116 2506 accrevisse
1135 2443 1438 2514 gratuleris.
1465 2439 1572 2496 Fac
1591 2453 1722 2510 ergo

137 2553 292 2608 locum
333 2547 556 2605 Christo
607 2555 699 2602 tuo
731 2546 871 2600 inter
900 2542 1038 2597 ﬁlios
1078 2551 1104 2578 ι
1135 2539 1238 2595 sibi
1265 2537 1512 2592 dilectos.
1544 2533 1724 2602 Quare

137 2653 296 2699 autem
324 2643 450 2698 illos
481 2655 589 2695 non
615 2653 722 2694 una
760 2632 1073 2708 patrimonii
1114 2631 1168 2686 in
1199 2638 1340 2686 terra
1374 2626 1566 2682 divisio
1605 2639 1723 2678 ma-

138 2743 262 2801 neat,
291 2749 434 2804 quos
465 2732 518 2786 in
549 2730 688 2786 coelo
709 2728 897 2784 eadem
927 2725 1103 2796 portio
1133 2721 1412 2794 promissa:
1434 2717 1724 2774 incredita-

140 2826 197 2880 tis
221 2823 543 2895 exspectat?
568 2819 904 2888 Quicumque
941 2824 1122 2871 autem
1153 2813 1512 2884 indigentibus
1541 2818 1595 2865 et
1625 2808 1728 2863 mi-

139 2918 258 2973 seris
278 2931 405 2986 qua:
433 2921 563 2970 sunt
588 2913 711 2967 vitae
740 2911 1043 2966 necessaria
1072 2905 1422 2970 subtraxerit,
1452 2903 1727 2974 primoge-

141 3011 240 3066 nito
278 3019 338 3065 et
365 3010 587 3078 quidem
626 3007 836 3064 meliori
866 3006 1007 3060 inter
1035 3017 1226 3059 omnes
1255 3001 1394 3056 ﬁlios
1423 2998 1729 3070 portionem

142 3104 401 3160 subditam
440 3102 746 3173 denegavit.
777 3100 978 3156 Audite
1007 3100 1060 3153 in
1095 3097 1207 3153 hoc
1241 3096 1364 3150 loco
1393 3093 1731 3163 Scriptor-am

1817 1900 1977 1971 sipat,
2011 1908 2104 1954 aut
2144 1899 2236 1956 diu
2284 1907 2475 1969 pacata
2505 1899 2810 1956 conturbat.
2855 1898 3080 1966 Quando
3109 1907 3288 1954 autem
3331 1906 3415 1955 est

1817 2003 1877 2049 ut
1900 2009 1958 2049 se
1987 1994 2101 2048 rixa
2131 2000 2374 2057 moveat,
2407 1994 2454 2048 si
2484 2009 2544 2048 se
2572 1993 2752 2064 lingua
2799 1993 3144 2064 compescat?
3172 2000 3268 2047 aut
3295 1991 3417 2060 quis

1818 2085 1890 2140 ibi
1931 2085 2082 2140 locus
2109 2094 2192 2140 est
2216 2085 2614 2140 inimicitiarum
2635 2123 2649 2146 ,
2687 2083 2778 2138 ubi
2807 2092 3021 2141 cessant
3057 2097 3264 2139 venena
3293 2097 3416 2138 ver-

1818 2178 2051 2232 borum?
2103 2175 2238 2232 Nam
2293 2177 2398 2233 hoc
2441 2175 2607 2231 habet
2657 2191 2874 2246 semper
2919 2175 3097 2244 lingua
3146 2175 3417 2229 malitiosa

1821 2267 2227 2328 commercium.
2257 2276 2316 2322 ut
2344 2267 2465 2322 lites
2491 2275 2654 2332 serat,
2687 2267 2810 2322 odia
2831 2273 3064 2330 moveat,
3096 2273 3300 2319 mortes
3328 2279 3420 2319 ac-

1822 2363 2024 2432 quirat,
2065 2362 2139 2416 ita
2179 2361 2233 2416 in
2261 2361 2368 2417 hoc
2415 2361 2536 2417 loco
2583 2359 2877 2416 Salomone
2912 2359 3126 2416 dicente
3161 2375 3176 2412 :
3219 2355 3422 2429 Lingua

1825 2458 2012 2512 multos
2042 2455 2368 2512 conturbavit
2395 2472 2574 2527 pacem
2595 2453 2870 2518 habentes;
2893 2454 3122 2508 civitates
3144 2452 3420 2517 destruxit,

1824 2558 1876 2604 et
1921 2548 2101 2603 domos
2148 2547 2334 2616 effodit
2384 2545 2580 2617 (Eccli.
2621 2561 2818 2610 xxvni,
2867 2544 2948 2607 16,
2984 2544 3102 2613 l7).
3145 2543 3426 2598 Falluntur

1827 2639 2092 2713 profecto,
2121 2640 2214 2709 qui
2245 2646 2438 2710 putant
2457 2638 2589 2692 nihil
2616 2652 2736 2692 esse
2765 2637 2908 2692 ferro
2933 2635 3142 2701 fortius,
3171 2635 3302 2690 nihil
3331 2650 3427 2690 vc-

1829 2747 1972 2788 neno
2003 2731 2290 2787 violentius
2327 2748 2342 2784 :
2374 2730 2620 2801 quamvis
2651 2738 2832 2784 autem
2872 2731 2970 2784 ista
3003 2729 3055 2784 in
3086 2728 3428 2800 perﬁciendis

1830 2824 2097 2879 mortibus
2135 2824 2372 2879 habeant
2402 2822 2674 2894 peculiare
2713 2829 2920 2876 natura:
2958 2803 3306 2883 beneﬁcium,
3336 2835 3430 2877 ce-

1831 2919 1966 2973 dunt
1996 2927 2176 2974 tamen
2205 2917 2260 2972 in
2286 2915 2638 2973 contentione
2671 2915 2974 2970 verborum.
3003 2913 3143 2970 Nihil
3172 2915 3316 2969 enim
3344 2920 3432 2970 est

1834 3018 1944 3064 tam
1974 3009 2196 3066 noxium
2238 3015 2333 3064 aut
2371 3007 2728 3073 malitiosum,
2756 3008 2900 3077 quod
2938 3024 3045 3063 non
3076 3007 3278 3064 viribus
3316 3007 3432 3063 suis

1835 3103 2013 3158 minus
2041 3101 2140 3168 sit,
2171 3101 2217 3156 si
2245 3116 2306 3157 se
2344 3101 2565 3158 incitata
2609 3100 2777 3156 semel
2825 3099 3006 3170 lingua
3053 3099 3427 3156 commoverit.

141 3197 398 3253 dicentem
426 3214 439 3248 :
474 3192 575 3260 Qui
603 3196 820 3267 pauperi
849 3193 1142 3258 miseretur,
1173 3188 1286 3244 Deo
1317 3190 1519 3261 fenerat
1549 3184 1730 3256 (Prov.
1759 3183 1805 3245 C
1839 3194 2008 3250 Multa
2053 3200 2181 3249 sunt
2218 3193 2438 3264 quidem
2476 3193 2700 3250 humani
2741 3193 2985 3266 corporis
3013 3193 3140 3249 vitia
3159 3235 3174 3259 ,
3204 3201 3261 3250 ει
3303 3193 3437 3250 satis

143 3309 238 3359 nx,
271 3290 392 3362 l7).

203 3385 252 3437 7.
291 3381 453 3438 Multi
481 3390 607 3438 sunt
636 3381 728 3450 qui
762 3379 1083 3436 miserorum
1113 3373 1495 3432 necessitatem
1521 3372 1595 3427 ita
1616 3371 1740 3425 illu-

142 3475 367 3532 dendam
393 3481 613 3545 putant,
638 3480 698 3528 ut
727 3472 779 3526 in
810 3471 926 3527 dies
958 3467 1328 3541 promittendo
1353 3464 1653 3534 decipiant;
1684 3469 1742 3518 et

143 3567 241 3622 hoc
257 3567 331 3622 ad
353 3566 445 3621 illa
475 3573 599 3620 vota
629 3563 890 3634 pertinet,
916 3575 1039 3630 quae
1067 3559 1316 3629 superius
1337 3557 1574 3611 diximus
1603 3553 1742 3610 obli-

144 3661 295 3714 vione
320 3657 589 3714 consumi.
617 3655 754 3723 Quid
772 3653 926 3724 juvat
954 3650 1158 3706 diﬁ'erri
1197 3650 1475 3713 miserum,
1498 3648 1545 3702 si
1567 3647 1741 3702 abun-

148 3752 319 3806 dantia
352 3750 589 3820 suppetit
610 3745 963 3803 facultatum?
995 3741 1096 3798 Ubi
1127 3743 1276 3796 vides
1317 3739 1594 3795 hominem
1632 3748 1743 3794 sta-

147 3843 231 3897 tim
259 3858 430 3914 posse
463 3839 800 3904 benefacere,
831 3847 885 3893 et
912 3838 1316 3908 eleemosynam
1349 3832 1745 3904 procrastinata

147 3935 480 3990 humanitate
518 3933 752 3998 dili'erre,
792 3931 964 3987 solam
1007 3929 1078 3984 ibi
1114 3927 1451 3982 voluntatem
1492 3925 1746 3993 intelligis

149 4026 399 4082 defuisse.
446 4025 640 4080 Audite
686 4024 752 4078 ad
782 4024 924 4078 hunc
965 4021 1140 4076 locum
1182 4017 1520 4074 Psalmistam
1558 4015 1746 4070 dicen-

153 4129 251 4175 tem
284 4139 298 4173 :
329 4118 424 4174 Sic
453 4120 677 4190 psallam
706 4118 903 4172 nomini
936 4125 1050 4177 tuo,
1095 4113 1265 4172 Deus,
1290 4113 1346 4167 in
1375 4111 1620 4166 swculum
1649 4125 1749 4164 saa-

151 4215 265 4280 culi,
297 4224 362 4267 ut
391 4212 606 4268 reddant
646 4221 762 4265 vota
791 4225 906 4264 mea
941 4207 1004 4262 de
1032 4207 1115 4260 die
1148 4207 1202 4259 in
1233 4207 1368 4258 diem
1393 4203 1508 4275 (Ps.
1547 4219 1634 4266 Lx,
1667 4199 1744 4272 9).

153 4303 420 4376 Numquid
458 4303 593 4358 dixit
629 4302 696 4358 de
724 4317 868 4356 anno
911 4301 964 4354 in
996 4299 1240 4353 annum?
1275 4295 1381 4351 Sed
1411 4295 1544 4350 dixit
1567 4295 1634 4350 de
1663 4295 1750 4349 die

154 4395 202 4452 in
231 4398 399 4452 diem.
425 4392 582 4449 Omni
625 4408 753 4464 ergo
793 4392 880 4448 die
918 4390 1253 4463 operandum
1300 4389 1454 4444 nobis
1482 4396 1585 4454 est,
1617 4387 1752 4442 dile-

155 4487 378 4543 ctissimi
407 4505 418 4540 :
447 4486 687 4541 debitum
733 4493 911 4540 autem
956 4483 1068 4539 Deo
1097 4491 1152 4538 et
1194 4482 1515 4552 promissum
1560 4495 1754 4534 munus

1840 3287 2052 3358 gravia;
2103 3285 2198 3342 sed
2243 3302 2434 3358 parum
2484 3293 2712 3358 possunt
2758 3286 2997 3342 consiliis
3043 3285 3438 3357 virtutibusque

1840 3379 1973 3444 suis,
2003 3378 2104 3433 nisi
2133 3377 2431 3434 sceleribus
2459 3385 2741 3432 armentur
2767 3377 2958 3432 alienis
2996 3395 3008 3430 :
3038 3377 3178 3432 sicut
3199 3384 3440 3434 estxcru-

1843 3471 2054 3535 delitas,
2085 3484 2206 3540 quae
2233 3469 2498 3540 impietati
2519 3469 2704 3534 servit,
2736 3476 2794 3524 et
2813 3477 2995 3539 portas
3021 3467 3177 3524 inferi
3215 3476 3441 3524 cruenta

1844 3562 2036 3617 mortis
2073 3561 2194 3630 lege
2233 3560 2487 3616 custodit.
2513 3557 2653 3627 Quid
2689 3568 2870 3615 autem
2916 3558 3120 3614 falsitas
3149 3567 3364 3630 posset,
3394 3558 3442 3615 si

1845 3655 2114 3726 cupiditas
2143 3654 2318 3710 otiosa
2346 3653 2652 3710 dormiret?
2683 3669 2805 3707 nam
2836 3661 2889 3707 et
2905 3653 3022 3724 ipse
3048 3653 3240 3709 mortis
3267 3643 3445 3709 exitus

1849 3750 2029 3804 minor
2056 3755 2227 3814 esset,
2258 3747 2305 3802 si
2327 3754 2422 3802 aut
2449 3745 2652 3801 ferrum
2680 3744 2936 3800 deﬁceret
2975 3753 3068 3800 aut
3092 3760 3298 3801 venena
3327 3760 3448 3801 ces-

1849 3849 2052 3898 sarent.

1920 3936 1973 3990 2.
2015 3933 2299 4005 Singulare
2326 3943 2510 3989 autem
2536 3933 2738 3988 malum
2766 3941 2848 3988 est
2879 3933 3084 4000 lingua,
3110 3933 3162 3986 in
3191 3947 3296 4001 qua
3327 3939 3449 3986 tan-

1853 4040 1965 4086 tum
1993 4029 2211 4084 malitize
2249 4027 2418 4083 robur
2458 4027 2713 4089 exsultat,
2745 4033 2803 4080 ut
2831 4026 2883 4080 in
2913 4024 3242 4096 perﬁciendo
3281 4038 3450 4096 opere

1852 4141 1951 4180 suo
1987 4123 2211 4179 alterius
2250 4120 2512 4176 auxilium
2556 4136 2661 4174 non
2693 4121 2952 4188 requirat.
2979 4117 3292 4174 Cohibenda
3320 4131 3452 4188 ergo

1853 4216 2013 4273 nobis
2055 4223 2166 4281 est,
2209 4214 2351 4269 sicut
2381 4212 2645 4283 propheta
2689 4211 2942 4265 admonet
2983 4228 2995 4262 :
3037 4224 3104 4264 ne
3146 4208 3284 4264 forte
3325 4224 3452 4266 cum

1853 4307 2182 4382 proruperit,
2207 4315 2301 4363 aut
2321 4307 2556 4362 excitata
2585 4303 2773 4367 hedat,
2800 4310 2892 4358 aut
2916 4303 3134 4358 incitata
3159 4303 3446 4374 percutiat.

1857 4402 2009 4458 Solet
2042 4401 2185 4456 enim
2235 4414 2341 4452 non
2383 4398 2601 4467 impune
2651 4393 2934 4459 recedere,
2977 4409 3100 4450 cum
3130 4409 3189 4450 se
3229 4393 3283 4450 in
3325 4409 3452 4450 ver-

1857 4497 2052 4551 borum
2079 4493 2410 4566 procacitate
2433 4489 2738 4561 jactaverit.
2764 4487 2895 4543 Nam
2916 4496 3186 4544 commota
3211 4485 3456 4543 ﬂammas

157 4598 258 4637 non
287 4589 380 4637 est
409 4588 654 4650 tempore
693 4576 1142 4650 prolongandnm.
1175 4575 1317 4629 Nihil
1346 4573 1526 4628 futuro
1549 4571 1732 4642 judicit

1859 4587 2100 4652 evomit;
2131 4594 2186 4640 et
2213 4599 2336 4640 cum
2365 4583 2530 4637 alium
2567 4595 2765 4638 nocere
2793 4579 3012 4651 quaerit,
3049 4587 3230 4644 totum
3264 4578 3457 4634 intrin-

155 4673 342 4740 debet,
372 4672 464 4742 qui
510 4669 753 4740 quotidie
783 4677 910 4724 vota
944 4665 1266 4739 persolverit
1305 4684 1318 4719 :
1353 4680 1453 4720 nec
1490 4671 1574 4719 est
1613 4663 1753 4719 unde

157 4767 424 4820 rationem
466 4764 522 4819 in
563 4771 841 4835 posterum
881 4767 1127 4833 perstet,
1159 4759 1252 4831 qui
1293 4759 1360 4814 de
1388 4759 1474 4814 die
1517 4759 1571 4812 in
1611 4758 1753 4813 diem

158 4859 387 4914 Domino
417 4858 686 4913 bonorum
722 4871 947 4928 operum
978 4853 1179 4910 fructus
1203 4853 1350 4923 justo
1389 4854 1575 4909 labore
1617 4843 1757 4908 dita?-

161 4959 244 5005 tus
281 4949 562 5005 obtulerit.
608 4947 745 5006 Ecce
783 4950 914 5004 dicit
958 4967 971 5002 :
1019 4945 1365 5018 Quazcnmque
1400 4946 1626 5019 feceritis
1663 4946 1757 5000 uni

161 5062 222 5098 ex
251 5045 484 5099 minimis
519 5045 652 5109 istis,
695 5043 820 5097 mihi
851 5043 1044 5116 fecistis
1085 5039 1298 5113 (Matth.
1329 5057 1450 5103 xxv,
1480 5037 1591 5110 40).
1631 5036 1758 5095 Sive

166 5152 292 5207 ergo
342 5138 573 5202 bonum,
615 5138 727 5192 sive
763 5136 963 5191 malum
1003 5138 1124 5205 quis
1166 5134 1382 5198 fecerit,
1425 5134 1490 5188 ad
1547 5134 1760 5188 Domini

164 5229 502 5299 majestalem
535 5230 742 5284 noverit
782 5230 1076 5298 pertinere;
1109 5229 1387 5295 utriusque
1405 5209 1556 5281 enim
1595 5228 1762 5297 partis

164 5325 452 5379 retributio
486 5324 760 5378 hominem
794 5331 1089 5394 exspectat.
1131 5319 1282 5376 Unde
1315 5320 1633 5375 studendum
1669 5336 1765 5375 no-

165 5418 245 5472 bis
289 5426 374 5472 cst
415 5417 796 5473 misericordiae
839 5425 894 5471 et
933 5413 1294 5485 eleemosynis
1334 5430 1346 5464 :
1396 5428 1464 5466 ne
1505 5428 1626 5467 cum
1668 5427 1763 5467 ve-

169 5511 312 5566 nerit
342 5511 604 5566 Dominus
651 5511 770 5567 εωΙί
810 5519 865 5566 ει
902 5519 1086 5570 terra).
1135 5509 1272 5563 inter
1310 5518 1535 5564 ceteros
1576 5508 1768 5563 animae

165 5617 386 5658 errores
423 5618 720 5673 pauperum
751 5602 906 5658 nobis
937 5602 1207 5658 nuditates
1232 5610 1492 5672 opponat,
1522 5608 1579 5654 et
1600 5600 1770 5655 oculis

167 5693 375 5749 nostris
421 5692 765 5750 infelicitates
803 5693 1012 5764 ingerat
1050 5694 1392 5751 miscrorum.
1429 5691 1600 5748 Nemo
1633 5705 1768 5761 ergo

177 5867 182 5872 -
250 5843 280 5872 ι
316 5830 502 5898 Forte,
535 5832 648 5887 tibi.

1857 4697 2013 4737 secus
2041 4679 2181 4734 male
2208 4676 2485 4734 conscium
2513 4684 2700 4746 pectus
2721 4674 2976 4730 incendit.
3008 4673 3202 4730 Audite
3225 4673 3459 4746 prophe-

1859 4781 1969 4828 tam
1997 4771 2265 4827 dieentem
2299 4788 2314 4824 :
2349 4768 2426 4824 De
2452 4767 2775 4841 multiloquio
2809 4783 2912 4822 non
2945 4766 3163 4840 effugies
3193 4777 3460 4838 peccatum

1863 4864 2044 4936 (Prov.
2079 4879 2132 4926 x,
2166 4859 2278 4933 l9).
2311 4859 2562 4924 Facilius,
2589 4861 2636 4914 si
2667 4874 2888 4915 necesse
2908 4867 3012 4921 est,
3035 4859 3262 4929 quilibet
3281 4865 3462 4929 potest

1860 4957 2001 5013 ferre
2023 4963 2259 5010 armatas
2286 4952 2431 5010 ferro
2455 4953 2628 5018 acies,
2655 4961 2712 5008 et
2749 4953 3038 5008 instructas
3067 4953 3227 5008 rebus
3255 4950 3464 5008 bellicis

1864 5052 2142 5120 legiones;
2169 5049 2293 5120 quis
2330 5057 2511 5102 autem
2545 5046 2812 5102 sustineat
2849 5045 3114 5100 labiorum
3146 5044 3252 5100 tela
3295 5041 3461 5098 inﬁxa

1865 5141 2207 5214 pectoribus?
2247 5138 2481 5195 Facilius
2517 5137 2636 5193 sine
2660 5137 2826 5194 dubio
2865 5135 3138 5207 recipiunt
3173 5134 3464 5192 sanitatem

1868 5249 2097 5304 corpora
2147 5231 2291 5288 ferro
2340 5230 2625 5286 lacerata:
2667 5237 2763 5284 aut
2805 5241 2974 5297 quare
3025 5227 3218 5298 aliquis
3256 5235 3465 5282 tantum

1869 5323 2048 5393 gladio
2078 5322 2380 5378 occisorum
2409 5318 2570 5374 morti
2603 5318 2936 5375 crudelitatis
2961 5318 3173 5390 pondus
3199 5318 3464 5390 imponat,

1871 5433 1993 5473 eum
2023 5417 2310 5486 aliquoties
2358 5414 2565 5469 minora
2595 5413 2667 5468 ibi
2715 5413 2826 5468 sint
2860 5411 3128 5484 pericula,
3175 5412 3265 5467 ubi
3294 5410 3468 5480 major

1872 5517 1956 5564 est
1981 5509 2188 5565 cruoris
2211 5507 2408 5563 invidia
2425 5508 2449 5562 ἰ
2469 5505 2746 5564 Difﬁcilius
2767 5514 2948 5561 autem
2982 5517 3198 5576 semper
3225 5509 3465 5571 sanatur,

1871 5600 2130 5672 quidquid
2158 5599 2498 5656 extrinsecus
2524 5597 2824 5655 collisionis
2851 5595 3155 5652 includitur.
3189 5595 3306 5650 Non
3337 5592 3470 5650 dilﬁ-

1871 5693 1976 5750 cile
2002 5701 2088 5751 est
2112 5691 2359 5764 profecto
2389 5690 2600 5748 medico
2628 5690 2808 5746 uicem
2848 5688 3092 5760 quamvis
3127 5687 3387 5743 tumentia
3414 5687 3470 5744 in
