3960 6358
559 326 672 392 Μ

1541 328 1602 390 S.
1643 328 2021 388 VALERIANI
2058 318 2365 386 EPlSOOPl
2404 328 2865 391 CEMELIENSIS

3756 330 3851 403 πυ
3928 310 3929 403 l

560 452 737 512 oculis
772 449 950 524 posita
988 449 1282 506 herbarum
1318 447 1584 506 beneﬂcio
1625 448 1888 520 castigata
1925 447 2160 505 mollire.
2190 449 2243 511 Α
2267 446 2485 518 quidem
2528 450 2732 506 malitia
2773 466 2842 507 ex
2885 447 3051 509 corde
3092 448 3370 510 descendit
3403 471 3415 507 :
3451 452 3551 509 sed
3582 453 3701 511 hmc
3728 453 3845 529 ipsa,

560 542 743 602 liabet
767 551 827 599 et
854 543 934 598 vis
961 539 1156 598 veneni
1183 536 1482 597 remedium
1510 551 1700 606 suum;
1737 540 1883 611 quod
1910 538 2165 596 haustum

560 636 807 707 quamvis
826 636 883 690 iu
905 632 1089 689 ultima
1120 632 1386 689 viscerum
1412 631 1541 689 sede
1558 632 1885 700 dominetur,
1909 630 2164 688 salutaris

562 732 741 782 seruent
770 724 953 796 poculi
990 723 1135 780 unda
1164 724 1498 796 perquiritur
1527 740 1542 780 ι
1578 725 1634 780 in
1668 728 1876 780 tantum
1904 730 1965 779 ut
1993 724 2161 779 mire-

564 827 651 875 tur
677 817 966 889 aliquoties
998 815 1196 873 artifex
1222 817 1510 885 scelerum,
1542 815 1961 889 superveniente
1986 813 2161 871 medi-

560 910 683 967 cina
721 910 855 966 nihil
901 910 1014 966 oris
1054 909 1139 965 sui
1164 909 1615 965 .incantationem
1655 908 1918 975 valuisse;
1968 906 2163 977 lingua:

531 1019 691 1060 vero
729 1003 1046 1059 insanabilis
1078 1002 1236 1074 plaga
1260 1006 1372 1068 est,
1403 1018 1524 1073 quae
1551 1002 1796 1074 quamvis
1824 1001 2016 1057 leviter
2037 1016 2162 1073 per-

557 1096 759 1163 cutiat,
793 1095 902 1151 alta
932 1103 1116 1151 tamen
1142 1104 1360 1166 seraper
1387 1096 1570 1150 movet
1596 1094 1833 1166 pectoris
1859 1093 2048 1148 dolore
2069 1107 2162 1148 su-

555 1190 744 1261 spiria.
785 1187 1003 1245 Sciebat
1034 1189 1154 1245 sine
1180 1188 1347 1245 dubio
1374 1188 1641 1259 propheta
1668 1196 1930 1258 quantum
1957 1184 2160 1241 malum

555 1290 704 1339 esset
729 1281 950 1350 linguas,
992 1294 1119 1336 cum
1149 1278 1411 1337 clamaret
1443 1298 1457 1334 :
1494 1278 1668 1346 Pone,
1697 1277 1947 1345 Domine,
1983 1286 2158 1333 custo-

554 1378 700 1434 diant
726 1379 805 1433 eri
833 1392 947 1432 meo
976 1385 1027 1430 et
1054 1377 1243 1431 estiam
1279 1375 1683 1429 simussumus
1719 1373 1872 1429 iustis
1912 1373 2058 1438 meis,
2100 1380 2161 1425 ut

554 1485 663 1526 non
690 1469 913 1524 declinet
942 1484 1033 1523 cor
1058 1482 1228 1523 meum
1255 1469 1311 1521 in
1330 1467 1482 1521 certe
1507 1467 1651 1522 meta
1680 1465 1798 1537 (Ps.
1830 1480 1964 1532 exs,
1997 1464 2049 1531 5,
2075 1462 2152 1535 1i).

555 1561 617 1619 Si
642 1563 765 1635 quis
791 1576 920 1632 ergo
948 1566 1031 1617 est
1058 1560 1293 1632 sapians,
1318 1568 1489 1631 ponat
1515 1558 1817 1615 custodiam
1847 1558 1931 1614 ori
1950 1572 2070 1626 suo,
2101 1562 2158 1611 et

557 1653 653 1710 det
672 1654 814 1711 labia
835 1652 1054 1710 vinculo
1080 1651 1482 1708 taciturnitatis.

629 1746 684 1801 5.
724 1745 835 1802 Sed
884 1760 984 1801 nec
1024 1744 1185 1800 unius
1229 1751 1442 1798 tantum
1480 1743 1648 1814 partis
1684 1741 1863 1798 studia
1910 1741 2158 1813 procacis

525 1159 554 1212 vi

2267 544 2509 612 quamvis
2535 544 2605 599 sit
2633 545 2813 611 noxia,
2844 538 2997 603 facile
3026 554 3206 619 potest
3228 548 3465 615 tolerari,
3497 549 3547 605 si
3567 562 3660 604 res
3685 548 3845 622 iniquo

2264 635 2466 691 nutrita
2495 636 2719 692 consilio
2750 640 2859 693 non
2887 642 3215 709 provocetur
3247 640 3300 695 in
3327 640 3509 708 litem;
3544 639 3645 697 sed
3672 644 3759 697 aut
3780 650 3846 700 ta-

2263 725 2371 785 cita
2399 724 2598 798 doleat,
2628 732 2721 786 aut
2749 726 2803 786 in
2832 731 2943 788 suis
2976 728 3213 789 volutata
3240 733 3456 791 sedibus
3485 734 3842 805 conquiescat.

2263 812 2397 877 Tam
2425 815 2517 879 diu
2546 825 2689 880 enim
2717 824 2897 882 sanari
2917 824 3099 898 potest
3120 824 3423 897 iniquarum
3444 820 3695 883 valitudo
3714 831 3840 897 cogi-

2264 914 2557 985 tationum,
2590 928 2753 989 quam
2781 910 2873 975 diu
2902 910 2957 975 id
2996 918 3142 991 quod
3182 912 3346 977 corde
3386 918 3720 991 concipitur,
3764 938 3840 979 ore

2262 1011 2427 1068 tacito
2469 1012 2795 1068 continetur.
2829 1002 3029 1069 Verum
3077 1004 3169 1068 ubi
3209 1012 3374 1071 semel
3414 1004 3609 1082 lingua
3656 1018 3838 1072 rotante

2262 1100 2600 1177 proruperit,
2649 1096 2850 1161 ﬁ‘ustra
2898 1100 3167 1162 medicum
3205 1102 3428 1176 qumrit;
3461 1104 3585 1161 sine
3626 1092 3835 1163 remedio

2264 1206 2348 1254 est
2393 1196 2536 1254 enim
2577 1192 2735 1271 culpa
2777 1196 3100 1268 verborum;
3143 1194 3270 1270 quia
3304 1190 3473 1255 deleri
3520 1216 3644 1255 non
3687 1202 3836 1273 potest

2261 1285 2519 1361 quidquid
2548 1286 2905 1365 iacrymarum
2926 1288 3127 1347 inserta
3147 1308 3244 1362 per
3263 1307 3419 1348 aures
3438 1292 3756 1365 propagavit
3773 1293 3836 1347 in-

2258 1370 2419 1453 juria.
2466 1375 2662 1439 Audite
2709 1380 2994 1440 Dominum
3051 1383 3321 1441 dicentem
3359 1402 3372 1438 :
3406 1380 3603 1439 Facito
3656 1384 3729 1439 on'
3769 1390 3833 1442 ilo

2268 1474 2399 1530 ostia
2442 1478 2491 1530 et
2531 1484 2706 1544 serat,
2738 1476 2787 1533 el
2816 1476 2978 1532 verbis
3027 1477 3126 1532 luis
3174 1474 3332 1551 facito
3380 1480 3636 1533 stateram
3675 1466 3829 1550 (Ercii.

2263 1570 2456 1635 xxviii,
2480 1560 2595 1641 28).

2333 1654 2385 1714 5.
2425 1652 2506 1715 Ad
2536 1652 2651 1716 haec
2678 1654 2819 1717 forte
2846 1661 3197 1734 respondeas,
3222 1658 3351 1729 Quis
3373 1654 3541 1732 possit
3564 1658 3625 1715 in
3657 1662 3831 1717 tantula

2260 1748 2372 1808 oris
2396 1751 2480 1807 s‘ui
2499 1744 2641 1807 labia
2660 1753 2960 1820 continere,
2986 1761 3044 1809 ut
3065 1750 3258 1809 tacitus
3279 1752 3419 1809 dicm
3442 1750 3725 1809 transeat?
3740 1746 3829 1808 Non

556 1837 755 1908 lingua!»
780 1836 961 1908 pulsat
996 1835 1218 1890 invtdia-
1251 1833 1529 1903 Διαιὼιω
1555 1833 1773 1904 quidem
1800 1840 1884 1888 δεῖ
1911 1833 2054 1900 huic.
2087 1842 2156 1888 ne
2186 1832 2233 1909 It
2258 1838 2378 1900 haec
2402 1844 2671 1902 sententia
2700 1840 2942 1900 hdnesta!
2970 1845 3162 1916 lingua:
3181 1843 3451 1902 vinculum
3477 1844 3828 1903 taciturnitatis

556 1929 762 1998 aliquid
781 1927 1101 1998 injuriosum
1122 1924 1396 1998 proferat;
1418 1925 1513 1982 sed
1543 1941 1644 1982 nec
1664 1928 1845 1981 minus
1873 1925 1949 1980 illi
1977 1924 2161 1997 provi-

555 2020 813 2088 dendum,
842 2028 904 2076 ut
925 2019 1243 2076 insanientis
1269 2018 1506 2074 hominis
1532 2017 1677 2073 dicta
1697 2017 2007 2074 rationabili
2035 2028 2158 2073 ver-

556 2112 754 2171 borum
791 2113 1150 2185 responsione
1187 2112 1494 2184 supplodat.
1526 2111 1778 2181 “agnum
1816 2119 1999 2168 autem
2047 2118 2161 2167 stu~

558 2208 711 2264 dium
756 2216 840 2263 est
882 2206 1165 2263 servanda
1206 2205 1387 2277 pacis,
1429 2206 1479 2260 si
1515 2204 1926 2262 amaritudinem
1972 2206 2161 2262 attente

562 2299 761 2369 linguae
787 2297 987 2355 blando
1014 2297 1361 2369 prosequaris
1399 2296 1662 2367 alloquio,
1698 2298 1808 2354 cito
1853 2306 2036 2354 autem
2061 2298 2163 2355 ini-

561 2400 794 2463 quorum
834 2390 976 2446 labia
1023 2390 1228 2446 amicus
1271 2396 1453 2446 serum
1495 2389 1799 2446 confundit.
1830 2389 1974 2454 Sed,
2014 2390 2163 2461 quod

562 2482 719 2557 pejus
744 2489 859 2549 est,
890 2481 1101 2538 facilius
1137 2481 1384 2537 invenies
1420 2481 1514 2551 qui
1542 2488 1637 2536 aut
1663 2481 1806 2537 male
1839 2492 2055 2552 semper
2080 2482 2164 2538 di-

562 2591 708 2644 cere,
739 2583 833 2631 aut
861 2575 1091 2632 libenter
1117 2574 1261 2629 maia
1283 2574 1413 2630 velit
1445 2572 1651 2630 audire.
1676 2572 1820 2631 Nihil
1840 2583 1924 2631 est
1943 2576 2158 2640 stevius,

562 2666 698 2724 nihil
724 2666 1012 2725 violentius
1039 2666 1238 2722 amaris
1270 2666 1583 2737 asperisque
1608 2666 1987 2722 sermonibus:
2020 2676 2161 2738 quo-

561 2774 682 2817 rum
708 2759 935 2817 vulnera
961 2766 1116 2814 tanto
1137 2756 1406 2815 difﬁcilius
1426 2767 1702 2825 curantur,
1726 2760 1929 2829 quanto
1953 2760 2163 2816 facilius

560 2850 931 2923 proferuntur.
964 2850 1117 2907 Ferri
1144 2852 1350 2923 spicula
1393 2866 1492 2922 per
1514 2851 1710 2907 emtum
1739 2851 1971 2907 volantis
2004 2850 2164 2909 facile

558 2944 703 3001 scuti
723 2942 1029 3014 objeaione
1053 2944 1391 3010 contemnis;
1417 2944 1476 3015 ο
1501 2942 1793 2999 verborum
1829 2957 1960 2999 vero
1983 2943 2163 3013 jactus

560 3049 664 3092 nec
690 3035 935 3092 revocari
962 3043 1162 3107 potest,
1188 3051 1291 3092 nec
1316 3035 1609 3106 prohiberi,
1641 3035 1812 3091 multo
1840 3035 1985 3091 enim
2015 3036 2163 3091 velo-

558 3129 738 3186 ciores
782 3129 995 3199 sagittis
1040 3136 1187 3185 sunt.
1232 3127 1366 3195 Quae
1406 3134 1587 3183 autem
1633 3128 1710 3182 ibi
1756 3127 2160 3200 propugnacula

2263 1933 2471 1992 indicit.
2496 1932 2622 1991 Vult
2651 1928 2811 2008 plane
2832 1930 2979 2008 loqui
3007 1928 3314 2006 hominem;
3352 1934 3442 1994 sed
3469 1932 3703 1994 honesta
3730 1956 3827 2011 pru-

2264 2024 2561 2096 ferentem,
2603 2034 2668 2085 ac
2715 2025 2939 2100 paciiica
2986 2030 3334 2101 cogitantem.
3394 2012 3624 2085 Multum
3676 2036 3823 2085 autem

2262 2118 2442 2176 verbis
2468 2119 2690 2178 honoris
2714 2123 3001 2190 accrescit,
3038 2122 3084 2179 si
3113 2116 3421 2180 dulcisonos
3451 2116 3641 2193 organi
3671 2133 3825 2180 cantus

2265 2212 2411 2270 nulla
2440 2217 2636 2272 mentis
2665 2216 2970 2273 amaritudo
3004 2206 3317 2273 confundat.
3349 2212 3473 2275 llaec
3509 2210 3635 2274 ideo
3661 2234 3824 2290 propo-

2264 2310 2497 2372 suimus,
2528 2302 2895 2378 dilectissimi,
2926 2311 3053 2382 quia
3082 2306 3385 2366 invenimus
3424 2302 3624 2366 multos
3652 2308 3824 2382 aliquo-

2265 2400 2368 2456 ties
2416 2408 2522 2457 uno
2552 2400 2714 2472 atque
2743 2401 2935 2458 eodem
2967 2418 3217 2458 sermone
3258 2394 3503 2459 dulcibus
3540 2400 3714 2459 verbis
3748 2420 3820 2459 ve.

2266 2506 2403 2549 uena
2435 2490 2691 2563 miscere;
2724 2498 2779 2551 et
2813 2492 2949 2551 lictis
2978 2492 3126 2567 pacis
3156 2492 3429 2554 blanditiis
3449 2494 3624 2552 litium
3649 2508 3821 2567 pugnas

2264 2584 2509 2643 introire.
2534 2582 2673 2655 Quid
2703 2584 2817 2644 istis
2846 2584 3144 2654 infelicius,
3176 2586 3305 2658 Quid
3342 2580 3689 2660 periculosius
3725 2600 3819 2641 esse

2264 2684 2463 2751 potest,
2512 2678 2607 2751 qui
2660 2678 2866 2737 fallacis
2910 2676 3107 2753 lingua:
3153 2674 3331 2738 studio
3378 2682 3502 2737 vita:
3537 2680 3818 2737 insidiantur

2265 2770 2493 2827 aliena)?
2514 2770 2693 2840 Quare
2718 2768 2807 2829 isti
2836 2786 2945 2829 non
2973 2770 3268 2846 reSpiciunt
3297 2773 3365 2828 ad
3395 2770 3543 2829 illum
3582 2768 3818 2844 prophetiv

2264 2872 2386 2919 cum
2437 2863 2723 2936 psalmum,
2766 2865 2859 2936 qui
2887 2864 3017 2921 dicit
3050 2884 3061 2919 :
3106 2860 3389 2938 Disperdai
3424 2863 3669 2919 Dominus
3705 2858 3819 2917 labia

2265 2955 2446 3012 dolosa
2493 2956 2611 3030 (Ps.
2642 2962 2726 3024 xi,
2757 2952 2851 3028 4)?
2892 2954 3100 3015 Videtis
3135 2958 3237 3014 sub
3287 2957 3433 3028 quali
3480 2955 3819 3013 maledictione

2262 3048 2414 3113 vivit,
2445 3048 2539 3118 qui
2567 3044 2711 3105 aliud
2737 3050 2789 3105 in
2829 3050 2994 3107 corde
3019 3051 3169 3116 serit,
3195 3046 3339 3105 aliud
3369 3051 3424 3104 in
3462 3049 3633 3119 lingua
3666 3047 3819 3119 dispo—

2264 3136 2382 3194 nit?
2419 3136 2566 3197 Bene
2594 3140 2837 3214 profecto
2866 3146 3092 3198 noverat
3130 3136 3391 3197 Dominus
3426 3141 3545 3198 ω)ιὶ
3570 3156 3629 3197 ac
3665 3142 3816 3205 teme,

559 3220 904 3287 subveniant,
944 3227 1039 3276 aut
1063 3234 1187 3291 quis
1230 3219 1459 3275 munitio
1484 3225 1595 3275 tam
1622 3226 1811 3291 parata
1853 3225 2155 3289 succurrat,

2263 3232 2550 3305 aliquoties
2592 3235 2766 3293 malos
2802 3246 3114 3293 sanctorum
3160 3236 3340 3292 studia
3390 3234 3507 3292 (icta
3547 3233 3821 3289 humilitate

563 3313 655 3369 ubi
678 3314 934 3370 emissum
964 3313 1132 3369 telum
1166 3326 1305 3385 pene
1337 3321 1465 3368 ante
1502 3314 1736 3384 percutit
1762 3326 1924 3383 quam
1961 3324 2154 3385 procer»

562 3404 677 3462 dit?
703 3404 1026 3461 Enumerari
1055 3418 1164 3461 non
1208 3413 1391 3477 potest
1417 3405 1634 3475 quantis
1662 3405 1733 3461 sit
1759 3404 1940 3476 lingua
1964 3405 2159 3477 iaculis

560 3499 805 3558 accincta
825 3499 1137 3563 verborum,
1168 3499 1362 3569 quibus
1387 3500 1522 3555 satis
1550 3507 1859 3571 promptum
1884 3507 1969 3556 est
1993 3499 2159 3555 etiam

560 3605 684 3661 quae
710 3598 837 3647 sunt
864 3590 1056 3647 animm
1092 3592 1385 3647 secretiora
1414 3598 1719 3662 percutere.
1752 3590 2159 3663 Quamcumque

561 3692 747 3742 autem
774 3700 934 3741 aures
962 3683 1212 3756 injuriam
1240 3685 1560 3756 suscipiunt,
1589 3683 1733 3740 illico
1761 3685 1829 3740 ad
1866 3684 2046 3741 cordis
2072 3698 2158 3740 se-

561 3785 713 3834 creta
742 3778 1110 3834 transmittunt
1140 3796 1153 3832 :
1186 3778 1277 3834 ubi
1299 3779 1345 3833 si
1370 3776 1542 3834 semel
1571 3777 1856 3845 introierit,
1882 3780 1999 3834 sine
2019 3794 2159 3834 mor-

560 3866 633 3923 tis
661 3869 812 3924 exitu
840 3884 949 3924 non
976 3868 1198 3924 recedit.
1225 3868 1333 3923 Res
1353 3876 1533 3924 autem
1560 3884 1678 3939 qua:
1698 3869 1858 3924 nullis
1878 3870 2158 3925 medicinas

566 3958 846 4017 beneﬂciis
874 3960 1127 4030 indagata
1163 3959 1496 4026 excluditur,
1536 3960 1591 4015 in
1638 3968 1901 4032 perpetuo
1941 3956 2158 4017 dolores

557 4062 837 4126 operatur.
871 4052 1027 4110 Unde
1067 4052 1411 4124 castigandus
1445 4062 1529 4109 est
1549 4053 1744 4124 lingua
1775 4054 1961 4124 sonus,
1993 4068 2063 4111 ne
2090 4054 2157 4113 de

555 4145 817 4207 facilitate
843 4145 1137 4203 verborum
1166 4143 1330 4200 faciat
1357 4134 1660 4201 venenum.

629 4238 685 4295 4.
726 4238 787 4295 Si
815 4237 1188 4309 respiciamus,
1221 4236 1576 4305 dilectissimi,
1605 4238 1675 4293 ad
1701 4250 1890 4295 omnes
1917 4239 2013 4309 qui
2034 4254 2158 4295 cor-

555 4330 781 4404 poribus
807 4330 1155 4386 dominantur
1180 4328 1417 4397 dolores,
1446 4329 1577 4385 nihil
1598 4330 1840 4388 invenies
1863 4331 2010 4401 quod
2048 4346 2157 4388 non

554 4423 731 4497 possit
764 4432 860 4478 aut
886 4424 1030 4480 ferro
1058 4423 1257 4489 sanari,
1289 4430 1385 4478 aut
1404 4422 1601 4479 blanda
1627 4424 1999 4480 medicaminis
2021 4439 2155 4480 con—

554 4515 795 4575 fectione
822 4515 1037 4572 molliri.
1068 4514 1264 4571 Latere
1292 4520 1474 4571 autem
1495 4516 1766 4571 neminem
1784 4523 1965 4587 potest
1990 4530 2151 4587 quam

2267 3326 2547 3398 decipere;
2582 3329 2675 3397 qui
2714 3344 2810 3385 ore
2850 3329 3161 3398 evangelico
3197 3329 3368 3385 dicit:
3409 3327 3612 3382 Veniant
3636 3325 3699 3379 ad
3739 3328 3820 3380 res

2259 3416 2316 3473 in
2354 3420 2669 3474 vestimentis
2712 3421 2881 3474 ovium
2904 3461 2918 3487 ,
2964 3412 3024 3475 ab
3069 3420 3206 3476 intus
3256 3430 3430 3476 autem
3466 3430 3579 3476 sunt
3615 3417 3709 3490 lupi
3742 3435 3816 3471 re-

2260 3524 2413 3585 paces
2442 3508 2657 3587 (Matth.
2685 3530 2785 3577 vu,
2819 3510 2930 3587 i7).
2961 3510 3336 3571 inextricabile
3374 3513 3613 3586 proiecto
3648 3510 3807 3568 malum

2260 3610 2363 3669 est,
2383 3605 2571 3662 dolosa
2600 3606 2827 3663 consilia
2856 3607 3084 3663 miscere
3102 3602 3395 3664 blanditiis.
3413 3604 3550 3662 Nolo
3576 3614 3806 3676 suspectas

2260 3706 2546 3753 monerum
2578 3700 2892 3755 suavitates.
2918 3696 3049 3767 Quis
3069 3709 3250 3756 autem
3279 3698 3513 3756 libenter
3532 3694 3705 3755 haheat
3723 3697 3804 3753 aci-

2261 3784 2361 3847 dos
2394 3790 2558 3848 lactes
2576 3833 2590 3857 ,
2617 3800 2671 3848 et
2704 3794 2845 3849 tristi
2868 3790 3156 3849 herbarum
3189 3810 3384 3865 sapore
3404 3792 3678 3850 conditos?
3699 3788 3803 3846 Βίω-

2260 3883 2363 3941 cile
2390 3884 2551 3956 igitur
2572 3890 2751 3958 potest
2790 3884 2906 3942 iieri
2933 3892 2992 3941 ut
3031 3885 3119 3942 ille
3153 3886 3404 3957 cuiquam
3427 3885 3637 3957 placere
3654 3883 3798 3955 possit.

2260 3976 2353 4048 qui
2386 3976 2545 4034 simul
2574 3978 2784 4035 dulcem
2823 3986 2879 4035 et
2916 3976 3105 4035 falsam
3150 3994 3345 4048 aquam
3373 3976 3600 4051 profert.
3626 3973 3800 4045 Quando

2261 4074 2443 4127 autem
2466 4080 2548 4128 est
2570 4082 2629 4127 ut
2655 4080 2841 4142 gustus
2870 4088 2978 4127 non
3008 4070 3264 4138 oii'endat,
3288 4072 3335 4126 si
3362 4068 3489 4128 favo
3518 4070 3678 4128 mellis
3693 4084 3800 4141 qu:-

2260 4181 2491 4235 cumque
2519 4165 2821 4222 amaritudo
2849 4182 2907 4222 se
2950 4164 3211 4222 misceat?
3238 4162 3348 4221 Cor
3385 4164 3563 4237 ipsum
3598 4162 3798 4227 hominis.

2260 4259 2505 4328 Quamvis
2543 4257 2614 4313 sit
2641 4259 2820 4313 vivum
2852 4264 2907 4314 et
2933 4252 3167 4329 sapiens,
3201 4257 3411 4327 integra
3452 4254 3715 4329 prudentia
3733 4270 3801 4311 ca-

2262 4354 2364 4417 ret,
2405 4346 2551 4420 quod
2596 4349 2895 4406 amaritudo
2936 4348 3076 4405 fellis
3122 4347 3385 4405 infecerit.
3432 4344 3621 4405 Omnia
3664 4348 3801 4417 itaque

2261 4440 2501 4501 subdolae
2531 4445 2726 4500 mentis
2746 4444 3139 4516 compescenda
3168 4452 3296 4500 sunt
3315 4445 3447 4500 vitia
3467 4462 3481 4498 :
3505 4461 3574 4501 ne
3599 4443 3801 4499 damur

2266 4539 2445 4612 perint
2470 4538 2649 4612 aliqua
2686 4540 3021 4596 extrinsecus
3058 4555 3243 4595 amara
3269 4536 3572 4606 coniicere,
3600 4538 3739 4594 etiam
3756 4547 3802 4589 ea

554 4622 749 4681 graves
772 4609 881 4666 sint
908 4608 1156 4680 luporum
1184 4623 1426 4675 morsus,
1459 4623 1621 4679 quam
1643 4610 2008 4681 periculosum
2034 4624 2154 4665 ser-

2263 4602 2376 4704 quae
2405 4638 2530 4688 sunt
2557 4602 2610 4687 in
2632 4648 2728 4689 ore
2759 4640 2945 4687 nostro
2974 4626 3149 4687 dulcia
3176 4626 3440 4703 incipiant
3458 4602 3737 4702 displicere.

555 4700 804 4774 pentium
832 4701 980 4758 virus
1006 4718 1017 4754 :
1050 4700 1147 4757 sed
1176 4701 1261 4757 his
1286 4700 1443 4757 facile
1471 4701 1660 4757 obsisti
1695 4704 1878 4773 potest
1914 4710 2006 4759 aut
2029 4703 2155 4758 her-

556 4795 751 4852 barum
800 4810 984 4861 succo,
1017 4803 1112 4851 aut
1136 4803 1256 4851 arte
1298 4795 1650 4852 medicorum.
1683 4796 1982 4854 Verborum
2024 4814 2154 4854 vero

559 4886 902 4945 intolerabile
930 4887 1125 4944 vulnus
1151 4894 1237 4944 est
1267 4885 1519 4945 :difiiciie
1539 4890 1721 4945 autem
1750 4902 1944 4946 sanare
1975 4897 2156 4962 potest

558 4979 698 5035 alius
743 4980 948 5037 doloris
975 4996 1228 5047 causam,
1258 4995 1381 5051 qua:
1418 4982 1588 5038 semel
1615 4984 1827 5055 pectori
1866 4983 2029 5040 inlisa
2067 4999 2155 5041 se-

557 5070 683 5127 dem
710 5071 903 5126 animzc
924 5071 1158 5129 latenter
1180 5073 1454 5130 invaserit.
1486 5073 1684 5130 Audite
1712 5077 2036 5147 prophetam
2068 5078 2153 5133 dis

555 5172 772 5222 sentem
796 5183 810 5219 ε
844 5163 990 5221 Mors
1018 5175 1069 5221 et
1088 5168 1194 5221 vita
1220 5167 1275 5222 in
1303 5165 1543 5222 manibus
1570 5168 1764 5240 tinget!
1793 5169 1973 5242 (Prov.
2010 5184 2154 5237 svnt,

557 5255 672 5328 2i).
699 5254 838 5314 Vere
857 5298 874 5326 ,
903 5259 1285 5323 dilectissime,
1315 5259 1363 5314 si
1403 5258 1473 5315 ad
1502 5260 1759 5316 ulteriora
1790 5263 2078 5333 reSpicias,
2103 5273 2159 5320 et

556 5356 826 5404 tumorem
855 5352 1164 5422 exasperati
1192 5350 1373 5407 curuis
1398 5349 1685 5422 diligenter
1706 5354 1973 5424 inquiras,
2008 5355 2158 5413 luve-

557 5441 677 5498 nies
720 5442 1008 5501 verborum
1048 5444 1273 5500 vulnera
1320 5453 1527 5502 mortes
1572 5446 1807 5518 operari.
1840 5447 1978 5516 Quid
2022 5450 2155 5506 mihi

557 5544 744 5593 autem
763 5537 955 5608 aliquis
984 5539 1039 5594 in
1066 5538 1475 5611 comparatione
1500 5541 1784 5598 malitiosis
1807 5543 2002 5613 linguas
2030 5547 2155 5601 arti-

556 5625 743 5685 ﬁcium
769 5631 1016 5688 veneﬁcii
1052 5632 1324 5703 increpet,
1353 5634 1410 5690 et
1436 5634 1628 5694 noxias
1655 5636 1974 5708 poculdrum
2001 5629 2181 5694 com?

556 5720 859 5792 positiones
878 5725 1133 5781 accussti
1164 5722 1412 5781 Excessit
1438 5725 1530 5783 illa
1556 5734 1645 5784 res
1673 5736 1836 5785 omne
1861 5736 2030 5800 genus
2056 5740 2152 5788 ve-

2330 4716 2380 4778 6.
2425 4720 2621 4780 Audite
2649 4725 2970 4797 prophetam
2991 4722 3280 4792 dicentem,
3310 4723 3482 4791 Pone,
3508 4722 3728 4787 Domine,
3746 4734 3805 4773 α·

2257 4814 2483 4872 stodiam
2513 4818 2592 4872 ori
2621 4835 2750 4874 meo.
2784 4812 2913 4873 Πωο
2944 4826 3026 4874 est
3055 4816 3200 4873 utilis
3228 4817 3478 4873 custodia
3511 4816 3624 4873 oris
3644 4811 3805 4874 nostri.

2256 4915 2319 4965 ut
2348 4925 2452 4965 non
2480 4908 2634 4966 facile
2657 4904 2887 4966 declinet
2912 4927 3007 4967 cor
3023 4919 3265 4967 nostrum
3292 4911 3346 4966 in
3374 4910 3563 4978 verba,
3578 4919 3807 4982 quaecum-

2257 5016 2364 5072 que
2390 4999 2457 5057 ad
2483 5000 2834 5073 expugnanda
2856 5001 3005 5075 pacis
3025 5000 3202 5057 studia
3222 5011 3315 5057 aut
3335 5002 3509 5073 turpis
3529 5016 3698 5057 sermo
3715 5011 3811 5070 pro-

2261 5090 2384 5157 fert,
2418 5099 2511 5147 aut
2537 5090 2656 5146 vilis
2686 5096 2837 5147 actus
2861 5106 3108 5162 personae
3131 5090 3404 5161 contingit.
3434 5090 3585 5147 Inter
3601 5084 3813 5148 confusos

2263 5190 2443 5239 autem
2470 5183 2661 5253 lingua:
2689 5200 2851 5240 sonos
2875 5184 3142 5239 neminem
3173 5183 3426 5256 pmnituit
3450 5184 3693 5239 tacuisse.
3710 5179 3813 5236 Nam

2260 5273 2504 5330 videmus
2535 5273 2845 5344 frequenter
2878 5276 3042 5331 etiam
3070 5276 3357 5331 verborum
3388 5276 3532 5332 facta
3564 5275 3618 5330 in
3643 5275 3814 5331 crimen

2260 5365 2476 5433 venire,
2516 5374 2572 5422 et
2613 5366 2776 5421 nimia
2808 5365 3063 5422 facilitate
3106 5366 3392 5421 verborum
3435 5364 3681 5423 amicitiis
3717 5359 3816 5418 odia

2260 5457 2569 5515 succedere.
2603 5456 2827 5527 Quando
2866 5466 3045 5514 autem
3090 5466 3269 5531 potest
3307 5457 3425 5514 fieri
3453 5466 3515 5515 ut
3553 5458 3708 5515 homo
3744 5462 3817 5509 aut

2256 5552 2655 5623 magniloquos,
2690 5560 2781 5608 aut
2801 5553 3126 5623 maliloquus
3151 5569 3261 5608 non
3290 5552 3553 5609 habeatur
3572 5548 3824 5622 ingratus?

2256 5642 2413 5712 Quod
2438 5652 2615 5700 tamen
2650 5644 2841 5700 vitium
2863 5645 2907 5699 si
2943 5644 3215 5715 requiras,
3240 5644 3640 5716 superabundat
3657 5643 3706 5698 in
3733 5638 3815 5695 ali-

2256 5734 2472 5805 quantis
2502 5732 2716 5791 ieminis
2736 5754 2746 5789 :
2769 5747 2889 5805 qutc
2909 5734 3047 5791 sicut
3068 5742 3176 5791 non
3196 5734 3447 5792 dubitant
3464 5752 3581 5807 qua:
3594 5743 3709 5790 sunt
3722 5741 3813 5785 tur-

556 5815 714 5885 ueni,
745 5831 864 5887 qua:
902 5834 1008 5875 non
1049 5826 1229 5891 potest
1269 5820 1372 5878 nisi
1412 5827 1588 5878 morte
1625 5827 1911 5895 compesci.
1963 5822 2149 5883 Omnis
2252 5829 2344 5902 pia
2373 5830 2580 5900 dicere,
2612 5830 2685 5887 ita
2713 5846 2814 5888 nec
2836 5845 2900 5888 ca
2929 5844 3051 5901 qua:
3078 5837 3205 5889 sunt
3224 5829 3476 5902 pudenda
3502 5826 3808 5886 mnu-n-
