3924 6368
158 315 251 377 709

1593 308 1870 370 ΙΙΟΜΙΗΔ
1913 311 1996 368 Vl.

3320 327 3423 388 πο

156 441 234 489 tur
251 430 455 488 audire.
488 427 595 486 Sed
620 443 722 486 nec
752 442 853 486 nos
874 425 976 484 ista
1002 425 1248 494 dicimus,
1273 433 1332 484 ut
1358 425 1550 498 aliquis
1578 443 1722 484 sem-
1747 428 1800 489 Α
1826 425 2085 497 improb-.c
2115 425 2453 500 pervasionis
2490 429 2739 488 accendit
2790 429 2919 490 Haec
2945 433 3090 492 enim
3127 445 3304 495 mater
3341 449 3423 497 est

155 540 243 596 per
261 536 450 578 vocem
471 536 621 576 suam
644 535 831 592 presso
853 534 949 576 ore
977 519 1282 585 contineat,
1323 525 1379 574 et
1403 518 1598 590 lingua:
1631 534 1724 574 so-

156 631 273 673 num
294 615 541 671 obductis
560 614 716 670 labiis
736 621 996 686 perpetua
1018 613 1355 669 taciturnitas
1375 612 1632 668 includat.
1660 609 1730 668 Ut

155 707 366 764 nimium
395 705 569 762 malos
595 705 744 776 loqui
767 705 1037 774 ingratum
1065 711 1182 772 est,
1213 705 1288 761 ita
1315 704 1504 762 inutile
1527 712 1610 763 est
1629 705 1730 762 bo-

153 817 243 857 nos
261 814 478 871 semper
501 807 702 856 tacere.
725 796 860 854 Cum
881 813 1018 869 opus
1039 811 1170 870 ergo
1189 797 1371 866 fuerit.
1393 797 1730 871 proferamus

154 892 303 947 verba
325 890 550 960 justitize
574 908 588 945 :
617 891 690 948 sit
720 906 784 947 os
808 897 1055 948 nostrum
1083 890 1379 948 conditum.

219 983 270 1038 7.
307 981 420 1038 Sed
451 982 589 1042 dicis
628 981 800 1050 forte,
831 981 952 1038 Non
977 990 1162 1055 potest
1187 999 1296 1039 non
1316 983 1606 1054 aliquando
1643 998 1732 1041 re-

151 1076 412 1151 spondere
441 1085 786 1149 provocatus.
811 1076 1120 1134 Tacendum
1147 1085 1232 1133 est
1268 1077 1459 1148 plane,
1481 1092 1604 1132 cum
1631 1077 1733 1133 im-

153 1167 343 1242 probus
366 1183 550 1225 sermo
579 1168 720 1224 labia
747 1169 930 1241 quieta
971 1169 1261 1237 sollicitat;
1291 1176 1348 1225 et
1369 1169 1729 1240 loquendum,

153 1277 263 1320 cum
284 1277 348 1318 es
369 1263 606 1319 amicum
634 1263 784 1334 pacis
802 1263 980 1320 studia
1007 1264 1372 1321 commendat.
1401 1263 1482 1320 ita
1509 1272 1566 1322 et
1585 1265 1735 1335 loqui

153 1365 202 1413 et
235 1364 421 1413 tacere
446 1356 709 1427 perfectio
745 1365 848 1413 est.
893 1356 993 1414 Est
1027 1367 1209 1415 autem
1247 1360 1526 1430 utriusque
1566 1361 1735 1432 partis

152 1463 298 1506 causa
326 1448 623 1504 verborum
650 1450 888 1510 tenuisse
907 1466 1237 1508 mensuram.
1273 1450 1523 1523 Magnum
1542 1460 1627 1510 est
1656 1461 1736 1509 ta-

152 1553 283 1603 cere,
307 1553 570 1609 magnum
590 1548 676 1596 est
707 1541 889 1612 loqui;
919 1541 1016 1598 sed
1052 1542 1312 1614 sapientis
1347 1551 1431 1599 est
1451 1551 1736 1614 utrumque

151 1630 434 1687 moderari.
463 1630 600 1688 Nam
621 1633 908 1703 aliquoties
935 1635 1099 1690 nimia
1129 1635 1467 1692 taciturnitas
1495 1636 1737 1694 stultitia:

1828 520 2115 590 superbiai,
2150 522 2240 576 illa
2271 523 2520 591 luxuriae;
2561 539 2791 596 quarum
2830 542 2936 582 una
2963 528 3231 598 falsitatis,
3258 533 3426 590 altera

1827 609 2186 668 deformitatis
2222 621 2307 669 est
2349 615 2497 671 socia
2539 633 2552 668 :
2598 617 2795 686 quibus
2821 619 2988 674 studii
3028 629 3112 676 est
3139 623 3428 680 homicidia

1827 716 2113 771 exercere,
2167 704 2433 762 adulteria
2485 704 2782 774 fabricare,
2833 711 3191 768 amicitiarum
3239 714 3430 772 funda-

1826 802 2008 852 menta
2035 795 2346 864 destruere;
2385 812 2508 853 cum
2535 799 2774 868 quedam
2801 804 3127 860 commercio
3167 805 3427 862 foeditatis

1826 886 2025 943 furtivo
2053 887 2225 944 amori
2252 888 2558 946 mercedem
2584 893 2826 962 suggerit
2849 894 3140 966 cupiditas,
3175 899 3424 955 occasio-

1830 995 1954 1036 nem
1989 989 2208 1054 pnestat
2235 981 2490 1040 ebrietas.

1901 1069 1955 1125 2.
1987 1071 2096 1128 Sed
2124 1073 2258 1142 hmo,
2289 1074 2655 1142 dilectissime,
2686 1076 2826 1134 sicut
2853 1079 3145 1151 aliquoties
3170 1080 3423 1150 diximus,

1831 1181 2000 1238 parvo
2028 1168 2234 1238 poteris
2264 1168 2451 1226 labore
2478 1171 2753 1239 cohibere,
2785 1173 2832 1229 si
2859 1174 2950 1230 illa
2977 1175 3128 1246 prius
3145 1191 3268 1246 qum
3299 1192 3429 1247 pec-

1833 1257 1991 1314 candi
2015 1258 2257 1316 fomitem
2277 1269 2553 1333 priestant,
2569 1264 2806 1320 volueris
2832 1281 3084 1324 resecare
3107 1284 3124 1322 :
3150 1283 3253 1323 nec
3273 1268 3432 1338 plane

1835 1348 2053 1406 difﬁcile
2089 1350 2188 1407 tibi
2235 1352 2340 1407 erit
2375 1368 2724 1426 compescere
2762 1371 2884 1426 quas
2925 1365 3245 1428 sequuntur,
3281 1359 3326 1414 si
3364 1375 3432 1416 ea

1835 1458 1956 1514 quze
1990 1450 2117 1500 sunt
2149 1441 2204 1500 in
2246 1445 2424 1518 capite
2455 1446 2586 1504 vitia
2621 1448 2886 1518 castigata
2926 1450 3266 1508 damnentur.
3307 1451 3430 1508 Cito

1837 1536 1981 1591 enim
2010 1536 2262 1593 universa
2299 1537 2545 1609 corporis
2575 1537 2830 1609 iunctura
2868 1539 3102 1606 deficiet,
3134 1543 3180 1599 si
3218 1557 3328 1599 non
3362 1541 3434 1599 sit

1838 1627 1930 1697 qui
1958 1628 2133 1683 ventri
2159 1627 2406 1700 improbo
2426 1629 2682 1700 pabulum
2706 1631 3096 1690 subministret.
3132 1633 3284 1692 Unde
3304 1643 3433 1692 ante

153 1721 452 1787 ascribitur,
480 1723 622 1778 sicut
643 1732 700 1779 et
724 1725 1014 1782 verborum
1041 1726 1291 1783 nimietas
1309 1727 1378 1784 ad
1405 1727 1640 1785 furorem
1657 1743 1740 1786 ι-θ.
1839 1719 2021 1774 omnia
2043 1720 2321 1776 ebrietatis
2338 1720 2454 1777 sive
2471 1721 2783 1794 cupiditatis
2802 1725 3114 1794 castiganda
3135 1734 3262 1782 sunt
3281 1727 3428 1793 vitia,

154 1814 330 1870 rei-iur.
365 1813 444 1870 De
469 1829 575 1884 qua
603 1830 663 1872 re
689 1815 737 1871 si
765 1817 936 1873 nostri
963 1819 1286 1874 seuieniiam
1319 1820 1563 1889 requiras
1582 1820 1727 1876 iii-bi.
1763 1807 1809 1868 B
1833 1826 1954 1882 quae
1990 1812 2094 1868 sibi
2127 1813 2269 1870 inter
2294 1821 2490 1871 caetera
2519 1815 2794 1872 vindicant
2819 1817 3216 1890 principatum;
3247 1825 3310 1880 ut
3341 1818 3432 1876 illa

152 1906 255 1972 trii,
279 1904 400 1976 jam
430 1907 577 1962 malo
604 1907 797 1979 aliquis
824 1909 1054 1966 tacendo
1081 1911 1298 1978 stultus,
1323 1927 1488 1982 quam
1509 1912 1733 1968 nimium

155 1999 417 2070 loquendo
445 2001 714 2071 iudicetur
731 2002 972 2061 insanus.
1000 2003 1311 2075 Loquamur
1327 2019 1476 2077 ergo,
1500 2007 1596 2062 sed
1609 2023 1732 2064 cum

154 2093 341 2148 timore
364 2102 423 2149 et
453 2102 708 2162 tremore,
738 2097 1039 2165 cogitantes
1067 2096 1135 2154 de
1161 2097 1414 2154 omnibus
1441 2099 1620 2154 verbis
1641 2115 1731 2155 ra-

153 2183 346 2238 tionem
375 2199 499 2240 esse
527 2185 854 2242 reddendam
877 2187 1106 2261 (Matth.
1130 2204 1222 2256 xu,
1247 2189 1336 2262 56)
1363 2208 1376 2244 ε
1409 2191 1483 2246 ita
1513 2199 1574 2246 ut
1601 2191 1732 2247 nihil

154 2274 211 2330 de
234 2275 403 2332 corde
433 2285 622 2334 nostro
646 2277 888 2349 iniquum
908 2287 1088 2348 exeat,
1119 2281 1252 2337 nihil
1278 2282 1346 2338 de
1366 2298 1464 2339 ore
1483 2283 1733 2355 blasphe-

155 2383 284 2423 mum
305 2369 594 2440 procedat,
628 2370 760 2426 nihil
785 2372 1020 2428 resideat
1047 2373 1101 2430 in
1123 2374 1456 2446 cogitatione
1475 2378 1621 2446 quod
1636 2379 1732 2434 he-

156 2457 253 2514 dat.
282 2457 426 2515 Nam
455 2469 651 2531 praiter
678 2462 767 2518 illa
795 2463 989 2534 quibus
1021 2464 1236 2522 auditus
1265 2465 1573 2535 offenditur,
1603 2485 1736 2539 quo-

157 2553 390 2608 rumdam
415 2553 732 2611 interiorem
750 2557 1137 2614 conscientiam
1165 2560 1428 2631 propheta
1454 2562 1685 2631 castigat
1715 2581 1728 2616 :

158 2641 310 2698 Latia
351 2645 537 2702 dolosa
561 2646 616 2702 in
642 2663 734 2702 ore
756 2658 809 2703 et
835 2649 992 2704 corde
1016 2650 1174 2706 locuti
1192 2662 1314 2706 sunt
1333 2652 1475 2708 mala
1495 2652 1620 2726 (Ps.
1656 2669 1728 2720 xi,

157 2735 223 2803 5).
251 2734 402 2792 inter
423 2737 543 2792 illas
563 2752 694 2809 ergo
722 2739 1004 2798 insolentis
1040 2741 1237 2812 linguae
1277 2744 1492 2814 culpas,
1523 2744 1732 2814 cogita-

157 2827 338 2882 tiones.
363 2825 502 2883 Nam
524 2828 782 2899 quidquid
803 2830 857 2885 in
880 2831 1044 2888 corde
1065 2832 1322 2904 loqueris,
1347 2834 1575 2890 Domino
1603 2850 1735 2892 con-

157 2918 340 2986 fiteris;
361 2922 493 2991 quia
522 2921 666 2978 Deus
693 2933 964 2980 scrutator
987 2934 1072 2982 est
1098 2927 1293 2983 cordis.
1321 2927 1509 2985 Videte
1527 2944 1658 2999 ergo
1685 2931 1734 2987 si

155 3014 313 3082 possit
342 3011 460 3068 fieri
489 3020 549 3068 ut
575 3013 652 3068 illi
671 3015 946 3072 occultam
974 3026 1067 3073 aut
1085 3027 1399 3074 excusatum
1426 3021 1596 3092 possit
1613 3037 1735 3077 esse

156 3105 285 3172 quod
305 3105 548 3169 clamas,
577 3121 743 3177 quem
773 3123 883 3166 non
916 3118 1097 3180 potest
1124 3111 1291 3168 latere
1327 3114 1473 3184 quod
1502 3115 1728 3185 cogitas.

1833 1920 1952 1976 quae
1979 1907 2064 1963 his
2085 1907 2473 1980 obsequuntur,
2505 1925 2605 1968 suo
2633 1911 3009 1982 pericliteiitur
3027 1912 3224 1970 officio.
3250 1912 3432 1970 Facile

1833 2004 1918 2054 est
1943 1999 2088 2054 enim
2116 2001 2363 2070 quamvis
2385 2001 2638 2074 profundi
2657 2004 2885 2074 gurgitis
2915 2004 3117 2060 undam
3143 2005 3354 2072 siccari,
3383 2005 3432 2062 si

1834 2096 1986 2145 ortus
2019 2105 2174 2161 aquae
2204 2093 2378 2162 possit
2404 2093 2636 2150 excludi.
2676 2093 2844 2152 Multa
2871 2096 3109 2167 quidem,
3147 2096 3432 2155 dilectissi-

1833 2181 1926 2248 mi,
1958 2181 2136 2239 adhuc
2159 2183 2227 2238 de
2254 2183 2338 2240 his
2357 2200 2478 2257 quze
2496 2185 2804 2255 recolimus,
2831 2189 3108 2245 memoria:
3132 2203 3431 2259 suggerun-

1833 2281 1923 2330 tur
1952 2291 1966 2329 :
2010 2275 2106 2331 sed
2142 2276 2270 2346 quia
2311 2277 2598 2348 aliquoties
2634 2279 2690 2334 in
2728 2279 3043 2336 earumdem
3079 2281 3434 2350 castigatione

1834 2364 2197 2423 satisfecimus
2236 2361 2560 2440 disciplinae,
2606 2375 2860 2442 putamus
2900 2387 3000 2442 pro
3039 2387 3433 2430 commemora-

1835 2456 1985 2514 tione
2011 2472 2192 2514 rerum
2216 2459 2378 2516 hodie
2402 2460 2546 2516 dicta
2573 2477 2735 2532 posse
2764 2460 3030 2520 sufficere.
3064 2459 3220 2520 Unde
3250 2478 3321 2522 ex
3348 2464 3434 2521 his

1833 2565 1954 2621 qua:
1982 2554 2232 2623 praesenti
2260 2552 2500 2609 materia:
2521 2549 2773 2611 videntur
2799 2555 3021 2622 inserta,
3051 2556 3268 2614 interim
3291 2567 3430 2614 tem-

1834 2656 2107 2714 peramus,
2124 2642 2299 2700 donec
2318 2643 2530 2700 illarum
2550 2645 2785 2716 partium
2807 2646 3032 2703 crimina
3051 2662 3173 2720 qua:
3192 2648 3432 2719 aliquan-

1835 2734 1904 2790 tis
1933 2733 2108 2791 facilia
2133 2735 2404 2803 videntur,
2437 2753 2791 2808 exponamus.

1907 2827 1959 2882 5.
1991 2826 2248 2896 Audistis,
2273 2829 2627 2898 dilectissimi,
2657 2832 3042 2904 evangelistam
3062 2829 3332 2892 dicentem
3360 2835 3430 2892 de

1836 2918 2025 2975 otiosis
2058 2921 2239 2976 verbis
2275 2921 2503 2978 Domino
2540 2925 2807 2980 rationem
2840 2921 3172 2982 reddendam
3201 2925 3427 2999 (Ibid.).

1835 3011 1894 3070 Si
1920 3013 2237 3086 respiciatis,
2261 3015 2614 3086 dilectissimi,
2650 3019 2717 3072 ad
2740 3019 2854 3075 haec
2879 3033 2999 3089 qua:
3024 3019 3428 3090 proposuimus,

1836 3114 1893 3162 et
1929 3107 2018 3163 illa
2046 3123 2165 3178 qua:
2193 3109 2248 3163 in
2275 3111 2632 3180 castigatione
2671 3112 3082 3184 indiscipiinaue
3110 3113 3304 3183 linguae
3333 3113 3434 3168 ali-

157 3192 300 3253 Oinni
331 3199 518 3270 itaque
542 3201 752 3268 studio,
775 3202 1140 3271 dilectissimi,
1172 3206 1365 3276 aqua“
1395 3207 1609 3264 vinculo
1638 3224 1734 3265 om
1761 3189 1807 3254 C
1836 3202 2048 3272 quoties
2074 3202 2338 3271 diximus;
2370 3204 2668 3276 intelligitis
2698 3205 2838 3262 hanc
2865 3207 3188 3263 sententiam
3218 3206 3288 3262 ad
3319 3207 3432 3263 oris

157 3299 332 3348 nostra
359 3295 738 3353 moderentur.
761 3297 902 3354 Nihil
935 3299 1205 3368 ingratum
1239 3299 1418 3370 lingua
1458 3301 1730 3373 proferat,

159 3384 279 3440 nihil
297 3385 620 3457 injuriosum
643 3390 921 3462 improbus
941 3405 1120 3448 sermo
1139 3390 1440 3462 conlingat,
1465 3395 1595 3450 nihil
1615 3395 1737 3451 sub-

155 3477 350 3546 dolum,
386 3481 521 3536 nihil
546 3481 795 3539 dolosum
824 3483 878 3540 in
899 3484 1066 3542 corde
1095 3495 1282 3542 nostro
1303 3487 1394 3553 sit,
1421 3488 1551 3544 nihil
1577 3503 1736 3561 aspe-

158 3583 287 3635 rum,
313 3571 451 3628 nihil
465 3575 721 3630 otiosum.
738 3574 871 3631 Nam
893 3576 1152 3635 Dominus
1178 3578 1315 3634 dixit
1333 3580 1500 3636 etiam
1525 3581 1592 3636 de
1613 3593 1735 3636 ver-

159 3661 233 3719 bis
258 3665 452 3721 otiosis
478 3668 743 3725 rationem
763 3683 884 3726 esse
909 3670 1237 3727 reddendam
1261 3671 1477 3744 (Matth.
1501 3691 1593 3739 xn,
1619 3672 1731 3745 56).

159 3755 408 3822 Quamvis
446 3768 630 3816 autem
667 3761 860 3832 aliquis
901 3762 1064 3818 vitam
1107 3763 1210 3820 fide
1237 3766 1473 3834 muniat,
1510 3766 1735 3822 scientia

158 3860 335 3921 regat,
377 3855 627 3910 castitate
673 3865 728 3911 et
763 3857 1058 3914 sobrietate
1101 3869 1427 3932 componat;
1471 3863 1603 3918 nihil
1653 3871 1736 3919 est

157 3945 294 4011 quod
325 3944 376 3999 in
401 3946 622 4003 homine
651 3948 892 4019 placeat,
923 3951 971 4006 si
999 3951 1055 4006 in
1084 3959 1200 4009 toto
1227 3968 1459 4026 corpore
1489 3955 1606 4012 sola
1633 3955 1736 4011 lin-

157 4050 253 4107 gua
280 4038 583 4112 displiceat.

673 4205 732 4278 9
779 4203 1064 4262 eorum
1110 4207 1199 4266 γι.

693 4295 772 4352 De
799 4299 976 4354 otiosis
1004 4299 1184 4356 verbis.

222 4381 273 4439 l.
307 4383 783 4458 Quotiescumque,
815 4389 1168 4457 dilectissimi,
1201 4408 1302 4464 pro
1334 4394 1513 4450 studio
1551 4411 1738 4452 neces-

157 4475 326 4533 sitatis
351 4479 508 4534 nobis
535 4479 755 4535 creditm
793 4496 1011 4538 causam
1046 4485 1391 4541 tractavimus
1423 4485 1733 4558 disciplinae,

1835 3292 2175 3350 insolentiam
2200 3295 2510 3366 pertinere:
2534 3295 2688 3365 cujus
2711 3293 2854 3353 dicta
2879 3298 3128 3368 quamvis
3151 3297 3329 3354 otiosa
3349 3297 3432 3354 di-

1834 3394 2048 3453 cantur,
2086 3403 2196 3442 non
2225 3395 2407 3444 tamen
2435 3388 2609 3445 otiose
2643 3389 2924 3445 tractanda
2953 3397 3097 3446 sunt.
3129 3389 3301 3446 Nemo
3329 3405 3435 3448 au-

1835 3487 1944 3536 tem
1975 3479 2163 3536 credat
2195 3479 2368 3536 levem
2396 3495 2516 3536 esse
2553 3480 2786 3552 culpam,
2817 3496 2978 3551 quam
3011 3489 3295 3553 tantopere
3319 3497 3435 3540 cm-

1835 3571 1985 3628 lestis
2023 3572 2294 3628 sententia
2321 3571 2674 3629 districtionis
2701 3573 2998 3644 impugnat.
3023 3573 3163 3628 Hinc
3199 3571 3434 3644 denique

1835 3665 2150 3734 exsequitur
2169 3664 2426 3735 quidquid
2447 3663 2588 3718 fama
2616 3665 2876 3720 mentitur
2900 3683 2913 3718 :
2943 3665 3120 3720 otiosa
3140 3672 3267 3720 sunt
3285 3665 3432 3721 enim

1836 3771 2050 3828 semper
2077 3755 2407 3813 infructuosa
2435 3755 2704 3826 colloquia
2738 3755 2846 3812 ficti
2885 3755 3121 3812 rumoris
3159 3757 3428 3828 exposita.

1838 3847 1940 3916 Qui
1968 3858 2148 3904 autem
2169 3849 2438 3920 putandus
2458 3855 2542 3906 est
2565 3849 2772 3905 otiosus
2791 3864 2912 3905 esse
2937 3865 3135 3917 sermo,
3158 3851 3261 3906 nisi
3281 3850 3433 3919 igna-

1837 3959 1930 3998 rus
1957 3943 2182 4000 rationis
2209 3950 2264 3999 et
2294 3943 2514 3998 nuntius
2542 3941 2822 4010 falsitatis;
2850 3944 2936 4006 cui
2959 3944 3012 3998 id
3032 3945 3193 4000 studii
3215 3952 3315 4011 est,
3339 3951 3436 4000 aut

1837 4036 2061 4092 ridenda
2101 4036 2427 4106 contingere,
2471 4043 2564 4091 aut
2601 4036 2669 4092 de
2697 4037 2916 4093 incertis
2939 4037 3095 4106 quasi
3123 4047 3273 4094 certa
3299 4053 3429 4094 sen-

1838 4127 1978 4184 tire?
2005 4127 2100 4183 Est
2128 4138 2308 4185 autem
2337 4129 2443 4186 hoc
2467 4143 2638 4198 genus
2676 4128 2974 4195 hominum,
3009 4129 3154 4198 quod
3179 4129 3308 4184 dum
3350 4128 3431 4184 fa-

1838 4219 1993 4278 bulas
2025 4223 2215 4292 pascit,
2248 4223 2421 4278 nescit
2449 4237 2644 4277 cavere
2673 4221 3033 4278 mendacium.
3066 4221 3303 4276 Audiam
3344 4223 3436 4279 isti

1839 4313 2125 4369 Dominum
2155 4314 2425 4370 dicentem
2458 4331 2472 4367 :
2515 4310 2587 4368 Os
2621 4313 2759 4386 quod
2796 4315 3060 4379 mentitur,
3104 4314 3292 4370 occidit
3320 4315 3437 4372 ani-

1837 4419 1980 4458 mam
2011 4403 2164 4477 (Sep.
2201 4421 2238 4470 ι,
2274 4403 2380 4476 il).
2413 4401 2598 4460 Otiosa
2637 4405 2803 4460 verba
2840 4411 2969 4460 sunt
2997 4404 3221 4475 figurata
3251 4407 3438 4463 convi-

1840 4499 1944 4564 cia,
1987 4498 2152 4553 stulta
2185 4498 2498 4568 fatigatione
2535 4499 2858 4570 composita,
2901 4498 3150 4555 dulcibus
3180 4507 3238 4554 ut
3273 4499 3440 4570 aliqui

157 4564 278 4620 dum
305 4570 553 4638 graviora
590 4571 842 4641 persequi
882 4573 1164 4641 voluimus,
1204 4575 1475 4646 aliquanta
1505 4579 1741 4648 neglexi~
1767 4574 1821 4636 D
1845 4597 2052 4661 putant,
2077 4589 2175 4646 sed
2203 4564 2386 4644 multis
2407 4589 2648 4646 accincta
2661 4564 2849 4660 plagis
2882 4605 2948 4645 ac
2973 4588 3262 4646 mortiferis
3292 4564 3441 4648 insu-

159 4674 274 4715 mus
308 4679 320 4715 :
357 4677 476 4732 qua:
516 4663 642 4719 licet
681 4665 973 4734 aliquantis
998 4666 1285 4724 videantur
1317 4667 1512 4738 facilia,
1544 4671 1590 4726 si
1617 4671 1740 4728 dili-

162 4753 363 4822 gentius
398 4756 662 4825 requiras,
703 4758 888 4814 multis
921 4751 1234 4818 criminibus
1272 4763 1620 4820 inveniuntur
1645 4765 1743 4822 ob-

159 4844 331 4900 noxia.
363 4845 568 4915 Quibus
601 4866 743 4907 nunc
764 4852 1087 4923 porrigenda
1124 4871 1314 4913 manus
1341 4866 1443 4924 est,
1473 4867 1530 4915 et
1557 4859 1743 4916 elabo—

158 4935 380 4992 randum
421 4940 601 4998 studio
629 4944 926 5012 medicinae,
957 4955 1018 5002 ut
1061 4964 1394 5020 unaqumque
1431 4965 1518 5008 res
1555 4952 1742 5024 culpas

154 5039 266 5083 sum
299 5028 624 5090 infirmitatis
665 5049 940 5108 agnoscat.
968 5038 1183 5098 Currite
1207 5055 1338 5112 ergo
1372 5059 1472 5116 per
1507 5045 1736 5116 singula,

155 5116 203 5174 si
227 5120 455 5192 videtur,
477 5139 601 5198 quze
626 5137 720 5184 aut
747 5147 921 5202 preme
949 5135 1213 5204 serviunt,
1245 5145 1338 5194 aut
1363 5137 1560 5195 iretitia
1587 5138 1740 5195 blan~

156 5207 404 5285 diuntur;
424 5226 483 5275 et
499 5220 785 5280 invenietis
811 5242 918 5283 non
943 5229 1122 5286 solum
1151 5231 1207 5286 in
1237 5232 1390 5288 saevis
1417 5231 1741 5291 draconibus

157 5324 380 5381 regnare
420 5316 641 5372 noxium
675 5319 851 5387 virus,
892 5323 986 5378 sed
1027 5326 1190 5381 etiam
1229 5327 1301 5386 in.
1323 5328 1534 5398 exiguis
1577 5344 1739 5400 apum

144 5416 359 5462 venena
385 5407 560 5466 latere
585 5415 920 5484 corporibus.
957 5416 1289 5488 Frequenter
1311 5421 1563 5491 diximus,
1599 5424 1740 5482 diie-

143 5495 403 5580 ‘etissimi,
441 5501 762 5562 ebrietatem
793 5515 850 5563 et
879 5511 1222 5580 cupiditatem
1261 5517 1522 5586 quosdam
1563 5518 1740 5576 fontes

139 5585 278 5676 [⁸³³⁸
297 5592 568 5663 mimum.
591 5612 656 5654 ex
682 5599 877 5669 quibus
895 5603 1112 5672 quidam
1134 5613 1401 5666 torrentes
1420 5613 1739 5684 praecipitati

156 5690 494 5776 peccatorum
523 5699 834 5760 nascuntur,
870 5697 963 5765 qui
991 5711 1173 5753 secum
1203 5702 1489 5758 maximam
1531 5716 1738 5776 partem

155 5771 372 5837 humani
406 5784 624 5852 generis
667 5785 722 5842 in
770 5787 1093 5858 profundum
1135 5794 1352 5850 trahunt
1397 5816 1410 5851 :
1454 5771 1574 5855 cum
1615 5802 1742 5859 hinc

156 5868 387 5933 ebrietas
411 5878 548 5950 gula:
568 5881 832 5952 gurgitem
862 5881 1024 5952 fovet,
1060 5885 1184 5944 inde
1213 5889 1474 5960 cupiditas
1505 5894 1737 5951 furorem

1843 4699 1944 4756 per
1979 4697 2190 4739 armata
2226 4681 2520 4754 suppliciis.
2553 4682 2688 4738 Nam
2719 4674 2968 4754 quamvis
3008 4684 3248 4740 iretitiam
3293 4685 3442 4742 exci-

1843 4783 1980 4842 tent,
2013 4775 2136 4832 odia
2167 4782 2345 4832 tamen
2371 4774 2685 4848 frequenter
2710 4778 2972 4834 incidunt.
2997 4777 3161 4834 Multa
3181 4787 3326 4845 sunt,
3356 4779 3441 4836 di-

1842 4869 2139 4937 lectissimi,
2172 4870 2256 4926 his
2283 4870 2497 4936 similia,
2529 4886 2650 4941 qum
2675 4871 2816 4928 forte
2845 4887 2951 4928 non
2979 4871 3089 4927 sint
3115 4872 3438 4944 prietermit-
3508 4941 3512 4946 φ

1844 4961 2034 5028 tenda,
2077 4962 2206 5019 licet
2244 4962 2388 5017 inter
2426 4962 2609 5017 omnia
2652 4963 2941 5020 verborum
2984 4963 3115 5019 vitia
3155 4963 3443 5022 videantur

1847 5063 2110 5113 extrema.
2142 5053 2219 5122 Si,
2247 5055 2397 5111 verbi
2423 5055 2616 5124 gratia,
2647 5054 2921 5111 hominem
2949 5054 3084 5112 fusci
3111 5054 3312 5112 coloris
3343 5071 3448 5128 aps

1847 5150 2017 5222 pellas
2055 5158 2391 5220 argenteum,
2433 5151 2670 5206 otiosum
2710 5151 2932 5206 verbum
2973 5149 3224 5220 iniuriam
3269 5150 3410 5208 faeie

1848 5243 1976 5313 quia
2003 5243 2050 5298 si
2083 5258 2268 5299 verum
2296 5241 2518 5309 dixeris,
2550 5243 2848 5310 accusasti;
2879 5243 2925 5299 si
2953 5241 3142 5298 falsum
3163 5243 3442 5306 detuleris.

1850 5335 2085 5392 irrisisti.
2116 5333 2251 5390 Cum
2289 5333 2567 5390 hominem
2595 5349 2836 5404 procem
2861 5342 3085 5391 staturae
3119 5341 3176 5391 et
3213 5337 3448 5406 antiquae

1850 5431 2112 5487 infantem
2134 5445 2318 5496 vocas,
2343 5445 2525 5486 nonne
2545 5427 2796 5499 injuriam
2817 5427 2969 5494 facis,
2993 5429 3040 5485 si
3066 5430 3296 5488 veritate
3318 5445 3448 5501 sup-

1849 5538 2037 5596 pressa
2088 5522 2282 5593 puerili
2342 5521 2522 5578 studio
2579 5521 2892 5576 mentiaris?
2939 5520 3019 5576 Ad
3059 5523 3445 5579 contumeliam

1849 5617 1993 5674 enim
2022 5617 2276 5688 pertinet,
2301 5615 2347 5670 si
2375 5615 2555 5672 verbis
2587 5614 2690 5670 tuis
2717 5615 2954 5671 humano
2981 5617 3200 5688 corpori
3225 5624 3321 5672 aut
3347 5617 3445 5672 ali~

1845 5708 1976 5781 quid
2005 5705 2172 5763 addas
2200 5714 2293 5762 aut
2331 5706 2605 5762 detrahas.

1917 5800 1968 5855 4.
2003 5799 2110 5856 Sed
2149 5798 2284 5854 dicis
2321 5793 2479 5868 forte,
2521 5799 2654 5856 satis
2693 5797 2835 5854 levia
2874 5812 2996 5856 esse
3036 5799 3160 5866 ista,
3191 5805 3248 5858 et
3287 5798 3446 5857 facile

1843 5892 2130 5968 portanda.
2156 5890 2357 5949 Verum
2387 5901 2486 5951 est.
2518 5893 2654 5952 Nam
2675 5893 2805 5951 talia
2833 5898 2957 5951 sunt
2987 5893 3089 5952 ista
3117 5909 3316 5968 genera
3348 5909 3445 5952 vo-
