3960 6358
535 331 641 393 711

1529 329 1590 392 ς.
1627 329 2006 390 γΑιεηιΑΝι
2047 327 2362 388 EPISCOPI
2397 326 2854 390 CEMELIENSIS

3726 331 3837 399 7|!

537 445 886 511 cahulorum,
926 457 992 502 ac
1024 442 1069 500 si
1108 441 1298 500 alienis
1335 441 1573 500 crinibus
1612 444 1760 500 leves
1799 445 2012 516 plumas
2049 444 2136 500 in-
2164 447 2214 506 Α
2242 451 2330 501 tur
2355 445 2586 502 auditus.
2620 443 2934 501 Adhibenda
2965 444 3130 502 etiam
3164 446 3468 520 disciplina,
3497 463 3620 520 qua
3648 449 3837 507 oculo-

538 553 721 606 seras;
765 539 850 595 vel
886 538 930 594 si
971 551 1068 608 per
1099 545 1272 592 totum
1311 537 1570 594 verticem
1605 537 1906 608 juventutis
1945 538 2132 609 prima:

538 632 745 689 honore
774 631 1086 701 fulgentem,
1116 629 1384 700 liquentes
1411 630 1621 685 cineres
1649 639 1739 685 aut
1770 630 2132 701 pulverulenti

537 722 741 795 aliquid
772 723 1023 779 candoris
1051 723 1349 794 asperseris
1381 741 1394 777 :
1427 738 1534 778 non
1562 723 1779 794 quidem
1807 732 1972 796 caput
1999 739 2133 781 one-

536 831 644 881 ras,
685 814 783 870 sed
823 811 1116 870 deformas.
1160 812 1420 870 Similiter
1457 821 1515 870 et
1549 813 1793 871 detracta
1836 831 1935 888 per
1977 816 2133 886 jocos

534 921 712 969 coma,
733 905 981 975 quamvis
1001 904 1133 960 nihil
1158 912 1418 976 operetur
1437 903 1661 973 doloris,
1689 891 1917 961 multum
1948 914 2130 963 tamen

533 997 757 1052 exhibet
783 995 1059 1052 foeditatis.
1091 994 1405 1051 Cavendum
1446 1003 1533 1051 est
1577 1011 1729 1067 ergo,
1770 996 2126 1063 dilectissimi,

533 1104 604 1145 ne
630 1089 846 1145 scenico
867 1102 1119 1144 sermone
1139 1088 1279 1144 alter
1300 1089 1530 1144 alterum
1559 1089 1738 1153 lmdat,
1768 1098 1826 1146 et
1854 1091 2132 1147 theatrali-

532 1179 633 1237 bus
661 1180 840 1238 verbis
864 1179 1249 1236 verecundiam
1289 1181 1443 1236 fratri
1472 1181 1610 1236 laesae
1641 1183 2015 1238 :estimationis
2044 1183 2128 1238 in-

531 1274 723 1330 cutiat.
757 1272 910 1330 Solet
939 1273 1100 1342 igitur
1128 1272 1292 1327 nimia
1319 1273 1431 1328 oris
1459 1272 1649 1330 facetia
1681 1273 1923 1330 excitare
1951 1281 2130 1331 motus

533 1365 858 1429 animorum,
883 1371 940 1420 et
958 1379 1138 1419 sermo
1161 1363 1346 1419 ketitia
1373 1364 1649 1421 accinctus
1677 1365 2011 1436 reciprocum
2033 1382 2130 1439 pa-

532 1473 658 1514 rare
683 1457 1006 1512 convicium.
1037 1453 1130 1512 Sic
1160 1455 1392 1526 denique
1421 1457 1652 1512 scintilla
1681 1459 1926 1528 quamvis
1959 1474 2127 1529 parva

533 1549 780 1606 ﬂammas
804 1550 1038 1615 evomit,
1063 1557 1120 1605 et
1150 1565 1220 1605 ex
1247 1549 1416 1605 nihilo
1444 1557 1634 1605 exorta
1664 1565 1856 1620 magna
1877 1549 2129 1620 frequen-

2233 555 2351 594 rum
2379 538 2646 596 desideria
2676 539 2924 610 repellat,
2957 547 3014 595 et
3051 541 3378 598 tabescentis
3417 543 3602 600 cordis
3642 542 3835 600 incita-

2231 637 2413 687 menta
2441 639 2770 702 compescat.
2804 631 2937 686 Nam
2961 632 3034 687 ita
3056 631 3218 689 docet
3245 634 3575 704 evangelista
3605 634 3830 691 dicens:

2232 722 2295 778 Si
2325 733 2372 778 te
2398 723 2727 778 scandalizat
2746 723 2946 790 oculus,
2971 739 3095 778 erue
3121 741 3238 779 eum
3261 723 3475 791 (Matth.
3498 740 3552 789 v,
3577 722 3699 795 29).
3734 724 3833 781 Ne-

2230 830 2341 882 mo,
2371 814 2722 881 dilectissimi,
2756 815 2808 870 in
2839 815 2945 872 hoc
2966 815 3155 872 credat
3182 815 3341 885 hujus
3370 816 3662 872 sententiae
3690 825 3831 874 stare

2228 907 2519 973 rationem,
2536 906 2692 976 quasi
2714 905 2974 963 Dominus
2993 907 3288 962 humanum
3309 923 3504 979 corpus
3521 906 3830 966 deformare

2231 999 2379 1064 velit,
2422 999 2570 1068 quod
2607 998 2676 1054 ad
2715 998 3123 1056 similitudinem
3159 1016 3312 1056 suam
3342 1000 3637 1072 plasmavit
3676 1011 3732 1057 et
3766 1001 3828 1058 ad

2229 1090 2466 1161 speciem
2506 1105 2618 1145 suze
2664 1090 2995 1160 dignationis
3037 1091 3269 1146 instituit
3312 1109 3324 1144 :
3368 1091 3470 1146 hoc
3505 1099 3600 1147 est
3648 1091 3827 1147 oculos

2229 1201 2438 1250 eruere,
2469 1200 2589 1255 qua:
2623 1194 2750 1242 sunt
2778 1186 2830 1242 in
2860 1187 3079 1242 homine
3107 1185 3283 1256 turpia
3312 1199 3586 1250 resecare,
3619 1192 3676 1240 et
3707 1185 3828 1241 viles

2229 1288 2382 1333 actus
2421 1277 2799 1334 emendatione
2835 1293 3203 1348 compescere,
3242 1277 3516 1347 castigatis
3558 1277 3827 1334 illecebris

2227 1377 2478 1424 truncare
2508 1368 2790 1434 luxuriam,
2821 1377 2877 1424 et
2916 1368 3061 1424 bono
3099 1367 3444 1424 conscientia:
3479 1383 3686 1423 manus
3726 1369 3823 1423 im-

2227 1459 2412 1530 probae
2437 1459 2743 1530 cupiditatis
2771 1459 3112 1515 abscindere.
3143 1456 3238 1514 llle
3271 1466 3450 1513 autem
3479 1472 3681 1513 manus
3711 1474 3824 1513 suas

2228 1548 2435 1614 incidit,
2477 1549 2570 1618 qui
2619 1550 2672 1604 in
2717 1564 2777 1605 se
2825 1546 3158 1605 infidelitatis
3207 1549 3313 1604 tela
3367 1547 3735 1618 confregerit,
3776 1561 3825 1607 et

536 1651 623 1700 ter
647 1650 830 1698 movet
851 1641 1116 1698 incendia.
1142 1640 1359 1696 Otiosus
1385 1656 1565 1697 sermo
1593 1643 1725 1698 satis
1745 1643 1922 1698 otioso
1951 1644 2126 1698 nutri-
2221 1639 2371 1710 justo
2419 1641 2625 1712 judicio
2688 1639 3019 1697 infidelitatis
3071 1642 3310 1699 calamos
3366 1643 3689 1714 amputarit.
3753 1643 3824 1699 Ad

535 1743 627 1790 tur
653 1741 892 1790 auctore.
929 1730 1083 1788 Unde
1117 1733 1244 1802 quia
1294 1733 1636 1788 theatralium
1665 1732 1954 1789 verborum
1993 1733 2124 1791 feci-

2226 1733 2455 1789 salutem
2494 1735 2658 1804 igitur
2697 1733 2888 1788 anima:
2928 1735 3180 1805 pertinet,
3224 1733 3270 1788 si
3312 1733 3667 1790 debilitentur
3703 1735 3824 1790 vitia

536 1845 656 1886 mus
686 1827 1036 1894 mentionem,
1071 1826 1214 1882 forte
1246 1842 1343 1897 pro
1371 1826 1551 1883 studio
1580 1826 1875 1898 disciplinae
1905 1843 2005 1883 nec
2041 1827 2130 1883 illa
2163 1831 2208 1893 Β
2235 1827 2432 1896 iniquis
2471 1826 2678 1882 actibus
2712 1828 2970 1892 enutrita,
3007 1836 3064 1883 et
3090 1827 3348 1883 radicitus
3375 1827 3613 1883 vellatur
3642 1829 3801 1900 impio

535 1922 762 1979 debeam
791 1922 1039 1987 reticere,
1088 1935 1208 1992 quae
1246 1921 1439 1976 otiosis
1477 1921 1656 1976 verbis
1693 1921 1936 1977 curiosas
1973 1937 2132 1978 aures

535 2013 775 2082 capiunt,
809 2020 971 2082 atque
1000 2012 1096 2067 alti
1135 2012 1372 2082 pectoris
1399 2022 1608 2067 secreta
1639 2013 1974 2078 concutiunt,
2003 2013 2132 2068 dum

534 2106 708 2178 plagis
732 2105 1134 2161 modulantibus
1154 2105 1518 2161 blandiuntur.
1553 2106 1680 2163 Hmc
1710 2114 1835 2162 sunt
1863 2107 1951 2162 illa
1978 2108 2128 2176 vitia,

537 2213 660 2268 quas
686 2199 936 2268 superius
965 2199 1508 2254 commemoravimus
1535 2199 1769 2268 quadam
1807 2201 1982 2257 mellis
2009 2216 2134 2256 sua-

539 2290 706 2344 vitate
732 2289 986 2360 componi
1010 2306 1023 2342 :
1049 2289 1153 2345 hoc
1173 2289 1302 2344 illud
1325 2305 1481 2361 opus,
1505 2305 1614 2360 quo
1635 2291 1869 2347 diximus
1896 2291 2132 2347 admixta

539 2381 824 2439 dulcedine
863 2383 1047 2438 tristes
1081 2383 1363 2438 vulnerum
1394 2383 1612 2439 dolores
1655 2383 1880 2440 institui.

611 2473 662 2529 5.
704 2475 764 2530 In
793 2475 898 2532 hoc
926 2475 1047 2531 loco
1076 2473 1215 2531 forte
1257 2475 1454 2545 aliquis
1491 2491 1592 2547 pro
1621 2491 1807 2531 amore
1841 2475 2134 2547 disciplina:

539 2568 980 2640 interrogandum
1009 2577 1160 2641 putet
1181 2585 1302 2640 quze
1329 2570 1438 2624 sint
1467 2569 1580 2626 istm
1601 2569 1790 2625 otiosa:
1809 2586 1990 2637 voces,
2012 2585 2133 2640 qua:

539 2661 789 2731 injuriam
828 2663 1064 2718 excitent
1110 2671 1166 2718 et
1202 2663 1499 2733 periculum
1537 2662 1879 2719 audientibus
1919 2671 2129 2734 parent.

537 2751 686 2809 Bene
717 2753 968 2823 requiris,
1003 2769 1070 2809 ne
1098 2769 1198 2824 per
1224 2755 1584 2824 ignorantiam
1615 2754 1948 2826 periclitetur
1981 2755 2134 2811 audi-

538 2853 643 2900 tus.
668 2843 974 2900 Invenimus
995 2845 1156 2914 igitur
1177 2843 1507 2914 frequenter,
1527 2845 1599 2900 ita
1625 2847 1969 2916 impudicitia:
1990 2849 2133 2903 viam

538 2935 754 3002 muniri,
787 2943 949 3006 atque
979 2951 1049 2991 ex
1081 2935 1186 2993 hoc
1214 2935 1448 2992 fomenta
1481 2938 1762 2994 adulteriis
1790 2939 2082 2996 ministrari
2115 2959 2129 2995 :

537 3042 659 3083 cum
697 3028 785 3084 hic
822 3028 949 3098 agili
989 3027 1196 3098 plectro
1235 3029 1512 3085 tinnientis
1540 3030 1758 3086 cithara:
1786 3048 1950 3087 sonos
1977 3047 2136 3104 expe-

536 3122 634 3186 dit,
666 3121 756 3178 ille
795 3121 958 3178 docili
996 3121 1167 3192 digito
1205 3122 1503 3180 laborantis
1531 3125 1720 3194 organi
1765 3125 2130 3183 blandimenta

2233 1934 2350 1972 rum
2380 1926 2632 1990 aspectus
2661 1917 2938 1974 oculorum
2964 1935 2977 1972 :
3009 1918 3203 1989 quibus
3223 1919 3332 1975 cito
3361 1921 3552 1975 mortis
3583 1921 3821 1976 stimulus

2234 2011 2548 2081 acquiescit,
2571 2011 2615 2066 si
2639 2011 2754 2066 haec
2773 2025 2892 2082 quae
2911 2011 3160 2082 superius
3179 2011 3310 2076 dixi,
3342 2012 3548 2082 integra
3581 2021 3640 2068 et
3669 2013 3821 2068 illas

2232 2105 2547 2176 permiseris
2577 2104 2862 2160 dominari.
2890 2105 2997 2162 Sed
3025 2121 3134 2175 quo
3165 2106 3369 2162 facilius
3395 2109 3495 2163 ista
3515 2123 3816 2179 operemur,

2234 2196 2530 2252 audiendus
2557 2206 2641 2252 est
2675 2195 2949 2262 Christus,
2996 2198 3089 2266 qui
3133 2198 3263 2253 dicit
3304 2217 3316 2252 :
3365 2199 3621 2273 Relinque
3656 2202 3818 2254 omnia

2235 2285 2368 2342 bona
2400 2297 2504 2353 tua,
2537 2297 2587 2343 et
2612 2305 2823 2360 sequere
2857 2304 2937 2342 me
2968 2286 3182 2359 (Matth.
3218 2305 3325 2350 xIx,
3357 2287 3468 2360 2|).

2307 2380 2358 2434 7.
2389 2379 2515 2436 Scio
2537 2380 2773 2450 quidem,
2805 2380 3160 2445 dilectissimi,
3185 2380 3327 2448 quod
3359 2381 3635 2437 laboriose
3661 2383 3817 2439 susci-

2232 2473 2386 2544 piunt
2407 2474 2528 2538 ista,
2552 2473 2643 2544 qui
2665 2473 2846 2529 seculi
2867 2474 3076 2529 actibus
3104 2483 3438 2544 occupantur
3461 2492 3474 2527 :
3497 2475 3693 2544 quibus
3709 2475 3816 2530 dul-

2234 2568 2313 2622 cis
2335 2576 2417 2624 est
2437 2569 2588 2622 istius
2615 2567 2738 2622 vitae
2759 2583 2907 2622 usus.
2938 2566 3044 2622 Sed
3065 2567 3111 2622 si
3131 2567 3418 2636 diligenter
3444 2569 3707 2638 requiras,
3730 2584 3816 2623 va-

2236 2659 2404 2715 nitate
2433 2660 2645 2730 plenus,
2670 2667 2725 2714 et
2753 2658 3153 2729 quodammodo
3183 2661 3330 2715 tenui
3362 2660 3547 2715 umbra
3579 2662 3811 2727 vestitus,

2235 2751 2302 2806 ad
2333 2761 2543 2822 tempus
2580 2751 2812 2806 mundus
2840 2751 3173 2821 obsequitur,
3205 2759 3260 2806 et
3295 2753 3410 2808 haec
3437 2767 3599 2822 quam
3636 2754 3814 2809 videtis

2234 2843 2395 2898 fallax
2427 2843 2732 2897 divitiarum
2762 2857 2960 2913 pompa
2982 2843 3275 2898 blanditur.
3303 2842 3448 2899 Bene
3471 2843 3570 2898 ista
3603 2851 3813 2899 noverat

2233 2942 2453 2990 sanctus
2469 2934 2652 3000 David,
2677 2935 2766 3004 qui
2791 2934 2952 2989 dicit:
2978 2936 3179 3000 Averte,
3205 2933 3443 2998 Domine,
3469 2936 3640 2990 oculos
3659 2953 3810 3002 meos,

2235 3042 2301 3080 ne
2321 3025 2526 3080 rideant
2548 3027 2826 3080 vanitatem
2858 3025 2974 3096 (Ps.
3001 3041 3180 3092 cxvm,
3214 3025 3325 3094 57).
3351 3025 3480 3093 Quae
3507 3034 3586 3080 est
3610 3025 3703 3079 ista
3731 3040 3813 3078 va-

2235 3115 2391 3181 nitas,
2417 3117 2517 3172 nisi
2546 3116 2723 3172 cultus
2749 3115 3053 3173 divitiarum
3074 3125 3130 3172 et
3159 3117 3492 3172 stecularium
3519 3117 3685 3172 studia
3715 3132 3815 3172 vo-

535 3216 830 3287 componit.
861 3215 954 3271 Isti
983 3224 1110 3271 sunt
1135 3216 1334 3287 laquei,
1357 3218 1551 3288 quibus
1581 3219 1962 3276 famulantihus
1991 3221 2126 3279 inter

2237 3205 2535 3277 luptatum?
2578 3206 2876 3262 Confirmat
2907 3208 3025 3264 hoc
3070 3208 3123 3262 in
3167 3207 3457 3264 Salomone
3498 3209 3584 3278 qui
3621 3208 3754 3263 dicit
3795 3224 3815 3264 :

535 3315 732 3364 caetera
759 3308 980 3364 vulnera
1019 3308 1267 3364 diabolus
1294 3309 1570 3366 hominum
1610 3320 1815 3368 mortes
1852 3323 2128 3385 operatur.

535 3396 670 3454 Nam
701 3399 1145 3469 quotiescumque
1172 3398 1316 3456 dulci
1352 3415 1488 3457 voce
1516 3401 1780 3458 mulcetur
1805 3404 2037 3472 auditus,
2063 3405 2132 3461 ad

535 3498 690 3563 turpe
749 3489 956 3546 facinus
1014 3491 1275 3546 invitatur
1319 3502 1588 3564 aspectus.
1643 3493 1812 3551 Nemo
1859 3497 2131 3554 insidiosis

534 3583 784 3639 cantibus
821 3583 1027 3650 credat,
1061 3601 1162 3640 nec
1191 3585 1258 3640 ad
1288 3586 1377 3640 illa
1407 3587 1704 3643 libidinosa:
1740 3592 1893 3646 vocis
1933 3592 2128 3648 incita-

534 3683 718 3728 menta
745 3674 999 3744 respiciat
1032 3692 1044 3728 :
1082 3690 1202 3745 qua:
1229 3693 1350 3732 cum
1381 3677 1674 3745 oblectant,
1707 3682 1962 3748 saeviunt;
2005 3699 2128 3739 cum

534 3762 899 3826 blandiuntur,
935 3764 1206 3820 occidunt.
1245 3765 1338 3823 Sic
1367 3766 1676 3838 frequenter
1708 3771 1948 3828 videmus
1976 3775 2128 3830 blan-

533 3856 617 3911 dis
656 3856 825 3911 sibilis
865 3872 995 3912 aves
1031 3857 1226 3928 decipi,
1268 3867 1324 3915 et
1367 3861 1587 3918 hebetes
1614 3862 1754 3920 feras
1783 3866 1835 3920 in
1879 3866 2126 3937 laqueum

533 3948 726 4004 mortis
761 3947 1044 4004 dulcedine
1081 3951 1230 4006 vocis
1269 3951 1492 4022 impelli.
1526 3952 1726 4010 Similis
1766 3965 1867 4024 est,
1900 3959 2130 4015 dilectis-

530 4039 680 4106 simi,
721 4055 884 4097 causa
926 4043 1234 4097 mortalium
1274 4060 1411 4114 quos
1455 4046 1723 4104 dulcisoni
1765 4058 1958 4106 cantus
1994 4067 2125 4108 cura

531 4133 807 4190 sollicitat.
833 4135 891 4190 lu
920 4135 1024 4192 hoc
1053 4147 1232 4194 autem
1273 4139 1560 4210 proficiunt
1589 4146 1878 4201 varietates
1906 4163 2120 4216 vocum,

530 4233 586 4281 et
625 4227 884 4298 producta
915 4234 1032 4286 sine
1062 4232 1280 4303 syllabis
1310 4235 1494 4301 verba,
1535 4245 1592 4290 ut
1623 4238 1785 4294 homo
1812 4249 1904 4294 aut
1937 4242 2124 4313 capia-

531 4325 620 4372 tur
657 4327 752 4373 aut
796 4321 992 4391 capiat.
1045 4321 1314 4393 Explicari
1364 4342 1470 4381 non
1513 4336 1721 4398 potest,
1765 4330 2119 4400 dilectissimi,

530 4423 692 4478 quam
723 4411 1057 4481 periculosos
1094 4414 1315 4484 laqueos
1353 4418 1646 4474 exhibeant
1689 4422 1917 4477 mimica:
1946 4425 2122 4480 studia

531 4500 838 4571 voluptatis.
873 4504 1004 4558 Nam
1036 4505 1081 4559 si
1103 4507 1296 4577 aliquis
1317 4519 1499 4580 posset
1529 4512 1746 4567 humani
1778 4517 2016 4584 pectoris
2043 4533 2122 4573 se-

2247 3299 2464 3355 Vanitas
2505 3301 2807 3366 uanitatum,
2849 3302 3016 3356 omnis
3057 3301 3210 3356 homo
3250 3301 3392 3355 dines
3431 3299 3608 3370 (Eccle.
3639 3315 3684 3363 ι.
3723 3299 3815 3369 Ξ).

2233 3390 2402 3447 Nemo
2439 3405 2602 3461 ergo,
2652 3391 3016 3456 dilectissimi,
3060 3391 3115 3447 in
3161 3391 3323 3462 hujus
3363 3391 3536 3447 mundi
3568 3391 3815 3448 vanitate

2230 3481 2484 3549 conﬁdat,
2515 3497 2675 3553 quam
2713 3482 2861 3539 videt
2901 3481 3129 3539 inﬁmis
3167 3495 3317 3540 stare
3355 3483 3620 3553 vestigiis;
3660 3480 3812 3552 cujus

2231 3574 2406 3629 cultus
2436 3573 2747 3643 temporalis
2774 3582 2938 3644 atque
2966 3575 3140 3630 inanis
3167 3583 3270 3640 est,
3315 3582 3373 3630 et
3411 3583 3629 3631 ornatus
3664 3573 3809 3628 fumo

2229 3675 2501 3736 ventoque
2528 3666 2736 3722 similis.
2775 3665 2921 3721 Talis
2949 3676 3033 3722 est
3059 3675 3236 3723 autem
3265 3667 3432 3724 decor
3465 3668 3640 3722 vultus
3672 3667 3804 3736 eius,

2229 3773 2293 3814 ac
2313 3757 2357 3812 si
2378 3758 2614 3829 speciem
2639 3759 2780 3817 illius
2805 3760 2931 3815 vitis
2956 3761 3204 3831 aspicias,
3227 3775 3348 3830 qua:
3375 3761 3652 3816 solstitiani
3677 3758 3809 3816 ﬂore

2227 3850 2548 3920 composita,
2581 3852 2856 3920 promissae
2885 3850 3115 3908 fructum
3144 3852 3318 3908 nescit
3350 3853 3605 3908 exhibere
3629 3852 3806 3908 vinde-

2226 3942 2378 4005 niize;
2411 3957 2532 4010 qua:
2552 3941 2677 3996 dum
2708 3943 2931 3998 nimium
2965 3943 3214 4014 parturit,
3246 3945 3513 3999 maculam
3545 3953 3805 4016 perpetu:

2225 4032 2530 4087 sterilitatis
2559 4032 2805 4088 incurrit.

2297 4123 2350 4179 8.
2396 4124 2580 4196 Longe
2618 4127 2778 4181 alium
2823 4126 3000 4193 nobis,
3043 4127 3400 4194 dilectissimi,
3445 4138 3652 4184 aeterna.
3682 4128 3806 4182 vita

2225 4224 2435 4288 tempus
2476 4218 2742 4288 promittit
2773 4226 3043 4285 ornatum,
3084 4218 3129 4274 si
3170 4228 3350 4276 tamen
3382 4221 3542 4276 homo
3582 4220 3804 4291 petatis

2223 4324 2430 4379 pauper
2457 4309 2686 4365 incedat.
2719 4309 2813 4366 llle
2841 4318 3022 4366 autem
3062 4310 3129 4365 ad
3167 4310 3442 4366 Christum
3471 4312 3617 4366 dives
3640 4309 3802 4374 vadit,

2223 4399 2313 4470 qui
2344 4399 2725 4456 misericordiae
2753 4399 2956 4456 fructus
2985 4410 3296 4472 congregat,
3334 4411 3392 4458 et
3425 4402 3599 4457 stulta:
3634 4401 3803 4456 studia

2222 4491 2528 4561 cupiditatis
2575 4491 2869 4562 impugnat.
2913 4493 3007 4550 llle
3047 4494 3114 4548 ad
3165 4495 3336 4551 caelos
3378 4494 3805 4567 opulentissimus

530 4600 679 4648 creta
707 4595 1039 4665 perquirere,
1071 4598 1337 4656 inveniret
1366 4602 1435 4657 ad
1467 4604 1706 4674 singulos
1732 4582 1897 4663 sonos
1929 4607 2118 4666 fistula:
2150 4599 2197 4661 D
2221 4582 2412 4653 Ρθτῧίίν
2436 4583 2528 4652 qui
2554 4598 2584 4637 ³
2613 4598 2671 4638 se
2704 4599 2956 4654 Pompam
2982 4587 3322 4656 temporaria?
3357 4588 3606 4642 """i‘a‘is
3624 4585 3801 4643 ε³⁰¹¹¹⁶

531 4686 696 4741 corda
724 4685 1014 4744 infelicium
1035 4692 1325 4762 suspirare.
1350 4693 1639 4767 lntelligite
1667 4714 1797 4769 ergo
1826 4701 1954 4771 quid
1981 4703 2122 4759 inter

529 4778 678 4834 viros
705 4795 771 4836 ac
801 4781 1055 4838 mulieres
1085 4785 1306 4839 nimium
1341 4785 1617 4844 familiaris
1646 4805 1710 4846 ac
1745 4802 1986 4848 secretus
2014 4811 2124 4850 ser-

528 4883 620 4926 mo
648 4869 828 4936 faciat,
870 4874 972 4944 ιο
998 4874 1125 4943 quid
1151 4873 1338 4944 juncta
1373 4877 1586 4945 vicinia,
1625 4882 1752 4951 quid
1776 4883 1916 4952 jocis
1951 4886 2117 4942 mixta

526 4961 815 5032 colloquia,
865 4965 994 5034 quid
1035 4967 1156 5034 gula
1194 4967 1400 5024 deliciis
1440 4970 1686 5038 invitata,
1718 4975 1844 5044 quid
1875 4978 1994 5033 auri
2033 4977 2117 5034 fa-

527 5066 644 5108 mes
698 5053 764 5108 ad
811 5070 972 5109 omne
1018 5055 1224 5112 facinus
1283 5061 1680 5128 prostitutionis
1726 5067 2012 5136 exposita;
2070 5070 2118 5124 si

527 5142 763 5199 alienum
792 5143 1026 5202 furorem
1057 5147 1222 5202 etiam
1251 5158 1414 5206 mutu:
1441 5154 1591 5210 vocis
1623 5155 1991 5215 blandimenta
2019 5159 2117 5217 den

526 5241 750 5313 cipiant.

597 5335 648 5389 6.
685 5335 1046 5408 Refugiendus
1067 5350 1148 5397 est
1175 5357 1304 5412 ergo
1332 5359 1486 5399 error
1507 5344 1608 5402 iste
1636 5348 1786 5403 vocis
1815 5365 1998 5416 sonus,
2023 5351 2116 5420 qui

524 5428 771 5486 humanis
807 5434 1116 5503 pectoribus
1143 5436 1426 5495 dulcedine
1461 5456 1556 5496 sua
1588 5443 2000 5500 amaritudinem
2044 5443 2116 5501 fe-

523 5524 615 5584 cit.
665 5533 721 5581 et
747 5528 1094 5597 persuasione
1120 5532 1353 5602 quadam
1382 5533 1619 5590 melliflui
1648 5546 1838 5592 cantus
1873 5537 2115 5610 frequen-

524 5623 610 5672 ter
638 5617 910 5675 mortifera
949 5621 1106 5690 aegris
1130 5638 1339 5681 venena
1367 5626 1722 5684 commiscuit.
1754 5627 1812 5684 ln
1843 5645 1951 5701 quo
1992 5631 2114 5689 loco

523 5706 756 5778 primum
783 5709 1096 5767 obturandze
1136 5728 1295 5771 aures
1335 5725 1479 5782 sunt,
1523 5728 1862 5792 opponentes
1901 5731 2110 5782 scutum

525 5794 668 5866 ﬁdei,
702 5812 812 5875 quo
848 5799 1054 5857 facilius
1085 5807 1260 5861 omnis
1288 5807 1646 5868 lenocinantis
1673 5815 1823 5870 vocis
1852 5818 2107 5875 excluda-

2223 4674 2320 4730 dit.
2344 4675 2438 4732 Ille
2459 4691 2640 4732 secum
2665 4691 2886 4746 magnas
2908 4693 3040 4749 opes
3060 4679 3125 4740 ad
3155 4681 3465 4751 paradisum
3494 4689 3678 4754 portat,
3709 4681 3804 4751 qui

2224 4777 2473 4824 onustum
2494 4769 2639 4826 vitiis
2666 4780 2855 4842 pectus
2882 4771 3062 4828 studio
3091 4773 3370 4842 religionis
3401 4784 3666 4832 exonerat.
3706 4773 3804 4830 Ille

2222 4870 2498 4931 postremo
2525 4879 2739 4918 omnem
2782 4866 3062 4934 penuriam
3106 4867 3471 4925 mendicitatis
3509 4869 3678 4933 evasit,
3709 4868 3802 4937 qui

2221 4951 2463 5020 quotidie
2493 4952 2544 5007 in
2575 4954 2738 5009 corde
2759 4970 2860 5011 suo
2881 4954 3082 5012 Christi
3112 4959 3282 5014 nostri
3311 4959 3561 5014 mandata
3582 4960 3721 5022 serit,
3747 4968 3805 5014 ct

2222 5045 2467 5115 pervigili
2509 5046 2613 5101 fide
2653 5046 2848 5103 horrea
2890 5049 3128 5119 pectoris
3167 5051 3248 5106 sui
3289 5051 3582 5107 seminibus
3616 5049 3805 5106 divina:

2219 5134 2571 5191 institutionis
2591 5137 2911 5208 impleverit.
2934 5139 3012 5195 Ita
3035 5149 3095 5196 ut
3122 5151 3248 5197 ante
3277 5144 3458 5198 omnia
3482 5141 3617 5198 illius
3642 5142 3802 5196 otiosi

2219 5228 2484 5284 sermonis
2511 5244 2824 5300 compescas
2849 5231 3170 5297 libertatem,
3195 5249 3316 5303 quae
3345 5236 3391 5290 si
3417 5235 3555 5292 inter
3573 5235 3652 5290 illa
3672 5233 3807 5288 reli—

2219 5322 2381 5389 giosaa
2401 5321 2522 5375 vita:
2542 5322 2714 5377 studia
2743 5323 2907 5378 mixta
2929 5325 3254 5390 consederit,
3282 5343 3388 5383 non
3417 5327 3573 5384 dubie
3599 5327 3644 5382 in
3670 5341 3805 5380 exa-

2219 5412 2516 5468 minatione
2559 5412 2721 5469 futuri
2757 5414 2945 5484 judicii
2986 5416 3304 5487 przcjudicat
3347 5419 3629 5474 sanctitati.
3672 5414 3804 5470 Cito

2221 5513 2399 5562 autem
2428 5521 2550 5576 qua:
2575 5514 2701 5562 sunt.
2737 5507 2790 5562 in
2829 5507 3047 5564 homine
3083 5510 3287 5580 optima
3317 5511 3646 5572 revileswnt,
3691 5507 3801 5562 nisi

2219 5597 2362 5654 inter
2388 5606 2583 5654 cmtera
2623 5613 2745 5668 quae
2777 5600 3212 5657 emendationem
3241 5604 3538 5674 requirunt,
3567 5600 3804 5660 studioso

2217 5704 2284 5747 ea
2305 5705 2426 5762 quae
2451 5691 2700 5761 superius
2725 5695 3265 5751 commemoravimus
3293 5695 3487 5766 lingua:
3504 5696 3623 5754 vitia
3645 5708 3804 5752 reso-

2217 5789 2427 5839 centur.
