3924 6368
198 414 302 474 715

767 527 1048 585 llOMlLlA
1103 528 1208 584 Vl].

747 621 824 677 De
875 623 1246 700 misericordia.

269 713 316 767 l.
351 713 410 770 Si
442 713 809 786 respiciamus,
841 712 1192 779 dilectissimi,
1220 729 1409 770 omnes
1431 713 1648 784 justitiac
1669 730 1788 786 gra-

191 805 294 861 dus
322 822 426 879 per
451 821 588 877 quos
615 821 751 877 opus
776 805 1051 874 religionis
1084 804 1381 874 instruitur,
1413 821 1521 862 non
1549 806 1789 862 invenies

189 899 278 954 cui
305 915 421 954 non
454 897 598 969 apud
616 897 903 954 Dominum
929 897 1164 966 gratiosa
1186 897 1416 954 servitus
1436 897 1612 954 locum
1640 913 1788 953 com-

189 999 352 1063 paret
371 991 670 1062 dignitatis.
693 991 800 1047 Sed
827 990 1089 1062 haecipsa,
1110 990 1242 1048 ﬁdes
1261 1007 1380 1062 quze
1407 991 1463 1046 in
1482 991 1636 1047 nobis
1657 1007 1790 1062 ope-

189 1091 364 1148 ratur,
390 1083 640 1154 quamvis
677 1083 914 1138 humano
943 1083 1130 1140 labore
1168 1080 1472 1155 proﬁciant,
1496 1082 1565 1138 ad
1602 1081 1787 1139 Domi-

189 1192 324 1231 num
354 1175 640 1232 referenda
668 1184 811 1244 sunt,
829 1192 928 1248 per
954 1191 1117 1247 quem
1144 1183 1200 1232 et
1231 1176 1286 1231 in
1313 1191 1442 1246 quo,
1465 1175 1512 1231 si
1531 1190 1637 1245 qua
1665 1183 1791 1231 sunt

191 1268 340 1324 bene
361 1276 539 1338 gesta,
562 1268 885 1335 consistunt,
907 1276 962 1323 et
982 1267 1037 1322 in
1064 1275 1344 1340 posterum
1355 1267 1790 1338 quibusquepro—

189 1358 376 1416 futura
411 1371 714 1416 servantur.
755 1358 908 1416 Unde
946 1374 1105 1415 nemo
1143 1359 1360 1430 sapiens
1395 1358 1493 1413 Dei
1529 1355 1790 1413 beneﬁcia

189 1454 305 1510 suis
335 1453 629 1509 virtutibus
668 1452 900 1507 aestimet
939 1450 1276 1523 applicanda,
1316 1465 1387 1506 ne
1426 1449 1610 1505 audiat
1643 1448 1791 1504 illam

189 1546 449 1617 Apostoli
485 1545 808 1602 sententiam
835 1545 1062 1627 dicentis
1095 1564 1108 1598 :
1146 1542 1283 1610 Quid
1320 1542 1476 1601 habes
1511 1544 1648 1618 quod
1686 1560 1792 1599 non

188 1642 480 1714 accepisti?
494 1650 584 1696 aut
601 1642 646 1696 si
669 1641 930 1712 accepisti,
948 1638 1071 1711 quid
1090 1639 1334 1711 gloriaris
1353 1637 1503 1710 quasi
1522 1653 1626 1692 non
1645 1653 1793 1692 acce-

188 1737 330 1806 peris
349 1734 395 1808 (l
417 1734 538 1792 Cor.
562 1751 634 1803 IV,
660 1734 749 1806 7)?
771 1733 983 1790 Scimus
1008 1733 1244 1803 quidem,
1270 1731 1622 1801 dilectissimi,
1646 1731 1794 1802 quod

186 1826 348 1898 juxta
375 1826 796 1897 Evangeliorum
824 1824 983 1881 ﬁdem
1003 1839 1124 1895 quae
1151 1823 1500 1881 beatitudinis
1527 1823 1792 1895 promissa

1610 419 1890 478 llUMlLlA
1933 421 2041 478 VII.

1813 539 1865 598 Α
1893 534 2108 591 sordida
2146 543 2296 594 veste
2322 544 2649 595 contectum.
2681 537 2740 595 In
2768 538 2872 596 hac
2897 538 3129 613 denique
3161 550 3330 612 veste,
3357 563 3480 604 cum

2907 475 2934 498 ι
3375 430 3478 488 714

1893 642 1924 681 a
1953 627 2123 696 magis
2151 637 2500 698 quaereretur,
2524 630 2776 687 inventus
2805 639 2920 700 est;
2953 640 3009 689 et
3027 647 3151 691 cum
3169 635 3225 692 in
3248 639 3482 711 praesepi

1887 721 2097 792 positus
2117 721 2343 791 jaceret,
2375 723 2475 779 sub
2496 723 2598 781 hoc
2627 724 2813 782 habitu
2841 727 3041 798 apertis
3070 728 3337 788 thesauris
3357 748 3481 788 mu-

1890 828 2020 868 nera
2052 812 2234 868 oblata
2269 815 2524 885 suscepit.
2549 815 2628 871 Ad
2659 817 2775 873 hzec
2807 819 3100 890 respondet
3125 822 3218 878 illa
3249 839 3484 899 evange-

1888 903 1992 959 lica
2022 905 2310 971 sententia,
2341 921 2461 976 quae
2487 906 2616 963 dicit
2645 927 2657 962 :
2693 908 3063 968 Thesaurizate
3089 914 3228 972 vobis
3268 919 3482 982 thesau-

1889 1012 1975 1051 ros
2015 997 2071 1050 in
2109 997 2254 1063 caelo,
2296 997 2381 1052 ubi
2411 1015 2570 1065 neque
2612 1001 2749 1055 tinea
2787 1005 3094 1075 corrumpit,
3138 1024 3301 1083 neque
3337 1018 3486 1088 fu,“

1889 1086 2140 1180 e/fodiunt
2163 1087 2378 1162 (Matth.
2409 1106 2483 1155 vi,
2514 1089 2626 1161 20).
2657 1094 2756 1164 ιι
2779 1091 2846 1149 1Ιί
2865 1102 2990 1149 sunt
3010 1095 3083 1152 illi
3106 1086 3347 1161 thesauri
3387 1110 3485 1180 qui

1889 1177 2198 1234 cmlestibus
2218 1181 2425 1236 meritis
2446 1181 2789 1252 deputantur,
2813 1199 2951 1256 quos
2977 1189 3126 1246 nulla
3145 1209 3234 1250 res
3255 1177 3484 1259 adversa

1891 1270 2261 1339 contaminat;
2288 1272 2393 1329 hoc
2419 1281 2520 1341 est,
2545 1271 2858 1332 facultatum
2886 1294 2984 1351 per
3010 1283 3238 1344 miseros
3265 1288 3484 1365 dispen-

1891 1369 2008 1418 sata
2037 1365 2356 1422 substantia.

1963 1453 2016 1548 ἒξ).
2050 1455 2187 1512 Audi
2217 1457 2398 1527 itaque
2420 1458 2594 1530 primo
2619 1459 2673 1516 in
2700 1461 2806 1520 hoc
2832 1463 2954 1522 loco
2973 1469 3258 1529 consilium
3276 1491 3487 1548 meum,

1894 1545 2219 1618 quicumque
2257 1547 2565 1606 divitiarum
2589 1551 2914 1612 abundantia
2945 1558 3211 1629 gloriaris.
3241 1565 3300 1622 Si
3329 1545 3488 1627 times

1894 1639 2117 1709 tineam,
2147 1643 2498 1712 commenda;
2547 1645 2594 1700 si
2639 1644 2813 1704 furem
2857 1653 3075 1720 metuis,
3115 1655 3171 1711 in
3207 1662 3489 1731 superiore

1894 1741 2050 1805 parte
2094 1735 2434 1791 commenda.
2484 1735 2627 1795 Ecce
2670 1739 2839 1798 habes
2881 1743 3136 1804 idoneum
3181 1754 3482 1823 custodem,

1895 1829 1988 1900 qui
2017 1845 2148 1901 opes
2177 1838 2298 1886 tuas
2335 1839 2516 1888 servet
2542 1833 2658 1902 tibi,
2680 1835 2733 1891 in
2762 1845 3024 1896 :eternum
3067 1853 3122 1899 et
3148 1845 3204 1900 in
3231 1849 3485 1906 saeculum

187 1927 622 1987 commemorat,
660 1918 869 1975 homini
904 1916 1110 1988 justitia
1161 1917 1217 1972 in
1257 1917 1566 1974 caelestibus
1613 1916 1791 1973 locum
1820 1919 1870 1982 B
1895 1922 2076 1978 saeculi
2121 1913 2448 1994 profuturas.
2492 1924 2654 1981 Addit
2682 1928 2748 1984 ad
2789 1929 2943 1988 haec:
2981 1931 3161 1990 Nolite
3198 1937 3337 1994 vobis
3377 1940 3487 1996 the-

189 2012 324 2068 fecit
353 2030 367 2066 :
407 2011 462 2068 id
483 2020 565 2068 est
592 2011 1006 2084 promissionem
1033 2009 1271 2082 paradisi
1300 2017 1356 2067 et
1381 2018 1583 2066 terram
1603 2025 1792 2081 repro-

187 2108 471 2164 missionis
514 2107 688 2177 gratia
727 2103 1153 2160 mansuetudinis
1191 2110 1248 2160 et
1281 2103 1600 2160 humilitatis
1647 2103 1791 2159 obti-

190 2200 345 2266 nuit;
376 2199 558 2255 cordis
575 2198 783 2270 puritas
809 2195 1083 2253 Christum
1111 2196 1295 2253 videre
1324 2197 1550 2263 meruit;
1581 2195 1794 2251 miseri-

188 2289 382 2346 cordia
425 2289 761 2345 consimilem
798 2286 1106 2344 mercedem
1139 2287 1512 2344 retributionis
1546 2287 1790 2358 accepit;

187 2381 345 2454 pacis
359 2380 669 2451 iucunditas
696 2381 878 2436 multis
898 2381 1040 2436 inter
1069 2380 1207 2436 filios
1228 2380 1325 2437 Dei
1350 2381 1532 2438 locum
1553 2380 1791 2452 paravit;

187 2492 356 2549 pinna
385 2483 700 2533 sanctorum
737 2475 979 2532 victoria:
1006 2490 1266 2531 coronam
1291 2481 1348 2532 et
1375 2474 1616 2532 ccelestis
1642 2473 1795 2544 regni

189 2568 429 2637 gloriam
469 2583 537 2624 ex
563 2567 779 2624 virtutis
815 2567 1023 2624 meritis
1051 2567 1354 2637 acquisivit.
1393 2565 1502 2623 Sed
1535 2567 1652 2622 haec
1677 2580 1795 2622 om-

191 2660 280 2715 nia
310 2676 424 2716 una
450 2667 612 2730 atque
632 2658 821 2714 eadem
850 2657 1026 2713 Patris
1052 2666 1109 2714 et
1135 2656 1255 2712 Filii
1287 2665 1344 2713 et
1369 2656 1603 2728 Spiritus
1623 2656 1797 2713 sancti

191 2755 243 2810 in
272 2755 440 2812 nobis
460 2755 631 2810 virtus
659 2760 934 2824 operatur,
965 2767 1084 2823 quae
1107 2751 1497 2823 perfectionem
1519 2750 1681 2821 justis
1712 2750 1795 2806 la-

191 2848 421 2905 boribus
450 2855 686 2919 praastat,
717 2862 782 2902 ac
807 2847 964 2902 bona:
993 2845 1262 2902 voluntati
1291 2860 1645 2917 quaecumque
1671 2854 1800 2900 sunt

193 2943 405 3014 optima
441 2941 830 2997 subministrat.
860 2938 1038 2995 Unum
1066 2947 1150 2995 est
1185 2954 1317 2998 sane
1354 2946 1410 2995 et
1448 2939 1793 3011 pernimium,

193 3033 344 3104 quod
365 3049 438 3090 ex
464 3033 556 3088 illa
583 3033 964 3089 misericordia:
1001 3031 1130 3088 sede
1152 3031 1448 3097 descendit,
1471 3032 1526 3086 in
1555 3046 1664 3101 quo
1694 3030 1797 3087 sibi

194 3123 445 3196 quotidie
460 3123 606 3195 juste
629 3125 801 3196 possit
826 3123 1072 3180 mortalis
1091 3122 1255 3178 homo
1275 3121 1497 3192 gloriari
1522 3139 1534 3174 :
1560 3122 1666 3177 hoc
1693 3127 1794 3188 est,

195 3215 426 3273 refectio
453 3231 754 3288 pauperum
791 3222 848 3271 et
880 3214 1184 3286 redemptio
1221 3213 1585 3285 captivorum;
1623 3213 1672 3270 si
1711 3221 1796 3267 ta-

1891 2014 2159 2069 saurizare
2204 2015 2470 2070 thesauros
2507 2017 2564 2071 in
2611 2026 2750 2074 terra
2789 2019 2976 2092 (Ibid,
3009 2023 3119 2097 19).
3144 2027 3264 2084 Non
3311 2031 3381 2087 ab
3426 2048 3491 2088 rc

1892 2098 1994 2172 εει,
2043 2106 2397 2175 dilectissimi,
2439 2108 2586 2178 quod
2639 2111 2896 2168 admonet
2941 2114 3222 2184 Dominus,
3252 2136 3322 2178 ne
3367 2125 3492 2194 quis

1891 2195 2201 2252 thesaurum
2228 2214 2382 2253 suum
2404 2206 2560 2254 terra:
2597 2203 2954 2260 commendet.
2982 2205 3317 2279 Frequenter
3342 2215 3488 2270 enim

1893 2287 2137 2342 videmus
2170 2297 2427 2358 congesta
2467 2298 2625 2346 terra:
2652 2292 2784 2350 vitio
2803 2295 3128 2366 periclitari;
3161 2309 3217 2356 et
3242 2317 3376 2372 opes
3402 2305 3490 2359 ni-

1893 2381 2063 2437 mium
2083 2381 2327 2439 defossas
2353 2383 2587 2453 quadam
2611 2385 2724 2442 limi
2753 2388 2880 2444 tabe
2907 2392 3173 2447 consumi.
3209 2391 3360 2452 Unde
3385 2397 3493 2452 uti-

1894 2473 1999 2531 lius
2021 2473 2209 2546 judico
2236 2490 2356 2533 esse
2380 2478 2726 2535 commodare
2753 2495 2916 2550 quam
2943 2482 3295 2554 abscondere,
3327 2496 3383 2544 et
3408 2489 3490 2546 fe-

1896 2582 2033 2624 nore
2058 2567 2230 2640 magis
2268 2568 2490 2626 credere
2527 2584 2690 2641 quam
2732 2579 2890 2628 terrae
2925 2573 3205 2646 deputare.
3240 2577 3495 2636 Stultitiae

1897 2667 2078 2716 autem
2105 2675 2276 2730 genus
2303 2667 2404 2728 est,
2429 2661 2671 2718 clausum
2693 2671 2880 2721 tenere
2905 2667 3049 2737 quod
3091 2676 3272 2740 potest
3309 2673 3495 2728 multi-

1898 2751 2024 2821 plici
2069 2751 2256 2807 labore
2280 2751 2564 2822 proficere,
2595 2763 2651 2809 et
2692 2755 2758 2810 ad
2789 2773 2944 2813 usum
2981 2768 3198 2818 aeterna:
3218 2763 3341 2819 vitae
3380 2763 3496 2820 fru-

1897 2850 2046 2898 ctum
2073 2843 2328 2900 exhibere
2350 2843 2593 2914 justitize.
2627 2845 2822 2905 Moneo
2847 2865 2978 2922 ergo
3008 2867 3077 2909 ne
3103 2855 3225 2924 quis
3262 2856 3317 2910 in
3346 2864 3494 2914 terra

1899 2937 2195 2994 abscondat
2224 2938 2534 2996 thesaurum
2562 2956 2737 3010 suum,
2769 2943 2874 3000 hoc
2894 2954 2995 3013 est,
3028 2963 3097 3003 ne
3116 2949 3236 3018 quis
3263 2952 3498 3009 terrenis

1899 3032 2105 3088 actibus
2144 3033 2379 3090 caelestis
2407 3033 2599 3090 anima:
2635 3036 2948 3106 dignitatem
2988 3039 3350 3112 deputandam
3388 3062 3494 3117 pu-

1900 3131 1996 3180 tet.
2021 3123 2167 3180 lllius
2195 3133 2376 3182 autem
2405 3127 2691 3184 thesauros
2719 3129 2864 3190 tinea
2905 3132 3165 3198 comedit,
3209 3135 3301 3204 qui
3340 3137 3494 3192 vani-

1901 3219 2000 3274 tati
2047 3221 2244 3285 servit,
2276 3229 2332 3277 et
2373 3221 2537 3277 vitam
2565 3238 2717 3278 suam
2760 3223 2812 3277 in
2861 3223 3020 3293 hujus
3063 3227 3246 3282 mundi
3294 3244 3498 3301 pompa

195 3324 328 3366 men
356 3311 530 3383 ipsam
551 3325 660 3366 non
681 3316 773 3366 aut
787 3308 1049 3380 jactantia
1075 3307 1318 3380 dissipet,
1349 3315 1444 3363 aut
1470 3306 1688 3363 tristitia
1711 3305 1794 3361 in-
1819 3305 1865 3369 C
1897 3311 2192 3367 constituit.
2226 3310 2394 3368 Tinea
2423 3313 2602 3383 igitur,
2638 3314 2990 3382 dilectissimi,
3019 3319 3217 3375 vermis
3245 3327 3328 3376 est
3356 3322 3495 3378 invie

199 3408 357 3472 grata
384 3400 690 3458 conturbet.

271 3493 329 3548 2.
367 3494 580 3550 Auditis
615 3508 742 3551 ecce
782 3493 1169 3564 evangelistam
1205 3491 1477 3548 dicentem
1515 3509 1531 3546 :
1585 3490 1794 3559 Venite,

202 3587 459 3642 benedicti
497 3585 676 3642 Patris
713 3587 812 3642 mei
827 3629 842 3654 ,
885 3585 1143 3658 possidete
1178 3601 1375 3640 mecum
1402 3600 1617 3658 regnum
1649 3583 1800 3639 caelo-

203 3695 322 3733 rum
341 3679 652 3750 promissum
671 3677 811 3733 vobis
832 3693 865 3731 a
894 3677 1257 3733 constitutione
1275 3675 1477 3731 mundi.
1499 3675 1726 3741 Esurivi,
1749 3685 1801 3730 et

205 3771 425 3828 dedistis
461 3772 589 3827 mihi
623 3772 970 3839 manducare;
1008 3772 1166 3839 sitivi,
1207 3779 1259 3827 et
1296 3770 1510 3827 dedistis
1549 3771 1675 3826 mihi
1719 3769 1798 3827 bi-

206 3863 359 3931 bere;
389 3863 554 3920 nudus
580 3881 744 3930 eram,
766 3872 817 3920 et
842 3865 1064 3920 vestistis
1090 3881 1173 3920 me
1194 3862 1410 3938 (Matth.
1441 3880 1567 3932 xxv,
1593 3863 1796 3936 34-56).

205 3956 416 4013 Videtis
447 3970 576 4027 ergo
612 3956 761 4027 quod
795 3957 843 4012 si
875 3956 1097 4027 gloriari
1123 3956 1376 4027 cuiquam
1407 3964 1654 4028 oportet,
1691 3973 1801 4013 non

207 4049 312 4104 nisi
352 4049 406 4104 in
435 4049 541 4106 hoc
565 4063 730 4119 opere
761 4047 1015 4105 convenit
1041 4048 1295 4119 gloriari,
1331 4049 1385 4104 in
1416 4064 1526 4119 quo
1553 4049 1704 4121 pasci
1737 4064 1802 4106 ac

204 4139 395 4196 vestiri
428 4155 487 4196 se
514 4138 772 4196 Dominus
796 4139 1070 4210 praecipit;
1100 4149 1158 4195 et
1183 4139 1238 4194 in
1267 4139 1383 4196 dies
1409 4138 1608 4196 famem
1644 4157 1800 4196 suam

203 4231 550 4304 portiuncula
586 4231 743 4303 panis
782 4230 936 4287 fracti
974 4231 1216 4302 postulat
1253 4232 1505 4288 saturari.
1541 4232 1601 4290 Si
1641 4233 1803 4289 vultis

208 4338 342 4394 ergo
369 4331 432 4378 ut
457 4339 566 4380 non
586 4323 656 4379 sit
679 4323 852 4378 inanis
879 4321 1148 4393 gloriatio,
1173 4323 1349 4394 primo
1377 4323 1498 4380 loco
1526 4325 1804 4381 abundan-

212 4418 358 4474 tibus
382 4418 740 4491 eleemosynis
760 4419 954 4476 summi
981 4419 1125 4490 regis
1144 4417 1472 4476 redimamus
1499 4418 1762 4476 amicitias
1787 4437 1798 4473 :

211 4520 268 4568 et
295 4520 358 4568 ut
385 4512 541 4568 nobis
572 4519 756 4584 pateat
783 4513 1006 4569 caeleste
1030 4524 1276 4581 regnum,
1309 4527 1471 4568 omne
1497 4512 1805 4568 misericor-

214 4603 319 4660 dia:
363 4604 604 4660 studium
644 4613 1025 4662 convertamus
1070 4604 1140 4660 ad
1191 4604 1500 4660 Dominum.
1544 4604 1606 4660 In
1653 4605 1807 4676 cujus

1901 3401 2003 3458 dia:
2046 3411 2103 3458 et
2150 3404 2406 3472 avaritiae,
2434 3407 2528 3475 qui
2577 3416 2786 3463 secreta
2831 3408 3011 3465 cordis
3055 3411 3202 3467 solus
3231 3414 3495 3484 possidet,

1901 3493 2048 3549 solus
2072 3508 2192 3564 qua:
2219 3503 2344 3549 sunt
2384 3494 2439 3550 in
2464 3495 2662 3553 abditis
2689 3507 2945 3569 congesta
2978 3502 3265 3557 consumit.
3298 3503 3495 3561 Furem

1899 3602 2032 3642 vero
2085 3585 2375 3649 diabolum,
2398 3589 2604 3646 credite
2636 3608 2649 3644 :
2685 3592 2778 3661 qui
2807 3601 2867 3647 ut
2910 3593 3068 3650 bonis
3111 3597 3367 3666 operibus
3412 3601 3498 3654 inc

1900 3677 2144 3747 sidietur,
2175 3678 2388 3750 objecta
2415 3682 2596 3738 saaculi
2637 3698 2833 3755 pompa
2861 3683 3164 3755 blanditur;
3196 3695 3252 3743 et
3294 3698 3354 3745 ut
3389 3689 3495 3747 ho-

1901 3773 2103 3829 minem
2147 3788 2179 3828 a
2206 3773 2482 3830 consortio
2519 3775 2673 3845 regni
2701 3765 2935 3833 caelestis
2978 3779 3262 3848 excludat,
3305 3797 3496 3838 aurum

1901 3865 2149 3922 manibus
2195 3866 2408 3937 ingerit,
2439 3875 2720 3938 argentum
2765 3870 2936 3928 oculis
2981 3873 3223 3944 opponit,
3255 3888 3498 3944 gemmas

1903 3958 2046 4016 collo
2074 3959 2279 4015 inserit.
2304 3959 2384 4016 ita
2403 3960 2710 4032 superbiam
2734 3963 2921 4030 nutrit,
2951 3971 3009 4019 et
3034 3965 3296 4021 desideria
3316 3968 3498 4023 carnis

1903 4049 2122 4106 stimulo
2149 4050 2456 4122 cupiditatis
2483 4051 2758 4120 accendit;
2788 4068 2908 4123 qua:
2947 4053 3084 4109 sicut
3109 4053 3386 4126 Scriptura
3415 4057 3500 4111 die

1906 4144 1998 4208 cit,
2039 4151 2292 4214 mergunt
2337 4144 2615 4202 hominem
2651 4146 2706 4202 in
2735 4146 3010 4202 interitum
3035 4146 3078 4219 (Ι
3110 4146 3242 4203 Tim.
3274 4166 3344 4214 vr,
3379 4149 3492 4220 19).

1903 4234 2025 4293 Non
2068 4237 2232 4294 dubie
2272 4246 2455 4294 autem
2499 4238 2591 4294 ille
2633 4239 2806 4310 poenis
2846 4248 3108 4296 exonerat
3146 4240 3493 4312 profundum,

1905 4329 1998 4399 qui
2021 4330 2303 4386 thesauros
2329 4347 2457 4388 suos
2489 4332 2764 4403 prmmittit
2795 4333 2861 4388 ad
2889 4333 3102 4390 coelum.
3134 4334 3328 4393 Audite
3365 4337 3499 4408 quid

1906 4421 2165 4478 Dominus
2197 4422 2389 4479 offerat
2420 4443 2433 4478 :
2470 4423 2676 4492 Venite,
2715 4423 2962 4481 benedicti
2999 4425 3178 4482 Patris
3217 4431 3338 4496 mei,
3373 4447 3500 4499 pos-

1906 4513 2064 4569 sidete
2102 4530 2300 4570 mecum
2327 4532 2540 4590 regnum
2566 4518 2876 4588 promissum
2912 4519 3050 4574 vobis
3077 4536 3110 4573 a
3138 4523 3502 4578 constitutione

1907 4605 2104 4660 mundi.
2130 4606 2370 4676 Esurivi,
2393 4619 2444 4664 et
2481 4608 2695 4664 dedistis
2722 4610 2849 4665 mihi
2889 4611 3232 4679 manducare;
3262 4615 3421 4679 sitivi,
3452 4625 3506 4670 et

217 4715 402 4756 amore
427 4716 538 4756 non
560 4701 736 4758 otiose
762 4707 857 4757 aut
882 4701 1218 4771 negligenter
1242 4714 1544 4772 pauperum
1571 4707 1807 4756 tractan-
1832 4705 1886 4767 1)
1911 4697 2124 4754 dedistis
2178 4699 2309 4754 mihi
2365 4698 2569 4767 bibere;
2626 4699 2794 4756 nudus
2848 4719 3020 4769 eram,
3063 4712 3114 4758 et
3167 4705 3385 4760 vestistis
3422 4722 3505 4760 me

217 4793 300 4849 die
325 4801 452 4850 sunt
472 4794 724 4867 lacrymaa
755 4812 769 4848 :
801 4808 871 4849 ne
899 4793 988 4848 ille
1009 4793 1103 4863 qui
1123 4798 1300 4848 totum
1325 4792 1514 4848 orbem
1527 4792 1665 4849 solet
1685 4807 1808 4864 pas-

219 4902 362 4956 cere,
387 4886 456 4941 ad
484 4893 726 4943 nostram
755 4885 1129 4942 confusionem
1156 4884 1300 4940 inter
1323 4884 1600 4940 mendicos
1627 4884 1810 4940 videa-

220 4987 306 5034 tur
325 4979 551 5036 esurire.
591 4975 974 5049 Contemplare
1000 4976 1233 5048 denique
1260 4976 1591 5046 singulorum
1619 4990 1809 5033 neces-

221 5073 439 5140 sitates,
486 5079 543 5128 et
579 5071 752 5126 nostri
792 5083 922 5140 erga
966 5069 1195 5125 miseros
1233 5067 1650 5124 sollicitudinem
1685 5066 1810 5124 Sal-

222 5165 453 5232 vatoris;
487 5172 544 5220 et
582 5163 847 5234 intelliges
873 5162 948 5218 ibi
976 5176 1096 5218 esse
1121 5159 1396 5217 Christum
1426 5169 1689 5228 nostrum,
1721 5159 1811 5215 ubi

226 5257 606 5316 abundantiam
626 5256 823 5312 videris
842 5255 1220 5327 lacrymarum.
1242 5252 1355 5310 Nec
1373 5253 1517 5309 enim
1538 5252 1697 5322 longe
1719 5252 1817 5308 tibi

225 5351 544 5424 quaerendus
572 5355 657 5406 est
678 5347 956 5416 Dominus,
979 5347 1027 5404 si
1054 5362 1164 5404 non
1183 5346 1259 5403 sis
1286 5361 1498 5402 avarus.
1523 5343 1817 5416 Exspectat

225 5459 322 5501 nos
360 5458 492 5500 ecce
530 5441 684 5511 foris,
718 5455 842 5498 cum
883 5439 973 5496 illa
1011 5453 1234 5496 suorum
1269 5439 1428 5494 turba
1469 5436 1812 5492 famulorum.

227 5537 339 5594 Non
369 5536 516 5592 enim
544 5533 642 5590 tibi
675 5532 965 5590 errandum
1001 5539 1088 5588 est
1129 5529 1307 5597 oculo,
1348 5537 1409 5586 ut
1432 5529 1646 5585 dubites
1671 5530 1817 5585 circa

227 5643 387 5701 quem
405 5628 747 5701 potissimum
765 5643 902 5699 opus
915 5624 1238 5682 miseranda:
1257 5623 1588 5696 erogationis
1608 5624 1816 5695 impen-

229 5723 340 5780 das.
371 5723 552 5795 lpsum
575 5722 712 5779 scias
739 5737 861 5778 esse
885 5719 1161 5780 Christum
1187 5727 1453 5787 nostrum,
1476 5733 1639 5790 quem
1664 5719 1815 5776 vide-

230 5816 302 5871 ris
344 5814 564 5881 nudum,
593 5828 751 5885 quem
779 5810 1052 5886 aspexeris
1079 5827 1302 5880 caecum,
1333 5825 1495 5882 quem
1525 5809 1816 5867 otienderis

232 5911 637 5976 claudicantem,
668 5923 832 5980 quem
856 5908 1051 5981 pannis
1077 5906 1397 5979 involutum,
1427 5923 1590 5981 quem
1615 5910 1817 5972 videris

509 6007 788 6070 Pines.
835 6001 965 6067 ιιι.

1910 4788 2124 4862 (Matth.
2150 4807 2276 4859 xxv,
2310 4788 2397 4858 54,
2429 4791 2540 4864 56).
2571 4790 2703 4859 Quis
2731 4792 2941 4849 dubitet
2968 4802 3092 4864 post
3111 4793 3252 4851 hanc
3291 4810 3500 4863 vocem,

1908 4882 1977 4937 de
2004 4882 2108 4938 hoc
2150 4882 2348 4956 sarculo
2375 4897 2498 4938 cum
2537 4890 2652 4939 tota
2698 4884 3006 4954 patrimonii
3049 4885 3133 4940 sui
3175 4901 3369 4957 pompa
3399 4886 3503 4941 mi-

1911 4975 2103 5044 grare?
2123 4973 2376 5031 Stultitire
2402 4973 2646 5046 profecto
2673 4975 2884 5030 vanitas
2912 4984 3013 5043 est,
3057 4976 3244 5032 vitium
3292 4978 3349 5032 in
3393 4978 3505 5034 ele-

1912 5066 2093 5122 ctione
2129 5065 2476 5132 meritorum,
2507 5065 2627 5137 plus
2663 5067 2921 5123 mundum
2949 5068 3169 5138 eligere,
3199 5083 3361 5138 quam
3389 5085 3505 5126 cce--

1912 5155 2050 5214 leste
2077 5171 2322 5227 regnum,
2363 5157 2534 5228 magis
2571 5159 2768 5216 seculo
2794 5159 3032 5231 placere,
3065 5175 3228 5232 quam
3266 5159 3508 5220 Christo.

1916 5247 1974 5304 Si
2013 5251 2133 5320 quis
2171 5251 2353 5322 itaque
2380 5250 2493 5306 vult
2538 5249 2716 5307 locum
2752 5252 2992 5308 invenire
3036 5252 3092 5308 in
3133 5253 3338 5310 caelesti
3377 5254 3510 5311 sede

1914 5357 2026 5400 non
2053 5343 2264 5399 desinat
2290 5343 2651 5414 indigentibus
2679 5345 2979 5400 necessaria
3006 5345 3334 5402 ministrare.

1987 5437 2040 5493 4.
2069 5437 2178 5494 Sed
2218 5440 2357 5494 forte
2402 5439 2546 5494 dicat
2573 5438 2784 5508 aliquis,
2817 5437 3029 5495 Tenues
3058 5447 3183 5496 sunt
3228 5437 3513 5498 facultates

1915 5547 2079 5600 mete,
2112 5549 2220 5588 non
2248 5533 2525 5605 patiuntur
2550 5540 2729 5587 tantas
2768 5533 3096 5602 erogationis
3133 5548 3418 5605 expensas.
3453 5534 3513 5590 Si

1919 5626 2018 5680 tibi
2041 5625 2234 5696 aliquis
2261 5625 2479 5682 domum
2507 5625 2817 5696 praeclaram
2838 5623 2996 5695 hujus
3019 5623 3359 5695 temporaria:
3385 5641 3517 5697 pos-

1923 5719 2178 5776 sessionis
2207 5716 2443 5785 oﬂerret,
2473 5734 2652 5774 nonne
2683 5717 2854 5790 pretio
2881 5717 3078 5774 collato
3099 5717 3339 5788 undique
3358 5734 3515 5774 num-

1921 5829 2042 5869 mos
2071 5826 2393 5883 aggereres;
2445 5819 2500 5867 et
2540 5811 2586 5867 si
2621 5809 2760 5866 forte
2797 5809 2996 5866 saeculi
3046 5809 3126 5866 tui
3153 5808 3366 5882 pondus
3404 5825 3515 5866 non

1923 5907 2226 5974 suﬁiceret,
2275 5919 2391 5967 rem
2445 5903 2542 5963 tibi
2590 5902 2948 5964 necessariam
2995 5908 3239 5963 mutuata
3283 5902 3517 5978 pecunia
