3960 6358
507 343 612 403 715

1502 339 1559 398 S.
1597 337 1976 396 VALElllANl
2017 329 2324 392 EPISCOPI
2363 329 2819 391 CEMELIENSIS
3317 355 3348 396 ι
3656 335 3734 395 Ἠϐ

506 470 872 527 comparares,
923 437 1096 510 done'c
1143 450 1397 522 ampliata
1440 466 1582 506 novo
1629 450 1832 521 cespite
1887 447 2504 520 posses--Anecessaria
2531 455 2650 500 sunt
2670 446 2894 518 corpori,
2921 443 3051 498 nihil
3072 439 3585 515 vobisproderituat.
3605 449 3731 516 n,l5,

507 551 661 608 sione
707 547 1008 618 gauderes?
1034 545 1172 601 Ecce
1219 544 1487 616 possessio
1538 544 1631 599 tibi
1673 543 1823 612 regni
1869 541 2104 598 cmlestis

507 640 751 701 olfertur,
805 645 861 694 et
911 637 1128 708 quidem
1181 652 1348 708 parva
1395 635 1555 706 pretii
1612 633 1860 690 mercede
1899 640 2097 698 taxata,

507 748 626 803 qua:
654 730 822 802 possit
851 729 1014 785 etiam
1044 728 1110 782 ab
1135 729 1226 783 illo
1257 726 1411 783 facile
1432 726 1557 793 emi,
1589 727 1682 797 qui
1713 742 1817 782 non
1859 725 1998 780 solet
2035 723 2104 779 de

486 829 825 902 paupertate
869 821 1099 878 causari.
1132 818 1420 876 Videamus
1469 827 1649 874 tamen
1690 817 1819 889 quid
1847 818 1917 872 sit
1956 813 2103 886 quod

505 931 538 972 a
584 925 639 972 te
679 915 896 971 nomine
936 914 1094 984 pretii
1132 913 1455 984 postulatur,
1499 912 1668 977 cibus,
1711 919 1869 980 potus
1907 917 1964 964 et
2009 923 2103 962 ve-

505 1009 683 1066 stitus.
716 1008 796 1061 Ad
842 1007 956 1064 haec
984 1023 1092 1062 non
1137 1005 1354 1062 invenio
1381 1004 1467 1061 cui
1495 1004 1739 1074 erogatio
1782 1019 1892 1058 non
1919 999 2101 1072 quoti-

502 1101 663 1157 diana
710 1106 978 1171 suppetat.
1024 1098 1081 1153 Si
1119 1098 1379 1168 requiras,
1413 1095 1552 1152 forte
1597 1095 1803 1152 horreis
1851 1094 1956 1150 tuis
2006 1109 2102 1148 an-

502 1207 661 1251 nonae
689 1193 898 1264 species
927 1192 1205 1256 exuberat,
1233 1196 1287 1244 et
1317 1204 1482 1244 novas
1509 1187 1620 1242 vini
1649 1186 1874 1243 cellulas
1895 1184 2102 1255 antiqui

501 1295 691 1360 gustus
739 1285 881 1339 fama
911 1281 1272 1339 commendat.
1305 1279 1445 1348 Quid
1474 1278 1570 1335 tibi
1617 1278 1839 1350 prodest
1884 1291 2102 1332 servare

499 1381 635 1447 ista,
667 1378 713 1434 si
751 1377 961 1432 nescias
1010 1374 1282 1430 lucrativis
1329 1373 1548 1428 studere
1580 1370 1956 1430 commerciis?
1995 1367 2104 1425 Sed

500 1470 654 1539 dicis,
692 1466 905 1539 Pauper
933 1481 1069 1521 sum.
1105 1463 1373 1534 Numquid
1393 1464 1492 1519 sub
1514 1463 1616 1518 hac
1642 1477 1777 1518 voce
1807 1460 1910 1516 illis
1938 1475 2102 1516 excu-

498 1577 624 1621 sare
663 1570 719 1618 te
745 1559 982 1634 poteris,
1007 1559 1200 1631 quibus
1230 1558 1406 1629 pretia
1427 1556 1730 1628 specierum
1763 1568 1862 1625 pro
1892 1561 2102 1624 tempo-

497 1671 620 1712 rum
650 1654 933 1710 sterilitate
961 1651 1225 1725 deponis?
1253 1648 1382 1705 Sine
1409 1663 1571 1704 causa
1609 1647 1961 1718 exiguitatem
1996 1653 2101 1698 tua:

496 1745 768 1803 facultatis
792 1756 1058 1800 accusas:
1102 1748 1257 1814 potes
1285 1741 1487 1798 habere
1532 1739 1679 1811 quod
1726 1737 1946 1803 vendas,
1991 1752 2101 1792 non

2215 536 2318 608 16).
2344 536 2474 605 Quis
2505 554 2610 594 non
2637 538 2812 594 oderit
2831 538 2938 592 tale
2957 551 3129 607 genus
3157 535 3540 604 misericordiae,
3562 539 3634 594 ubi
3651 543 3735 597 oris

2209 630 2474 700 elegantia
2514 630 2726 687 inﬁrmo
2770 632 2942 703 pietas
2978 630 3155 686 otiosa
3189 629 3488 697 blanditur,
3525 640 3574 686 et
3603 632 3731 689 infru-

2206 732 2407 780 ctuosa:
2445 724 2585 782 cmlo
2611 725 2860 798 laeryma:
2896 722 3286 796 porriguntur?
3311 720 3444 791 Quid
3475 721 3610 793 juvat
3635 726 3733 785 alie-

2206 836 2336 876 num
2363 818 2492 877 ﬂere
2519 818 2880 892 naufragium,
2909 819 2958 874 si
2985 817 3223 888 negligas
3249 832 3443 888 corpus
3462 819 3730 888 expositum;

2207 921 2302 968 aut
2320 912 2541 984 prodest
2560 912 2800 968 animum
2820 909 3134 968 excruciare
3155 908 3341 966 dolore
3356 909 3508 965 alieni
3531 910 3731 980 vulneris,

2205 1005 2250 1061 si
2272 1005 2506 1077 deneges
2525 1005 2778 1077 poculum
2798 1003 3078 1060 sanitatis?
3092 1002 3210 1059 Non
3228 1012 3454 1074 pascunt
3470 1005 3732 1064 esurientem

2205 1096 2404 1153 blanda
2456 1096 2761 1168 colloquia,
2811 1110 2913 1152 nec
2961 1095 3199 1152 vestiunt
3237 1095 3466 1151 alienam
3500 1095 3734 1154 nuditatem

2207 1190 2538 1248 infructuosa
2578 1189 2824 1247 consilia.
2872 1188 3012 1257 Quid
3052 1188 3205 1259 juvat
3258 1187 3502 1245 fomentis
3542 1191 3733 1247 mollihts

2206 1283 2458 1354 palpasse
2511 1281 2848 1347 mendicum,
2901 1294 2948 1336 δι
3011 1295 3120 1336 non
3178 1279 3389 1336 relicias
3434 1277 3562 1336 fame
3611 1282 3732 1338 muri-

2209 1375 2422 1430 turum?
2451 1372 2606 1444 Quod
2635 1373 2778 1429 istud
2808 1387 2976 1442 genus
3005 1380 3088 1427 est
3108 1371 3499 1438 misericordiae,
3528 1380 3579 1428 ut
3600 1371 3730 1427 homi-

2208 1482 2333 1524 nem
2379 1467 2514 1523 velis
2542 1466 2752 1533 vivere,
2803 1471 2858 1522 et
2897 1465 3038 1522 nolis
3084 1465 3138 1521 in
3185 1467 3502 1524 necessitate
3541 1465 3733 1524 servare?

2207 1555 2453 1616 Crudelis
2481 1566 2566 1616 est
2587 1556 2830 1629 profecto
2858 1556 3062 1629 pietas,
3094 1572 3213 1628 qua:
3239 1556 3342 1614 scit
3361 1556 3534 1615 dolere
3554 1557 3728 1621 miseris,

2208 1659 2264 1708 et
2297 1652 2470 1708 nescit
2497 1638 2785 1708 subvenire
2813 1651 3080 1723 perituris.

2281 1744 2333 1800 6.
2365 1743 2505 1814 Quid
2532 1745 2762 1816 amplius
2787 1745 3044 1816 quaeritis,
3081 1743 3446 1812 dilectissimi,
3478 1759 3567 1813 pro
3588 1756 3729 1812 eroga-

495 1849 657 1913 potes
677 1838 876 1894 habere
895 1835 1040 1907 quod
1061 1835 1270 1892 dones?
1290 1833 1407 1890 Non
1438 1833 1554 1890 sine
1575 1848 1736 1888 causa
1757 1831 1959 1886 dictum
1980 1839 2095 1887 est:
2130 1843 2180 1906 Β
2207 1836 2354 1892 tione
2383 1835 2539 1893 fracti
2581 1836 2774 1907 panis?
2807 1836 3019 1892 etiamsi
3075 1851 3184 1892 non
3232 1835 3420 1892 fuisset
3442 1833 3579 1890 vobis
3615 1835 3728 1890 cale-

497 1929 713 2004 Frange
757 1929 1002 1984 esurienti
1029 1943 1215 2001 panem
1256 1937 1395 1982 tuum
1427 1925 1561 2000 (Isa.
1603 1942 1744 1991 Lvm,
1780 1925 1856 1996 '7).
1904 1923 1986 1979 Ad
2026 1924 2104 1979 in-

495 2023 764 2080 humanos
802 2029 934 2094 puto
983 2021 1256 2092 pertinere
1303 2019 1462 2073 istam
1492 2017 1837 2083 sententiam,
1868 2031 2100 2086 quorum

494 2131 668 2190 panes
688 2115 1001 2170 reconditos
1022 2123 1077 2168 et
1098 2112 1554 2168 incontaminatos
1582 2110 1721 2165 solet
1743 2110 1914 2164 caries
1937 2124 2100 2166 exesa

496 2221 838 2266 consumere.
880 2205 1090 2274 Frange
1120 2218 1250 2273 ergo
1290 2202 1550 2260 esurienti
1581 2217 1780 2274 panem
1811 2210 1989 2267 tuum,
2032 2215 2102 2256 ne

495 2309 706 2374 pereat,
736 2307 792 2356 et
821 2305 874 2354 te
903 2309 933 2351 a
956 2297 1232 2352 consortio
1255 2295 1405 2365 regni
1430 2293 1665 2350 cmlestis
1687 2293 1956 2349 excludat.
1993 2290 2101 2347 Ad-

497 2390 580 2447 dit
607 2390 675 2446 ad
704 2390 843 2454 haec,
872 2385 943 2441 Et
986 2386 1289 2441 domesticos
1335 2386 1546 2440 seminis
1596 2386 1667 2438 tui
1697 2401 1762 2438 ne
1808 2383 2102 2456 despexeris

499 2481 717 2556 (Ibid.).
749 2479 854 2550 Qui
891 2489 1018 2535 sunt
1057 2479 1339 2535 domestici
1387 2479 1596 2534 nostri?
1625 2477 1940 2534 Necessario
1985 2492 2103 2533 om-

499 2589 598 2632 nes
623 2574 716 2645 qui
750 2573 906 2630 nobis
939 2579 1065 2628 sunt
1093 2571 1348 2628 nascendi
1377 2572 1496 2642 lege
1525 2570 1818 2642 conjuncti.
1851 2569 1990 2638 Quid
2020 2577 2103 2626 est

495 2668 721 2740 quod‘h
742 2665 1002 2722 faciendis
1023 2666 1380 2738 eleemosynis
1419 2682 1526 2722 non
1556 2674 1640 2721 est
1659 2664 1979 2735 cujusquam
2008 2680 2103 2719 cx-

496 2760 746 2832 cipienda
775 2773 1024 2832 persona,
1049 2775 1149 2815 nec
1171 2759 1478 2815 habendum
1502 2759 1786 2836 electionis
1801 2757 2102 2828 judicium?

499 2851 636 2922 Quia
665 2867 753 2907 res
777 2865 898 2922 quae
932 2853 1240 2908 necessitati
1273 2852 1466 2916 servit,
1497 2851 1827 2923 erogationis
1855 2852 2101 2908 ordinem

497 2958 612 3000 non
639 2943 886 3014 requirit.
911 2941 1052 3011 Quid
1071 2951 1252 2999 autem
1273 2944 1369 3002 tibi
1390 2952 1472 2999 est
1491 2959 1627 3016 opus
1646 2958 1890 3015 qumrere
1922 2952 2104 2999 utrum

2205 1929 2302 1984 stis
2344 1929 2495 1999 regni
2533 1930 2713 2000 portio
2756 1929 3112 2000 repromissa,
3143 1926 3393 1987 sufficere
3432 1927 3729 2000 peccatoribus

2204 2021 2429 2078 deberet
2454 2022 2542 2076 illa
2572 2022 2868 2088 sententia,
2899 2036 3020 2091 quae
3058 2021 3378 2076 mortalibus
3417 2034 3555 2090 spem
3594 2017 3728 2073 futura

2204 2114 2394 2169 salutis
2423 2125 2479 2169 et.
2517 2115 2758 2170 laititiam
2789 2123 3067 2186 perpetua:
3092 2112 3292 2168 detulit
3317 2112 3608 2170 securitatis.
3636 2109 3726 2167 Nam

2206 2207 2253 2264 si
2281 2208 2586 2280 respiciatis
2625 2207 2693 2266 ad
2730 2209 2898 2266 vestri
2927 2211 3029 2282 12
3057 2207 3266 2266 laboris
3323 2207 3514 2264 fructus
3537 2213 3583 2260 et
3619 2204 3728 2260 caele

2206 2301 2304 2358 stis
2332 2301 2717 2372 indulgentiam
2763 2300 3001 2371 pietatis,
3033 2299 3206 2355 multo
3233 2299 3354 2370 plus
3381 2297 3595 2368 recipitis
3613 2311 3725 2365 quam

2204 2392 2364 2450 datis.
2394 2392 2534 2450 Ecce
2559 2409 2657 2463 pro
2680 2401 2838 2464 pastu
2858 2391 3111 2464 pauperis
3133 2391 3187 2446 in
3221 2389 3514 2460 Evangeliis
3535 2388 3725 2445 ctelontm

2204 2487 2360 2546 vobis
2388 2502 2612 2557 regnum
2643 2489 3006 2560 promittitur;
3037 2504 3137 2558 pro
3164 2487 3475 2557 erogatione
3501 2485 3631 2541 fracti
3657 2500 3723 2555 pa-

2205 2581 2310 2646 nis.
2343 2589 2398 2636 et
2436 2581 2656 2653 hospitii
2682 2581 3046 2653 receptaculo,
3079 2581 3166 2637 vel
3212 2579 3402 2636 nudati
3429 2577 3636 2652 corporis
3669 2592 3724 2632 re

2204 2674 2492 2741 stimento,
2535 2689 2698 2746 opem
2725 2689 2880 2730 suam
2917 2673 3073 2732 vobis
3122 2672 3494 2730 invocantibus
3534 2687 3613 2742 per
3642 2685 3724 2740 pro-

2203 2767 2395 2840 phetas
2417 2765 2675 2823 Dominus
2707 2765 2994 2837 pollicetur
3026 2762 3164 2833 (Isa.
3199 2781 3351 2830 Lvm,
3384 2763 3434 2835 9)
3459 2782 3471 2817 :
3494 2763 3538 2818 in
3565 2761 3723 2833 psalmis

2200 2857 2407 2928 justitia
2431 2858 2817 2916 misericordiae
2845 2867 3038 2916 vestrm
3070 2859 3128 2914 in
3154 2857 3411 2915 saeculum
3441 2856 3593 2914 saeculi
3610 2854 3722 2910 collo-

2205 2961 2361 3008 catur
2388 2950 2506 3025 (Ps.
2535 2967 2642 3018 cxi,
2673 2948 2750 3023 9).
2782 2949 2841 3007 Si
2879 2965 3260 3021 comparemus
3289 2951 3504 3008 terrenis
3528 2947 3719 3008 ctelestia.

499 3039 840 3096 Christianus
868 3054 936 3094 an
968 3036 1206 3105 Judaeus,
1242 3045 1425 3094 utrum
1453 3037 1741 3095 haereticus
1770 3055 1838 3092 an
1867 3037 2101 3108 gentilis,
2205 3045 2336 3100 satis
2358 3061 2526 3115 parvo
2548 3051 2765 3102 constat
2791 3059 2879 3102 res
2904 3052 3015 3100 tam
3040 3045 3288 3115 pretiosa
3313 3042 3624 3106 commercio;
3655 3046 3722 3094 aut

497 3138 682 3187 utrum
721 3128 1000 3186 Romanus
1024 3144 1094 3184 an
1122 3130 1409 3197 barbarus,
1439 3135 1623 3184 utrum
1652 3129 1790 3184 liber
1820 3144 1890 3183 an
1916 3143 2105 3184 servus
2205 3146 2406 3208 quanta
2443 3153 2568 3210 pars
2597 3148 2680 3194 est
2700 3137 3058 3210 eleemosynze
3088 3146 3289 3194 vestra:
3308 3137 3375 3194 ad
3396 3137 3477 3193 illa
3501 3149 3595 3208 qua:
3617 3132 3721 3187 vide-

495 3224 571 3284 sit
606 3224 699 3280 ille
736 3223 830 3294 qui
872 3222 1140 3293 postulat?
1173 3220 1276 3279 Ubi
1321 3223 1584 3280 incumbit
1632 3223 1956 3288 necessitas,
1990 3239 2097 3277 non
2127 3227 2176 3294 ρ
2207 3235 2292 3285 tur
2331 3230 2648 3288 mortalibus
2684 3229 2942 3286 Dominus
2981 3231 3338 3304 praestitisse?
3381 3230 3506 3289 Ecce
3538 3244 3611 3285 nos
3641 3225 3715 3281 da-

499 3331 638 3389 opus
685 3323 769 3372 est
795 3321 856 3370 ut
900 3329 1188 3386 personam
1227 3315 1530 3373 discutias:
1579 3330 1646 3369 ne
1684 3330 1806 3370 cum
1854 3313 2104 3383 indignos

497 3407 868 3464 misericordia
916 3419 1198 3476 segregas,
1246 3406 1344 3462 Dei
1386 3403 1578 3462 Filium
1617 3406 1820 3478 pariter
1861 3407 2100 3460 amittas.

499 3497 658 3557 Unde
686 3509 868 3556 autem
912 3500 1051 3556 scire
1081 3515 1364 3570 possumus
1407 3501 1461 3555 in
1491 3515 1597 3570 qua
1636 3508 1790 3570 parte
1838 3509 2104 3556 terrarum

501 3591 712 3648 habitet
737 3588 1023 3646 Christus?
1046 3588 1255 3662 Ubique
1276 3591 1578 3648 credendus
1599 3598 1682 3647 e'st
1707 3608 1826 3648 esse
1844 3634 1858 3659 ,
1891 3594 1984 3664 qui
2017 3601 2102 3648 to-

502 3690 622 3740 tum
651 3683 892 3738 noscitur
914 3682 1212 3753 possidere.

578 3771 630 3828 5.
657 3772 914 3843 Sequitur
940 3775 1218 3844 superiora
1245 3792 1256 3827 :
1297 3774 1439 3828 Tunc
1465 3785 1693 3847 erumpet
1721 3785 2104 3848 temporaneum

503 3867 680 3924 lumen
709 3877 868 3932 tuum,
897 3877 947 3922 et
993 3868 1291 3922 vestimenta
1313 3877 1399 3924 tua
1432 3879 1552 3923 ante
1587 3872 1835 3935 orientur,
1874 3879 1923 3925 et
1955 3887 2095 3942 prce-

503 3959 601 4017 ibit
641 3970 687 4015 te
713 3960 952 4033 justitia,
991 3968 1042 4014 et
1075 3960 1286 4015 claritas
1329 3959 1428 4017 Dei
1469 3962 1805 4019 circumdabit
1848 3973 1911 4019 te.
1958 3961 2100 4020 Tunc

504 4052 754 4111 clamabis
787 4054 859 4109 ad
894 4053 1198 4121 Dominum,
1239 4064 1290 4110 et
1320 4054 1577 4111 Dominus
1610 4056 1852 4112 exaudiet
1889 4067 1953 4112 te.
1996 4058 2104 4113 Ad-

505 4149 607 4204 ltuc
647 4157 694 4204 te
730 4148 966 4222 loquente
1004 4148 1168 4215 dicet,
1201 4146 1336 4202 Ecce
1368 4151 1553 4204 adsum
1589 4147 1785 4222 (fbid.,
1831 4149 1884 4219 8,
1926 4148 2001 4223 9).
2037 4151 2105 4209 Et

505 4243 614 4298 hoc
639 4250 862 4314 pr0pter
881 4240 1034 4296 fracti
1062 4241 1216 4312 panis
1244 4243 1578 4314 particulam.
1605 4240 1776 4312 Quam
1803 4243 1923 4314 plus
1945 4254 2102 4314 putas

509 4334 775 4405 acquires,
804 4333 850 4389 si
878 4333 1082 4404 majora
1104 4333 1478 4404 praestaveris?
1499 4333 1692 4389 Audite
1717 4335 2101 4405 evangelistam

508 4427 779 4485 dicentem
808 4446 821 4480 ε
849 4425 996 4482 Beati
1037 4426 1422 4492 misericordes,
1460 4431 1701 4500 quoniam
1729 4430 1856 4500 ipsis
1893 4429 2103 4484 misere-

511 4521 648 4575 bitur
679 4519 820 4575 Deus
851 4517 1065 4591 (Matth.
1094 4536 1143 4584 v,
1194 4519 1270 4585 7).
1306 4517 1455 4574 Multi
1484 4520 1701 4590 quidem
1733 4521 1932 4592 gradus
1977 4531 2102 4577 sunt

2208 3339 2329 3378 mus
2366 3330 2602 3390 terrena,
2643 3324 2734 3378 ille
2770 3324 3044 3390 caelestia;
3076 3340 3107 3379 a
3136 3326 3301 3381 nobis
3339 3333 3627 3396 temperance
3657 3316 3719 3374 ol-

2205 3413 2450 3471 feruntur
2478 3457 2493 3481 ,
2562 3415 2653 3474 ille
2727 3416 3059 3487 setltpiterna
3119 3416 3368 3488 largitur.
3431 3415 3576 3472 Vultis
3621 3410 3722 3467 scire

2205 3515 2466 3578 quantum
2513 3507 2716 3567 distent
2761 3523 2793 3566 a
2819 3509 3130 3568 cmlestibus
3177 3508 3341 3566 donis
3378 3509 3523 3566 vestri
3559 3503 3722 3562 census!

2204 3599 2265 3658 1n
2305 3603 2714 3674 comparatione
2758 3602 3176 3670 beneﬁciorum,
3225 3620 3340 3660 non
3375 3611 3454 3660 est
3485 3599 3638 3658 eadem
3669 3610 3723 3652 n-

2207 3693 2313 3759 tio,
2355 3693 2568 3750 divitias
2597 3696 2842 3764 accipere
2887 3703 3197 3767 perpetuas,
3229 3704 3293 3754 et
3335 3696 3458 3754 dare
3482 3709 3583 3766 quae
3617 3697 3724 3746 erant

2204 3786 2464 3856 peritura.
2497 3787 2638 3844 Ante
2669 3789 2849 3846 omnia
2878 3789 2982 3844 illis
3010 3789 3268 3862 lacrymis
3289 3787 3633 3848 consulendum
3653 3791 3722 3846 est.

2205 3892 2341 3948 quas
2387 3893 2559 3950 nuper
2606 3878 2754 3936 furor
2790 3890 3028 3938 cruenta:
3064 3882 3384 3942 hostilitatis
3434 3881 3613 3938 indixit.
3649 3876 3726 3932 Nec

2205 3971 2351 4025 enim
2377 3970 2528 4027 deest
2558 3971 2609 4026 in
2639 3988 2750 4042 quo
2778 3988 2838 4028 se
2866 3989 3032 4046 opere
3069 3973 3212 4030 bona
3254 3975 3497 4032 voluntas
3520 3974 3724 4029 exerceat-

2204 4061 2372 4127 Nam,
2402 4063 2545 4134 quod
2580 4064 2733 4136 pejus
2771 4072 2882 4128 est,
2915 4065 3112 4124 multos
3150 4065 3397 4123 videmus
3426 4065 3490 4122 de
3530 4078 3610 4118 sua
3641 4073 3727 4115 suo-

2205 4169 2434 4225 rumque
2461 4154 2835 4228 redemptione
2862 4155 3156 4225 sollicitos,
3185 4159 3386 4228 quibus
3411 4170 3582 4214 manus
3610 4148 3728 4222 porri-

2203 4251 2378 4320 genda
2400 4258 2501 4308 est.
2525 4241 2631 4308 Sed
2659 4251 2811 4318 dicis,
2836 4267 3042 4324 pauper
3063 4268 3204 4310 sum.
3229 4253 3343 4310 Nec
3365 4269 3460 4310 nos
3477 4257 3728 4321 queniquan

2203 4343 2494 4402 suademus
2529 4343 2657 4400 dare
2687 4344 2834 4418 quod
2862 4361 2972 4402 non
3010 4345 3175 4402 habet
3215 4364 3227 4400 :
3262 4346 3360 4406 sed
3390 4344 3532 4415 cujus
3564 4337 3730 4398 facultas

2204 4444 2316 4494 tam
2339 4437 2515 4498 tenuis
2541 4445 2642 4506 est,
2669 4445 2728 4494 ut
2758 4453 2866 4494 non
2893 4438 3068 4509 possit
3089 4438 3357 4500 redimere
3385 4437 3638 4509 captivum.
3655 4426 3729 4494 διι-

2206 4539 2318 4588 tem
2358 4533 2486 4588 illud
2515 4533 2658 4604 quod
2687 4540 2774 4592 est
2807 4534 3090 4594 minimum
3130 4533 3296 4596 addat
3332 4533 3400 4600 ad
3442 4529 3662 4604 pretium.
3689 4526 3729 4577 α

509 4611 922 4677 misericordiae;
960 4609 1054 4665 sed
1096 4610 1474 4679 requirendum
1518 4621 1601 4666 est
1639 4612 1729 4681 qui
1764 4613 2101 4682 potissimum
2129 4621 2182 4684 ι)
2206 4625 2292 4681 γει
2320 4640 2488 4697 ραι-νο
2517 4643 2738 4686 nummo
2761 4627 3007 4685 videam,-
3032 4626 3358 4688 ηαεωείεεο
3383 4626 3627 4690 mandato,

509 4704 765 4760 existant.
798 4700 1137 4773 Principatus
1165 4701 1544 4759 misericordiae
1591 4710 1672 4758 est
1706 4703 1921 4773 quidem
1951 4705 2103 4776 lapso

509 4811 733 4853 manum
760 4796 1057 4867 porrigere,
1089 4797 1291 4851 erranti
1321 4796 1458 4851 viam
1487 4795 1674 4852 salutis
1702 4798 2005 4865 ostendere,
2031 4800 2109 4856 in~

506 4887 695 4944 ﬁrmos
722 4887 974 4952 visitare,
1017 4886 1070 4941 in
1101 4886 1444 4943 tribulatione
1474 4888 1689 4958 positos‘
1705 4888 1912 4944 solatiis
1938 4889 2105 4948 inhae-

506 4993 663 5046 rere;
693 4976 786 5034 sed
815 4977 904 5032 illa
933 4983 1019 5032 est
1047 4977 1315 5048 praecipue
1353 4979 1735 5050 exSpectanda,
1775 4981 2103 5039 esurientem

505 5087 752 5144 pascere,
784 5071 987 5128 nudum
1027 5071 1240 5137 vestire,
1270 5072 1542 5144 captivum
1563 5072 1846 5140 redimere,
1879 5075 1946 5131 ad
1976 5083 2105 5130 tem-

505 5179 610 5237 pus
649 5179 757 5219 non
801 5163 1019 5220 habenti
1053 5165 1356 5220 necessaria
1397 5164 1760 5222 commodare.
1798 5165 2104 5228 Invenimus

508 5256 799 5327 aliquoties
826 5264 1087 5330 praaterea
1119 5258 1286 5312 multa
1315 5271 1513 5328 genera
1547 5258 1947 5328 misericordiae,
1979 5263 2102 5333 qui-

507 5349 611 5405 bus
639 5363 698 5405 se
717 5349 877 5419 vulgo
916 5348 1089 5404 studia
1115 5349 1347 5404 humana
1373 5349 1752 5406 commendant
1783 5370 1795 5406 :
1828 5368 1948 5424 qua:
1981 5370 2103 5410 cum

509 5442 719 5499 nullum
744 5441 1033 5498 exhibeant
1055 5442 1434 5498 misericordiae
1454 5442 1700 5512 fructum,
1727 5446 2105 5503 misericordiae

510 5542 694 5590 tamen
715 5533 1048 5590 mentiuntur
1063 5531 1331 5590 all‘ectum.
1358 5535 1432 5590 De
1453 5535 1538 5591 his
1557 5536 1699 5592 enim
1729 5536 1857 5592 dicit
1875 5536 2104 5598 Jacobus

512 5625 567 5681 in
589 5625 831 5700 Epistola
852 5642 948 5683 sua
976 5645 989 5680 :
1015 5625 1076 5686 Si
1099 5628 1260 5701 frater
1294 5637 1384 5682 aut
1411 5645 1559 5685 soror
1591 5628 1716 5683 nudi
1739 5630 1861 5695 sint,
1885 5639 1934 5685 et
1966 5632 2106 5686 indi-

515 5728 671 5789 geant
705 5719 836 5773 victu
872 5719 1199 5794 quotidiana,
1232 5721 1371 5776 dicat
1417 5722 1601 5794 aliquis
1633 5734 1853 5779 vestrum
1884 5740 1900 5778 :
1943 5721 2025 5780 Ite
2051 5725 2106 5780 in

511 5823 670 5887 pace,
695 5810 1039 5880 calefacimini
1067 5820 1116 5868 et
1143 5815 1468 5882 saturamini,
1497 5832 1595 5871 non
1624 5816 1862 5872 dederitis
1898 5819 1970 5872 eis
1992 5835 2106 5889 qua

2783 4759 3063 4817 HOMPLIA
3101 4761 3236 4818 VIII.

2682 4877 2815 4934 Item
2844 4879 2908 4935 de
2939 4879 3320 4952 misericordia.

2281 4990 2331 5046 1.
2381 4989 2562 5048 Multa:
2597 5005 2796 5057 causae,
2847 4991 3205 5058 dilectissimi.
3248 5004 3319 5046 ex
3363 4983 3635 5056 evangelica
3673 4977 3727 5032 le-

2205 5083 2389 5142 ctione
2435 5084 2716 5140 venientes
2761 5083 2815 5140 in
2859 5083 3128 5144 diversam
3175 5091 3383 5154 partem
3421 5078 3626 5133 annuum
3657 5078 3724 5122 tra-

2205 5174 2342 5230 hunt
2372 5192 2386 5228 :
2421 5189 2556 5246 quas
2583 5175 2628 5232 si
2656 5175 2985 5236 voluerimus
3019 5175 3119 5234 sub
3144 5174 3299 5233 unius
3327 5170 3551 5232 materia:
3585 5174 3723 5238 propo-

2204 5265 2400 5324 sitione
2426 5266 2732 5340 disponere,
2765 5282 2985 5327 necesse
3013 5274 3097 5322 est
3136 5273 3193 5322 ut
3229 5279 3390 5324 causa
3418 5274 3576 5318 causae
3600 5257 3722 5323 impe-

2206 5358 2337 5426 diat,
2392 5359 2617 5418 alterius
2681 5360 2883 5429 negotii
2943 5358 3270 5418 intellectum
3325 5357 3456 5412 alter
3513 5346 3721 5408 excludat.

2207 5450 2432 5520 Quando
2461 5461 2641 5510 autem
2669 5461 2850 5523 potest
2890 5450 3003 5508 ﬁeri
3037 5461 3096 5510 ut
3124 5467 3229 5514 non
3255 5449 3554 5512 confusione
3584 5437 3709 5496 multa

2209 5561 2329 5606 rum
2343 5561 2524 5608 rerum
2544 5554 2640 5604 aut
2652 5545 2900 5616 dicentis,
2919 5553 3014 5604 aut
3028 5544 3292 5608 audientis
3308 5539 3602 5612 impediatur
3618 5533 3722 5598 ωδε-

2211 5639 2396 5702 nium?
2420 5637 2565 5700 later
2584 5647 2779 5700 caetera
2800 5652 2949 5710 ergo,
2974 5636 3320 5704 dilectissimi,
3344 5633 3524 5705 quibus
3536 5641 3617 5702 pro
3639 5633 3721 5677 me-

2211 5731 2327 5788 ritis
2347 5731 2479 5800 suis.
2502 5729 2849 5794 beatitudinis
2867 5731 3098 5809 gratiam
3121 5727 3441 5808 evangelista
3457 5728 3719 5810 οοωωαιξγ

2211 5830 2296 5878 rat
2341 5820 2502 5882 fuisse
2549 5821 2833 5885 collatam.
2879 5802 3097 5884 interim
3149 5802 3361 5894 causam
3406 5802 3719 5874 misericordi!
