3924 6368
233 375 326 440 717
611 397 640 436 ο
1681 375 1782 440 "Oi

1951 409 1964 437 ι
2003 377 2132 440 Vill.
3397 388 3500 442 7:8

228 492 355 566 apud
399 509 495 550 vos
540 493 842 564 putavimus
890 491 1296 568 exponendam,
1329 508 1448 564 qum
1501 493 1804 563 quotidiani
1835 501 1880 558 Α
1981 494 2034 549 3.
2076 491 2270 552 Audite
2291 490 2635 550 Salomonem
2656 489 2961 552 dicentem:
2997 493 3123 562 Fili,
3169 497 3381 570 benefaa
3427 511 3502 559 le-

227 589 389 664 operiS
437 586 667 644 fructum
711 590 938 660 requirit
983 607 996 644 :
1041 596 1240 645 caetera
1291 587 1621 658 temporibus
1670 586 1803 654 suis,
1911 604 2044 654 cum,
2090 588 2334 644 conclude
2371 587 2744 661 eleemosynam
2776 590 2827 643 in
2874 589 2989 646 sinu
3038 593 3278 662 pauperis
3311 593 3498 664 (Eccli.

225 698 338 744 cum
364 698 487 740 usus
508 681 686 748 fuerit,
715 697 1102 752 exsequemur;
1128 691 1187 738 ut
1209 696 1540 753 unaquaeque
1568 696 1655 740 res
1681 695 1805 737 cum
1909 696 2057 748 xxxx,
2093 679 2204 753 15).
2246 681 2484 752 Quisque
2527 697 2656 753 ergo
2700 683 3016 740 utilitatibus
3059 685 3171 742 suis
3221 688 3518 746 consulere-

223 775 436 849 propriis
463 775 665 832 viribus
697 775 799 832 lixa
829 776 1152 843 constiterit,
1175 778 1398 832 alterius
1425 791 1602 832 cauare
1628 784 1802 834 mate-
1907 771 2198 838 desiderat,
2231 789 2340 828 non
2361 774 2562 830 invitus
2585 790 2878 847 pauperem
2929 783 3132 850 pascat.
3188 777 3305 836 Non
3347 779 3502 838 deest

221 868 344 924 riam
379 882 485 926 non
516 865 772 936 requirat.
800 865 939 926 Ecce
967 867 1097 924 dicit
1125 867 1424 926 Dominus:
1458 866 1605 924 Beati
1643 868 1801 924 mise-
1906 873 2088 928 autem
2117 866 2173 922 in
2196 881 2305 937 quo
2331 866 2573 938 quotidie
2591 869 2765 940 possis
2795 868 3004 928 lucrum
3026 870 3223 937 facere,
3249 871 3296 928 si
3324 873 3389 927 ad
3412 888 3502 930 ne-

220 958 462 1024 ricardes,
493 959 739 1031 quoniam
785 960 912 1030 ipsis
951 961 1276 1020 miserebitur
1317 959 1454 1018 Deus
1501 957 1714 1036 (Matth.
1745 977 1796 1028 ν,
1903 960 2212 1018 cessitatem
2258 961 2518 1032 respicias
2564 962 2899 1040 paupertatis
2946 963 3155 1024 alicam.
3205 964 3339 1028 Nam
3369 965 3500 1023 dicit

220 1051 284 1122 7).
312 1049 492 1115 Miror.
531 1051 580 1106 si
627 1059 750 1123 pOSt
777 1052 918 1112 banc
940 1067 1132 1112 vocem
1171 1053 1379 1114 dubitet
1408 1053 1600 1124 aliquis
1639 1069 1798 1112 num-
1904 1053 2220 1126 Scriptura:
2277 1054 2617 1128 Eleemosyna
2664 1066 2714 1112 et
2757 1057 2863 1128 ﬁde
2927 1068 3139 1132 peccata
3187 1069 3493 1132 purgantur.

217 1159 348 1200 mum
384 1158 540 1204 suum
583 1144 908 1216 expendere,
938 1160 1062 1204 cum
1101 1145 1293 1202 viderit
1332 1144 1496 1216 justis
1534 1146 1682 1202 lucra
1710 1161 1796 1206 re-
1907 1145 2178 1218 (Prouerb.
2221 1163 2309 1214 xv,
2346 1146 2458 1216 27).
2504 1145 2646 1204 Ecce
2671 1147 2760 1208 hic
2783 1147 2984 1220 jejunis
3017 1147 3261 1206 faucibus
3281 1159 3495 1222 pastum

215 1235 462 1308 spondere
507 1235 777 1292 beneﬁcii.
820 1235 958 1308 Quid
1005 1247 1186 1302 autem
1223 1240 1444 1310 prodest
1480 1248 1793 1308 congestam
1898 1239 2145 1309 requirit,
2178 1239 2267 1298 ille
2307 1239 2612 1296 miserabile
2659 1239 3040 1300 vestimentum
3077 1240 3268 1300 deesse
3306 1242 3408 1304 sibi
3438 1243 3494 1302 in

214 1329 316 1386 auri
358 1344 591 1386 massam
620 1331 838 1386 sacculo
866 1332 1159 1400 custodire,
1193 1348 1316 1390 cum
1341 1334 1518 1405 possis
1551 1333 1796 1404 quotidie
1898 1333 2142 1392 nuditate
2162 1342 2407 1390 testatur.
2439 1333 2584 1390 Satis
2611 1334 2844 1392 crudelis
2871 1343 2956 1391 est
2987 1341 3043 1392 et
3071 1335 3294 1397 nimium
3324 1334 3493 1396 durus

214 1427 262 1476 et
297 1419 428 1474 bene
451 1418 650 1488 facere,
677 1431 728 1476 et
753 1437 1004 1494 expensa:
1031 1423 1185 1479 fenus
1213 1427 1454 1495 pecuniae
1474 1427 1792 1496 reportare?
1899 1441 2059 1496 quem
2082 1442 2191 1486 non
2213 1427 2384 1497 tangit
2405 1426 2581 1494 dolor,
2611 1442 2733 1482 cum
2759 1433 2968 1498 partem
3001 1427 3248 1497 corporis
3276 1427 3357 1482 sui
3398 1433 3493 1486 aut

213 1509 343 1567 Beati
387 1513 781 1580 misericordes,
814 1518 1060 1590 quoniam
1099 1519 1225 1590 ipsis
1264 1518 1590 1576 miserebitur
1625 1518 1789 1576 Deus.
1898 1517 2166 1586 debilitas,
2190 1529 2282 1578 aut
2311 1521 2541 1586 nuditas,
2569 1528 2662 1576 aut
2689 1527 2982 1594 paupertas
3009 1520 3266 1578 stimulat.
3292 1517 3492 1582 Parum

218 1602 460 1670 Gaudete,
479 1605 838 1674 dilectissimi,
870 1617 926 1664 et
945 1597 1123 1673 securi
1150 1610 1367 1678 donate,
1386 1619 1548 1681 atque
1577 1611 1792 1667 indubi—
1892 1611 2137 1682 profecto
2165 1613 2266 1670 sibi
2289 1615 2566 1686 prospicit,
2600 1614 2692 1685 qui
2725 1631 2832 1670 non
2869 1629 3046 1671 causa:
3076 1613 3268 1670 alienae
3300 1629 3492 1670 neces-

212 1707 370 1754 tanter
397 1701 706 1771 expendite.
739 1701 872 1770 Quis
900 1712 1078 1760 autem
1103 1720 1208 1760 no.1
1231 1707 1478 1762 certatim
1504 1721 1636 1778 opes
1663 1721 1786 1762 suas
1891 1705 2066 1762 sitatis
2099 1705 2347 1764 intendit.
2379 1705 2462 1763 Nil
2495 1707 2588 1763 tibi
2609 1715 2837 1778 prosunt
2874 1706 3074 1766 divitia:
3122 1712 3248 1774 tute,
3278 1707 3324 1763 si
3353 1706 3490 1764 divi-

210 1791 338 1862 larga
377 1808 474 1863 per
515 1794 750 1851 miseros
783 1797 1098 1866 erogatione
1133 1797 1426 1870 dispenset,
1446 1814 1568 1856 cum
1597 1799 1781 1856 multi-
1889 1797 2090 1856 tiarum
2124 1798 2404 1856 beneﬁciis
2432 1816 2542 1854 non
2570 1799 2757 1857 utaris.
2792 1798 2927 1856 Nam
2974 1813 3100 1872 pars
3126 1798 3489 1856 mendicitatis

208 1889 355 1960 plices
388 1889 597 1946 fructus
637 1901 693 1948 et
719 1891 950 1966 duplicia
979 1894 1119 1950 dona
1146 1910 1206 1952 se
1233 1896 1500 1966 intelligat
1539 1905 1789 1967 receptu-
1815 1902 1865 1966 Β
1891 1897 1994 1959 est,
2023 1901 2336 1964 congestam
2373 1900 2585 1950 secreto
2625 1894 2909 1964 pecuniam
2955 1892 3252 1966 possidere.
3301 1891 3486 1952 Nescis

205 1983 342 2036 rum?
365 1981 504 2040 Ecce
532 1983 770 2056 denique
797 1987 987 2042 beatos
1012 1987 1133 2044 illos
1165 1987 1424 2044 Dominus
1448 1989 1504 2044 in
1531 1988 1634 2046 hac
1671 1989 1781 2048 vita
1884 1982 2029 2056 quod
2069 1999 2176 2040 non
2214 1984 2407 2056 recipit
2454 1983 2686 2042 fructum
2726 1985 3052 2058 quicumque
3088 2001 3195 2041 non
3229 1984 3481 2051 seminat,

202 2073 450 2142 judicavit,
482 2077 684 2145 quibus
715 2077 766 2132 in
796 2076 976 2134 futuro
1005 2080 1430 2142 misericordiam
1450 2082 1776 2154 repromisit.
1877 2075 2032 2152 juxta
2060 2077 2209 2136 illam
2236 2079 2580 2146 sententiam,
2605 2095 2770 2149 quam
2798 2078 3048 2149 superius
3083 2093 3484 2134 commemora-

261 2165 308 2222 2.
336 2167 529 2226 Audite
572 2169 630 2224 in
660 2170 767 2227 alio
792 2169 915 2228 loco
943 2173 1232 2234 Dominum
1275 2175 1542 2234 dicentem
1576 2193 1590 2232 :
1621 2174 1780 2234 Omni
1883 2165 2075 2236 vitnus.
2096 2167 2198 2238 Qui
2218 2187 2373 2242 parce
2389 2172 2631 2236 mnium.
2655 2187 2810 2242 parce
2836 2180 2888 2228 et
2914 2169 3280 2242 metetillCor.
3306 2169 3483 2242 m6)?

206 2263 371 2332 petenti
401 2272 448 2315 te
476 2261 649 2319 tribue
683 2261 834 2338 (Luc.
865 2281 948 2333 vt,
981 2265 1091 2339 30).
1123 2266 1244 2326 Non
1290 2277 1376 2324 est
1401 2269 1667 2336 otiosum,
1697 2270 1779 2326 αἱς
1880 2259 2012 2320 Haec
2050 2270 2135 2320 est
2173 2263 2337 2334 igitur
2386 2262 2702 2320 exercendae
2743 2263 2966 2320 cultura:
3007 2262 3166 2331 ratio,
3195 2273 3255 2320 ut
3278 2271 3482 2332 quanto

203 2353 478 2421 lectissimi,
527 2357 678 2426 quod
727 2358 976 2415 omnibus
1021 2361 1330 2432 petentibus
1375 2362 1776 2436 eleemosynam
1878 2355 2000 2427 plus
2021 2354 2184 2413 homo
2212 2356 2478 2414 seminum
2516 2364 2674 2412 terra:
2714 2356 3077 2424 commendat,
3108 2365 3260 2413 tanto
3289 2355 3482 2414 futuris

202 2444 429 2508 Dominus
473 2445 611 2503 dare
651 2447 825 2518 jubet.
869 2449 1086 2508 Sciebat
1138 2454 1444 2511 necessario
1489 2455 1751 2524 aliquotie:

1927 2447 2144 2506 lessibus
2189 2464 2314 2520 spes
2359 2449 2534 2520 major
2580 2457 2872 2506 accrescat.
2925 2449 3027 2517 Qui
3076 2465 3184 2505 non
3225 2450 3476 2515 seminat,

202 2537 320 2596 inter
355 2541 525 2596 malos
571 2543 738 2598 etiam
767 2543 942 2602 bonos
987 2545 1187 2614 latere;
1230 2555 1392 2619 atque
1439 2547 1562 2606 ideo
1602 2549 1778 2608 bonos
1877 2540 2066 2597 otiosis
2085 2540 2333 2600 manibus
2354 2541 2490 2597 alios
2522 2549 2788 2597 metentes
2820 2549 3048 2614 spectat.
3073 2540 3206 2597 Nam
3227 2542 3318 2612 qui
3341 2543 3481 2598 inter

201 2632 444 2702 malosque
473 2634 840 2704 commiscuit,
871 2651 937 2692 ne
976 2652 1099 2694 cum
1147 2638 1395 2708 indignos
1422 2641 1666 2709 erogatio
1693 2641 1775 2696 ni-
1876 2643 2103 2694 cteteros
2161 2634 2429 2706 agricolas
2469 2634 2590 2706 plus
2637 2633 2996 2701 laboraverit,
3054 2633 3177 2706 plus
3226 2642 3474 2706 reponet.

201 2723 345 2777 mium
379 2734 536 2780 canta
585 2727 916 2796 praeteriret,
948 2729 1114 2786 etiam
1160 2729 1353 2800 dignus
1399 2733 1773 2790 misericordia
1875 2728 2104 2798 Quando
2130 2739 2313 2786 autem
2333 2736 2516 2800 potest
2542 2729 2658 2785 ﬁeri
2679 2737 2739 2784 ut
2759 2729 2954 2786 horrea
2977 2744 3074 2784 sua
3105 2744 3274 2784 vacua
3302 2728 3477 2802 despi~

200 2815 456 2873 indonatus
477 2817 822 2876 abscederet.
854 2815 1011 2878 Nulla
1037 2829 1118 2878 est
1140 2822 1392 2880 discretio
1421 2826 1769 2896 postulantis;
1872 2821 2002 2890 ciat,
2033 2821 2128 2894 qui
2148 2822 2355 2878 semina
2380 2820 2737 2894 multiplicato
2762 2819 2964 2891 jngiter
2982 2821 3133 2878 sulco
3154 2827 3314 2878 terra:
3335 2837 3478 2878 coms

199 2923 281 2964 nec
303 2916 379 2963 est
409 2909 710 2966 necessitas
734 2911 1066 2982 exploranda
1107 2917 1396 2986 pauperis;
1427 2917 1624 2986 dantis,
1658 2935 1769 2980 non
1870 2913 2118 2974 miserit?
2147 2913 2288 2984 Quid
2310 2914 2407 2972 tibi
2436 2913 2660 2986 prodest
2686 2913 2957 2984 congestis
2977 2913 3234 2970 incubare
3251 2913 3470 2980 divitiis,

198 3000 478 3071 accipientis
522 3000 736 3060 fructus
765 3013 1097 3074 quaeruntur.
1130 3003 1249 3063 Non
1295 3007 1522 3066 interest
1557 3010 1644 3066 cui
1673 3026 1769 3082 pe—
1868 3007 1916 3062 εἰ
1943 3007 2011 3064 de
2031 3007 2113 3068 bis
2135 3007 2338 3070 nullum
2368 3007 2574 3066 lucrum
2596 3007 2814 3080 capias?
2837 3005 3094 3066 Videmus
3113 3007 3344 3078 denique
3366 3006 3474 3064 fre-

199 3093 310 3146 tenti
334 3107 556 3163 eroges;
593 3110 702 3149 non
722 3095 866 3150 enim
897 3097 1122 3166 requirit
1144 3096 1402 3154 Dominus
1442 3109 1621 3156 utrum
1648 3117 1763 3157 me-
1867 3106 2098 3169 quenter
2126 3098 2485 3158 inveteratam
2513 3098 2725 3170 frugum
2765 3113 3002 3154 massam
3040 3106 3312 3156 vetustate
3343 3115 3475 3155 con-

198 3195 352 3242 reatur
377 3187 463 3244 ille
492 3189 594 3260 qui
622 3189 890 3260 postulat;
919 3190 1013 3246 sed
1043 3192 1236 3262 qtmerit
1262 3201 1525 3262 quantum
1547 3202 1768 3264 praestet
1867 3191 2026 3258 sumi,
2057 3199 2116 3248 et
2145 3191 2332 3250 vitiata
2359 3191 2696 3264 temporibus
2734 3191 2859 3248 vina
2887 3190 3049 3248 nullis
3090 3190 3146 3245 in
3191 3199 3475 3262 posterum

197 3278 271 3347 qui
296 3277 466 3334 donat.
500 3279 705 3336 Audite
737 3281 806 3337 ad
836 3282 978 3338 hunc
1019 3282 1198 3338 locum
1231 3282 1550 3355 Apostolum
1577 3284 1763 3341 dicen-
1792 3296 1846 3370 ς
1871 3283 2346 3356 nsibnsprofutura
2358 3283 2570 3354 jactari.
2589 3283 2725 3340 Illud
2741 3284 2917 3339 solum
2938 3283 3227 3354 aliquoties
3241 3283 3470 3342 Domino

197 3380 317 3428 tetu:
345 3372 441 3440 Qui
468 3393 634 3448 parce
661 3377 898 3443 seminat,
931 3394 1089 3449 parce
1107 3387 1158 3432 et
1184 3388 1335 3434 metet
1359 3377 1400 3452 (Ι
1429 3377 1550 3436 Cor.
1584 3397 1658 3448 ix,
1685 3379 1763 3452 6).
1868 3379 2043 3446 magis
2082 3379 2432 3448 intelligimus
2471 3375 2760 3450 profuisse,
2790 3375 2937 3448 quod
2977 3375 3272 3432 renovandi
3299 3376 3472 3446 gratia

197 3465 413 3527 Proiecto
455 3471 621 3526 nobis
668 3479 1020 3543 praestamus,
1064 3473 1508 3544 quotiescumque
1554 3474 1768 3531 miseris
1867 3471 2010 3526 solet
2038 3471 2272 3540 agricola
2295 3470 2659 3540 indigentibus
2678 3469 3044 3526 commodare.
3069 3468 3338 3539 Quidquid
3367 3487 3467 3526 au-

196 3561 526 3629 subvenimns,
567 3563 775 3621 lucrum
816 3574 1062 3620 nostrum
1093 3572 1196 3628 est,
1231 3573 1537 3620 nostrarum
1566 3579 1763 3634 eroga-
1868 3573 1979 3621 tem
2025 3566 2251 3621 avaritia
2279 3565 2596 3632 servaverit,
2625 3572 2720 3620 aut
2748 3572 2909 3620 aestas
2937 3563 3102 3619 nimia
3122 3563 3342 3634 decipit,
3376 3571 3469 3621 aut

197 3653 258 3708 tio
289 3653 620 3712 facultatum.
654 3656 788 3712 Nam
818 3656 864 3713 si
890 3657 1151 3730 respicias
1183 3657 1249 3712 ad
1279 3674 1430 3729 spem
1461 3657 1653 3716 futurae
1681 3674 1768 3714 re-
1867 3663 2112 3714 vetnstas
2159 3658 2367 3728 ingrata
2409 3657 2700 3725 consumit,
2749 3664 2844 3716 aut
2889 3657 3032 3714 tinea
3053 3657 3313 3712 damnosa
3345 3672 3468 3712 cor-

197 3745 503 3816 tributionis,
564 3746 740 3804 fenori
797 3749 1028 3804 traditur
1081 3749 1343 3820 quidquid
1403 3750 1768 3810 esurientibus
1867 3752 2088 3826 rumpit.
2111 3750 2228 3808 Hoc
2255 3751 2434 3808 solum
2459 3751 2564 3808 sibi
2583 3751 2750 3810 homo
2770 3749 3006 3821 reponit,
3029 3748 3469 3820 quidquidcausa

196 3839 517 3910 ministratur,
555 3841 631 3897 ita
665 3842 878 3899 dicente
906 3843 1170 3914 propheta
1197 3862 1209 3896 :
1237 3842 1426 3898 Beatus
1460 3844 1545 3918 qui
1574 3843 1769 3900 intellie
1868 3843 2234 3902 miserationis
2262 3844 2597 3914 espenderit.
2631 3843 2765 3898 Nam
2795 3841 2868 3898 ita
2888 3841 3016 3898 dicit
3044 3842 3146 3916 13
3174 3842 3466 3898 Dominus:

199 3933 259 4004 git
281 3951 422 4006 super
450 3953 672 4009 egenum
710 3945 759 3990 et
797 3953 1103 4009 pauperem,
1140 3937 1195 3991 in
1235 3936 1318 3992 die
1353 3937 1493 3992 mala
1529 3937 1770 3994 liberabit
1871 3937 2243 3998 Thesaurizate
2271 3937 2410 3996 vobis
2443 3937 2710 3994 thesauros
2739 3939 2794 3992 in
2815 3936 2960 4005 ctzlo,
3000 3936 3087 3992 ubi
3119 3953 3284 4010 neque
3332 3938 3471 3992 tinea

195 4042 290 4081 eum
315 4026 562 4084 Dominus
593 4027 708 4101 (Ps.
744 4046 810 4084 χι.
831 4068 844 4094 ,
871 4027 945 4099 1).
975 4028 1069 4084 His
1095 4029 1346 4084 omnibus
1375 4026 1658 4100 ﬂdejussor
1685 4039 1772 4094 est
1869 4032 2152 4096 consumit,
2204 4047 2296 4090 nec
2349 4031 2490 4104 [ures
2538 4029 2792 4100 eﬂodiuut
2843 4038 2894 4086 et
2931 4032 3174 4102 [urantur
3234 4027 3460 4102 (Matth.

195 4115 439 4188 Christus,
481 4122 578 4191 qui
612 4121 786 4176 dicit:
843 4119 958 4192 Ego
1003 4122 1157 4178 vobis
1203 4122 1258 4176 in
1303 4122 1614 4193 centuplum
1643 4123 1768 4180 red-
1868 4121 2102 4191 “,20).

195 4210 298 4268 dant
333 4213 545 4286 (Matth.
575 4232 684 4279 nx,
715 4211 827 4288 29).
851 4213 1076 4286 Insuper
1104 4223 1159 4270 et
1176 4216 1283 4269 vita
1310 4224 1512 4271 interna
1541 4217 1767 4286 promit-
1939 4211 1992 4268 4.
2035 4210 2422 4270 Provideamus
2467 4224 2617 4282 ergo,
2666 4209 3018 4275 dilectissimi,
3078 4223 3148 4265 ne
3185 4207 3467 4266 facultates

196 4301 331 4372 titur;
359 4306 622 4378 impietati
658 4315 713 4360 et
740 4306 979 4361 avaritia:
1001 4305 1190 4376 judicii
1211 4305 1476 4362 districtio
1516 4322 1765 4364 reserva-
1869 4315 2082 4364 nostras
2102 4305 2301 4362 vermis
2322 4304 2564 4362 avaritia
2585 4301 2927 4360 exterminat.
2961 4301 3354 4360 Prtemittamus
3396 4301 3465 4358 il-

196 4401 282 4462 tur,
312 4396 380 4452 ita
401 4398 734 4468 evangelista
769 4398 981 4456 dicente
1015 4417 1027 4452 :
1061 4397 1188 4453 Cum
1216 4400 1411 4454 venerit
1442 4397 1612 4456 Filius
1647 4398 1764 4456 Ηο-
1869 4399 1956 4456 luc
1984 4415 2118 4470 opes
2139 4406 2373 4464 nostras,
2398 4397 2490 4454 ubi
2513 4397 2697 4454 nullus
2722 4395 2806 4452 fur
2825 4396 3012 4462 irruat,
3045 4395 3222 4452 nullus
3244 4395 3468 4474 insidia:

198 4487 326 4542 minis
364 4491 416 4544 in
437 4491 712 4562 majestate
731 4507 858 4555 sua,
895 4500 944 4544 et
973 4507 1147 4550 omnes
1182 4491 1352 4564 angeli
1377 4507 1493 4546 cum
1521 4509 1603 4559 eo,
1647 4501 1767 4547 tunc
1871 4499 1956 4548 tor
1991 4491 2262 4550 incendat.
2284 4489 2738 4547 Commendemus
2765 4488 2978 4546 divitias
3000 4497 3212 4548 nostras
3234 4488 3465 4546 Domino

196 4583 453 4654 segregabit
492 4601 670 4640 omnes
701 4583 764 4638 ab
805 4585 1054 4649 invicem,
1086 4602 1200 4640 oves
1245 4603 1277 4640 a
1319 4584 1543 4653 dextris,
1576 4596 1626 4641 et
1658 4586 1767 4642 Itaz-
1868 4584 2069 4642 dicenti
2097 4603 2110 4638 :
2145 4581 2324 4640 Nolite
2351 4581 2490 4641 vobis
2543 4582 2894 4638 tltesaut'izare
2928 4581 3194 4640 thesauros
3234 4583 3290 4636 in
3326 4590 3468 4637 terra

199 4674 273 4729 dos
299 4693 326 4729 a
351 4678 605 4742 sinistris;
637 4678 810 4732 dicens
844 4678 948 4733 illis
987 4680 1125 4752 quia
1155 4677 1349 4734 dextris
1377 4689 1529 4735 sunt:
1563 4677 1760 4746 Venite,
1796 4695 1848 4758 υ
1872 4675 2058 4749 (Ibid.,
2089 4675 2196 4746 19).
2221 4673 2473 4746 Quisquis
2501 4674 2648 4730 enim
2667 4672 2951 4731 facultates
2970 4689 3094 4730 suas
3116 4673 3168 4728 in
3186 4687 3352 4744 opere
3368 4672 3468 4730 Dei

197 4767 277 4837 ﬁlii
303 4773 413 4837 mei,
445 4773 705 4842 possidete
745 4789 942 4827 mecum
985 4790 1200 4845 regnum
1237 4774 1498 4829 ειειοναηι,
1534 4771 1761 4839 Εεανίινί,
1873 4765 2103 4824 ﬁdeliter
2126 4765 2450 4835 erogaverit,
2485 4765 2541 4824 in
2563 4773 2716 4835 parte
2743 4764 2866 4821 cmli
2888 4764 3194 4821 reconditas
3223 4779 3287 4820 ac
3308 4779 3468 4835 repo-

200 4870 241 4913 et
257 4862 457 4922 dedistis
489 4867 617 4924 mihi
641 4866 990 4932 manducare;
1012 4868 1168 4930 sitivi,
1193 4877 1243 4921 et
1264 4867 1474 4922 dedistis
1516 4868 1643 4923 mihi
1683 4867 1765 4922 bi-
1871 4861 2004 4920 sitas
2027 4860 2130 4922 sub
2144 4859 2291 4930 justo
2322 4857 2638 4930 tidejussore
2669 4858 2921 4914 custodit.
2953 4856 3122 4916 Nemo
3155 4857 3372 4928 sapiens
3397 4854 3470 4914 ad

200 4951 322 5021 ὑεῖς
368 4958 550 5028 hospes
577 4977 740 5026 erant,
784 4970 832 5018 et
880 4959 1155 5034 collegistis
1177 4978 1290 5026 me;
1315 4962 1480 5024 nudus
1519 4978 1683 5026 eram,
1717 4971 1768 5017 et
1869 4953 2030 5024 hujus
2058 4953 2238 5010 saeculi
2261 4959 2580 5010 ornamenta
2615 4951 2911 5022 respiciat:
2943 4965 3068 5022 quae
3101 4949 3228 5006 dum
3257 4958 3470 5020 tempo-

200 5047 390 5104 restistis
428 5067 527 5103 me.
570 5047 719 5104 Dicet
752 5050 856 5106 illis
891 5052 978 5123 qui
1017 5069 1049 5105 a
1077 5054 1303 5108 sinistris
1323 5062 1445 5108 sunt
1465 5070 1483 5107 :
1524 5051 1768 5110 Recedite
1868 5047 2058 5106 raliter
2086 5043 2453 5102 voluntatibus
2481 5043 2762 5100 hominum
2783 5043 3042 5110 serviunt,
3070 5041 3263 5097 animis
3287 5041 3467 5112 possi-

202 5149 228 5186 α
253 5154 339 5203 me,
363 5139 640 5208 maledicti,
664 5143 717 5196 in
739 5144 910 5214 ignem
937 5154 1205 5199 aeternum.
1230 5144 1456 5212 Esurivi,
1479 5156 1528 5202 et
1549 5163 1653 5202 non
1675 5147 1767 5202 de-
1871 5138 2049 5204 dentis
2087 5137 2336 5194 illudunt.
2387 5136 2501 5194 Duo
2529 5144 2653 5192 sunt
2680 5149 2880 5206 genera
2919 5133 3224 5190 divitiarum
3255 5150 3268 5186 :
3298 5149 3468 5190 unum

200 5227 328 5285 distis
365 5233 490 5288 mihi
530 5233 876 5298 manducare;
899 5236 1053 5301 sitioi,
1077 5245 1127 5290 et
1164 5253 1267 5291 non
1289 5235 1502 5292 dedistis
1533 5239 1656 5293 mihi
1687 5237 1766 5294 bi-
1871 5233 2019 5304 quod
2066 5231 2258 5290 suadet
2285 5227 2355 5286 ad
2382 5238 2633 5297 mortem,
2663 5228 2808 5288 aliud
2845 5225 2990 5297 quod
3014 5226 3163 5283 ducit
3183 5226 3250 5281 ad
3281 5226 3468 5280 vitam.

201 5320 299 5378 bere
319 5323 527 5397 (Matth.
559 5344 683 5390 xxv.
717 5327 803 5393 51,
836 5325 923 5395 52,
949 5329 1138 5398 54-56,
1170 5329 1258 5397 41,
1287 5329 1402 5398 42).
1457 5329 1770 5402 Cogitemus
1874 5324 2082 5382 Divitias.
2109 5325 2298 5380 mortis
2325 5331 2468 5389 sunt,
2503 5323 2757 5380 incubare
2793 5319 3137 5376 facultatibus
3175 5318 3384 5385 alienis,
3416 5325 3475 5374 et

201 5427 329 5484 ergo,
359 5418 710 5488 dilectissimi,
742 5430 798 5478 et
838 5423 1214 5492 provideamus
1249 5440 1317 5480 ne
1354 5440 1454 5480 nos
1482 5427 1766 5484 retributio
1877 5427 2250 5482 coacervatam
2278 5418 2560 5489 pecuniam
2583 5416 2876 5476 infelicium
2905 5415 3154 5486 lacrymis
3182 5428 3470 5484 compara-

203 5502 468 5576 impietatls
503 5511 762 5572 inveniat.
795 5512 932 5570 Nam
972 5515 1112 5570 sicut
1133 5515 1184 5570 in
1217 5516 1503 5587 pascendis
1536 5518 1770 5574 vestien-
1879 5521 1988 5570 tam
2017 5513 2072 5568 in
2097 5512 2242 5572 diem
2262 5527 2624 5568 annumerare
2645 5508 2828 5568 seculi
2857 5505 3262 5566 btercditatibns
3285 5502 3474 5576 profu—

203 5594 370 5668 dis‘lue
413 5606 736 5676 Pauperibus
779 5608 1025 5680 placatur
1054 5610 1328 5678 Dominus,
1365 5612 1440 5676 ita
1486 5611 1697 5668 lteditur
1719 5611 1775 5670 in
1877 5614 2071 5661 turam.
2096 5603 2203 5660 Illzc
2225 5604 2448 5674 integrae
2470 5613 2524 5660 et
2553 5603 2874 5672 incorruptae
2902 5598 3122 5666 divitiae,
3143 5597 3338 5668 quibus
3365 5595 3476 5654 ani~

203 5699 498 5767 contemptu
520 5699 873 5770 miserorum;
905 5703 992 5759 cui
1022 5711 1170 5764 tanta
1199 5714 1282 5762 est
1305 5723 1432 5764 cura
1454 5706 1770 5769 infelicium,
1880 5717 1981 5760 ma:
2008 5700 2365 5766 redimuntur,
2390 5699 2585 5772 quibus
2612 5705 2838 5770 peccata
2860 5702 3177 5770 purgantur.
3218 5691 3367 5748 Illius
3392 5691 3475 5750 dio

207 5787 257 5836 ut
279 5784 373 5842 sibi
404 5787 584 5848 datum
608 5790 815 5864 judicet
834 5794 1093 5866 quidquid
1123 5797 1338 5868 inopem
1379 5807 1470 5856 aut
1496 5799 1658 5856 vestit
1684 5805 1777 5858 aut
1882 5795 2024 5852 vitia:
2052 5793 2410 5868 acceptabiles
2437 5791 2549 5860 Deo
2590 5799 2732 5858 5m)"
2781 5786 2936 5858 cuius
2980 5787 3228 5858 ιπείιθιθ
3269 5800 3474 5857 Pauper

206 5871 377 5934 "nc"-
1885 5888 2062 5956 alitur,
2112 5886 2282 5942 nudus
2323 5885 2566 5952 vcstitur,
2622 5883 2866 5944 captivus
2913 5880 3215 5947 redimitur,
3263 5879 3474 5960 vinctus
