  <div class='ocr_page' id='page_1' title='image "/cluster/home/n/w/nwhite01/storage/ocr_20150623/52/hvd.32044015706419/363.png"; bbox 0 0 3960 6358; ppageno 0'>
   <div class='ocr_carea' id='block_1_1' title="bbox 491 378 3706 449">
    <p class='ocr_par' dir='ltr' id='par_1_1' title="bbox 491 378 3706 449">
     <span class='ocr_line' id='line_1_1' title="bbox 491 378 3706 449; baseline 0.001 -4"><span class='ocrx_word' id='word_1_1' title='bbox 491 388 597 449; x_wconf 80' lang='grc'><strong>719</strong></span> <span class='ocrx_word' id='word_1_2' title='bbox 1457 385 1517 441; x_wconf 89' lang='lat' dir='ltr'><strong>S.</strong></span> <span class='ocrx_word' id='word_1_3' title='bbox 1556 379 1934 442; x_wconf 79' lang='lat' dir='ltr'><strong>VALERIANI</strong></span> <span class='ocrx_word' id='word_1_4' title='bbox 1974 378 2279 439; x_wconf 77' lang='lat' dir='ltr'><strong>EPISCOPI</strong></span> <span class='ocrx_word' id='word_1_5' title='bbox 2317 381 2766 441; x_wconf 80' lang='lat' dir='ltr'><strong>CEMELIENSIS</strong></span> <span class='ocrx_word' id='word_1_6' title='bbox 3626 389 3706 448; x_wconf 74' lang='lat'><strong>720</strong></span> 
     </span>
    </p>
   </div>
   <div class='ocr_carea' id='block_1_2' title="bbox 491 461 3703 576">
    <p class='ocr_par' dir='ltr' id='par_1_2' title="bbox 491 461 3703 576">
     <span class='ocr_line' id='line_1_2' title="bbox 491 461 3703 576; baseline -0.001 -15"><span class='ocrx_word' id='word_1_7' title='bbox 491 504 806 572; x_wconf 77' lang='lat' dir='ltr'><strong>absolvitur,</strong></span> <span class='ocrx_word' id='word_1_8' title='bbox 825 501 1059 561; x_wconf 80' lang='lat' dir='ltr'><strong>caelestis</strong></span> <span class='ocrx_word' id='word_1_9' title='bbox 1080 500 1231 571; x_wconf 86' lang='lat' dir='ltr'><strong>regni</strong></span> <span class='ocrx_word' id='word_1_10' title='bbox 1255 498 1540 556; x_wconf 64' lang='lat' dir='ltr'><strong>hiereditas</strong></span> <span class='ocrx_word' id='word_1_11' title='bbox 1561 506 1921 571; x_wconf 78' lang='lat' dir='ltr'><strong>comparatur.</strong></span> <span class='ocrx_word' id='word_1_12' title='bbox 1943 497 2082 553; x_wconf 85' lang='lat' dir='ltr'><strong>Nolo</strong></span> <span class='ocrx_word' id='word_1_13' title='bbox 2109 499 2161 560; x_wconf 79' lang='grc' dir='ltr'>Α</span> <span class='ocrx_word' id='word_1_14' title='bbox 2185 514 2284 571; x_wconf 87' lang='lat' dir='ltr'><strong>per</strong></span> <span class='ocrx_word' id='word_1_15' title='bbox 2304 501 2531 557; x_wconf 90' lang='lat' dir='ltr'><strong>miseros</strong></span> <span class='ocrx_word' id='word_1_16' title='bbox 2549 501 2879 572; x_wconf 71' lang='lat' dir='ltr'><strong>dispensata,</strong></span> <span class='ocrx_word' id='word_1_17' title='bbox 2911 503 2971 553; x_wconf 91' lang='lat' dir='ltr'><strong>ut</strong></span> <span class='ocrx_word' id='word_1_18' title='bbox 3002 505 3205 568; x_wconf 87' lang='lat' dir='ltr'><strong>quanto</strong></span> <span class='ocrx_word' id='word_1_19' title='bbox 3225 498 3342 570; x_wconf 84' lang='lat' dir='ltr'><strong>plus</strong></span> <span class='ocrx_word' id='word_1_20' title='bbox 3369 498 3516 557; x_wconf 87' lang='lat' dir='ltr'><strong>homo</strong></span> <span class='ocrx_word' id='word_1_21' title='bbox 3541 461 3703 576; x_wconf 55' lang='grc' dir='ltr'><strong>εποξῆ</strong></span> 
     </span>
    </p>
   </div>
   <div class='ocr_carea' id='block_1_3' title="bbox 493 590 2080 668">
    <p class='ocr_par' dir='ltr' id='par_1_3' title="bbox 493 590 2080 668">
     <span class='ocr_line' id='line_1_3' title="bbox 493 590 2080 668; baseline -0.008 -11"><span class='ocrx_word' id='word_1_22' title='bbox 493 601 614 657; x_wconf 88' lang='lat' dir='ltr'><strong>illas</strong></span> <span class='ocrx_word' id='word_1_23' title='bbox 639 598 872 665; x_wconf 82' lang='lat' dir='ltr'><strong>divitias,</strong></span> <span class='ocrx_word' id='word_1_24' title='bbox 923 612 1040 668; x_wconf 73' lang='lat' dir='ltr'><strong>qua:</strong></span> <span class='ocrx_word' id='word_1_25' title='bbox 1068 593 1306 665; x_wconf 87' lang='lat' dir='ltr'><strong>quotidie</strong></span> <span class='ocrx_word' id='word_1_26' title='bbox 1345 600 1634 662; x_wconf 85' lang='lat' dir='ltr'><strong>augmento</strong></span> <span class='ocrx_word' id='word_1_27' title='bbox 1663 608 1761 648; x_wconf 90' lang='lat' dir='ltr'><strong>suo</strong></span> <span class='ocrx_word' id='word_1_28' title='bbox 1779 593 1972 646; x_wconf 89' lang='lat' dir='ltr'><strong>famem</strong></span> <span class='ocrx_word' id='word_1_29' title='bbox 1998 590 2080 644; x_wconf 85' lang='lat' dir='ltr'><strong>fa-</strong></span> 
     </span>
    </p>
   </div>
   <div class='ocr_carea' id='block_1_4' title="bbox 493 682 2080 760">
    <p class='ocr_par' dir='ltr' id='par_1_4' title="bbox 493 682 2080 760">
     <span class='ocr_line' id='line_1_4' title="bbox 493 682 2080 760; baseline -0.008 -11"><span class='ocrx_word' id='word_1_30' title='bbox 493 693 660 759; x_wconf 90' lang='lat' dir='ltr'><strong>ciunt,</strong></span> <span class='ocrx_word' id='word_1_31' title='bbox 708 697 764 747; x_wconf 93' lang='lat' dir='ltr'><strong>et</strong></span> <span class='ocrx_word' id='word_1_32' title='bbox 807 690 863 745; x_wconf 92' lang='lat' dir='ltr'><strong>in</strong></span> <span class='ocrx_word' id='word_1_33' title='bbox 914 696 1188 760; x_wconf 91' lang='lat' dir='ltr'><strong>posterum</strong></span> <span class='ocrx_word' id='word_1_34' title='bbox 1217 686 1490 755; x_wconf 78' lang='lat' dir='ltr'><strong>dignitatis</strong></span> <span class='ocrx_word' id='word_1_35' title='bbox 1533 700 1642 740; x_wconf 73' lang='lat' dir='ltr'><strong>sua:</strong></span> <span class='ocrx_word' id='word_1_36' title='bbox 1685 683 1819 740; x_wconf 85' lang='lat' dir='ltr'><strong>ﬂore</strong></span> <span class='ocrx_word' id='word_1_37' title='bbox 1847 682 2080 751; x_wconf 60' lang='lat' dir='ltr'><strong>nudatae,</strong></span> 
     </span>
    </p>
   </div>
   <div class='ocr_carea' id='block_1_5' title="bbox 493 782 1458 852">
    <p class='ocr_par' dir='ltr' id='par_1_5' title="bbox 493 782 1458 852">
     <span class='ocr_line' id='line_1_5' title="bbox 493 782 1458 852; baseline -0.006 -12"><span class='ocrx_word' id='word_1_38' title='bbox 493 793 765 840; x_wconf 81' lang='lat' dir='ltr'><strong>amatores</strong></span> <span class='ocrx_word' id='word_1_39' title='bbox 784 798 911 840; x_wconf 88' lang='lat' dir='ltr'><strong>suos</strong></span> <span class='ocrx_word' id='word_1_40' title='bbox 932 782 1139 837; x_wconf 85' lang='lat' dir='ltr'><strong>esurire</strong></span> <span class='ocrx_word' id='word_1_41' title='bbox 1161 782 1458 852; x_wconf 78' lang='lat' dir='ltr'><strong>patiuntur.</strong></span> 
     </span>
    </p>
   </div>
   <div class='ocr_carea' id='block_1_6' title="bbox 563 868 2086 946">
    <p class='ocr_par' dir='ltr' id='par_1_6' title="bbox 563 868 2086 946">
     <span class='ocr_line' id='line_1_6' title="bbox 563 868 2086 946; baseline -0.005 -15"><span class='ocrx_word' id='word_1_42' title='bbox 563 877 614 932; x_wconf 81' lang='lat'><strong>5.</strong></span> <span class='ocrx_word' id='word_1_43' title='bbox 658 877 1015 934; x_wconf 83' lang='lat' dir='ltr'><strong>Recurramus</strong></span> <span class='ocrx_word' id='word_1_44' title='bbox 1054 875 1287 946; x_wconf 89' lang='lat' dir='ltr'><strong>denique</strong></span> <span class='ocrx_word' id='word_1_45' title='bbox 1314 875 1383 930; x_wconf 91' lang='lat' dir='ltr'><strong>ad</strong></span> <span class='ocrx_word' id='word_1_46' title='bbox 1421 873 1744 945; x_wconf 86' lang='lat' dir='ltr'><strong>Scripturas,</strong></span> <span class='ocrx_word' id='word_1_47' title='bbox 1793 879 1848 927; x_wconf 90' lang='lat' dir='ltr'><strong>et</strong></span> <span class='ocrx_word' id='word_1_48' title='bbox 1891 868 2086 926; x_wconf 86' lang='lat' dir='ltr'><strong>intelli-</strong></span> 
     </span>
    </p>
   </div>
   <div class='ocr_carea' id='block_1_7' title="bbox 492 964 2088 1040">
    <p class='ocr_par' dir='ltr' id='par_1_7' title="bbox 492 964 2088 1040">
     <span class='ocr_line' id='line_1_7' title="bbox 492 964 2088 1040; baseline -0.006 -14"><span class='ocrx_word' id='word_1_49' title='bbox 492 971 631 1040; x_wconf 83' lang='lat' dir='ltr'><strong>getis</strong></span> <span class='ocrx_word' id='word_1_50' title='bbox 650 969 704 1024; x_wconf 92' lang='lat' dir='ltr'><strong>in</strong></span> <span class='ocrx_word' id='word_1_51' title='bbox 734 967 1137 1039; x_wconf 85' lang='lat' dir='ltr'><strong>comparatione</strong></span> <span class='ocrx_word' id='word_1_52' title='bbox 1171 966 1480 1022; x_wconf 88' lang='lat' dir='ltr'><strong>divitiarum</strong></span> <span class='ocrx_word' id='word_1_53' title='bbox 1521 965 1620 1021; x_wconf 87' lang='lat' dir='ltr'><strong>sub</strong></span> <span class='ocrx_word' id='word_1_54' title='bbox 1672 964 1896 1019; x_wconf 88' lang='lat' dir='ltr'><strong>meliore</strong></span> <span class='ocrx_word' id='word_1_55' title='bbox 1939 968 2088 1017; x_wconf 85' lang='lat' dir='ltr'><strong>sorte</strong></span> 
     </span>
    </p>
   </div>
   <div class='ocr_carea' id='block_1_8' title="bbox 492 1053 2088 1134">
    <p class='ocr_par' dir='ltr' id='par_1_8' title="bbox 492 1053 2088 1134">
     <span class='ocr_line' id='line_1_8' title="bbox 492 1053 2088 1134; baseline -0.006 -16"><span class='ocrx_word' id='word_1_56' title='bbox 492 1071 638 1118; x_wconf 90' lang='lat' dir='ltr'><strong>stare</strong></span> <span class='ocrx_word' id='word_1_57' title='bbox 665 1062 997 1134; x_wconf 86' lang='lat' dir='ltr'><strong>pauperiem.</strong></span> <span class='ocrx_word' id='word_1_58' title='bbox 1028 1060 1090 1116; x_wconf 93' lang='lat' dir='ltr'><strong>ln</strong></span> <span class='ocrx_word' id='word_1_59' title='bbox 1131 1059 1487 1129; x_wconf 82' lang='lat' dir='ltr'><strong>castigatione</strong></span> <span class='ocrx_word' id='word_1_60' title='bbox 1529 1058 1674 1114; x_wconf 91' lang='lat' dir='ltr'><strong>enim</strong></span> <span class='ocrx_word' id='word_1_61' title='bbox 1720 1055 1960 1111; x_wconf 75' lang='lat' dir='ltr'><strong>avaritia:</strong></span> <span class='ocrx_word' id='word_1_62' title='bbox 1982 1053 2088 1108; x_wconf 80' lang='lat' dir='ltr'><strong>Do-</strong></span> 
     </span>
    </p>
   </div>
   <div class='ocr_carea' id='block_1_9' title="bbox 491 1145 2089 1224">
    <p class='ocr_par' dir='ltr' id='par_1_9' title="bbox 491 1145 2089 1224">
     <span class='ocr_line' id='line_1_9' title="bbox 491 1145 2089 1224; baseline -0.008 -14"><span class='ocrx_word' id='word_1_63' title='bbox 491 1155 673 1210; x_wconf 88' lang='lat' dir='ltr'><strong>minus</strong></span> <span class='ocrx_word' id='word_1_64' title='bbox 714 1154 1002 1224; x_wconf 89' lang='lat' dir='ltr'><strong>quemdam</strong></span> <span class='ocrx_word' id='word_1_65' title='bbox 1048 1153 1269 1208; x_wconf 90' lang='lat' dir='ltr'><strong>divitem</strong></span> <span class='ocrx_word' id='word_1_66' title='bbox 1299 1150 1440 1224; x_wconf 91' lang='lat' dir='ltr'><strong>apud</strong></span> <span class='ocrx_word' id='word_1_67' title='bbox 1469 1149 1670 1206; x_wconf 84' lang='lat' dir='ltr'><strong>inferos</strong></span> <span class='ocrx_word' id='word_1_68' title='bbox 1699 1147 1926 1203; x_wconf 74' lang='lat' dir='ltr'><strong>Abrahae</strong></span> <span class='ocrx_word' id='word_1_69' title='bbox 1949 1145 2089 1217; x_wconf 90' lang='lat' dir='ltr'><strong>patri</strong></span> 
     </span>
    </p>
   </div>
   <div class='ocr_carea' id='block_1_10' title="bbox 491 1239 2090 1316">
    <p class='ocr_par' dir='ltr' id='par_1_10' title="bbox 491 1239 2090 1316">
     <span class='ocr_line' id='line_1_10' title="bbox 491 1239 2090 1316; baseline -0.008 -13"><span class='ocrx_word' id='word_1_70' title='bbox 491 1255 682 1304; x_wconf 89' lang='lat' dir='ltr'><strong>nostro</strong></span> <span class='ocrx_word' id='word_1_71' title='bbox 703 1249 780 1302; x_wconf 91' lang='lat' dir='ltr'><strong>ita</strong></span> <span class='ocrx_word' id='word_1_72' title='bbox 799 1246 1128 1316; x_wconf 90' lang='lat' dir='ltr'><strong>snpplicasse</strong></span> <span class='ocrx_word' id='word_1_73' title='bbox 1149 1244 1404 1313; x_wconf 82' lang='lat' dir='ltr'><strong>assignat,</strong></span> <span class='ocrx_word' id='word_1_74' title='bbox 1423 1251 1482 1297; x_wconf 90' lang='lat' dir='ltr'><strong>ut</strong></span> <span class='ocrx_word' id='word_1_75' title='bbox 1502 1240 1807 1297; x_wconf 91' lang='lat' dir='ltr'><strong>mendicum</strong></span> <span class='ocrx_word' id='word_1_76' title='bbox 1828 1239 2090 1293; x_wconf 89' lang='lat' dir='ltr'><strong>Lazarum</strong></span> 
     </span>
    </p>
   </div>
   <div class='ocr_carea' id='block_1_11' title="bbox 493 1332 2090 1404">
    <p class='ocr_par' dir='ltr' id='par_1_11' title="bbox 493 1332 2090 1404">
     <span class='ocr_line' id='line_1_11' title="bbox 493 1332 2090 1404; baseline -0.008 -6"><span class='ocrx_word' id='word_1_77' title='bbox 493 1342 550 1398; x_wconf 91' lang='lat' dir='ltr'><strong>in</strong></span> <span class='ocrx_word' id='word_1_78' title='bbox 570 1341 868 1398; x_wconf 89' lang='lat' dir='ltr'><strong>sublimiori</strong></span> <span class='ocrx_word' id='word_1_79' title='bbox 891 1341 1010 1395; x_wconf 91' lang='lat' dir='ltr'><strong>loco</strong></span> <span class='ocrx_word' id='word_1_80' title='bbox 1031 1339 1360 1394; x_wconf 87' lang='lat' dir='ltr'><strong>residentem</strong></span> <span class='ocrx_word' id='word_1_81' title='bbox 1382 1337 1640 1400; x_wconf 87' lang='lat' dir='ltr'><strong>mitteret,</strong></span> <span class='ocrx_word' id='word_1_82' title='bbox 1665 1334 1758 1404; x_wconf 89' lang='lat' dir='ltr'><strong>qui</strong></span> <span class='ocrx_word' id='word_1_83' title='bbox 1805 1332 2090 1402; x_wconf 86' lang='lat' dir='ltr'><strong>refrigera-</strong></span> 
     </span>
    </p>
   </div>
   <div class='ocr_carea' id='block_1_12' title="bbox 493 1423 2093 1502">
    <p class='ocr_par' dir='ltr' id='par_1_12' title="bbox 493 1423 2093 1502">
     <span class='ocr_line' id='line_1_12' title="bbox 493 1423 2093 1502; baseline -0.006 -13"><span class='ocrx_word' id='word_1_84' title='bbox 493 1440 581 1490; x_wconf 88' lang='lat' dir='ltr'><strong>ret</strong></span> <span class='ocrx_word' id='word_1_85' title='bbox 627 1449 689 1488; x_wconf 93' lang='lat' dir='ltr'><strong>os</strong></span> <span class='ocrx_word' id='word_1_86' title='bbox 731 1431 865 1502; x_wconf 87' lang='lat' dir='ltr'><strong>ejus,</strong></span> <span class='ocrx_word' id='word_1_87' title='bbox 913 1440 969 1487; x_wconf 90' lang='lat' dir='ltr'><strong>et</strong></span> <span class='ocrx_word' id='word_1_88' title='bbox 995 1431 1280 1486; x_wconf 67' lang='lat' dir='ltr'><strong>mstuantia</strong></span> <span class='ocrx_word' id='word_1_89' title='bbox 1301 1429 1391 1485; x_wconf 89' lang='lat' dir='ltr'><strong>siti</strong></span> <span class='ocrx_word' id='word_1_90' title='bbox 1416 1429 1557 1484; x_wconf 89' lang='lat' dir='ltr'><strong>labia</strong></span> <span class='ocrx_word' id='word_1_91' title='bbox 1586 1427 1966 1496; x_wconf 87' lang='lat' dir='ltr'><strong>restingueret.</strong></span> <span class='ocrx_word' id='word_1_92' title='bbox 1991 1423 2093 1480; x_wconf 88' lang='lat' dir='ltr'><strong>Cui</strong></span> 
     </span>
    </p>
   </div>
   <div class='ocr_carea' id='block_1_13' title="bbox 493 1519 2092 1594">
    <p class='ocr_par' dir='ltr' id='par_1_13' title="bbox 493 1519 2092 1594">
     <span class='ocr_line' id='line_1_13' title="bbox 493 1519 2092 1594; baseline -0.006 -12"><span class='ocrx_word' id='word_1_93' title='bbox 493 1527 572 1583; x_wconf 90' lang='lat' dir='ltr'><strong>ita</strong></span> <span class='ocrx_word' id='word_1_94' title='bbox 613 1525 842 1580; x_wconf 87' lang='lat' dir='ltr'><strong>traditur</strong></span> <span class='ocrx_word' id='word_1_95' title='bbox 888 1523 1051 1580; x_wconf 87' lang='lat' dir='ltr'><strong>fuisse</strong></span> <span class='ocrx_word' id='word_1_96' title='bbox 1088 1539 1448 1594; x_wconf 85' lang='lat' dir='ltr'><strong>responsum:</strong></span> <span class='ocrx_word' id='word_1_97' title='bbox 1492 1520 1622 1587; x_wconf 85' lang='lat' dir='ltr'><strong>Fili,</strong></span> <span class='ocrx_word' id='word_1_98' title='bbox 1676 1519 1949 1575; x_wconf 85' lang='lat' dir='ltr'><strong>recordare</strong></span> <span class='ocrx_word' id='word_1_99' title='bbox 1971 1521 2092 1591; x_wconf 87' lang='lat' dir='ltr'><strong>quia</strong></span> 
     </span>
    </p>
   </div>
   <div class='ocr_carea' id='block_1_14' title="bbox 432 1605 2090 1690">
    <p class='ocr_par' dir='ltr' id='par_1_14' title="bbox 432 1605 2090 1690">
     <span class='ocr_line' id='line_1_14' title="bbox 432 1605 2090 1690; baseline -0.003 -19"><span class='ocrx_word' id='word_1_100' title='bbox 432 1605 442 1614; x_wconf 59' lang='grc'>’</span> <span class='ocrx_word' id='word_1_101' title='bbox 496 1617 735 1690; x_wconf 76' lang='lat' dir='ltr'><strong>recepisti</strong></span> <span class='ocrx_word' id='word_1_102' title='bbox 780 1616 914 1672; x_wconf 87' lang='lat' dir='ltr'><strong>bona</strong></span> <span class='ocrx_word' id='word_1_103' title='bbox 961 1617 1012 1670; x_wconf 87' lang='lat' dir='ltr'><strong>in</strong></span> <span class='ocrx_word' id='word_1_104' title='bbox 1043 1617 1144 1670; x_wconf 89' lang='lat' dir='ltr'><strong>vita</strong></span> <span class='ocrx_word' id='word_1_105' title='bbox 1181 1624 1284 1682; x_wconf 88' lang='lat' dir='ltr'><strong>tua,</strong></span> <span class='ocrx_word' id='word_1_106' title='bbox 1309 1624 1358 1669; x_wconf 93' lang='lat' dir='ltr'><strong>et</strong></span> <span class='ocrx_word' id='word_1_107' title='bbox 1388 1613 1618 1669; x_wconf 75' lang='lat' dir='ltr'><strong>Lazarus</strong></span> <span class='ocrx_word' id='word_1_108' title='bbox 1646 1615 1888 1668; x_wconf 76' lang='lat' dir='ltr'><strong>similiter</strong></span> <span class='ocrx_word' id='word_1_109' title='bbox 1916 1612 2090 1678; x_wconf 85' lang='lat' dir='ltr'><strong>mala;</strong></span> 
     </span>
    </p>
   </div>
   <div class='ocr_carea' id='block_1_15' title="bbox 497 1703 2089 1776">
    <p class='ocr_par' dir='ltr' id='par_1_15' title="bbox 497 1703 2089 1776">
     <span class='ocr_line' id='line_1_15' title="bbox 497 1703 2089 1776; baseline -0.003 -13"><span class='ocrx_word' id='word_1_110' title='bbox 497 1726 634 1764; x_wconf 87' lang='lat' dir='ltr'><strong>nunc</strong></span> <span class='ocrx_word' id='word_1_111' title='bbox 655 1718 824 1762; x_wconf 87' lang='lat' dir='ltr'><strong>autem</strong></span> <span class='ocrx_word' id='word_1_112' title='bbox 850 1708 932 1761; x_wconf 86' lang='lat' dir='ltr'><strong>hic</strong></span> <span class='ocrx_word' id='word_1_113' title='bbox 954 1707 1274 1770; x_wconf 82' lang='lat' dir='ltr'><strong>consolatur,</strong></span> <span class='ocrx_word' id='word_1_114' title='bbox 1309 1715 1360 1759; x_wconf 86' lang='lat' dir='ltr'><strong>tu</strong></span> <span class='ocrx_word' id='word_1_115' title='bbox 1389 1724 1506 1760; x_wconf 81' lang='lat' dir='ltr'><strong>vero</strong></span> <span class='ocrx_word' id='word_1_116' title='bbox 1529 1707 1776 1760; x_wconf 84' lang='lat' dir='ltr'><strong>cruciaris</strong></span> <span class='ocrx_word' id='word_1_117' title='bbox 1802 1703 1952 1776; x_wconf 90' lang='lat' dir='ltr'><strong>(Luc.</strong></span> <span class='ocrx_word' id='word_1_118' title='bbox 1981 1718 2089 1771; x_wconf 84' lang='lat' dir='ltr'><strong>xvt,</strong></span> 
     </span>
    </p>
   </div>
   <div class='ocr_carea' id='block_1_16' title="bbox 495 1797 2095 1872">
    <p class='ocr_par' dir='ltr' id='par_1_16' title="bbox 495 1797 2095 1872">
     <span class='ocr_line' id='line_1_16' title="bbox 495 1797 2095 1872; baseline -0.004 -16"><span class='ocrx_word' id='word_1_119' title='bbox 495 1800 620 1872; x_wconf 71' lang='lat'><strong>25).</strong></span> <span class='ocrx_word' id='word_1_120' title='bbox 657 1801 860 1856; x_wconf 85' lang='lat' dir='ltr'><strong>Videtis</strong></span> <span class='ocrx_word' id='word_1_121' title='bbox 884 1800 1030 1869; x_wconf 89' lang='lat' dir='ltr'><strong>quod</strong></span> <span class='ocrx_word' id='word_1_122' title='bbox 1067 1799 1312 1868; x_wconf 66' lang='lat' dir='ltr'><strong>quaedam</strong></span> <span class='ocrx_word' id='word_1_123' title='bbox 1341 1798 1488 1854; x_wconf 81' lang='lat' dir='ltr'><strong>vices</strong></span> <span class='ocrx_word' id='word_1_124' title='bbox 1530 1797 1705 1852; x_wconf 90' lang='lat' dir='ltr'><strong>studia</strong></span> <span class='ocrx_word' id='word_1_125' title='bbox 1734 1797 2001 1852; x_wconf 91' lang='lat' dir='ltr'><strong>bonorum</strong></span> <span class='ocrx_word' id='word_1_126' title='bbox 2030 1810 2095 1850; x_wconf 92' lang='lat' dir='ltr'><strong>ac</strong></span> 
     </span>
    </p>
   </div>
   <div class='ocr_carea' id='block_1_17' title="bbox 2188 590 3703 666">
    <p class='ocr_par' dir='ltr' id='par_1_17' title="bbox 2188 590 3703 666">
     <span class='ocr_line' id='line_1_17' title="bbox 2188 590 3703 666; baseline 0.005 -18"><span class='ocrx_word' id='word_1_127' title='bbox 2188 601 2343 650; x_wconf 90' lang='lat' dir='ltr'><strong>tanto</strong></span> <span class='ocrx_word' id='word_1_128' title='bbox 2363 593 2565 649; x_wconf 87' lang='lat' dir='ltr'><strong>fenoris</strong></span> <span class='ocrx_word' id='word_1_129' title='bbox 2578 595 2699 666; x_wconf 90' lang='lat' dir='ltr'><strong>plus</strong></span> <span class='ocrx_word' id='word_1_130' title='bbox 2713 599 2960 664; x_wconf 88' lang='lat' dir='ltr'><strong>reponat.</strong></span> <span class='ocrx_word' id='word_1_131' title='bbox 2985 590 3078 647; x_wconf 90' lang='lat' dir='ltr'><strong>Sic</strong></span> <span class='ocrx_word' id='word_1_132' title='bbox 3096 592 3276 647; x_wconf 88' lang='lat' dir='ltr'><strong>multis</strong></span> <span class='ocrx_word' id='word_1_133' title='bbox 3290 592 3558 650; x_wconf 87' lang='lat' dir='ltr'><strong>seminibus</strong></span> <span class='ocrx_word' id='word_1_134' title='bbox 3570 597 3703 656; x_wconf 76' lang='lat' dir='ltr'><strong>multa</strong></span> 
     </span>
    </p>
   </div>
   <div class='ocr_carea' id='block_1_18' title="bbox 2188 685 3706 760">
    <p class='ocr_par' dir='ltr' id='par_1_18' title="bbox 2188 685 3706 760">
     <span class='ocr_line' id='line_1_18' title="bbox 2188 685 3706 760; baseline 0.003 -18"><span class='ocrx_word' id='word_1_135' title='bbox 2188 688 2524 760; x_wconf 91' lang='lat' dir='ltr'><strong>parturiunt,</strong></span> <span class='ocrx_word' id='word_1_136' title='bbox 2588 703 2652 744; x_wconf 89' lang='lat' dir='ltr'><strong>ac</strong></span> <span class='ocrx_word' id='word_1_137' title='bbox 2708 685 2892 742; x_wconf 88' lang='lat' dir='ltr'><strong>multis</strong></span> <span class='ocrx_word' id='word_1_138' title='bbox 2943 685 3364 756; x_wconf 89' lang='lat' dir='ltr'><strong>parturientibus</strong></span> <span class='ocrx_word' id='word_1_139' title='bbox 3413 686 3706 758; x_wconf 85' lang='lat' dir='ltr'><strong>multiplicata</strong></span> 
     </span>
    </p>
   </div>
   <div class='ocr_carea' id='block_1_19' title="bbox 2189 777 3708 849">
    <p class='ocr_par' dir='ltr' id='par_1_19' title="bbox 2189 777 3708 849">
     <span class='ocr_line' id='line_1_19' title="bbox 2189 777 3708 849; baseline 0.002 -14"><span class='ocrx_word' id='word_1_140' title='bbox 2189 789 2536 849; x_wconf 87' lang='lat' dir='ltr'><strong>consurgunt.</strong></span> <span class='ocrx_word' id='word_1_141' title='bbox 2571 777 2764 834; x_wconf 83' lang='lat' dir='ltr'><strong>Audite</strong></span> <span class='ocrx_word' id='word_1_142' title='bbox 2803 777 2871 833; x_wconf 89' lang='lat' dir='ltr'><strong>de</strong></span> <span class='ocrx_word' id='word_1_143' title='bbox 2909 779 3014 833; x_wconf 91' lang='lat' dir='ltr'><strong>hoc</strong></span> <span class='ocrx_word' id='word_1_144' title='bbox 3044 791 3260 847; x_wconf 89' lang='lat' dir='ltr'><strong>quoque</strong></span> <span class='ocrx_word' id='word_1_145' title='bbox 3287 777 3551 833; x_wconf 90' lang='lat' dir='ltr'><strong>Dominum</strong></span> <span class='ocrx_word' id='word_1_146' title='bbox 3566 779 3708 838; x_wconf 82' lang='lat' dir='ltr'><strong>dicen-</strong></span> 
     </span>
    </p>
   </div>
   <div class='ocr_carea' id='block_1_20' title="bbox 2190 869 3705 945">
    <p class='ocr_par' dir='ltr' id='par_1_20' title="bbox 2190 869 3705 945">
     <span class='ocr_line' id='line_1_20' title="bbox 2190 869 3705 945; baseline 0.001 -19"><span class='ocrx_word' id='word_1_147' title='bbox 2190 879 2330 927; x_wconf 89' lang='lat' dir='ltr'><strong>tem:</strong></span> <span class='ocrx_word' id='word_1_148' title='bbox 2365 870 2464 936; x_wconf 86' lang='lat' dir='ltr'><strong>Qui</strong></span> <span class='ocrx_word' id='word_1_149' title='bbox 2485 889 2640 943; x_wconf 87' lang='lat' dir='ltr'><strong>parce</strong></span> <span class='ocrx_word' id='word_1_150' title='bbox 2658 873 2896 937; x_wconf 88' lang='lat' dir='ltr'><strong>seminat,</strong></span> <span class='ocrx_word' id='word_1_151' title='bbox 2931 886 3086 943; x_wconf 83' lang='lat' dir='ltr'><strong>parce</strong></span> <span class='ocrx_word' id='word_1_152' title='bbox 3104 879 3154 924; x_wconf 89' lang='lat' dir='ltr'><strong>et</strong></span> <span class='ocrx_word' id='word_1_153' title='bbox 3175 878 3327 925; x_wconf 85' lang='lat' dir='ltr'><strong>metet</strong></span> <span class='ocrx_word' id='word_1_154' title='bbox 3347 869 3411 941; x_wconf 89' lang='lat' dir='ltr'><strong>(ll</strong></span> <span class='ocrx_word' id='word_1_155' title='bbox 3437 869 3544 926; x_wconf 86' lang='lat' dir='ltr'><strong>Cor.</strong></span> <span class='ocrx_word' id='word_1_156' title='bbox 3570 889 3630 939; x_wconf 80' lang='lat' dir='ltr'><strong>Ix,</strong></span> <span class='ocrx_word' id='word_1_157' title='bbox 3649 873 3705 945; x_wconf 87' lang='lat'><strong>6).</strong></span> 
     </span>
    </p>
   </div>
   <div class='ocr_carea' id='block_1_21' title="bbox 2190 960 3706 1035">
    <p class='ocr_par' dir='ltr' id='par_1_21' title="bbox 2190 960 3706 1035">
     <span class='ocr_line' id='line_1_21' title="bbox 2190 960 3706 1035; baseline 0.003 -18"><span class='ocrx_word' id='word_1_158' title='bbox 2190 960 2248 1017; x_wconf 89' lang='lat' dir='ltr'><strong>Si</strong></span> <span class='ocrx_word' id='word_1_159' title='bbox 2277 976 2404 1031; x_wconf 91' lang='lat' dir='ltr'><strong>ergo</strong></span> <span class='ocrx_word' id='word_1_160' title='bbox 2448 963 2642 1018; x_wconf 88' lang='lat' dir='ltr'><strong>videtis</strong></span> <span class='ocrx_word' id='word_1_161' title='bbox 2669 961 2814 1032; x_wconf 89' lang='lat' dir='ltr'><strong>quod</strong></span> <span class='ocrx_word' id='word_1_162' title='bbox 2841 961 2935 1031; x_wconf 91' lang='lat' dir='ltr'><strong>qui</strong></span> <span class='ocrx_word' id='word_1_163' title='bbox 2964 977 3156 1032; x_wconf 91' lang='lat' dir='ltr'><strong>parum</strong></span> <span class='ocrx_word' id='word_1_164' title='bbox 3200 961 3330 1016; x_wconf 89' lang='lat' dir='ltr'><strong>serit</strong></span> <span class='ocrx_word' id='word_1_165' title='bbox 3372 977 3542 1032; x_wconf 87' lang='lat' dir='ltr'><strong>parum</strong></span> <span class='ocrx_word' id='word_1_166' title='bbox 3565 972 3706 1035; x_wconf 80' lang='lat' dir='ltr'><strong>metet,</strong></span> 
     </span>
    </p>
   </div>
   <div class='ocr_carea' id='block_1_22' title="bbox 2191 1038 3710 1126">
    <p class='ocr_par' dir='ltr' id='par_1_22' title="bbox 2191 1038 3710 1126">
     <span class='ocr_line' id='line_1_22' title="bbox 2191 1038 3710 1126; baseline 0.003 -17"><span class='ocrx_word' id='word_1_167' title='bbox 2191 1055 2264 1110; x_wconf 89' lang='lat' dir='ltr'><strong>ita</strong></span> <span class='ocrx_word' id='word_1_168' title='bbox 2287 1063 2342 1110; x_wconf 90' lang='lat' dir='ltr'><strong>et</strong></span> <span class='ocrx_word' id='word_1_169' title='bbox 2368 1055 2460 1125; x_wconf 92' lang='lat' dir='ltr'><strong>qui</strong></span> <span class='ocrx_word' id='word_1_170' title='bbox 2481 1038 2670 1126; x_wconf 78' lang='lat' dir='ltr'><strong>parum</strong></span> <span class='ocrx_word' id='word_1_171' title='bbox 2692 1055 3013 1125; x_wconf 90' lang='lat' dir='ltr'><strong>erogaverit,</strong></span> <span class='ocrx_word' id='word_1_172' title='bbox 3039 1071 3231 1126; x_wconf 89' lang='lat' dir='ltr'><strong>parum</strong></span> <span class='ocrx_word' id='word_1_173' title='bbox 3251 1055 3489 1126; x_wconf 85' lang='lat' dir='ltr'><strong>recipiet;</strong></span> <span class='ocrx_word' id='word_1_174' title='bbox 3518 1059 3596 1126; x_wconf 92' lang='lat' dir='ltr'><strong>qui</strong></span> <span class='ocrx_word' id='word_1_175' title='bbox 3612 1058 3710 1114; x_wconf 87' lang='lat' dir='ltr'><strong>nihil</strong></span> 
     </span>
    </p>
   </div>
   <div class='ocr_carea' id='block_1_23' title="bbox 2193 1149 3708 1223">
    <p class='ocr_par' dir='ltr' id='par_1_23' title="bbox 2193 1149 3708 1223">
     <span class='ocr_line' id='line_1_23' title="bbox 2193 1149 3708 1223; baseline -0.001 -14"><span class='ocrx_word' id='word_1_176' title='bbox 2193 1153 2342 1219; x_wconf 90' lang='lat' dir='ltr'><strong>serit,</strong></span> <span class='ocrx_word' id='word_1_177' title='bbox 2360 1151 2493 1206; x_wconf 87' lang='lat' dir='ltr'><strong>nihil</strong></span> <span class='ocrx_word' id='word_1_178' title='bbox 2521 1151 2769 1223; x_wconf 86' lang='lat' dir='ltr'><strong>reponit;</strong></span> <span class='ocrx_word' id='word_1_179' title='bbox 2803 1151 2877 1206; x_wconf 89' lang='lat' dir='ltr'><strong>ita</strong></span> <span class='ocrx_word' id='word_1_180' title='bbox 2900 1149 2959 1205; x_wconf 85' lang='lat' dir='ltr'><strong>ﬁt</strong></span> <span class='ocrx_word' id='word_1_181' title='bbox 2979 1159 3040 1206; x_wconf 90' lang='lat' dir='ltr'><strong>ut</strong></span> <span class='ocrx_word' id='word_1_182' title='bbox 3066 1151 3159 1220; x_wconf 88' lang='lat' dir='ltr'><strong>qui</strong></span> <span class='ocrx_word' id='word_1_183' title='bbox 3187 1165 3374 1221; x_wconf 88' lang='lat' dir='ltr'><strong>parum</strong></span> <span class='ocrx_word' id='word_1_184' title='bbox 3393 1151 3622 1218; x_wconf 87' lang='lat' dir='ltr'><strong>recondit,</strong></span> <span class='ocrx_word' id='word_1_185' title='bbox 3649 1152 3708 1208; x_wconf 89' lang='lat' dir='ltr'><strong>in-</strong></span> 
     </span>
    </p>
   </div>
   <div class='ocr_carea' id='block_1_24' title="bbox 2193 1244 3709 1319">
    <p class='ocr_par' dir='ltr' id='par_1_24' title="bbox 2193 1244 3709 1319">
     <span class='ocr_line' id='line_1_24' title="bbox 2193 1244 3709 1319; baseline -0.001 -16"><span class='ocrx_word' id='word_1_186' title='bbox 2193 1249 2335 1304; x_wconf 88' lang='lat' dir='ltr'><strong>vitus</strong></span> <span class='ocrx_word' id='word_1_187' title='bbox 2356 1263 2500 1319; x_wconf 62' lang='lat' dir='ltr'><strong>saepe</strong></span> <span class='ocrx_word' id='word_1_188' title='bbox 2514 1246 2740 1318; x_wconf 87' lang='lat' dir='ltr'><strong>jejunet.</strong></span> <span class='ocrx_word' id='word_1_189' title='bbox 2765 1246 2992 1314; x_wconf 82' lang='lat' dir='ltr'><strong>Quando</strong></span> <span class='ocrx_word' id='word_1_190' title='bbox 3023 1253 3202 1301; x_wconf 86' lang='lat' dir='ltr'><strong>autem</strong></span> <span class='ocrx_word' id='word_1_191' title='bbox 3222 1251 3397 1316; x_wconf 86' lang='lat' dir='ltr'><strong>potest</strong></span> <span class='ocrx_word' id='word_1_192' title='bbox 3411 1244 3709 1302; x_wconf 84' lang='lat' dir='ltr'><strong>ﬁeriuthomo</strong></span> 
     </span>
    </p>
   </div>
   <div class='ocr_carea' id='block_1_25' title="bbox 2192 1336 3710 1410">
    <p class='ocr_par' dir='ltr' id='par_1_25' title="bbox 2192 1336 3710 1410">
     <span class='ocr_line' id='line_1_25' title="bbox 2192 1336 3710 1410; baseline -0.001 -16"><span class='ocrx_word' id='word_1_193' title='bbox 2192 1341 2388 1396; x_wconf 88' lang='lat' dir='ltr'><strong>horrea</strong></span> <span class='ocrx_word' id='word_1_194' title='bbox 2417 1356 2515 1396; x_wconf 88' lang='lat' dir='ltr'><strong>sua</strong></span> <span class='ocrx_word' id='word_1_195' title='bbox 2547 1340 2708 1410; x_wconf 91' lang='lat' dir='ltr'><strong>plena</strong></span> <span class='ocrx_word' id='word_1_196' title='bbox 2747 1339 2957 1408; x_wconf 81' lang='lat' dir='ltr'><strong>magnis</strong></span> <span class='ocrx_word' id='word_1_197' title='bbox 3004 1337 3244 1407; x_wconf 81' lang='lat' dir='ltr'><strong>frugibus</strong></span> <span class='ocrx_word' id='word_1_198' title='bbox 3292 1336 3478 1403; x_wconf 89' lang='lat' dir='ltr'><strong>videat,</strong></span> <span class='ocrx_word' id='word_1_199' title='bbox 3515 1336 3591 1406; x_wconf 89' lang='lat' dir='ltr'><strong>qui</strong></span> <span class='ocrx_word' id='word_1_200' title='bbox 3615 1338 3710 1393; x_wconf 88' lang='lat' dir='ltr'><strong>nihil</strong></span> 
     </span>
    </p>
   </div>
   <div class='ocr_carea' id='block_1_26' title="bbox 2193 1429 3710 1500">
    <p class='ocr_par' dir='ltr' id='par_1_26' title="bbox 2193 1429 3710 1500">
     <span class='ocr_line' id='line_1_26' title="bbox 2193 1429 3710 1500; baseline -0.001 -13"><span class='ocrx_word' id='word_1_201' title='bbox 2193 1433 2414 1488; x_wconf 88' lang='lat' dir='ltr'><strong>seminis</strong></span> <span class='ocrx_word' id='word_1_202' title='bbox 2443 1439 2602 1488; x_wconf 69' lang='lat' dir='ltr'><strong>terra:</strong></span> <span class='ocrx_word' id='word_1_203' title='bbox 2628 1430 3004 1488; x_wconf 88' lang='lat' dir='ltr'><strong>commendat?</strong></span> <span class='ocrx_word' id='word_1_204' title='bbox 3034 1429 3090 1485; x_wconf 89' lang='lat' dir='ltr'><strong>Si</strong></span> <span class='ocrx_word' id='word_1_205' title='bbox 3119 1429 3282 1485; x_wconf 88' lang='lat' dir='ltr'><strong>vultis</strong></span> <span class='ocrx_word' id='word_1_206' title='bbox 3318 1444 3458 1500; x_wconf 91' lang='lat' dir='ltr'><strong>ergo,</strong></span> <span class='ocrx_word' id='word_1_207' title='bbox 3482 1435 3532 1483; x_wconf 92' lang='lat' dir='ltr'><strong>ut</strong></span> <span class='ocrx_word' id='word_1_208' title='bbox 3557 1429 3710 1486; x_wconf 86' lang='lat' dir='ltr'><strong>fructus</strong></span> 
     </span>
    </p>
   </div>
   <div class='ocr_carea' id='block_1_27' title="bbox 2193 1523 3707 1597">
    <p class='ocr_par' dir='ltr' id='par_1_27' title="bbox 2193 1523 3707 1597">
     <span class='ocr_line' id='line_1_27' title="bbox 2193 1523 3707 1597; baseline 0 -18"><span class='ocrx_word' id='word_1_209' title='bbox 2193 1525 2392 1582; x_wconf 77' lang='lat' dir='ltr'><strong>lzetitiae</strong></span> <span class='ocrx_word' id='word_1_210' title='bbox 2439 1526 2772 1597; x_wconf 86' lang='lat' dir='ltr'><strong>colligamus,</strong></span> <span class='ocrx_word' id='word_1_211' title='bbox 2822 1524 3024 1595; x_wconf 83' lang='lat' dir='ltr'><strong>largius</strong></span> <span class='ocrx_word' id='word_1_212' title='bbox 3052 1524 3107 1579; x_wconf 93' lang='lat' dir='ltr'><strong>in</strong></span> <span class='ocrx_word' id='word_1_213' title='bbox 3135 1523 3384 1596; x_wconf 87' lang='lat' dir='ltr'><strong>lacrymis</strong></span> <span class='ocrx_word' id='word_1_214' title='bbox 3410 1523 3707 1581; x_wconf 88' lang='lat' dir='ltr'><strong>seminemus:</strong></span> 
     </span>
    </p>
   </div>
   <div class='ocr_carea' id='block_1_28' title="bbox 2199 1617 3223 1693">
    <p class='ocr_par' dir='ltr' id='par_1_28' title="bbox 2199 1617 3223 1693">
     <span class='ocr_line' id='line_1_28' title="bbox 2199 1617 3223 1693; baseline -0.001 -20"><span class='ocrx_word' id='word_1_215' title='bbox 2199 1617 2299 1684; x_wconf 89' lang='lat' dir='ltr'><strong>Qui</strong></span> <span class='ocrx_word' id='word_1_216' title='bbox 2328 1637 2485 1693; x_wconf 86' lang='lat' dir='ltr'><strong>parce</strong></span> <span class='ocrx_word' id='word_1_217' title='bbox 2513 1623 2753 1688; x_wconf 75' lang='lat' dir='ltr'><strong>seminat,</strong></span> <span class='ocrx_word' id='word_1_218' title='bbox 2788 1635 2945 1691; x_wconf 80' lang='lat' dir='ltr'><strong>parce</strong></span> <span class='ocrx_word' id='word_1_219' title='bbox 2971 1627 3022 1673; x_wconf 89' lang='lat' dir='ltr'><strong>et</strong></span> <span class='ocrx_word' id='word_1_220' title='bbox 3047 1626 3223 1673; x_wconf 83' lang='lat' dir='ltr'><strong>metet.</strong></span> 
     </span>
    </p>
   </div>
   <div class='ocr_carea' id='block_1_29' title="bbox 2266 1710 3708 1782">
    <p class='ocr_par' dir='ltr' id='par_1_29' title="bbox 2266 1710 3708 1782">
     <span class='ocr_line' id='line_1_29' title="bbox 2266 1710 3708 1782; baseline -0.001 -15"><span class='ocrx_word' id='word_1_221' title='bbox 2266 1713 2318 1767; x_wconf 75' lang='lat'><strong>2.</strong></span> <span class='ocrx_word' id='word_1_222' title='bbox 2360 1713 2669 1769; x_wconf 87' lang='lat' dir='ltr'><strong>Invenimus</strong></span> <span class='ocrx_word' id='word_1_223' title='bbox 2699 1711 3012 1782; x_wconf 89' lang='lat' dir='ltr'><strong>frequenter</strong></span> <span class='ocrx_word' id='word_1_224' title='bbox 3038 1710 3332 1778; x_wconf 89' lang='lat' dir='ltr'><strong>hominem,</strong></span> <span class='ocrx_word' id='word_1_225' title='bbox 3361 1711 3449 1780; x_wconf 92' lang='lat' dir='ltr'><strong>qui</strong></span> <span class='ocrx_word' id='word_1_226' title='bbox 3473 1725 3577 1766; x_wconf 90' lang='lat' dir='ltr'><strong>cum</strong></span> <span class='ocrx_word' id='word_1_227' title='bbox 3619 1725 3708 1767; x_wconf 88' lang='lat' dir='ltr'><strong>esu-</strong></span> 
     </span>
    </p>
   </div>
   <div class='ocr_carea' id='block_1_30' title="bbox 2195 1803 3710 1878">
    <p class='ocr_par' dir='ltr' id='par_1_30' title="bbox 2195 1803 3710 1878">
     <span class='ocr_line' id='line_1_30' title="bbox 2195 1803 3710 1878; baseline -0.002 -16"><span class='ocrx_word' id='word_1_228' title='bbox 2195 1807 2358 1863; x_wconf 88' lang='lat' dir='ltr'><strong>rienti</strong></span> <span class='ocrx_word' id='word_1_229' title='bbox 2379 1806 2546 1863; x_wconf 91' lang='lat' dir='ltr'><strong>semel</strong></span> <span class='ocrx_word' id='word_1_230' title='bbox 2575 1807 2974 1878; x_wconf 88' lang='lat' dir='ltr'><strong>eleemosynam</strong></span> <span class='ocrx_word' id='word_1_231' title='bbox 2995 1803 3224 1870; x_wconf 87' lang='lat' dir='ltr'><strong>dederit,</strong></span> <span class='ocrx_word' id='word_1_232' title='bbox 3254 1803 3543 1859; x_wconf 88' lang='lat' dir='ltr'><strong>mandatum</strong></span> <span class='ocrx_word' id='word_1_233' title='bbox 3561 1819 3607 1859; x_wconf 90' lang='lat' dir='ltr'><strong>se</strong></span> <span class='ocrx_word' id='word_1_234' title='bbox 3623 1820 3710 1875; x_wconf 87' lang='lat' dir='ltr'><strong>per-</strong></span> 
     </span>
    </p>
   </div>
   <div class='ocr_carea' id='block_1_31' title="bbox 494 1888 3710 1966">
    <p class='ocr_par' dir='ltr' id='par_1_31' title="bbox 494 1888 3710 1966">
     <span class='ocr_line' id='line_1_31' title="bbox 494 1888 3710 1966; baseline -0.003 -6"><span class='ocrx_word' id='word_1_235' title='bbox 494 1895 765 1950; x_wconf 74' lang='grc' dir='ltr'><strong>ηιειιοῐυῐη</strong></span> <span class='ocrx_word' id='word_1_236' title='bbox 786 1894 1063 1948; x_wconf 74' lang='lat' dir='ltr'><strong>hominum</strong></span> <span class='ocrx_word' id='word_1_237' title='bbox 1089 1899 1329 1959; x_wconf 57' lang='lat' dir='ltr'><strong>manent,</strong></span> <span class='ocrx_word' id='word_1_238' title='bbox 1354 1907 1488 1960; x_wconf 73' lang='lat' dir='ltr'><strong>quas</strong></span> <span class='ocrx_word' id='word_1_239' title='bbox 1508 1889 1686 1946; x_wconf 71' lang='grc' dir='ltr'><strong>εῑυάίο</strong></span> <span class='ocrx_word' id='word_1_240' title='bbox 1707 1888 2090 1945; x_wconf 54' lang='lat' dir='ltr'><strong>misericordia?</strong></span> <span class='ocrx_word' id='word_1_241' title='bbox 2119 1893 2168 1954; x_wconf 89' lang='grc' dir='ltr'><strong>Β</strong></span> <span class='ocrx_word' id='word_1_242' title='bbox 2194 1898 2418 1954; x_wconf 88' lang='lat' dir='ltr'><strong>solvisse</strong></span> <span class='ocrx_word' id='word_1_243' title='bbox 2443 1897 2632 1953; x_wconf 88' lang='lat' dir='ltr'><strong>credit.</strong></span> <span class='ocrx_word' id='word_1_244' title='bbox 2652 1896 2771 1952; x_wconf 88' lang='lat' dir='ltr'><strong>Non</strong></span> <span class='ocrx_word' id='word_1_245' title='bbox 2787 1896 2950 1966; x_wconf 88' lang='lat' dir='ltr'><strong>igitur</strong></span> <span class='ocrx_word' id='word_1_246' title='bbox 2969 1895 3282 1952; x_wconf 82' lang='lat' dir='ltr'><strong>deﬁcientes</strong></span> <span class='ocrx_word' id='word_1_247' title='bbox 3302 1893 3434 1950; x_wconf 88' lang='lat' dir='ltr'><strong>fame</strong></span> <span class='ocrx_word' id='word_1_248' title='bbox 3449 1904 3578 1951; x_wconf 88' lang='lat' dir='ltr'><strong>artus</strong></span> <span class='ocrx_word' id='word_1_249' title='bbox 3595 1895 3710 1951; x_wconf 85' lang='lat' dir='ltr'><strong>unius</strong></span> 
     </span>
    </p>
   </div>
   <div class='ocr_carea' id='block_1_32' title="bbox 496 1983 2095 2057">
    <p class='ocr_par' dir='ltr' id='par_1_32' title="bbox 496 1983 2095 2057">
     <span class='ocr_line' id='line_1_32' title="bbox 496 1983 2095 2057; baseline -0.005 -13"><span class='ocrx_word' id='word_1_250' title='bbox 496 1988 751 2044; x_wconf 89' lang='lat' dir='ltr'><strong>convenit</strong></span> <span class='ocrx_word' id='word_1_251' title='bbox 779 1986 1093 2057; x_wconf 64' lang='lat' dir='ltr'><strong>praeveniri;</strong></span> <span class='ocrx_word' id='word_1_252' title='bbox 1124 2001 1191 2040; x_wconf 91' lang='lat' dir='ltr'><strong>ne</strong></span> <span class='ocrx_word' id='word_1_253' title='bbox 1213 1984 1560 2040; x_wconf 81' lang='lat' dir='ltr'><strong>infructuosae</strong></span> <span class='ocrx_word' id='word_1_254' title='bbox 1581 1983 1781 2040; x_wconf 63' lang='lat' dir='ltr'><strong>divitiae</strong></span> <span class='ocrx_word' id='word_1_255' title='bbox 1809 1983 2095 2038; x_wconf 87' lang='lat' dir='ltr'><strong>adversum</strong></span> 
     </span>
    </p>
   </div>
   <div class='ocr_carea' id='block_1_33' title="bbox 494 2075 2096 2136">
    <p class='ocr_par' dir='ltr' id='par_1_33' title="bbox 494 2075 2096 2136">
     <span class='ocr_line' id='line_1_33' title="bbox 494 2075 2096 2136; baseline -0.004 0"><span class='ocrx_word' id='word_1_256' title='bbox 494 2095 558 2136; x_wconf 89' lang='lat' dir='ltr'><strong>se</strong></span> <span class='ocrx_word' id='word_1_257' title='bbox 603 2079 821 2135; x_wconf 90' lang='lat' dir='ltr'><strong>ultrices</strong></span> <span class='ocrx_word' id='word_1_258' title='bbox 849 2078 1136 2133; x_wconf 89' lang='lat' dir='ltr'><strong>criminum</strong></span> <span class='ocrx_word' id='word_1_259' title='bbox 1181 2075 1424 2132; x_wconf 82' lang='lat' dir='ltr'><strong>ﬂammas</strong></span> <span class='ocrx_word' id='word_1_260' title='bbox 1464 2076 1798 2132; x_wconf 84' lang='lat' dir='ltr'><strong>accendant?</strong></span> <span class='ocrx_word' id='word_1_261' title='bbox 1835 2075 2096 2131; x_wconf 89' lang='lat' dir='ltr'><strong>Paremus</strong></span> 
     </span>
    </p>
   </div>
   <div class='ocr_carea' id='block_1_34' title="bbox 497 2167 2096 2242">
    <p class='ocr_par' dir='ltr' id='par_1_34' title="bbox 497 2167 2096 2242">
     <span class='ocr_line' id='line_1_34' title="bbox 497 2167 2096 2242; baseline -0.003 -15"><span class='ocrx_word' id='word_1_262' title='bbox 497 2171 682 2242; x_wconf 87' lang='lat' dir='ltr'><strong>itaque</strong></span> <span class='ocrx_word' id='word_1_263' title='bbox 712 2171 885 2236; x_wconf 89' lang='lat' dir='ltr'><strong>nobis,</strong></span> <span class='ocrx_word' id='word_1_264' title='bbox 910 2169 1264 2236; x_wconf 88' lang='lat' dir='ltr'><strong>dilectissimi,</strong></span> <span class='ocrx_word' id='word_1_265' title='bbox 1297 2169 1439 2240; x_wconf 89' lang='lat' dir='ltr'><strong>apud</strong></span> <span class='ocrx_word' id='word_1_266' title='bbox 1459 2169 1744 2225; x_wconf 89' lang='lat' dir='ltr'><strong>Dominum</strong></span> <span class='ocrx_word' id='word_1_267' title='bbox 1765 2167 1942 2224; x_wconf 91' lang='lat' dir='ltr'><strong>locum</strong></span> <span class='ocrx_word' id='word_1_268' title='bbox 1972 2180 2096 2237; x_wconf 87' lang='lat' dir='ltr'><strong>gra-</strong></span> 
     </span>
    </p>
   </div>
   <div class='ocr_carea' id='block_1_35' title="bbox 497 2262 2097 2330">
    <p class='ocr_par' dir='ltr' id='par_1_35' title="bbox 497 2262 2097 2330">
     <span class='ocr_line' id='line_1_35' title="bbox 497 2262 2097 2330; baseline -0.001 -10"><span class='ocrx_word' id='word_1_269' title='bbox 497 2265 608 2330; x_wconf 65' lang='lat' dir='ltr'><strong>tiae,</strong></span> <span class='ocrx_word' id='word_1_270' title='bbox 661 2272 720 2320; x_wconf 92' lang='lat' dir='ltr'><strong>et</strong></span> <span class='ocrx_word' id='word_1_271' title='bbox 755 2265 898 2319; x_wconf 89' lang='lat' dir='ltr'><strong>viam</strong></span> <span class='ocrx_word' id='word_1_272' title='bbox 947 2264 1072 2318; x_wconf 70' lang='lat' dir='ltr'><strong>vita)</strong></span> <span class='ocrx_word' id='word_1_273' title='bbox 1119 2270 1319 2319; x_wconf 75' lang='lat' dir='ltr'><strong>nostra:</strong></span> <span class='ocrx_word' id='word_1_274' title='bbox 1358 2262 1722 2319; x_wconf 82' lang='lat' dir='ltr'><strong>munificentia</strong></span> <span class='ocrx_word' id='word_1_275' title='bbox 1763 2271 1818 2318; x_wconf 92' lang='lat' dir='ltr'><strong>et</strong></span> <span class='ocrx_word' id='word_1_276' title='bbox 1846 2262 2097 2330; x_wconf 89' lang='lat' dir='ltr'><strong>largitate</strong></span> 
     </span>
    </p>
   </div>
   <div class='ocr_carea' id='block_1_36' title="bbox 498 2352 2094 2425">
    <p class='ocr_par' dir='ltr' id='par_1_36' title="bbox 498 2352 2094 2425">
     <span class='ocr_line' id='line_1_36' title="bbox 498 2352 2094 2425; baseline -0.002 -14"><span class='ocrx_word' id='word_1_277' title='bbox 498 2356 822 2411; x_wconf 85' lang='lat' dir='ltr'><strong>muniamus.</strong></span> <span class='ocrx_word' id='word_1_278' title='bbox 859 2353 1158 2411; x_wconf 80' lang='lat' dir='ltr'><strong>Atl‘cctuum</strong></span> <span class='ocrx_word' id='word_1_279' title='bbox 1188 2361 1496 2411; x_wconf 89' lang='lat' dir='ltr'><strong>nostrorum</strong></span> <span class='ocrx_word' id='word_1_280' title='bbox 1526 2355 1703 2410; x_wconf 88' lang='lat' dir='ltr'><strong>labem</strong></span> <span class='ocrx_word' id='word_1_281' title='bbox 1731 2353 1874 2425; x_wconf 88' lang='lat' dir='ltr'><strong>apud</strong></span> <span class='ocrx_word' id='word_1_282' title='bbox 1908 2352 2094 2409; x_wconf 86' lang='lat' dir='ltr'><strong>Domi-</strong></span> 
     </span>
    </p>
   </div>
   <div class='ocr_carea' id='block_1_37' title="bbox 499 2444 2098 2520">
    <p class='ocr_par' dir='ltr' id='par_1_37' title="bbox 499 2444 2098 2520">
     <span class='ocr_line' id='line_1_37' title="bbox 499 2444 2098 2520; baseline -0.001 -18"><span class='ocrx_word' id='word_1_283' title='bbox 499 2465 632 2504; x_wconf 89' lang='lat' dir='ltr'><strong>num</strong></span> <span class='ocrx_word' id='word_1_284' title='bbox 650 2447 927 2520; x_wconf 65' lang='lat' dir='ltr'><strong>praemissa</strong></span> <span class='ocrx_word' id='word_1_285' title='bbox 947 2446 1312 2503; x_wconf 84' lang='lat' dir='ltr'><strong>satisfactione</strong></span> <span class='ocrx_word' id='word_1_286' title='bbox 1332 2461 1639 2518; x_wconf 87' lang='lat' dir='ltr'><strong>purgemus,</strong></span> <span class='ocrx_word' id='word_1_287' title='bbox 1659 2447 2009 2517; x_wconf 88' lang='lat' dir='ltr'><strong>respicientes</strong></span> <span class='ocrx_word' id='word_1_288' title='bbox 2029 2444 2098 2500; x_wconf 91' lang='lat' dir='ltr'><strong>ad</strong></span> 
     </span>
    </p>
   </div>
   <div class='ocr_carea' id='block_1_38' title="bbox 500 2538 2098 2612">
    <p class='ocr_par' dir='ltr' id='par_1_38' title="bbox 500 2538 2098 2612">
     <span class='ocr_line' id='line_1_38' title="bbox 500 2538 2098 2612; baseline -0.001 -17"><span class='ocrx_word' id='word_1_289' title='bbox 500 2538 652 2597; x_wconf 88' lang='lat' dir='ltr'><strong>illam</strong></span> <span class='ocrx_word' id='word_1_290' title='bbox 700 2540 1075 2612; x_wconf 82' lang='lat' dir='ltr'><strong>prepheticam</strong></span> <span class='ocrx_word' id='word_1_291' title='bbox 1102 2542 1425 2598; x_wconf 89' lang='lat' dir='ltr'><strong>sententiam</strong></span> <span class='ocrx_word' id='word_1_292' title='bbox 1457 2557 1578 2612; x_wconf 71' lang='lat' dir='ltr'><strong>qua:</strong></span> <span class='ocrx_word' id='word_1_293' title='bbox 1605 2541 1773 2597; x_wconf 89' lang='lat' dir='ltr'><strong>dicit:</strong></span> <span class='ocrx_word' id='word_1_294' title='bbox 1809 2539 1911 2605; x_wconf 89' lang='lat' dir='ltr'><strong>Qui</strong></span> <span class='ocrx_word' id='word_1_295' title='bbox 1943 2541 2098 2595; x_wconf 88' lang='lat' dir='ltr'><strong>semi-</strong></span> 
     </span>
    </p>
   </div>
   <div class='ocr_carea' id='block_1_39' title="bbox 499 2631 2099 2707">
    <p class='ocr_par' dir='ltr' id='par_1_39' title="bbox 499 2631 2099 2707">
     <span class='ocr_line' id='line_1_39' title="bbox 499 2631 2099 2707; baseline 0 -19"><span class='ocrx_word' id='word_1_296' title='bbox 499 2642 630 2689; x_wconf 83' lang='lat' dir='ltr'><strong>nant</strong></span> <span class='ocrx_word' id='word_1_297' title='bbox 655 2635 711 2688; x_wconf 90' lang='lat' dir='ltr'><strong>in</strong></span> <span class='ocrx_word' id='word_1_298' title='bbox 734 2636 999 2706; x_wconf 87' lang='lat' dir='ltr'><strong>lacrymis,</strong></span> <span class='ocrx_word' id='word_1_299' title='bbox 1024 2636 1080 2689; x_wconf 90' lang='lat' dir='ltr'><strong>in</strong></span> <span class='ocrx_word' id='word_1_300' title='bbox 1107 2635 1302 2707; x_wconf 85' lang='lat' dir='ltr'><strong>gaudio</strong></span> <span class='ocrx_word' id='word_1_301' title='bbox 1323 2643 1515 2689; x_wconf 86' lang='lat' dir='ltr'><strong>metent</strong></span> <span class='ocrx_word' id='word_1_302' title='bbox 1559 2633 1676 2706; x_wconf 90' lang='lat' dir='ltr'><strong>(Ps.</strong></span> <span class='ocrx_word' id='word_1_303' title='bbox 1728 2650 1887 2700; x_wconf 79' lang='lat' dir='ltr'><strong>cxxv,</strong></span> <span class='ocrx_word' id='word_1_304' title='bbox 1933 2631 2007 2704; x_wconf 83' lang='lat'><strong>5).</strong></span> <span class='ocrx_word' id='word_1_305' title='bbox 2039 2633 2099 2688; x_wconf 87' lang='lat' dir='ltr'><strong>Si</strong></span> 
     </span>
    </p>
   </div>
   <div class='ocr_carea' id='block_1_40' title="bbox 499 2728 2094 2799">
    <p class='ocr_par' dir='ltr' id='par_1_40' title="bbox 499 2728 2094 2799">
     <span class='ocr_line' id='line_1_40' title="bbox 499 2728 2094 2799; baseline -0.001 -16"><span class='ocrx_word' id='word_1_306' title='bbox 499 2728 621 2798; x_wconf 90' lang='lat' dir='ltr'><strong>quis</strong></span> <span class='ocrx_word' id='word_1_307' title='bbox 648 2743 777 2799; x_wconf 89' lang='lat' dir='ltr'><strong>ergo</strong></span> <span class='ocrx_word' id='word_1_308' title='bbox 829 2729 1218 2785; x_wconf 89' lang='lat' dir='ltr'><strong>conscientiam</strong></span> <span class='ocrx_word' id='word_1_309' title='bbox 1255 2745 1408 2785; x_wconf 90' lang='lat' dir='ltr'><strong>suam</strong></span> <span class='ocrx_word' id='word_1_310' title='bbox 1454 2729 1740 2798; x_wconf 85' lang='lat' dir='ltr'><strong>diligenter</strong></span> <span class='ocrx_word' id='word_1_311' title='bbox 1776 2729 2094 2798; x_wconf 83' lang='lat' dir='ltr'><strong>interrogat,</strong></span> 
     </span>
    </p>
   </div>
   <div class='ocr_carea' id='block_1_41' title="bbox 500 2820 2098 2893">
    <p class='ocr_par' dir='ltr' id='par_1_41' title="bbox 500 2820 2098 2893">
     <span class='ocr_line' id='line_1_41' title="bbox 500 2820 2098 2893; baseline 0.001 -20"><span class='ocrx_word' id='word_1_312' title='bbox 500 2835 612 2875; x_wconf 90' lang='lat' dir='ltr'><strong>non</strong></span> <span class='ocrx_word' id='word_1_313' title='bbox 639 2820 828 2876; x_wconf 89' lang='lat' dir='ltr'><strong>otiosis</strong></span> <span class='ocrx_word' id='word_1_314' title='bbox 849 2821 1067 2877; x_wconf 89' lang='lat' dir='ltr'><strong>auribus</strong></span> <span class='ocrx_word' id='word_1_315' title='bbox 1094 2822 1198 2877; x_wconf 88' lang='lat' dir='ltr'><strong>ista</strong></span> <span class='ocrx_word' id='word_1_316' title='bbox 1225 2821 1566 2893; x_wconf 88' lang='lat' dir='ltr'><strong>suscipienda</strong></span> <span class='ocrx_word' id='word_1_317' title='bbox 1600 2828 1772 2892; x_wconf 91' lang='lat' dir='ltr'><strong>putet.</strong></span> <span class='ocrx_word' id='word_1_318' title='bbox 1806 2820 1924 2877; x_wconf 87' lang='lat' dir='ltr'><strong>Non</strong></span> <span class='ocrx_word' id='word_1_319' title='bbox 1953 2821 2098 2876; x_wconf 91' lang='lat' dir='ltr'><strong>enim</strong></span> 
     </span>
    </p>
   </div>
   <div class='ocr_carea' id='block_1_42' title="bbox 497 2911 2100 2985">
    <p class='ocr_par' dir='ltr' id='par_1_42' title="bbox 497 2911 2100 2985">
     <span class='ocr_line' id='line_1_42' title="bbox 497 2911 2100 2985; baseline 0 -17"><span class='ocrx_word' id='word_1_320' title='bbox 497 2911 707 2985; x_wconf 88' lang='lat' dir='ltr'><strong>poteris</strong></span> <span class='ocrx_word' id='word_1_321' title='bbox 733 2913 787 2968; x_wconf 91' lang='lat' dir='ltr'><strong>in</strong></span> <span class='ocrx_word' id='word_1_322' title='bbox 816 2913 906 2968; x_wconf 91' lang='lat' dir='ltr'><strong>illa</strong></span> <span class='ocrx_word' id='word_1_323' title='bbox 933 2913 1022 2968; x_wconf 88' lang='lat' dir='ltr'><strong>die</strong></span> <span class='ocrx_word' id='word_1_324' title='bbox 1049 2911 1214 2969; x_wconf 88' lang='lat' dir='ltr'><strong>futuri</strong></span> <span class='ocrx_word' id='word_1_325' title='bbox 1230 2913 1419 2983; x_wconf 91' lang='lat' dir='ltr'><strong>judicii</strong></span> <span class='ocrx_word' id='word_1_326' title='bbox 1463 2914 1622 2970; x_wconf 89' lang='lat' dir='ltr'><strong>aliter</strong></span> <span class='ocrx_word' id='word_1_327' title='bbox 1669 2913 1914 2969; x_wconf 90' lang='lat' dir='ltr'><strong>invenire</strong></span> <span class='ocrx_word' id='word_1_328' title='bbox 1942 2911 2100 2968; x_wconf 82' lang='lat' dir='ltr'><strong>refri-</strong></span> 
     </span>
    </p>
   </div>
   <div class='ocr_carea' id='block_1_43' title="bbox 497 3006 2098 3078">
    <p class='ocr_par' dir='ltr' id='par_1_43' title="bbox 497 3006 2098 3078">
     <span class='ocr_line' id='line_1_43' title="bbox 497 3006 2098 3078; baseline 0.001 -18"><span class='ocrx_word' id='word_1_329' title='bbox 497 3006 729 3076; x_wconf 85' lang='lat' dir='ltr'><strong>gerium,</strong></span> <span class='ocrx_word' id='word_1_330' title='bbox 752 3006 856 3062; x_wconf 91' lang='lat' dir='ltr'><strong>nisi</strong></span> <span class='ocrx_word' id='word_1_331' title='bbox 875 3007 1102 3064; x_wconf 88' lang='lat' dir='ltr'><strong>vulnera</strong></span> <span class='ocrx_word' id='word_1_332' title='bbox 1124 3016 1214 3063; x_wconf 91' lang='lat' dir='ltr'><strong>tua</strong></span> <span class='ocrx_word' id='word_1_333' title='bbox 1243 3015 1336 3063; x_wconf 84' lang='lat' dir='ltr'><strong>aut</strong></span> <span class='ocrx_word' id='word_1_334' title='bbox 1354 3007 1628 3064; x_wconf 89' lang='lat' dir='ltr'><strong>curaveris</strong></span> <span class='ocrx_word' id='word_1_335' title='bbox 1649 3007 1946 3065; x_wconf 83' lang='lat' dir='ltr'><strong>refectione</strong></span> <span class='ocrx_word' id='word_1_336' title='bbox 1964 3023 2098 3078; x_wconf 88' lang='lat' dir='ltr'><strong>pau-</strong></span> 
     </span>
    </p>
   </div>
   <div class='ocr_carea' id='block_1_44' title="bbox 497 3100 2097 3174">
    <p class='ocr_par' dir='ltr' id='par_1_44' title="bbox 497 3100 2097 3174">
     <span class='ocr_line' id='line_1_44' title="bbox 497 3100 2097 3174; baseline 0.001 -19"><span class='ocrx_word' id='word_1_337' title='bbox 497 3113 710 3170; x_wconf 89' lang='lat' dir='ltr'><strong>perum,</strong></span> <span class='ocrx_word' id='word_1_338' title='bbox 743 3107 836 3155; x_wconf 90' lang='lat' dir='ltr'><strong>aut</strong></span> <span class='ocrx_word' id='word_1_339' title='bbox 862 3100 1062 3156; x_wconf 90' lang='lat' dir='ltr'><strong>laveris</strong></span> <span class='ocrx_word' id='word_1_340' title='bbox 1108 3101 1463 3157; x_wconf 90' lang='lat' dir='ltr'><strong>inundatione</strong></span> <span class='ocrx_word' id='word_1_341' title='bbox 1490 3102 1870 3174; x_wconf 84' lang='lat' dir='ltr'><strong>lacrymarum.</strong></span> <span class='ocrx_word' id='word_1_342' title='bbox 1901 3100 2097 3157; x_wconf 85' lang='lat' dir='ltr'><strong>Profu-</strong></span> 
     </span>
    </p>
   </div>
   <div class='ocr_carea' id='block_1_45' title="bbox 496 3189 2096 3262">
    <p class='ocr_par' dir='ltr' id='par_1_45' title="bbox 496 3189 2096 3262">
     <span class='ocr_line' id='line_1_45' title="bbox 496 3189 2096 3262; baseline 0.003 -17"><span class='ocrx_word' id='word_1_343' title='bbox 496 3189 611 3246; x_wconf 83' lang='lat' dir='ltr'><strong>sius</strong></span> <span class='ocrx_word' id='word_1_344' title='bbox 649 3198 830 3247; x_wconf 90' lang='lat' dir='ltr'><strong>autem</strong></span> <span class='ocrx_word' id='word_1_345' title='bbox 878 3192 983 3262; x_wconf 90' lang='lat' dir='ltr'><strong>ipsi</strong></span> <span class='ocrx_word' id='word_1_346' title='bbox 1020 3191 1166 3260; x_wconf 85' lang='lat' dir='ltr'><strong>ﬂete,</strong></span> <span class='ocrx_word' id='word_1_347' title='bbox 1198 3201 1255 3249; x_wconf 87' lang='lat' dir='ltr'><strong>et</strong></span> <span class='ocrx_word' id='word_1_348' title='bbox 1281 3194 1565 3250; x_wconf 83' lang='lat' dir='ltr'><strong>facultates</strong></span> <span class='ocrx_word' id='word_1_349' title='bbox 1594 3202 1802 3250; x_wconf 90' lang='lat' dir='ltr'><strong>vestras</strong></span> <span class='ocrx_word' id='word_1_350' title='bbox 1843 3194 2096 3250; x_wconf 86' lang='lat' dir='ltr'><strong>ﬂentibus</strong></span> 
     </span>
    </p>
   </div>
   <div class='ocr_carea' id='block_1_46' title="bbox 2197 1987 3709 2061">
    <p class='ocr_par' dir='ltr' id='par_1_46' title="bbox 2197 1987 3709 2061">
     <span class='ocr_line' id='line_1_46' title="bbox 2197 1987 3709 2061; baseline -0.002 -15"><span class='ocrx_word' id='word_1_351' title='bbox 2197 1990 2303 2047; x_wconf 91' lang='lat' dir='ltr'><strong>diei</strong></span> <span class='ocrx_word' id='word_1_352' title='bbox 2331 1996 2487 2061; x_wconf 90' lang='lat' dir='ltr'><strong>pastu</strong></span> <span class='ocrx_word' id='word_1_353' title='bbox 2525 1987 2778 2044; x_wconf 88' lang='lat' dir='ltr'><strong>refecisse</strong></span> <span class='ocrx_word' id='word_1_354' title='bbox 2804 1987 3034 2045; x_wconf 77' lang='lat' dir='ltr'><strong>suiliciet</strong></span> <span class='ocrx_word' id='word_1_355' title='bbox 3073 2007 3086 2042; x_wconf 95' lang='lat'>:</span> <span class='ocrx_word' id='word_1_356' title='bbox 3141 1989 3259 2044; x_wconf 89' lang='lat' dir='ltr'><strong>sine</strong></span> <span class='ocrx_word' id='word_1_357' title='bbox 3286 2004 3438 2044; x_wconf 90' lang='lat' dir='ltr'><strong>causa</strong></span> <span class='ocrx_word' id='word_1_358' title='bbox 3464 1995 3612 2044; x_wconf 88' lang='lat' dir='ltr'><strong>autem</strong></span> <span class='ocrx_word' id='word_1_359' title='bbox 3635 2004 3709 2043; x_wconf 83' lang='lat' dir='ltr'><strong>um</strong></span> 
     </span>
    </p>
   </div>
   <div class='ocr_carea' id='block_1_47' title="bbox 2195 2079 3707 2152">
    <p class='ocr_par' dir='ltr' id='par_1_47' title="bbox 2195 2079 3707 2152">
     <span class='ocr_line' id='line_1_47' title="bbox 2195 2079 3707 2152; baseline -0.003 -14"><span class='ocrx_word' id='word_1_360' title='bbox 2195 2082 2282 2138; x_wconf 91' lang='lat' dir='ltr'><strong>die</strong></span> <span class='ocrx_word' id='word_1_361' title='bbox 2327 2083 2502 2139; x_wconf 93' lang='lat' dir='ltr'><strong>bonus</strong></span> <span class='ocrx_word' id='word_1_362' title='bbox 2530 2089 2631 2149; x_wconf 89' lang='lat' dir='ltr'><strong>est,</strong></span> <span class='ocrx_word' id='word_1_363' title='bbox 2662 2080 2758 2152; x_wconf 90' lang='lat' dir='ltr'><strong>qui</strong></span> <span class='ocrx_word' id='word_1_364' title='bbox 2806 2081 2977 2137; x_wconf 89' lang='lat' dir='ltr'><strong>altera</strong></span> <span class='ocrx_word' id='word_1_365' title='bbox 3021 2079 3300 2137; x_wconf 88' lang='lat' dir='ltr'><strong>descendit</strong></span> <span class='ocrx_word' id='word_1_366' title='bbox 3345 2081 3574 2151; x_wconf 89' lang='lat' dir='ltr'><strong>ingratus.</strong></span> <span class='ocrx_word' id='word_1_367' title='bbox 3612 2079 3707 2134; x_wconf 77' lang='lat' dir='ltr'><strong>Nam</strong></span> 
     </span>
    </p>
   </div>
   <div class='ocr_carea' id='block_1_48' title="bbox 2195 2169 3749 2246">
    <p class='ocr_par' dir='ltr' id='par_1_48' title="bbox 2195 2169 3749 2246">
     <span class='ocr_line' id='line_1_48' title="bbox 2195 2169 3749 2246; baseline -0.001 -18"><span class='ocrx_word' id='word_1_368' title='bbox 2195 2173 2550 2245; x_wconf 73' lang='lat' dir='ltr'><strong>przecedentis</strong></span> <span class='ocrx_word' id='word_1_369' title='bbox 2596 2173 2983 2229; x_wconf 68' lang='lat' dir='ltr'><strong>misericordim</strong></span> <span class='ocrx_word' id='word_1_370' title='bbox 3029 2173 3351 2231; x_wconf 76' lang='lat' dir='ltr'><strong>beneficium</strong></span> <span class='ocrx_word' id='word_1_371' title='bbox 3400 2174 3613 2246; x_wconf 87' lang='lat' dir='ltr'><strong>perdidit,</strong></span> <span class='ocrx_word' id='word_1_372' title='bbox 3643 2172 3707 2243; x_wconf 85' lang='lat' dir='ltr'><strong>qui</strong></span> <span class='ocrx_word' id='word_1_373' title='bbox 3746 2169 3749 2174; x_wconf 78' lang='grc'><em>’</em></span> 
     </span>
    </p>
   </div>
   <div class='ocr_carea' id='block_1_49' title="bbox 2196 2265 3707 2336">
    <p class='ocr_par' dir='ltr' id='par_1_49' title="bbox 2196 2265 3707 2336">
     <span class='ocr_line' id='line_1_49' title="bbox 2196 2265 3707 2336; baseline -0.001 -15"><span class='ocrx_word' id='word_1_374' title='bbox 2196 2271 2353 2336; x_wconf 87' lang='lat' dir='ltr'><strong>putat</strong></span> <span class='ocrx_word' id='word_1_375' title='bbox 2374 2265 2635 2322; x_wconf 85' lang='lat' dir='ltr'><strong>esurienti</strong></span> <span class='ocrx_word' id='word_1_376' title='bbox 2655 2265 2826 2322; x_wconf 88' lang='lat' dir='ltr'><strong>semel</strong></span> <span class='ocrx_word' id='word_1_377' title='bbox 2852 2265 3099 2323; x_wconf 75' lang='lat' dir='ltr'><strong>sufﬁcere</strong></span> <span class='ocrx_word' id='word_1_378' title='bbox 3128 2267 3276 2336; x_wconf 89' lang='lat' dir='ltr'><strong>quod</strong></span> <span class='ocrx_word' id='word_1_379' title='bbox 3304 2267 3523 2322; x_wconf 87' lang='lat' dir='ltr'><strong>donavit.</strong></span> <span class='ocrx_word' id='word_1_380' title='bbox 3551 2265 3707 2320; x_wconf 86' lang='lat' dir='ltr'><strong>llleau-</strong></span> 
     </span>
    </p>
   </div>
   <div class='ocr_carea' id='block_1_50' title="bbox 2198 2359 3708 2431">
    <p class='ocr_par' dir='ltr' id='par_1_50' title="bbox 2198 2359 3708 2431">
     <span class='ocr_line' id='line_1_50' title="bbox 2198 2359 3708 2431; baseline -0.001 -16"><span class='ocrx_word' id='word_1_381' title='bbox 2198 2367 2308 2416; x_wconf 85' lang='lat' dir='ltr'><strong>tem</strong></span> <span class='ocrx_word' id='word_1_382' title='bbox 2347 2359 2416 2415; x_wconf 90' lang='lat' dir='ltr'><strong>ad</strong></span> <span class='ocrx_word' id='word_1_383' title='bbox 2443 2360 2730 2416; x_wconf 89' lang='lat' dir='ltr'><strong>Dominum</strong></span> <span class='ocrx_word' id='word_1_384' title='bbox 2760 2361 3003 2431; x_wconf 86' lang='lat' dir='ltr'><strong>integros</strong></span> <span class='ocrx_word' id='word_1_385' title='bbox 3030 2361 3409 2418; x_wconf 65' lang='lat' dir='ltr'><strong>misericordia:</strong></span> <span class='ocrx_word' id='word_1_386' title='bbox 3426 2359 3708 2430; x_wconf 70' lang='lat' dir='ltr'><strong>fructuspre-</strong></span> 
     </span>
    </p>
   </div>
   <div class='ocr_carea' id='block_1_51' title="bbox 2198 2450 3707 2528">
    <p class='ocr_par' dir='ltr' id='par_1_51' title="bbox 2198 2450 3707 2528">
     <span class='ocr_line' id='line_1_51' title="bbox 2198 2450 3707 2528; baseline -0.001 -18"><span class='ocrx_word' id='word_1_387' title='bbox 2198 2454 2383 2521; x_wconf 90' lang='lat' dir='ltr'><strong>mittit,</strong></span> <span class='ocrx_word' id='word_1_388' title='bbox 2415 2471 2446 2510; x_wconf 93' lang='lat' dir='ltr'><strong>a</strong></span> <span class='ocrx_word' id='word_1_389' title='bbox 2487 2470 2594 2525; x_wconf 92' lang='lat' dir='ltr'><strong>quo</strong></span> <span class='ocrx_word' id='word_1_390' title='bbox 2632 2470 2841 2528; x_wconf 90' lang='lat' dir='ltr'><strong>pauper</strong></span> <span class='ocrx_word' id='word_1_391' title='bbox 2868 2470 3158 2525; x_wconf 90' lang='lat' dir='ltr'><strong>numquam</strong></span> <span class='ocrx_word' id='word_1_392' title='bbox 3195 2455 3359 2511; x_wconf 89' lang='lat' dir='ltr'><strong>tristis</strong></span> <span class='ocrx_word' id='word_1_393' title='bbox 3383 2454 3603 2512; x_wconf 83' lang='lat' dir='ltr'><strong>abscedit.</strong></span> <span class='ocrx_word' id='word_1_394' title='bbox 3625 2450 3707 2521; x_wconf 73' lang='lat' dir='ltr'><strong>iugi</strong></span> 
     </span>
    </p>
   </div>
   <div class='ocr_carea' id='block_1_52' title="bbox 2200 2544 3708 2620">
    <p class='ocr_par' dir='ltr' id='par_1_52' title="bbox 2200 2544 3708 2620">
     <span class='ocr_line' id='line_1_52' title="bbox 2200 2544 3708 2620; baseline -0.001 -20"><span class='ocrx_word' id='word_1_395' title='bbox 2200 2546 2556 2604; x_wconf 89' lang='lat' dir='ltr'><strong>medicamine</strong></span> <span class='ocrx_word' id='word_1_396' title='bbox 2587 2564 2722 2620; x_wconf 90' lang='lat' dir='ltr'><strong>opus</strong></span> <span class='ocrx_word' id='word_1_397' title='bbox 2750 2556 2833 2605; x_wconf 90' lang='lat' dir='ltr'><strong>est</strong></span> <span class='ocrx_word' id='word_1_398' title='bbox 2851 2547 3080 2615; x_wconf 88' lang='lat' dir='ltr'><strong>medico,</strong></span> <span class='ocrx_word' id='word_1_399' title='bbox 3115 2555 3176 2604; x_wconf 92' lang='lat' dir='ltr'><strong>ut</strong></span> <span class='ocrx_word' id='word_1_400' title='bbox 3196 2548 3422 2617; x_wconf 88' lang='lat' dir='ltr'><strong>gemitus</strong></span> <span class='ocrx_word' id='word_1_401' title='bbox 3447 2547 3584 2603; x_wconf 89' lang='lat' dir='ltr'><strong>alieni</strong></span> <span class='ocrx_word' id='word_1_402' title='bbox 3605 2544 3708 2600; x_wconf 89' lang='lat' dir='ltr'><strong>dolo-</strong></span> 
     </span>
    </p>
   </div>
   <div class='ocr_carea' id='block_1_53' title="bbox 2200 2638 3702 2714">
    <p class='ocr_par' dir='ltr' id='par_1_53' title="bbox 2200 2638 3702 2714">
     <span class='ocr_line' id='line_1_53' title="bbox 2200 2638 3702 2714; baseline -0.003 -18"><span class='ocrx_word' id='word_1_403' title='bbox 2200 2643 2276 2697; x_wconf 91' lang='lat' dir='ltr'><strong>ris</strong></span> <span class='ocrx_word' id='word_1_404' title='bbox 2305 2643 2593 2699; x_wconf 83' lang='lat' dir='ltr'><strong>excludat:</strong></span> <span class='ocrx_word' id='word_1_405' title='bbox 2631 2645 2758 2714; x_wconf 88' lang='lat' dir='ltr'><strong>quia</strong></span> <span class='ocrx_word' id='word_1_406' title='bbox 2789 2642 3073 2700; x_wconf 86' lang='lat' dir='ltr'><strong>intirmitas</strong></span> <span class='ocrx_word' id='word_1_407' title='bbox 3117 2659 3242 2714; x_wconf 69' lang='lat' dir='ltr'><strong>quae</strong></span> <span class='ocrx_word' id='word_1_408' title='bbox 3296 2643 3349 2698; x_wconf 90' lang='lat' dir='ltr'><strong>in</strong></span> <span class='ocrx_word' id='word_1_409' title='bbox 3383 2641 3510 2698; x_wconf 91' lang='lat' dir='ltr'><strong>diem</strong></span> <span class='ocrx_word' id='word_1_410' title='bbox 3549 2638 3702 2700; x_wconf 85' lang='lat' dir='ltr'><strong>crescit,</strong></span> 
     </span>
    </p>
   </div>
   <div class='ocr_carea' id='block_1_54' title="bbox 2201 2733 3706 2805">
    <p class='ocr_par' dir='ltr' id='par_1_54' title="bbox 2201 2733 3706 2805">
     <span class='ocr_line' id='line_1_54' title="bbox 2201 2733 3706 2805; baseline -0.003 -16"><span class='ocrx_word' id='word_1_411' title='bbox 2201 2733 2524 2790; x_wconf 90' lang='lat' dir='ltr'><strong>medicinam</strong></span> <span class='ocrx_word' id='word_1_412' title='bbox 2569 2736 2623 2791; x_wconf 90' lang='lat' dir='ltr'><strong>in</strong></span> <span class='ocrx_word' id='word_1_413' title='bbox 2661 2735 2804 2792; x_wconf 91' lang='lat' dir='ltr'><strong>diem</strong></span> <span class='ocrx_word' id='word_1_414' title='bbox 2848 2735 3092 2805; x_wconf 89' lang='lat' dir='ltr'><strong>requirit.</strong></span> <span class='ocrx_word' id='word_1_415' title='bbox 3137 2733 3250 2790; x_wconf 89' lang='lat' dir='ltr'><strong>Sed</strong></span> <span class='ocrx_word' id='word_1_416' title='bbox 3290 2750 3387 2790; x_wconf 91' lang='lat' dir='ltr'><strong>nec</strong></span> <span class='ocrx_word' id='word_1_417' title='bbox 3422 2733 3597 2788; x_wconf 89' lang='lat' dir='ltr'><strong>minore</strong></span> <span class='ocrx_word' id='word_1_418' title='bbox 3617 2745 3706 2786; x_wconf 83' lang='lat' dir='ltr'><strong>cura</strong></span> 
     </span>
    </p>
   </div>
   <div class='ocr_carea' id='block_1_55' title="bbox 2205 2822 3704 2900">
    <p class='ocr_par' dir='ltr' id='par_1_55' title="bbox 2205 2822 3704 2900">
     <span class='ocr_line' id='line_1_55' title="bbox 2205 2822 3704 2900; baseline -0.003 -16"><span class='ocrx_word' id='word_1_419' title='bbox 2205 2829 2364 2884; x_wconf 92' lang='lat' dir='ltr'><strong>nobis</strong></span> <span class='ocrx_word' id='word_1_420' title='bbox 2393 2829 2789 2900; x_wconf 88' lang='lat' dir='ltr'><strong>providendum</strong></span> <span class='ocrx_word' id='word_1_421' title='bbox 2817 2837 2918 2898; x_wconf 89' lang='lat' dir='ltr'><strong>est,</strong></span> <span class='ocrx_word' id='word_1_422' title='bbox 2936 2837 2996 2886; x_wconf 89' lang='lat' dir='ltr'><strong>ut</strong></span> <span class='ocrx_word' id='word_1_423' title='bbox 3022 2829 3415 2885; x_wconf 87' lang='lat' dir='ltr'><strong>abundantibus</strong></span> <span class='ocrx_word' id='word_1_424' title='bbox 3433 2822 3704 2897; x_wconf 85' lang='lat' dir='ltr'><strong>eleemosynis</strong></span> 
     </span>
    </p>
   </div>
   <div class='ocr_carea' id='block_1_56' title="bbox 2201 2920 3704 2994">
    <p class='ocr_par' dir='ltr' id='par_1_56' title="bbox 2201 2920 3704 2994">
     <span class='ocr_line' id='line_1_56' title="bbox 2201 2920 3704 2994; baseline -0.005 -15"><span class='ocrx_word' id='word_1_425' title='bbox 2201 2938 2470 2991; x_wconf 88' lang='lat' dir='ltr'><strong>curemus,</strong></span> <span class='ocrx_word' id='word_1_426' title='bbox 2495 2925 2540 2978; x_wconf 92' lang='lat' dir='ltr'><strong>si</strong></span> <span class='ocrx_word' id='word_1_427' title='bbox 2560 2924 2689 2994; x_wconf 88' lang='lat' dir='ltr'><strong>quid</strong></span> <span class='ocrx_word' id='word_1_428' title='bbox 2718 2924 2772 2979; x_wconf 89' lang='lat' dir='ltr'><strong>in</strong></span> <span class='ocrx_word' id='word_1_429' title='bbox 2802 2924 2960 2979; x_wconf 92' lang='lat' dir='ltr'><strong>nobis</strong></span> <span class='ocrx_word' id='word_1_430' title='bbox 2987 2931 3294 2990; x_wconf 88' lang='lat' dir='ltr'><strong>cruentum,</strong></span> <span class='ocrx_word' id='word_1_431' title='bbox 3335 2923 3381 2980; x_wconf 90' lang='lat' dir='ltr'><strong>si</strong></span> <span class='ocrx_word' id='word_1_432' title='bbox 3408 2920 3521 2992; x_wconf 91' lang='lat' dir='ltr'><strong>quid</strong></span> <span class='ocrx_word' id='word_1_433' title='bbox 3537 2926 3602 2975; x_wconf 87' lang='lat' dir='ltr'><strong>est</strong></span> <span class='ocrx_word' id='word_1_434' title='bbox 3621 2932 3704 2972; x_wconf 83' lang='lat' dir='ltr'><strong>sor-</strong></span> 
     </span>
    </p>
   </div>
   <div class='ocr_carea' id='block_1_57' title="bbox 2200 3006 3703 3085">
    <p class='ocr_par' dir='ltr' id='par_1_57' title="bbox 2200 3006 3703 3085">
     <span class='ocr_line' id='line_1_57' title="bbox 2200 3006 3703 3085; baseline -0.005 -12"><span class='ocrx_word' id='word_1_435' title='bbox 2200 3017 2403 3074; x_wconf 88' lang='lat' dir='ltr'><strong>didum.</strong></span> <span class='ocrx_word' id='word_1_436' title='bbox 2432 3017 2551 3073; x_wconf 87' lang='lat' dir='ltr'><strong>Non</strong></span> <span class='ocrx_word' id='word_1_437' title='bbox 2573 3018 2716 3073; x_wconf 90' lang='lat' dir='ltr'><strong>enim</strong></span> <span class='ocrx_word' id='word_1_438' title='bbox 2745 3017 2928 3073; x_wconf 91' lang='lat' dir='ltr'><strong>statim</strong></span> <span class='ocrx_word' id='word_1_439' title='bbox 2949 3025 3216 3073; x_wconf 90' lang='lat' dir='ltr'><strong>sanantur</strong></span> <span class='ocrx_word' id='word_1_440' title='bbox 3245 3015 3454 3072; x_wconf 82' lang='lat' dir='ltr'><strong>vulnera</strong></span> <span class='ocrx_word' id='word_1_441' title='bbox 3470 3028 3568 3085; x_wconf 71' lang='lat' dir='ltr'><strong>qua:</strong></span> <span class='ocrx_word' id='word_1_442' title='bbox 3584 3006 3703 3067; x_wconf 70' lang='lat' dir='ltr'><strong>semel</strong></span> 
     </span>
    </p>
   </div>
   <div class='ocr_carea' id='block_1_58' title="bbox 2201 3104 3700 3182">
    <p class='ocr_par' dir='ltr' id='par_1_58' title="bbox 2201 3104 3700 3182">
     <span class='ocr_line' id='line_1_58' title="bbox 2201 3104 3700 3182; baseline -0.008 -16"><span class='ocrx_word' id='word_1_443' title='bbox 2201 3111 2416 3167; x_wconf 90' lang='lat' dir='ltr'><strong>laveris.</strong></span> <span class='ocrx_word' id='word_1_444' title='bbox 2443 3110 2596 3182; x_wconf 61' lang='lat' dir='ltr'><strong>Saepe</strong></span> <span class='ocrx_word' id='word_1_445' title='bbox 2625 3111 2796 3167; x_wconf 79' lang='lat' dir='ltr'><strong>excisi</strong></span> <span class='ocrx_word' id='word_1_446' title='bbox 2823 3110 3068 3182; x_wconf 90' lang='lat' dir='ltr'><strong>corporis</strong></span> <span class='ocrx_word' id='word_1_447' title='bbox 3089 3109 3358 3166; x_wconf 89' lang='lat' dir='ltr'><strong>medicina</strong></span> <span class='ocrx_word' id='word_1_448' title='bbox 3375 3104 3615 3180; x_wconf 86' lang='lat' dir='ltr'><strong>repetenda</strong></span> <span class='ocrx_word' id='word_1_449' title='bbox 3629 3108 3700 3156; x_wconf 82' lang='lat' dir='ltr'><strong>est.</strong></span> 
     </span>
    </p>
   </div>
   <div class='ocr_carea' id='block_1_59' title="bbox 2201 3192 3699 3275">
    <p class='ocr_par' dir='ltr' id='par_1_59' title="bbox 2201 3192 3699 3275">
     <span class='ocr_line' id='line_1_59' title="bbox 2201 3192 3699 3275; baseline -0.011 -15"><span class='ocrx_word' id='word_1_450' title='bbox 2201 3203 2259 3260; x_wconf 91' lang='lat' dir='ltr'><strong>Si</strong></span> <span class='ocrx_word' id='word_1_451' title='bbox 2279 3205 2440 3260; x_wconf 92' lang='lat' dir='ltr'><strong>vultis</strong></span> <span class='ocrx_word' id='word_1_452' title='bbox 2462 3205 2663 3275; x_wconf 90' lang='lat' dir='ltr'><strong>itaque,</strong></span> <span class='ocrx_word' id='word_1_453' title='bbox 2695 3203 3048 3270; x_wconf 89' lang='lat' dir='ltr'><strong>dilectissimi,</strong></span> <span class='ocrx_word' id='word_1_454' title='bbox 3072 3209 3132 3257; x_wconf 92' lang='lat' dir='ltr'><strong>ut</strong></span> <span class='ocrx_word' id='word_1_455' title='bbox 3151 3201 3272 3258; x_wconf 89' lang='lat' dir='ltr'><strong>dies</strong></span> <span class='ocrx_word' id='word_1_456' title='bbox 3290 3202 3408 3257; x_wconf 66' lang='lat' dir='ltr'><strong>vitm</strong></span> <span class='ocrx_word' id='word_1_457' title='bbox 3426 3206 3580 3254; x_wconf 74' lang='lat' dir='ltr'><strong>nostra:</strong></span> <span class='ocrx_word' id='word_1_458' title='bbox 3596 3192 3699 3248; x_wconf 78' lang='lat' dir='ltr'><strong>nulla</strong></span> 
     </span>
    </p>
   </div>
   <div class='ocr_carea' id='block_1_60' title="bbox 500 3278 3696 3368">
    <p class='ocr_par' dir='ltr' id='par_1_60' title="bbox 500 3278 3696 3368">
     <span class='ocr_line' id='line_1_60' title="bbox 500 3278 3696 3368; baseline 0.001 -32"><span class='ocrx_word' id='word_1_459' title='bbox 500 3290 742 3353; x_wconf 78' lang='lat' dir='ltr'><strong>erogata,</strong></span> <span class='ocrx_word' id='word_1_460' title='bbox 784 3290 845 3338; x_wconf 80' lang='grc' dir='ltr'><strong>ιιι</strong></span> <span class='ocrx_word' id='word_1_461' title='bbox 881 3282 1075 3340; x_wconf 85' lang='lat' dir='ltr'><strong>futuris</strong></span> <span class='ocrx_word' id='word_1_462' title='bbox 1103 3286 1438 3356; x_wconf 75' lang='lat' dir='ltr'><strong>temporibus</strong></span> <span class='ocrx_word' id='word_1_463' title='bbox 1471 3287 1612 3342; x_wconf 89' lang='lat' dir='ltr'><strong>inter</strong></span> <span class='ocrx_word' id='word_1_464' title='bbox 1640 3295 1868 3344; x_wconf 61' lang='lat' dir='ltr'><strong>caeteros</strong></span> <span class='ocrx_word' id='word_1_465' title='bbox 1904 3285 2100 3357; x_wconf 85' lang='lat' dir='ltr'><strong>gaudia</strong></span> <span class='ocrx_word' id='word_1_466' title='bbox 2126 3278 2174 3346; x_wconf 62' lang='grc' dir='ltr'><strong>(ἶ</strong></span> <span class='ocrx_word' id='word_1_467' title='bbox 2203 3298 2443 3354; x_wconf 64' lang='lat' dir='ltr'><strong>avaritia:</strong></span> <span class='ocrx_word' id='word_1_468' title='bbox 2464 3297 2622 3368; x_wconf 82' lang='lat' dir='ltr'><strong>culpa</strong></span> <span class='ocrx_word' id='word_1_469' title='bbox 2649 3297 3000 3363; x_wconf 70' lang='lat' dir='ltr'><strong>contaminet,</strong></span> <span class='ocrx_word' id='word_1_470' title='bbox 3026 3312 3136 3351; x_wconf 85' lang='lat' dir='ltr'><strong>non</strong></span> <span class='ocrx_word' id='word_1_471' title='bbox 3157 3294 3464 3352; x_wconf 78' lang='lat' dir='ltr'><strong>claudamus</strong></span> <span class='ocrx_word' id='word_1_472' title='bbox 3487 3304 3602 3346; x_wconf 86' lang='lat' dir='ltr'><strong>aures</strong></span> <span class='ocrx_word' id='word_1_473' title='bbox 3621 3299 3696 3340; x_wconf 82' lang='lat' dir='ltr'><strong>no-</strong></span> 
     </span>
    </p>
   </div>
   <div class='ocr_carea' id='block_1_61' title="bbox 499 3373 1731 3448">
    <p class='ocr_par' dir='ltr' id='par_1_61' title="bbox 499 3373 1731 3448">
     <span class='ocr_line' id='line_1_61' title="bbox 499 3373 1731 3448; baseline 0.003 -19"><span class='ocrx_word' id='word_1_474' title='bbox 499 3380 786 3442; x_wconf 89' lang='lat' dir='ltr'><strong>metentes,</strong></span> <span class='ocrx_word' id='word_1_475' title='bbox 819 3373 1026 3434; x_wconf 88' lang='lat' dir='ltr'><strong>fructus</strong></span> <span class='ocrx_word' id='word_1_476' title='bbox 1046 3376 1429 3433; x_wconf 84' lang='lat' dir='ltr'><strong>misericordiae</strong></span> <span class='ocrx_word' id='word_1_477' title='bbox 1449 3377 1731 3448; x_wconf 85' lang='lat' dir='ltr'><strong>colligatis.</strong></span> 
     </span>
    </p>
   </div>
   <div class='ocr_carea' id='block_1_62' title="bbox 1079 3519 1492 3576">
    <p class='ocr_par' dir='ltr' id='par_1_62' title="bbox 1079 3519 1492 3576">
     <span class='ocr_line' id='line_1_62' title="bbox 1079 3519 1492 3576; baseline 0 -2"><span class='ocrx_word' id='word_1_478' title='bbox 1079 3519 1364 3576; x_wconf 80' lang='lat' dir='ltr'><strong>HOMILIA</strong></span> <span class='ocrx_word' id='word_1_479' title='bbox 1400 3519 1492 3576; x_wconf 74' lang='lat' dir='ltr'><strong>IX.</strong></span> 
     </span>
    </p>
   </div>
   <div class='ocr_carea' id='block_1_63' title="bbox 955 3631 1632 3690">
    <p class='ocr_par' dir='ltr' id='par_1_63' title="bbox 955 3631 1632 3690">
     <span class='ocr_line' id='line_1_63' title="bbox 955 3631 1632 3690; baseline 0.001 -3"><span class='ocrx_word' id='word_1_480' title='bbox 955 3631 1033 3688; x_wconf 89' lang='lat' dir='ltr'><strong>De</strong></span> <span class='ocrx_word' id='word_1_481' title='bbox 1052 3635 1232 3690; x_wconf 88' lang='lat' dir='ltr'><strong>eadem</strong></span> <span class='ocrx_word' id='word_1_482' title='bbox 1255 3632 1632 3689; x_wconf 86' lang='lat' dir='ltr'><strong>misericordia.</strong></span> 
     </span>
    </p>
   </div>
   <div class='ocr_carea' id='block_1_64' title="bbox 577 3742 2100 3816">
    <p class='ocr_par' dir='ltr' id='par_1_64' title="bbox 577 3742 2100 3816">
     <span class='ocr_line' id='line_1_64' title="bbox 577 3742 2100 3816; baseline 0.003 -17"><span class='ocrx_word' id='word_1_483' title='bbox 577 3742 630 3801; x_wconf 81' lang='lat' dir='ltr'><strong>l.</strong></span> <span class='ocrx_word' id='word_1_484' title='bbox 653 3744 1124 3816; x_wconf 85' lang='lat' dir='ltr'><strong>Quotiescumque,</strong></span> <span class='ocrx_word' id='word_1_485' title='bbox 1149 3747 1500 3815; x_wconf 88' lang='lat' dir='ltr'><strong>dilectissimi,</strong></span> <span class='ocrx_word' id='word_1_486' title='bbox 1525 3746 1844 3805; x_wconf 90' lang='lat' dir='ltr'><strong>charitatem</strong></span> <span class='ocrx_word' id='word_1_487' title='bbox 1862 3754 2100 3804; x_wconf 89' lang='lat' dir='ltr'><strong>vestram</strong></span> 
     </span>
    </p>
   </div>
   <div class='ocr_carea' id='block_1_65' title="bbox 502 3840 2101 3915">
    <p class='ocr_par' dir='ltr' id='par_1_65' title="bbox 502 3840 2101 3915">
     <span class='ocr_line' id='line_1_65' title="bbox 502 3840 2101 3915; baseline 0.003 -20"><span class='ocrx_word' id='word_1_488' title='bbox 502 3856 603 3912; x_wconf 89' lang='lat' dir='ltr'><strong>pro</strong></span> <span class='ocrx_word' id='word_1_489' title='bbox 633 3840 811 3896; x_wconf 90' lang='lat' dir='ltr'><strong>studio</strong></span> <span class='ocrx_word' id='word_1_490' title='bbox 831 3841 1107 3911; x_wconf 88' lang='lat' dir='ltr'><strong>religionis</strong></span> <span class='ocrx_word' id='word_1_491' title='bbox 1135 3841 1427 3899; x_wconf 91' lang='lat' dir='ltr'><strong>admonere</strong></span> <span class='ocrx_word' id='word_1_492' title='bbox 1455 3859 1590 3915; x_wconf 91' lang='lat' dir='ltr'><strong>opus</strong></span> <span class='ocrx_word' id='word_1_493' title='bbox 1618 3852 1719 3909; x_wconf 87' lang='lat' dir='ltr'><strong>est,</strong></span> <span class='ocrx_word' id='word_1_494' title='bbox 1753 3844 1915 3900; x_wconf 89' lang='lat' dir='ltr'><strong>toties</strong></span> <span class='ocrx_word' id='word_1_495' title='bbox 1943 3844 2101 3901; x_wconf 88' lang='lat' dir='ltr'><strong>nobis</strong></span> 
     </span>
    </p>
   </div>
   <div class='ocr_carea' id='block_1_66' title="bbox 503 3932 2100 4007">
    <p class='ocr_par' dir='ltr' id='par_1_66' title="bbox 503 3932 2100 4007">
     <span class='ocr_line' id='line_1_66' title="bbox 503 3932 2100 4007; baseline 0.004 -19"><span class='ocrx_word' id='word_1_496' title='bbox 503 3932 595 3988; x_wconf 90' lang='lat' dir='ltr'><strong>illa</strong></span> <span class='ocrx_word' id='word_1_497' title='bbox 617 3932 884 3989; x_wconf 89' lang='lat' dir='ltr'><strong>sententia</strong></span> <span class='ocrx_word' id='word_1_498' title='bbox 901 3933 1224 4003; x_wconf 67' lang='lat' dir='ltr'><strong>evangelicae</strong></span> <span class='ocrx_word' id='word_1_499' title='bbox 1239 3935 1486 3991; x_wconf 86' lang='lat' dir='ltr'><strong>lectionis</strong></span> <span class='ocrx_word' id='word_1_500' title='bbox 1505 3937 1760 4004; x_wconf 89' lang='lat' dir='ltr'><strong>occurrit,</strong></span> <span class='ocrx_word' id='word_1_501' title='bbox 1778 3952 1897 4007; x_wconf 67' lang='lat' dir='ltr'><strong>quae</strong></span> <span class='ocrx_word' id='word_1_502' title='bbox 1916 3935 2100 3994; x_wconf 87' lang='lat' dir='ltr'><strong>futuro</strong></span> 
     </span>
    </p>
   </div>
   <div class='ocr_carea' id='block_1_67' title="bbox 498 4023 2101 4101">
    <p class='ocr_par' dir='ltr' id='par_1_67' title="bbox 498 4023 2101 4101">
     <span class='ocr_line' id='line_1_67' title="bbox 498 4023 2101 4101; baseline 0.004 -22"><span class='ocrx_word' id='word_1_503' title='bbox 498 4023 704 4094; x_wconf 88' lang='lat' dir='ltr'><strong>judicio</strong></span> <span class='ocrx_word' id='word_1_504' title='bbox 724 4025 866 4080; x_wconf 90' lang='lat' dir='ltr'><strong>inter</strong></span> <span class='ocrx_word' id='word_1_505' title='bbox 892 4025 1066 4082; x_wconf 91' lang='lat' dir='ltr'><strong>bonos</strong></span> <span class='ocrx_word' id='word_1_506' title='bbox 1095 4026 1376 4097; x_wconf 90' lang='lat' dir='ltr'><strong>malosque</strong></span> <span class='ocrx_word' id='word_1_507' title='bbox 1397 4027 1692 4084; x_wconf 89' lang='lat' dir='ltr'><strong>discernit:</strong></span> <span class='ocrx_word' id='word_1_508' title='bbox 1723 4045 1885 4101; x_wconf 89' lang='lat' dir='ltr'><strong>quam</strong></span> <span class='ocrx_word' id='word_1_509' title='bbox 1914 4031 1960 4085; x_wconf 92' lang='lat' dir='ltr'><strong>si</strong></span> <span class='ocrx_word' id='word_1_510' title='bbox 1980 4030 2101 4101; x_wconf 84' lang='lat' dir='ltr'><strong>quis</strong></span> 
     </span>
    </p>
   </div>
   <div class='ocr_carea' id='block_1_68' title="bbox 502 4117 2101 4191">
    <p class='ocr_par' dir='ltr' id='par_1_68' title="bbox 502 4117 2101 4191">
     <span class='ocr_line' id='line_1_68' title="bbox 502 4117 2101 4191; baseline 0.003 -18"><span class='ocrx_word' id='word_1_511' title='bbox 502 4117 819 4186; x_wconf 77' lang='lat' dir='ltr'><strong>neglexerit,</strong></span> <span class='ocrx_word' id='word_1_512' title='bbox 850 4117 1119 4189; x_wconf 90' lang='lat' dir='ltr'><strong>lacrymas</strong></span> <span class='ocrx_word' id='word_1_513' title='bbox 1147 4125 1346 4186; x_wconf 89' lang='lat' dir='ltr'><strong>metet;</strong></span> <span class='ocrx_word' id='word_1_514' title='bbox 1370 4121 1416 4176; x_wconf 92' lang='lat' dir='ltr'><strong>si</strong></span> <span class='ocrx_word' id='word_1_515' title='bbox 1441 4121 1561 4191; x_wconf 90' lang='lat' dir='ltr'><strong>quis</strong></span> <span class='ocrx_word' id='word_1_516' title='bbox 1582 4121 1897 4188; x_wconf 84' lang='lat' dir='ltr'><strong>excoluerit,</strong></span> <span class='ocrx_word' id='word_1_517' title='bbox 1929 4121 2101 4177; x_wconf 88' lang='lat' dir='ltr'><strong>abun-</strong></span> 
     </span>
    </p>
   </div>
   <div class='ocr_carea' id='block_1_69' title="bbox 502 4207 2101 4283">
    <p class='ocr_par' dir='ltr' id='par_1_69' title="bbox 502 4207 2101 4283">
     <span class='ocr_line' id='line_1_69' title="bbox 502 4207 2101 4283; baseline 0.004 -20"><span class='ocrx_word' id='word_1_518' title='bbox 502 4207 849 4264; x_wconf 86' lang='lat' dir='ltr'><strong>dantissimos</strong></span> <span class='ocrx_word' id='word_1_519' title='bbox 878 4208 1076 4264; x_wconf 69' lang='lat' dir='ltr'><strong>lmtitia:</strong></span> <span class='ocrx_word' id='word_1_520' title='bbox 1114 4208 1322 4266; x_wconf 90' lang='lat' dir='ltr'><strong>fructus</strong></span> <span class='ocrx_word' id='word_1_521' title='bbox 1361 4211 1624 4282; x_wconf 89' lang='lat' dir='ltr'><strong>acquiret,</strong></span> <span class='ocrx_word' id='word_1_522' title='bbox 1656 4212 1730 4267; x_wconf 90' lang='lat' dir='ltr'><strong>ita</strong></span> <span class='ocrx_word' id='word_1_523' title='bbox 1771 4213 2101 4283; x_wconf 69' lang='lat' dir='ltr'><strong>evangelista</strong></span> 
     </span>
    </p>
   </div>
   <div class='ocr_carea' id='block_1_70' title="bbox 501 4299 2101 4376">
    <p class='ocr_par' dir='ltr' id='par_1_70' title="bbox 501 4299 2101 4376">
     <span class='ocr_line' id='line_1_70' title="bbox 501 4299 2101 4376; baseline 0.004 -20"><span class='ocrx_word' id='word_1_524' title='bbox 501 4301 718 4356; x_wconf 86' lang='lat' dir='ltr'><strong>dicente</strong></span> <span class='ocrx_word' id='word_1_525' title='bbox 745 4319 757 4354; x_wconf 89' lang='lat'>:</span> <span class='ocrx_word' id='word_1_526' title='bbox 790 4299 920 4357; x_wconf 90' lang='lat' dir='ltr'><strong>Cum</strong></span> <span class='ocrx_word' id='word_1_527' title='bbox 940 4303 1130 4357; x_wconf 82' lang='lat' dir='ltr'><strong>venerit</strong></span> <span class='ocrx_word' id='word_1_528' title='bbox 1155 4301 1410 4358; x_wconf 85' lang='lat' dir='ltr'><strong>Dom-inus</strong></span> <span class='ocrx_word' id='word_1_529' title='bbox 1437 4305 1492 4359; x_wconf 88' lang='lat' dir='ltr'><strong>in</strong></span> <span class='ocrx_word' id='word_1_530' title='bbox 1513 4305 1790 4376; x_wconf 85' lang='lat' dir='ltr'><strong>majestate</strong></span> <span class='ocrx_word' id='word_1_531' title='bbox 1817 4323 1933 4374; x_wconf 87' lang='lat' dir='ltr'><strong>sua,</strong></span> <span class='ocrx_word' id='word_1_532' title='bbox 1956 4315 2006 4362; x_wconf 90' lang='lat' dir='ltr'><strong>et</strong></span> <span class='ocrx_word' id='word_1_533' title='bbox 2025 4323 2101 4362; x_wconf 84' lang='lat' dir='ltr'><strong>se-</strong></span> 
     </span>
    </p>
   </div>
   <div class='ocr_carea' id='block_1_71' title="bbox 504 4395 2100 4470">
    <p class='ocr_par' dir='ltr' id='par_1_71' title="bbox 504 4395 2100 4470">
     <span class='ocr_line' id='line_1_71' title="bbox 504 4395 2100 4470; baseline 0.004 -23"><span class='ocrx_word' id='word_1_534' title='bbox 504 4396 792 4466; x_wconf 81' lang='lat' dir='ltr'><strong>gregaverit</strong></span> <span class='ocrx_word' id='word_1_535' title='bbox 830 4395 998 4450; x_wconf 84' lang='lat' dir='ltr'><strong>malos</strong></span> <span class='ocrx_word' id='word_1_536' title='bbox 1035 4414 1068 4450; x_wconf 88' lang='lat' dir='ltr'><strong>a</strong></span> <span class='ocrx_word' id='word_1_537' title='bbox 1105 4396 1272 4464; x_wconf 83' lang='lat' dir='ltr'><strong>bonis,</strong></span> <span class='ocrx_word' id='word_1_538' title='bbox 1306 4397 1439 4452; x_wconf 87' lang='lat' dir='ltr'><strong>dicet</strong></span> <span class='ocrx_word' id='word_1_539' title='bbox 1467 4397 1538 4452; x_wconf 84' lang='lat' dir='ltr'><strong>ad</strong></span> <span class='ocrx_word' id='word_1_540' title='bbox 1556 4398 1674 4453; x_wconf 87' lang='lat' dir='ltr'><strong>illos</strong></span> <span class='ocrx_word' id='word_1_541' title='bbox 1714 4400 1800 4470; x_wconf 85' lang='lat' dir='ltr'><strong>qui</strong></span> <span class='ocrx_word' id='word_1_542' title='bbox 1842 4416 1874 4453; x_wconf 71' lang='grc' dir='ltr'><strong>τι</strong></span> <span class='ocrx_word' id='word_1_543' title='bbox 1904 4399 2100 4454; x_wconf 75' lang='lat' dir='ltr'><strong>dextris</strong></span> 
     </span>
    </p>
   </div>
   <div class='ocr_carea' id='block_1_72' title="bbox 503 4487 2100 4562">
    <p class='ocr_par' dir='ltr' id='par_1_72' title="bbox 503 4487 2100 4562">
     <span class='ocr_line' id='line_1_72' title="bbox 503 4487 2100 4562; baseline 0.004 -22"><span class='ocrx_word' id='word_1_544' title='bbox 503 4498 656 4542; x_wconf 79' lang='lat' dir='ltr'><strong>sum:</strong></span> <span class='ocrx_word' id='word_1_545' title='bbox 695 4487 896 4554; x_wconf 79' lang='lat' dir='ltr'><strong>Venite,</strong></span> <span class='ocrx_word' id='word_1_546' title='bbox 921 4488 1177 4560; x_wconf 84' lang='lat' dir='ltr'><strong>possidete</strong></span> <span class='ocrx_word' id='word_1_547' title='bbox 1197 4507 1395 4544; x_wconf 87' lang='lat' dir='ltr'><strong>mecum</strong></span> <span class='ocrx_word' id='word_1_548' title='bbox 1431 4507 1645 4562; x_wconf 88' lang='lat' dir='ltr'><strong>regnum</strong></span> <span class='ocrx_word' id='word_1_549' title='bbox 1673 4490 1935 4547; x_wconf 62' lang='lat' dir='ltr'><strong>calorum.</strong></span> <span class='ocrx_word' id='word_1_550' title='bbox 1960 4491 2100 4546; x_wconf 87' lang='lat' dir='ltr'><strong>Esu-</strong></span> 
     </span>
    </p>
   </div>
   <div class='ocr_carea' id='block_1_73' title="bbox 503 4581 2101 4650">
    <p class='ocr_par' dir='ltr' id='par_1_73' title="bbox 503 4581 2101 4650">
     <span class='ocr_line' id='line_1_73' title="bbox 503 4581 2101 4650; baseline 0.004 -15"><span class='ocrx_word' id='word_1_551' title='bbox 503 4583 619 4646; x_wconf 77' lang='lat' dir='ltr'><strong>rivi,</strong></span> <span class='ocrx_word' id='word_1_552' title='bbox 645 4592 695 4637; x_wconf 89' lang='lat' dir='ltr'><strong>et</strong></span> <span class='ocrx_word' id='word_1_553' title='bbox 723 4581 938 4637; x_wconf 84' lang='lat' dir='ltr'><strong>dedistis</strong></span> <span class='ocrx_word' id='word_1_554' title='bbox 961 4583 1084 4637; x_wconf 80' lang='lat' dir='ltr'><strong>mihi</strong></span> <span class='ocrx_word' id='word_1_555' title='bbox 1107 4583 1447 4650; x_wconf 87' lang='lat' dir='ltr'><strong>manducare;</strong></span> <span class='ocrx_word' id='word_1_556' title='bbox 1477 4585 1630 4650; x_wconf 89' lang='lat' dir='ltr'><strong>sitivi,</strong></span> <span class='ocrx_word' id='word_1_557' title='bbox 1654 4593 1704 4640; x_wconf 89' lang='lat' dir='ltr'><strong>et</strong></span> <span class='ocrx_word' id='word_1_558' title='bbox 1738 4583 1952 4640; x_wconf 80' lang='lat' dir='ltr'><strong>dedistis</strong></span> <span class='ocrx_word' id='word_1_559' title='bbox 1975 4586 2101 4642; x_wconf 76' lang='lat' dir='ltr'><strong>milii</strong></span> 
     </span>
    </p>
   </div>
   <div class='ocr_carea' id='block_1_74' title="bbox 2198 3377 3701 3454">
    <p class='ocr_par' dir='ltr' id='par_1_74' title="bbox 2198 3377 3701 3454">
     <span class='ocr_line' id='line_1_74' title="bbox 2198 3377 3701 3454; baseline -0.007 -8"><span class='ocrx_word' id='word_1_560' title='bbox 2198 3398 2340 3446; x_wconf 91' lang='lat' dir='ltr'><strong>stras</strong></span> <span class='ocrx_word' id='word_1_561' title='bbox 2368 3388 2436 3445; x_wconf 90' lang='lat' dir='ltr'><strong>ad</strong></span> <span class='ocrx_word' id='word_1_562' title='bbox 2464 3389 2758 3445; x_wconf 90' lang='lat' dir='ltr'><strong>clamorem</strong></span> <span class='ocrx_word' id='word_1_563' title='bbox 2774 3377 3089 3454; x_wconf 88' lang='lat' dir='ltr'><strong>infelicium,</strong></span> <span class='ocrx_word' id='word_1_564' title='bbox 3122 3402 3227 3444; x_wconf 89' lang='lat' dir='ltr'><strong>nec</strong></span> <span class='ocrx_word' id='word_1_565' title='bbox 3262 3392 3534 3442; x_wconf 87' lang='lat' dir='ltr'><strong>avertamus</strong></span> <span class='ocrx_word' id='word_1_566' title='bbox 3563 3377 3701 3435; x_wconf 83' lang='lat' dir='ltr'><strong>oculos</strong></span> 
     </span>
    </p>
   </div>
   <div class='ocr_carea' id='block_1_75' title="bbox 2200 3472 3704 3540">
    <p class='ocr_par' dir='ltr' id='par_1_75' title="bbox 2200 3472 3704 3540">
     <span class='ocr_line' id='line_1_75' title="bbox 2200 3472 3704 3540; baseline -0.008 -2"><span class='ocrx_word' id='word_1_567' title='bbox 2200 3492 2419 3540; x_wconf 89' lang='lat' dir='ltr'><strong>nostros</strong></span> <span class='ocrx_word' id='word_1_568' title='bbox 2448 3501 2479 3539; x_wconf 90' lang='lat' dir='ltr'><strong>a</strong></span> <span class='ocrx_word' id='word_1_569' title='bbox 2511 3483 2757 3540; x_wconf 89' lang='lat' dir='ltr'><strong>nuditate</strong></span> <span class='ocrx_word' id='word_1_570' title='bbox 2785 3482 3126 3537; x_wconf 89' lang='lat' dir='ltr'><strong>miserorum.</strong></span> <span class='ocrx_word' id='word_1_571' title='bbox 3159 3479 3332 3536; x_wconf 86' lang='lat' dir='ltr'><strong>Nemo</strong></span> <span class='ocrx_word' id='word_1_572' title='bbox 3359 3487 3518 3534; x_wconf 85' lang='lat' dir='ltr'><strong>autem</strong></span> <span class='ocrx_word' id='word_1_573' title='bbox 3538 3472 3615 3530; x_wconf 89' lang='lat' dir='ltr'><strong>sibi</strong></span> <span class='ocrx_word' id='word_1_574' title='bbox 3633 3484 3704 3540; x_wconf 84' lang='lat' dir='ltr'><strong>pu-</strong></span> 
     </span>
    </p>
   </div>
   <div class='ocr_carea' id='block_1_76' title="bbox 2203 3564 3705 3650">
    <p class='ocr_par' dir='ltr' id='par_1_76' title="bbox 2203 3564 3705 3650">
     <span class='ocr_line' id='line_1_76' title="bbox 2203 3564 3705 3650; baseline -0.013 -16"><span class='ocrx_word' id='word_1_575' title='bbox 2203 3586 2280 3634; x_wconf 89' lang='lat' dir='ltr'><strong>tet</strong></span> <span class='ocrx_word' id='word_1_576' title='bbox 2325 3579 2522 3650; x_wconf 89' lang='lat' dir='ltr'><strong>perire,</strong></span> <span class='ocrx_word' id='word_1_577' title='bbox 2573 3577 2719 3648; x_wconf 91' lang='lat' dir='ltr'><strong>quod</strong></span> <span class='ocrx_word' id='word_1_578' title='bbox 2759 3576 3086 3648; x_wconf 88' lang='lat' dir='ltr'><strong>pauperibus</strong></span> <span class='ocrx_word' id='word_1_579' title='bbox 3135 3573 3432 3631; x_wconf 87' lang='lat' dir='ltr'><strong>donaverit.</strong></span> <span class='ocrx_word' id='word_1_580' title='bbox 3469 3569 3575 3625; x_wconf 88' lang='lat' dir='ltr'><strong>Nam</strong></span> <span class='ocrx_word' id='word_1_581' title='bbox 3609 3564 3705 3619; x_wconf 84' lang='lat' dir='ltr'><strong>sicut</strong></span> 
     </span>
    </p>
   </div>
   <div class='ocr_carea' id='block_1_77' title="bbox 2200 3655 3704 3737">
    <p class='ocr_par' dir='ltr' id='par_1_77' title="bbox 2200 3655 3704 3737">
     <span class='ocr_line' id='line_1_77' title="bbox 2200 3655 3704 3737; baseline -0.012 -12"><span class='ocrx_word' id='word_1_582' title='bbox 2200 3669 2522 3726; x_wconf 91' lang='lat' dir='ltr'><strong>mendicitas</strong></span> <span class='ocrx_word' id='word_1_583' title='bbox 2549 3669 2997 3724; x_wconf 89' lang='lat' dir='ltr'><strong>inhumanitatem</strong></span> <span class='ocrx_word' id='word_1_584' title='bbox 3017 3667 3281 3737; x_wconf 89' lang='lat' dir='ltr'><strong>sequitur,</strong></span> <span class='ocrx_word' id='word_1_585' title='bbox 3307 3667 3376 3721; x_wconf 90' lang='lat' dir='ltr'><strong>ita</strong></span> <span class='ocrx_word' id='word_1_586' title='bbox 3396 3659 3619 3735; x_wconf 87' lang='lat' dir='ltr'><strong>opulentia</strong></span> <span class='ocrx_word' id='word_1_587' title='bbox 3633 3655 3704 3709; x_wconf 90' lang='lat' dir='ltr'><strong>hu-</strong></span> 
     </span>
    </p>
   </div>
   <div class='ocr_carea' id='block_1_78' title="bbox 2199 3751 3702 3832">
    <p class='ocr_par' dir='ltr' id='par_1_78' title="bbox 2199 3751 3702 3832">
     <span class='ocr_line' id='line_1_78' title="bbox 2199 3751 3702 3832; baseline -0.007 -16"><span class='ocrx_word' id='word_1_588' title='bbox 2199 3761 2476 3816; x_wconf 88' lang='lat' dir='ltr'><strong>manitatis</strong></span> <span class='ocrx_word' id='word_1_589' title='bbox 2503 3761 2683 3816; x_wconf 85' lang='lat' dir='ltr'><strong>studio</strong></span> <span class='ocrx_word' id='word_1_590' title='bbox 2723 3767 3099 3832; x_wconf 87' lang='lat' dir='ltr'><strong>comparatur;</strong></span> <span class='ocrx_word' id='word_1_591' title='bbox 3144 3759 3225 3815; x_wconf 89' lang='lat' dir='ltr'><strong>ita</strong></span> <span class='ocrx_word' id='word_1_592' title='bbox 3251 3758 3498 3830; x_wconf 86' lang='lat' dir='ltr'><strong>propheta</strong></span> <span class='ocrx_word' id='word_1_593' title='bbox 3521 3751 3702 3808; x_wconf 74' lang='lat' dir='ltr'><strong>dicente!</strong></span> 
     </span>
    </p>
   </div>
   <div class='ocr_carea' id='block_1_79' title="bbox 2206 3839 3706 3928">
    <p class='ocr_par' dir='ltr' id='par_1_79' title="bbox 2206 3839 3706 3928">
     <span class='ocr_line' id='line_1_79' title="bbox 2206 3839 3706 3928; baseline -0.011 -17"><span class='ocrx_word' id='word_1_594' title='bbox 2206 3854 2304 3921; x_wconf 87' lang='lat' dir='ltr'><strong>Qui</strong></span> <span class='ocrx_word' id='word_1_595' title='bbox 2327 3856 2419 3910; x_wconf 89' lang='lat' dir='ltr'><strong>dat</strong></span> <span class='ocrx_word' id='word_1_596' title='bbox 2445 3854 2774 3928; x_wconf 84' lang='lat' dir='ltr'><strong>pauperibus,</strong></span> <span class='ocrx_word' id='word_1_597' title='bbox 2799 3872 3078 3928; x_wconf 83' lang='lat' dir='ltr'><strong>numquam</strong></span> <span class='ocrx_word' id='word_1_598' title='bbox 3099 3853 3301 3927; x_wconf 86' lang='lat' dir='ltr'><strong>egebit;</strong></span> <span class='ocrx_word' id='word_1_599' title='bbox 3341 3853 3420 3925; x_wconf 84' lang='lat' dir='ltr'><strong>qui</strong></span> <span class='ocrx_word' id='word_1_600' title='bbox 3454 3864 3552 3904; x_wconf 76' lang='lat' dir='ltr'><strong>vero</strong></span> <span class='ocrx_word' id='word_1_601' title='bbox 3581 3839 3706 3898; x_wconf 63' lang='lat' dir='ltr'><strong>murti!</strong></span> 
     </span>
    </p>
   </div>
   <div class='ocr_carea' id='block_1_80' title="bbox 2204 3941 3698 4020">
    <p class='ocr_par' dir='ltr' id='par_1_80' title="bbox 2204 3941 3698 4020">
     <span class='ocr_line' id='line_1_80' title="bbox 2204 3941 3698 4020; baseline -0.005 -18"><span class='ocrx_word' id='word_1_602' title='bbox 2204 3951 2391 4020; x_wconf 77' lang='lat' dir='ltr'><strong>faciem</strong></span> <span class='ocrx_word' id='word_1_603' title='bbox 2430 3964 2596 4014; x_wconf 88' lang='lat' dir='ltr'><strong>suam,</strong></span> <span class='ocrx_word' id='word_1_604' title='bbox 2648 3948 2702 4001; x_wconf 91' lang='lat' dir='ltr'><strong>in</strong></span> <span class='ocrx_word' id='word_1_605' title='bbox 2730 3949 2960 4002; x_wconf 72' lang='lat' dir='ltr'><strong>maxima</strong></span> <span class='ocrx_word' id='word_1_606' title='bbox 3007 3948 3231 4018; x_wconf 79' lang='lat' dir='ltr'><strong>penuria</strong></span> <span class='ocrx_word' id='word_1_607' title='bbox 3268 3945 3362 4000; x_wconf 88' lang='lat' dir='ltr'><strong>erit</strong></span> <span class='ocrx_word' id='word_1_608' title='bbox 3389 3941 3546 4014; x_wconf 70' lang='lat' dir='ltr'><strong>(Prov.</strong></span> <span class='ocrx_word' id='word_1_609' title='bbox 3571 3947 3698 3993; x_wconf 66' lang='lat' dir='ltr'><strong>nun.</strong></span> 
     </span>
    </p>
   </div>
   <div class='ocr_carea' id='block_1_81' title="bbox 2200 4030 3703 4111">
    <p class='ocr_par' dir='ltr' id='par_1_81' title="bbox 2200 4030 3703 4111">
     <span class='ocr_line' id='line_1_81' title="bbox 2200 4030 3703 4111; baseline -0.006 -19"><span class='ocrx_word' id='word_1_610' title='bbox 2200 4038 2328 4111; x_wconf 75' lang='lat'><strong>‘27).</strong></span> <span class='ocrx_word' id='word_1_611' title='bbox 2359 4038 2500 4096; x_wconf 89' lang='lat' dir='ltr'><strong>Ecce</strong></span> <span class='ocrx_word' id='word_1_612' title='bbox 2530 4056 2689 4097; x_wconf 88' lang='lat' dir='ltr'><strong>aures</strong></span> <span class='ocrx_word' id='word_1_613' title='bbox 2715 4048 2925 4095; x_wconf 89' lang='lat' dir='ltr'><strong>vestras</strong></span> <span class='ocrx_word' id='word_1_614' title='bbox 2945 4040 3151 4096; x_wconf 87' lang='lat' dir='ltr'><strong>clamor</strong></span> <span class='ocrx_word' id='word_1_615' title='bbox 3201 4035 3472 4095; x_wconf 89' lang='lat' dir='ltr'><strong>esurientis</strong></span> <span class='ocrx_word' id='word_1_616' title='bbox 3513 4030 3703 4096; x_wconf 70' lang='lat' dir='ltr'><strong>increpat.</strong></span> 
     </span>
    </p>
   </div>
   <div class='ocr_carea' id='block_1_82' title="bbox 2203 4117 3704 4203">
    <p class='ocr_par' dir='ltr' id='par_1_82' title="bbox 2203 4117 3704 4203">
     <span class='ocr_line' id='line_1_82' title="bbox 2203 4117 3704 4203; baseline -0.014 -14"><span class='ocrx_word' id='word_1_617' title='bbox 2203 4141 2260 4189; x_wconf 89' lang='lat' dir='ltr'><strong>et</strong></span> <span class='ocrx_word' id='word_1_618' title='bbox 2280 4132 2481 4203; x_wconf 85' lang='lat' dir='ltr'><strong>jejunis</strong></span> <span class='ocrx_word' id='word_1_619' title='bbox 2509 4131 2750 4188; x_wconf 79' lang='lat' dir='ltr'><strong>faucibus</strong></span> <span class='ocrx_word' id='word_1_620' title='bbox 2771 4131 2992 4201; x_wconf 89' lang='lat' dir='ltr'><strong>januam</strong></span> <span class='ocrx_word' id='word_1_621' title='bbox 3024 4138 3169 4186; x_wconf 89' lang='lat' dir='ltr'><strong>tuam</strong></span> <span class='ocrx_word' id='word_1_622' title='bbox 3190 4145 3354 4186; x_wconf 91' lang='lat' dir='ltr'><strong>sonus</strong></span> <span class='ocrx_word' id='word_1_623' title='bbox 3374 4125 3505 4183; x_wconf 86' lang='lat' dir='ltr'><strong>vocis</strong></span> <span class='ocrx_word' id='word_1_624' title='bbox 3521 4117 3704 4177; x_wconf 83' lang='lat' dir='ltr'><strong>deﬁcien-</strong></span> 
     </span>
    </p>
   </div>
   <div class='ocr_carea' id='block_1_83' title="bbox 2202 4208 3701 4292">
    <p class='ocr_par' dir='ltr' id='par_1_83' title="bbox 2202 4208 3701 4292">
     <span class='ocr_line' id='line_1_83' title="bbox 2202 4208 3701 4292; baseline -0.011 -14"><span class='ocrx_word' id='word_1_625' title='bbox 2202 4226 2272 4281; x_wconf 87' lang='lat' dir='ltr'><strong>tis</strong></span> <span class='ocrx_word' id='word_1_626' title='bbox 2317 4232 2552 4282; x_wconf 87' lang='lat' dir='ltr'><strong>accusat.</strong></span> <span class='ocrx_word' id='word_1_627' title='bbox 2588 4223 2767 4292; x_wconf 87' lang='lat' dir='ltr'><strong>Quare</strong></span> <span class='ocrx_word' id='word_1_628' title='bbox 2795 4223 2893 4278; x_wconf 91' lang='lat' dir='ltr'><strong>tibi</strong></span> <span class='ocrx_word' id='word_1_629' title='bbox 2922 4240 3031 4278; x_wconf 92' lang='lat' dir='ltr'><strong>non</strong></span> <span class='ocrx_word' id='word_1_630' title='bbox 3077 4221 3314 4278; x_wconf 87' lang='lat' dir='ltr'><strong>occurrit</strong></span> <span class='ocrx_word' id='word_1_631' title='bbox 3340 4220 3424 4276; x_wconf 87' lang='lat' dir='ltr'><strong>illa</strong></span> <span class='ocrx_word' id='word_1_632' title='bbox 3465 4208 3701 4272; x_wconf 79' lang='lat' dir='ltr'><strong>sententia:</strong></span> 
     </span>
    </p>
   </div>
   <div class='ocr_carea' id='block_1_84' title="bbox 2205 4297 3706 4393">
    <p class='ocr_par' dir='ltr' id='par_1_84' title="bbox 2205 4297 3706 4393">
     <span class='ocr_line' id='line_1_84' title="bbox 2205 4297 3706 4393; baseline -0.011 -18"><span class='ocrx_word' id='word_1_633' title='bbox 2205 4315 2395 4374; x_wconf 88' lang='lat' dir='ltr'><strong>Beatus</strong></span> <span class='ocrx_word' id='word_1_634' title='bbox 2424 4321 2510 4393; x_wconf 79' lang='lat' dir='ltr'><strong>qui</strong></span> <span class='ocrx_word' id='word_1_635' title='bbox 2530 4317 2773 4389; x_wconf 85' lang='lat' dir='ltr'><strong>intelligit</strong></span> <span class='ocrx_word' id='word_1_636' title='bbox 2790 4334 2944 4388; x_wconf 89' lang='lat' dir='ltr'><strong>super</strong></span> <span class='ocrx_word' id='word_1_637' title='bbox 2970 4334 3188 4388; x_wconf 86' lang='lat' dir='ltr'><strong>egenum</strong></span> <span class='ocrx_word' id='word_1_638' title='bbox 3214 4324 3264 4371; x_wconf 86' lang='lat' dir='ltr'><strong>et</strong></span> <span class='ocrx_word' id='word_1_639' title='bbox 3289 4323 3567 4387; x_wconf 84' lang='lat' dir='ltr'><strong>pauperem;</strong></span> <span class='ocrx_word' id='word_1_640' title='bbox 3587 4305 3628 4358; x_wconf 81' lang='lat' dir='ltr'><strong>in</strong></span> <span class='ocrx_word' id='word_1_641' title='bbox 3650 4297 3706 4352; x_wconf 72' lang='grc' dir='ltr'><strong>άίι</strong></span> 
     </span>
    </p>
   </div>
   <div class='ocr_carea' id='block_1_85' title="bbox 2203 4393 3704 4480">
    <p class='ocr_par' dir='ltr' id='par_1_85' title="bbox 2203 4393 3704 4480">
     <span class='ocr_line' id='line_1_85' title="bbox 2203 4393 3704 4480; baseline -0.011 -14"><span class='ocrx_word' id='word_1_642' title='bbox 2203 4412 2346 4467; x_wconf 86' lang='lat' dir='ltr'><strong>mala</strong></span> <span class='ocrx_word' id='word_1_643' title='bbox 2392 4410 2632 4466; x_wconf 83' lang='lat' dir='ltr'><strong>liberabit</strong></span> <span class='ocrx_word' id='word_1_644' title='bbox 2671 4427 2788 4466; x_wconf 85' lang='lat' dir='ltr'><strong>eum</strong></span> <span class='ocrx_word' id='word_1_645' title='bbox 2808 4408 3062 4464; x_wconf 87' lang='lat' dir='ltr'><strong>Dominus</strong></span> <span class='ocrx_word' id='word_1_646' title='bbox 3095 4407 3213 4480; x_wconf 87' lang='lat' dir='ltr'><strong>(Ps.</strong></span> <span class='ocrx_word' id='word_1_647' title='bbox 3245 4424 3332 4472; x_wconf 71' lang='grc' dir='ltr'><strong>ιι,</strong></span> <span class='ocrx_word' id='word_1_648' title='bbox 3355 4404 3440 4475; x_wconf 74' lang='lat'><strong>1)?</strong></span> <span class='ocrx_word' id='word_1_649' title='bbox 3465 4399 3583 4458; x_wconf 88' lang='lat' dir='ltr'><strong>Salis</strong></span> <span class='ocrx_word' id='word_1_650' title='bbox 3603 4393 3704 4449; x_wconf 81' lang='lat' dir='ltr'><strong>illum</strong></span> 
     </span>
    </p>
   </div>
   <div class='ocr_carea' id='block_1_86' title="bbox 2203 4495 3704 4576">
    <p class='ocr_par' dir='ltr' id='par_1_86' title="bbox 2203 4495 3704 4576">
     <span class='ocr_line' id='line_1_86' title="bbox 2203 4495 3704 4576; baseline -0.011 -14"><span class='ocrx_word' id='word_1_651' title='bbox 2203 4506 2600 4576; x_wconf 88' lang='lat' dir='ltr'><strong>negotiatorem</strong></span> <span class='ocrx_word' id='word_1_652' title='bbox 2628 4511 2844 4560; x_wconf 88' lang='lat' dir='ltr'><strong>constat</strong></span> <span class='ocrx_word' id='word_1_653' title='bbox 2872 4503 3114 4568; x_wconf 90' lang='lat' dir='ltr'><strong>stultum,</strong></span> <span class='ocrx_word' id='word_1_654' title='bbox 3157 4502 3252 4572; x_wconf 89' lang='lat' dir='ltr'><strong>qui</strong></span> <span class='ocrx_word' id='word_1_655' title='bbox 3296 4495 3591 4555; x_wconf 87' lang='lat' dir='ltr'><strong>reconditum</strong></span> <span class='ocrx_word' id='word_1_656' title='bbox 3625 4497 3704 4541; x_wconf 66' lang='lat'><strong>530‘</strong></span> 
     </span>
    </p>
   </div>
   <div class='ocr_carea' id='block_1_87' title="bbox 2203 4588 3704 4667">
    <p class='ocr_par' dir='ltr' id='par_1_87' title="bbox 2203 4588 3704 4667">
     <span class='ocr_line' id='line_1_87' title="bbox 2203 4588 3704 4667; baseline -0.013 -12"><span class='ocrx_word' id='word_1_657' title='bbox 2203 4599 2323 4655; x_wconf 89' lang='lat' dir='ltr'><strong>culo</strong></span> <span class='ocrx_word' id='word_1_658' title='bbox 2351 4605 2500 4654; x_wconf 86' lang='lat' dir='ltr'><strong>tenet</strong></span> <span class='ocrx_word' id='word_1_659' title='bbox 2527 4612 2823 4664; x_wconf 91' lang='lat' dir='ltr'><strong>nummum,</strong></span> <span class='ocrx_word' id='word_1_660' title='bbox 2847 4595 2915 4652; x_wconf 90' lang='lat' dir='ltr'><strong>de</strong></span> <span class='ocrx_word' id='word_1_661' title='bbox 2942 4611 3051 4666; x_wconf 92' lang='lat' dir='ltr'><strong>quo</strong></span> <span class='ocrx_word' id='word_1_662' title='bbox 3079 4593 3206 4650; x_wconf 90' lang='lat' dir='ltr'><strong>inde</strong></span> <span class='ocrx_word' id='word_1_663' title='bbox 3233 4588 3588 4667; x_wconf 88' lang='lat' dir='ltr'><strong>potesthabere</strong></span> <span class='ocrx_word' id='word_1_664' title='bbox 3602 4589 3704 4636; x_wconf 82' lang='lat' dir='ltr'><strong>com-</strong></span> 
     </span>
    </p>
   </div>
   <div class='ocr_carea' id='block_1_88' title="bbox 506 4671 2482 4748">
    <p class='ocr_par' dir='ltr' id='par_1_88' title="bbox 506 4671 2482 4748">
     <span class='ocr_line' id='line_1_88' title="bbox 506 4671 2482 4748; baseline 0.003 -22"><span class='ocrx_word' id='word_1_665' title='bbox 506 4672 700 4728; x_wconf 87' lang='lat' dir='ltr'><strong>bibere.</strong></span> <span class='ocrx_word' id='word_1_666' title='bbox 731 4671 887 4728; x_wconf 87' lang='lat' dir='ltr'><strong>Dicet</strong></span> <span class='ocrx_word' id='word_1_667' title='bbox 902 4681 953 4728; x_wconf 88' lang='lat' dir='ltr'><strong>et</strong></span> <span class='ocrx_word' id='word_1_668' title='bbox 974 4674 1044 4727; x_wconf 87' lang='lat' dir='ltr'><strong>ad</strong></span> <span class='ocrx_word' id='word_1_669' title='bbox 1063 4673 1180 4729; x_wconf 88' lang='lat' dir='ltr'><strong>illos</strong></span> <span class='ocrx_word' id='word_1_670' title='bbox 1203 4675 1286 4746; x_wconf 85' lang='lat' dir='ltr'><strong>qui</strong></span> <span class='ocrx_word' id='word_1_671' title='bbox 1315 4691 1347 4729; x_wconf 90' lang='lat' dir='ltr'><strong>a</strong></span> <span class='ocrx_word' id='word_1_672' title='bbox 1375 4675 1602 4730; x_wconf 89' lang='lat' dir='ltr'><strong>sinistris</strong></span> <span class='ocrx_word' id='word_1_673' title='bbox 1623 4685 1781 4742; x_wconf 87' lang='lat' dir='ltr'><strong>sunt;</strong></span> <span class='ocrx_word' id='word_1_674' title='bbox 1806 4675 2047 4732; x_wconf 87' lang='lat' dir='ltr'><strong>Recedite</strong></span> <span class='ocrx_word' id='word_1_675' title='bbox 2067 4695 2098 4731; x_wconf 93' lang='lat' dir='ltr'><strong>a</strong></span> <span class='ocrx_word' id='word_1_676' title='bbox 2122 4677 2178 4739; x_wconf 88' lang='lat' dir='ltr'><strong><em>D</em></strong></span> <span class='ocrx_word' id='word_1_677' title='bbox 2202 4692 2482 4748; x_wconf 49' lang='lat' dir='ltr'><strong>mercium.</strong></span> 
     </span>
    </p>
   </div>
   <div class='ocr_carea' id='block_1_89' title="bbox 504 4767 2100 4841">
    <p class='ocr_par' dir='ltr' id='par_1_89' title="bbox 504 4767 2100 4841">
     <span class='ocr_line' id='line_1_89' title="bbox 504 4767 2100 4841; baseline 0.003 -19"><span class='ocrx_word' id='word_1_678' title='bbox 504 4784 604 4832; x_wconf 87' lang='lat' dir='ltr'><strong>me,</strong></span> <span class='ocrx_word' id='word_1_679' title='bbox 637 4767 918 4833; x_wconf 78' lang='lat' dir='ltr'><strong>maledicti,</strong></span> <span class='ocrx_word' id='word_1_680' title='bbox 947 4768 1000 4822; x_wconf 90' lang='lat' dir='ltr'><strong>in</strong></span> <span class='ocrx_word' id='word_1_681' title='bbox 1021 4769 1194 4841; x_wconf 87' lang='lat' dir='ltr'><strong>ignem</strong></span> <span class='ocrx_word' id='word_1_682' title='bbox 1227 4777 1492 4824; x_wconf 64' lang='lat' dir='ltr'><strong>aeternum.</strong></span> <span class='ocrx_word' id='word_1_683' title='bbox 1527 4768 1758 4836; x_wconf 86' lang='lat' dir='ltr'><strong>Esurivi,</strong></span> <span class='ocrx_word' id='word_1_684' title='bbox 1790 4779 1840 4824; x_wconf 90' lang='lat' dir='ltr'><strong>et</strong></span> <span class='ocrx_word' id='word_1_685' title='bbox 1866 4787 1970 4825; x_wconf 89' lang='lat' dir='ltr'><strong>non</strong></span> <span class='ocrx_word' id='word_1_686' title='bbox 2009 4770 2100 4826; x_wconf 89' lang='lat' dir='ltr'><strong>de-</strong></span> 
     </span>
    </p>
   </div>
   <div class='ocr_carea' id='block_1_90' title="bbox 505 4860 2100 4928">
    <p class='ocr_par' dir='ltr' id='par_1_90' title="bbox 505 4860 2100 4928">
     <span class='ocr_line' id='line_1_90' title="bbox 505 4860 2100 4928; baseline 0.003 -14"><span class='ocrx_word' id='word_1_687' title='bbox 505 4861 655 4915; x_wconf 82' lang='lat' dir='ltr'><strong>distis</strong></span> <span class='ocrx_word' id='word_1_688' title='bbox 685 4860 811 4914; x_wconf 84' lang='lat' dir='ltr'><strong>mihi</strong></span> <span class='ocrx_word' id='word_1_689' title='bbox 839 4860 1189 4927; x_wconf 87' lang='lat' dir='ltr'><strong>manducare;</strong></span> <span class='ocrx_word' id='word_1_690' title='bbox 1238 4863 1392 4928; x_wconf 87' lang='lat' dir='ltr'><strong>sitivi,</strong></span> <span class='ocrx_word' id='word_1_691' title='bbox 1423 4871 1474 4916; x_wconf 88' lang='lat' dir='ltr'><strong>et</strong></span> <span class='ocrx_word' id='word_1_692' title='bbox 1519 4878 1624 4917; x_wconf 85' lang='lat' dir='ltr'><strong>non</strong></span> <span class='ocrx_word' id='word_1_693' title='bbox 1674 4861 1887 4918; x_wconf 85' lang='lat' dir='ltr'><strong>dedistis</strong></span> <span class='ocrx_word' id='word_1_694' title='bbox 1930 4862 2100 4918; x_wconf 86' lang='lat' dir='ltr'><strong>bibere</strong></span> 
     </span>
    </p>
   </div>
   <div class='ocr_carea' id='block_1_91' title="bbox 508 4950 2094 5025">
    <p class='ocr_par' dir='ltr' id='par_1_91' title="bbox 508 4950 2094 5025">
     <span class='ocr_line' id='line_1_91' title="bbox 508 4950 2094 5025; baseline 0.003 -20"><span class='ocrx_word' id='word_1_695' title='bbox 508 4950 722 5023; x_wconf 84' lang='lat' dir='ltr'><strong>(Matth.</strong></span> <span class='ocrx_word' id='word_1_696' title='bbox 753 4968 877 5018; x_wconf 82' lang='lat' dir='ltr'><strong>xxv,</strong></span> <span class='ocrx_word' id='word_1_697' title='bbox 908 4951 970 5006; x_wconf 76' lang='lat'><strong>51</strong></span> <span class='ocrx_word' id='word_1_698' title='bbox 995 4951 1151 5025; x_wconf 85' lang='lat' dir='ltr'><strong>seq.).</strong></span> <span class='ocrx_word' id='word_1_699' title='bbox 1182 4951 1519 5023; x_wconf 85' lang='lat' dir='ltr'><strong>Quicumque</strong></span> <span class='ocrx_word' id='word_1_700' title='bbox 1557 4969 1705 5024; x_wconf 89' lang='lat' dir='ltr'><strong>ergo,</strong></span> <span class='ocrx_word' id='word_1_701' title='bbox 1739 4955 2094 5024; x_wconf 89' lang='lat' dir='ltr'><strong>dilectissimi,</strong></span> 
     </span>
    </p>
   </div>
   <div class='ocr_carea' id='block_1_92' title="bbox 502 5044 2100 5115">
    <p class='ocr_par' dir='ltr' id='par_1_92' title="bbox 502 5044 2100 5115">
     <span class='ocr_line' id='line_1_92' title="bbox 502 5044 2100 5115; baseline 0.003 -15"><span class='ocrx_word' id='word_1_702' title='bbox 502 5053 743 5101; x_wconf 75' lang='lat' dir='ltr'><strong>vestrum</strong></span> <span class='ocrx_word' id='word_1_703' title='bbox 771 5044 841 5100; x_wconf 90' lang='lat' dir='ltr'><strong>ad</strong></span> <span class='ocrx_word' id='word_1_704' title='bbox 869 5044 997 5100; x_wconf 89' lang='lat' dir='ltr'><strong>illud</strong></span> <span class='ocrx_word' id='word_1_705' title='bbox 1018 5045 1252 5101; x_wconf 61' lang='lat' dir='ltr'><strong>caelestis</strong></span> <span class='ocrx_word' id='word_1_706' title='bbox 1273 5047 1424 5115; x_wconf 88' lang='lat' dir='ltr'><strong>regni</strong></span> <span class='ocrx_word' id='word_1_707' title='bbox 1444 5048 1779 5102; x_wconf 91' lang='lat' dir='ltr'><strong>consortium</strong></span> <span class='ocrx_word' id='word_1_708' title='bbox 1797 5049 1986 5105; x_wconf 89' lang='lat' dir='ltr'><strong>venire</strong></span> <span class='ocrx_word' id='word_1_709' title='bbox 2004 5049 2100 5105; x_wconf 87' lang='lat' dir='ltr'><strong>de-</strong></span> 
     </span>
    </p>
   </div>
   <div class='ocr_carea' id='block_1_93' title="bbox 502 5138 2097 5213">
    <p class='ocr_par' dir='ltr' id='par_1_93' title="bbox 502 5138 2097 5213">
     <span class='ocr_line' id='line_1_93' title="bbox 502 5138 2097 5213; baseline 0.003 -18"><span class='ocrx_word' id='word_1_710' title='bbox 502 5138 727 5206; x_wconf 87' lang='lat' dir='ltr'><strong>siderat,</strong></span> <span class='ocrx_word' id='word_1_711' title='bbox 759 5139 932 5209; x_wconf 90' lang='lat' dir='ltr'><strong>primo</strong></span> <span class='ocrx_word' id='word_1_712' title='bbox 960 5139 1080 5195; x_wconf 91' lang='lat' dir='ltr'><strong>loco</strong></span> <span class='ocrx_word' id='word_1_713' title='bbox 1102 5140 1408 5210; x_wconf 88' lang='lat' dir='ltr'><strong>paupertati</strong></span> <span class='ocrx_word' id='word_1_714' title='bbox 1454 5155 1673 5196; x_wconf 90' lang='lat' dir='ltr'><strong>manum</strong></span> <span class='ocrx_word' id='word_1_715' title='bbox 1701 5143 1962 5213; x_wconf 88' lang='lat' dir='ltr'><strong>porrigat,</strong></span> <span class='ocrx_word' id='word_1_716' title='bbox 1995 5159 2097 5200; x_wconf 89' lang='lat' dir='ltr'><strong>nec</strong></span> 
     </span>
    </p>
   </div>
   <div class='ocr_carea' id='block_1_94' title="bbox 501 5230 2095 5305">
    <p class='ocr_par' dir='ltr' id='par_1_94' title="bbox 501 5230 2095 5305">
     <span class='ocr_line' id='line_1_94' title="bbox 501 5230 2095 5305; baseline 0.004 -20"><span class='ocrx_word' id='word_1_717' title='bbox 501 5231 706 5287; x_wconf 90' lang='lat' dir='ltr'><strong>alienas</strong></span> <span class='ocrx_word' id='word_1_718' title='bbox 725 5230 992 5302; x_wconf 81' lang='lat' dir='ltr'><strong>lacrymas</strong></span> <span class='ocrx_word' id='word_1_719' title='bbox 1012 5231 1188 5286; x_wconf 89' lang='lat' dir='ltr'><strong>otiose</strong></span> <span class='ocrx_word' id='word_1_720' title='bbox 1201 5231 1458 5302; x_wconf 87' lang='lat' dir='ltr'><strong>respiciat</strong></span> <span class='ocrx_word' id='word_1_721' title='bbox 1479 5250 1493 5299; x_wconf 92' lang='lat'><strong>;</strong></span> <span class='ocrx_word' id='word_1_722' title='bbox 1517 5234 1642 5302; x_wconf 89' lang='lat' dir='ltr'><strong>quia</strong></span> <span class='ocrx_word' id='word_1_723' title='bbox 1660 5250 2095 5305; x_wconf 90' lang='lat' dir='ltr'><strong>unumquemque</strong></span> 
     </span>
    </p>
   </div>
   <div class='ocr_carea' id='block_1_95' title="bbox 501 5323 2098 5394">
    <p class='ocr_par' dir='ltr' id='par_1_95' title="bbox 501 5323 2098 5394">
     <span class='ocr_line' id='line_1_95' title="bbox 501 5323 2098 5394; baseline 0.004 -15"><span class='ocrx_word' id='word_1_724' title='bbox 501 5323 617 5380; x_wconf 85' lang='lat' dir='ltr'><strong>sive</strong></span> <span class='ocrx_word' id='word_1_725' title='bbox 664 5323 794 5378; x_wconf 91' lang='lat' dir='ltr'><strong>boni</strong></span> <span class='ocrx_word' id='word_1_726' title='bbox 840 5323 1036 5394; x_wconf 89' lang='lat' dir='ltr'><strong>operis,</strong></span> <span class='ocrx_word' id='word_1_727' title='bbox 1088 5324 1203 5380; x_wconf 87' lang='lat' dir='ltr'><strong>sive</strong></span> <span class='ocrx_word' id='word_1_728' title='bbox 1253 5324 1383 5379; x_wconf 88' lang='lat' dir='ltr'><strong>mali</strong></span> <span class='ocrx_word' id='word_1_729' title='bbox 1422 5326 1689 5382; x_wconf 88' lang='lat' dir='ltr'><strong>sententia</strong></span> <span class='ocrx_word' id='word_1_730' title='bbox 1728 5329 2098 5385; x_wconf 88' lang='lat' dir='ltr'><strong>retributionis</strong></span> 
     </span>
    </p>
   </div>
   <div class='ocr_carea' id='block_1_96' title="bbox 499 5415 2095 5493">
    <p class='ocr_par' dir='ltr' id='par_1_96' title="bbox 499 5415 2095 5493">
     <span class='ocr_line' id='line_1_96' title="bbox 499 5415 2095 5493; baseline 0.004 -23"><span class='ocrx_word' id='word_1_731' title='bbox 499 5423 799 5486; x_wconf 80' lang='lat' dir='ltr'><strong>exspectat,</strong></span> <span class='ocrx_word' id='word_1_732' title='bbox 830 5416 906 5470; x_wconf 89' lang='lat' dir='ltr'><strong>ita</strong></span> <span class='ocrx_word' id='word_1_733' title='bbox 934 5415 1164 5472; x_wconf 91' lang='lat' dir='ltr'><strong>Domino</strong></span> <span class='ocrx_word' id='word_1_734' title='bbox 1191 5415 1405 5473; x_wconf 85' lang='lat' dir='ltr'><strong>dicente</strong></span> <span class='ocrx_word' id='word_1_735' title='bbox 1430 5435 1443 5470; x_wconf 92' lang='lat'><strong>:</strong></span> <span class='ocrx_word' id='word_1_736' title='bbox 1478 5415 1822 5493; x_wconf 64' lang='lat' dir='ltr'><strong>Quaecumque</strong></span> <span class='ocrx_word' id='word_1_737' title='bbox 1867 5422 2095 5476; x_wconf 87' lang='lat' dir='ltr'><strong>semina-</strong></span> 
     </span>
    </p>
   </div>
   <div class='ocr_carea' id='block_1_97' title="bbox 498 5508 2096 5584">
    <p class='ocr_par' dir='ltr' id='par_1_97' title="bbox 498 5508 2096 5584">
     <span class='ocr_line' id='line_1_97' title="bbox 498 5508 2096 5584; baseline 0.006 -22"><span class='ocrx_word' id='word_1_738' title='bbox 498 5509 629 5563; x_wconf 77' lang='lat' dir='ltr'><strong>verit</strong></span> <span class='ocrx_word' id='word_1_739' title='bbox 672 5508 844 5576; x_wconf 80' lang='lat' dir='ltr'><strong>homo,</strong></span> <span class='ocrx_word' id='word_1_740' title='bbox 893 5508 988 5563; x_wconf 89' lang='lat' dir='ltr'><strong>illa</strong></span> <span class='ocrx_word' id='word_1_741' title='bbox 1033 5518 1083 5565; x_wconf 91' lang='lat' dir='ltr'><strong>et</strong></span> <span class='ocrx_word' id='word_1_742' title='bbox 1114 5519 1269 5566; x_wconf 88' lang='lat' dir='ltr'><strong>metet</strong></span> <span class='ocrx_word' id='word_1_743' title='bbox 1302 5509 1501 5583; x_wconf 85' lang='lat' dir='ltr'><strong>(Gatat.</strong></span> <span class='ocrx_word' id='word_1_744' title='bbox 1532 5529 1604 5579; x_wconf 83' lang='lat' dir='ltr'><strong>v1,</strong></span> <span class='ocrx_word' id='word_1_745' title='bbox 1629 5511 1705 5584; x_wconf 90' lang='lat'><strong>8).</strong></span> <span class='ocrx_word' id='word_1_746' title='bbox 1730 5512 1876 5570; x_wconf 89' lang='lat' dir='ltr'><strong>Inter</strong></span> <span class='ocrx_word' id='word_1_747' title='bbox 1902 5524 2096 5572; x_wconf 66' lang='lat' dir='ltr'><strong>caetera</strong></span> 
     </span>
    </p>
   </div>
   <div class='ocr_carea' id='block_1_98' title="bbox 501 5601 2094 5682">
    <p class='ocr_par' dir='ltr' id='par_1_98' title="bbox 501 5601 2094 5682">
     <span class='ocr_line' id='line_1_98' title="bbox 501 5601 2094 5682; baseline 0.006 -26"><span class='ocrx_word' id='word_1_748' title='bbox 501 5615 652 5670; x_wconf 89' lang='lat' dir='ltr'><strong>ergo,</strong></span> <span class='ocrx_word' id='word_1_749' title='bbox 674 5601 1026 5672; x_wconf 86' lang='lat' dir='ltr'><strong>dilectissimi,</strong></span> <span class='ocrx_word' id='word_1_750' title='bbox 1057 5605 1253 5674; x_wconf 90' lang='lat' dir='ltr'><strong>quibus</strong></span> <span class='ocrx_word' id='word_1_751' title='bbox 1279 5606 1548 5678; x_wconf 71' lang='lat' dir='ltr'><strong>religiosae</strong></span> <span class='ocrx_word' id='word_1_752' title='bbox 1576 5607 1702 5664; x_wconf 60' lang='lat' dir='ltr'><strong>vitae</strong></span> <span class='ocrx_word' id='word_1_753' title='bbox 1726 5609 1907 5666; x_wconf 90' lang='lat' dir='ltr'><strong>studio</strong></span> <span class='ocrx_word' id='word_1_754' title='bbox 1929 5627 2094 5682; x_wconf 91' lang='lat' dir='ltr'><strong>opera</strong></span> 
     </span>
    </p>
   </div>
   <div class='ocr_carea' id='block_1_99' title="bbox 499 5695 2090 5775">
    <p class='ocr_par' dir='ltr' id='par_1_99' title="bbox 499 5695 2090 5775">
     <span class='ocr_line' id='line_1_99' title="bbox 499 5695 2090 5775; baseline 0.008 -28"><span class='ocrx_word' id='word_1_755' title='bbox 499 5695 839 5765; x_wconf 89' lang='lat' dir='ltr'><strong>apponimus,</strong></span> <span class='ocrx_word' id='word_1_756' title='bbox 872 5713 981 5753; x_wconf 90' lang='lat' dir='ltr'><strong>non</strong></span> <span class='ocrx_word' id='word_1_757' title='bbox 1018 5703 1494 5771; x_wconf 72' lang='lat' dir='ltr'><strong>pmtermittamus</strong></span> <span class='ocrx_word' id='word_1_758' title='bbox 1533 5705 1917 5760; x_wconf 89' lang='lat' dir='ltr'><strong>necessitatem</strong></span> <span class='ocrx_word' id='word_1_759' title='bbox 1953 5721 2090 5775; x_wconf 92' lang='lat' dir='ltr'><strong>pau-</strong></span> 
     </span>
    </p>
   </div>
   <div class='ocr_carea' id='block_1_100' title="bbox 499 5790 2090 5868">
    <p class='ocr_par' dir='ltr' id='par_1_100' title="bbox 499 5790 2090 5868">
     <span class='ocr_line' id='line_1_100' title="bbox 499 5790 2090 5868; baseline 0.007 -27"><span class='ocrx_word' id='word_1_760' title='bbox 499 5801 710 5858; x_wconf 87' lang='lat' dir='ltr'><strong>perum,</strong></span> <span class='ocrx_word' id='word_1_761' title='bbox 743 5805 810 5846; x_wconf 92' lang='lat' dir='ltr'><strong>ne</strong></span> <span class='ocrx_word' id='word_1_762' title='bbox 837 5790 1126 5860; x_wconf 89' lang='lat' dir='ltr'><strong>perdamus</strong></span> <span class='ocrx_word' id='word_1_763' title='bbox 1145 5793 1438 5851; x_wconf 90' lang='lat' dir='ltr'><strong>infelicium</strong></span> <span class='ocrx_word' id='word_1_764' title='bbox 1466 5796 1791 5852; x_wconf 89' lang='lat' dir='ltr'><strong>commercia</strong></span> <span class='ocrx_word' id='word_1_765' title='bbox 1820 5796 2090 5868; x_wconf 84' lang='lat' dir='ltr'><strong>lacryma-</strong></span> 
     </span>
    </p>
   </div>
   <div class='ocr_carea' id='block_1_101' title="bbox 501 5878 2092 5965">
    <p class='ocr_par' dir='ltr' id='par_1_101' title="bbox 501 5878 2092 5965">
     <span class='ocr_line' id='line_1_101' title="bbox 501 5878 2092 5965; baseline 0.008 -25"><span class='ocrx_word' id='word_1_766' title='bbox 501 5897 638 5958; x_wconf 84' lang='lat' dir='ltr'><strong>rum.</strong></span> <span class='ocrx_word' id='word_1_767' title='bbox 674 5878 729 5943; x_wconf 80' lang='lat' dir='ltr'><strong>in</strong></span> <span class='ocrx_word' id='word_1_768' title='bbox 757 5883 862 5943; x_wconf 87' lang='lat' dir='ltr'><strong>hoc</strong></span> <span class='ocrx_word' id='word_1_769' title='bbox 893 5885 1036 5945; x_wconf 83' lang='lat' dir='ltr'><strong>enim</strong></span> <span class='ocrx_word' id='word_1_770' title='bbox 1068 5894 1173 5946; x_wconf 84' lang='lat' dir='ltr'><strong>stat</strong></span> <span class='ocrx_word' id='word_1_771' title='bbox 1201 5889 1344 5964; x_wconf 86' lang='lat' dir='ltr'><strong>apud</strong></span> <span class='ocrx_word' id='word_1_772' title='bbox 1371 5890 1659 5950; x_wconf 86' lang='lat' dir='ltr'><strong>Dominum</strong></span> <span class='ocrx_word' id='word_1_773' title='bbox 1677 5892 1817 5951; x_wconf 87' lang='lat' dir='ltr'><strong>ratio</strong></span> <span class='ocrx_word' id='word_1_774' title='bbox 1843 5893 2092 5965; x_wconf 77' lang='lat' dir='ltr'><strong>pecunia:</strong></span> 
     </span>
    </p>
   </div>
   <div class='ocr_carea' id='block_1_102' title="bbox 2276 4764 3700 4854">
    <p class='ocr_par' dir='ltr' id='par_1_102' title="bbox 2276 4764 3700 4854">
     <span class='ocr_line' id='line_1_102' title="bbox 2276 4764 3700 4854; baseline -0.034 7"><span class='ocrx_word' id='word_1_775' title='bbox 2276 4784 2329 4839; x_wconf 74' lang='grc' dir='ltr'><strong>⁵ο</strong></span> <span class='ocrx_word' id='word_1_776' title='bbox 2373 4783 2481 4840; x_wconf 60' lang='lat' dir='ltr'><strong>Sea</strong></span> <span class='ocrx_word' id='word_1_777' title='bbox 2500 4783 2647 4854; x_wconf 78' lang='lat' dir='ltr'><strong>quod</strong></span> <span class='ocrx_word' id='word_1_778' title='bbox 2673 4781 2828 4854; x_wconf 91' lang='lat' dir='ltr'><strong>pejus</strong></span> <span class='ocrx_word' id='word_1_779' title='bbox 2848 4790 2950 4850; x_wconf 89' lang='lat' dir='ltr'><strong>est,</strong></span> <span class='ocrx_word' id='word_1_780' title='bbox 2977 4780 3215 4837; x_wconf 84' lang='lat' dir='ltr'><strong>avaritiae</strong></span> <span class='ocrx_word' id='word_1_781' title='bbox 3234 4777 3397 4834; x_wconf 88' lang='lat' dir='ltr'><strong>multa</strong></span> <span class='ocrx_word' id='word_1_782' title='bbox 3415 4764 3700 4832; x_wconf 85' lang='lat' dir='ltr'><strong>consentiunt.</strong></span> 
     </span>
    </p>
   </div>
   <div class='ocr_carea' id='block_1_103' title="bbox 2202 4861 3702 4946">
    <p class='ocr_par' dir='ltr' id='par_1_103' title="bbox 2202 4861 3702 4946">
     <span class='ocr_line' id='line_1_103' title="bbox 2202 4861 3702 4946; baseline -0.017 -13"><span class='ocrx_word' id='word_1_783' title='bbox 2202 4877 2303 4934; x_wconf 77' lang='lat' dir='ltr'><strong>Hic</strong></span> <span class='ocrx_word' id='word_1_784' title='bbox 2350 4893 2417 4933; x_wconf 91' lang='lat' dir='ltr'><strong>ne</strong></span> <span class='ocrx_word' id='word_1_785' title='bbox 2453 4877 2776 4932; x_wconf 88' lang='lat' dir='ltr'><strong>misereatur</strong></span> <span class='ocrx_word' id='word_1_786' title='bbox 2821 4873 3065 4946; x_wconf 89' lang='lat' dir='ltr'><strong>pauperi,</strong></span> <span class='ocrx_word' id='word_1_787' title='bbox 3097 4869 3358 4944; x_wconf 89' lang='lat' dir='ltr'><strong>obstrepit</strong></span> <span class='ocrx_word' id='word_1_788' title='bbox 3382 4879 3547 4924; x_wconf 89' lang='lat' dir='ltr'><strong>vocem</strong></span> <span class='ocrx_word' id='word_1_789' title='bbox 3567 4861 3702 4930; x_wconf 84' lang='lat' dir='ltr'><strong>postu-</strong></span> 
     </span>
    </p>
   </div>
   <div class='ocr_carea' id='block_1_104' title="bbox 2201 4946 3699 5040">
    <p class='ocr_par' dir='ltr' id='par_1_104' title="bbox 2201 4946 3699 5040">
     <span class='ocr_line' id='line_1_104' title="bbox 2201 4946 3699 5040; baseline -0.013 -18"><span class='ocrx_word' id='word_1_790' title='bbox 2201 4967 2427 5022; x_wconf 91' lang='lat' dir='ltr'><strong>lantium</strong></span> <span class='ocrx_word' id='word_1_791' title='bbox 2473 4966 2888 5022; x_wconf 76' lang='lat' dir='ltr'><strong>conturbatione</strong></span> <span class='ocrx_word' id='word_1_792' title='bbox 2943 4979 3288 5021; x_wconf 89' lang='lat' dir='ltr'><strong>sermonum:</strong></span> <span class='ocrx_word' id='word_1_793' title='bbox 3329 4960 3428 5025; x_wconf 90' lang='lat' dir='ltr'><strong>ille,</strong></span> <span class='ocrx_word' id='word_1_794' title='bbox 3476 4969 3532 5011; x_wconf 90' lang='lat' dir='ltr'><strong>ne</strong></span> <span class='ocrx_word' id='word_1_795' title='bbox 3555 4946 3699 5040; x_wconf 38' lang='lat' dir='ltr'><strong>audiat».</strong></span> 
     </span>
    </p>
   </div>
   <div class='ocr_carea' id='block_1_105' title="bbox 2202 5030 3701 5135">
    <p class='ocr_par' dir='ltr' id='par_1_105' title="bbox 2202 5030 3701 5135">
     <span class='ocr_line' id='line_1_105' title="bbox 2202 5030 3701 5135; baseline -0.013 -20"><span class='ocrx_word' id='word_1_796' title='bbox 2202 5059 2348 5115; x_wconf 87' lang='lat' dir='ltr'><strong>aliud</strong></span> <span class='ocrx_word' id='word_1_797' title='bbox 2369 5059 2584 5116; x_wconf 90' lang='lat' dir='ltr'><strong>audisse</strong></span> <span class='ocrx_word' id='word_1_798' title='bbox 2623 5059 2860 5115; x_wconf 91' lang='lat' dir='ltr'><strong>simulat.</strong></span> <span class='ocrx_word' id='word_1_799' title='bbox 2893 5056 3038 5113; x_wconf 87' lang='lat' dir='ltr'><strong>Satis</strong></span> <span class='ocrx_word' id='word_1_800' title='bbox 3077 5057 3272 5111; x_wconf 88' lang='lat' dir='ltr'><strong>misera</strong></span> <span class='ocrx_word' id='word_1_801' title='bbox 3308 5057 3386 5108; x_wconf 89' lang='lat' dir='ltr'><strong>est</strong></span> <span class='ocrx_word' id='word_1_802' title='bbox 3428 5050 3516 5104; x_wconf 88' lang='lat' dir='ltr'><strong>ista</strong></span> <span class='ocrx_word' id='word_1_803' title='bbox 3546 5030 3701 5135; x_wconf 57' lang='lat' dir='ltr'><strong>viventi!</strong></span> 
     </span>
    </p>
   </div>
   <div class='ocr_carea' id='block_1_106' title="bbox 2202 5138 3703 5220">
    <p class='ocr_par' dir='ltr' id='par_1_106' title="bbox 2202 5138 3703 5220">
     <span class='ocr_line' id='line_1_106' title="bbox 2202 5138 3703 5220; baseline -0.013 -12"><span class='ocrx_word' id='word_1_804' title='bbox 2202 5152 2460 5220; x_wconf 89' lang='lat' dir='ltr'><strong>conditio,</strong></span> <span class='ocrx_word' id='word_1_805' title='bbox 2486 5159 2544 5207; x_wconf 90' lang='lat' dir='ltr'><strong>ut</strong></span> <span class='ocrx_word' id='word_1_806' title='bbox 2563 5152 2727 5207; x_wconf 91' lang='lat' dir='ltr'><strong>homo</strong></span> <span class='ocrx_word' id='word_1_807' title='bbox 2755 5151 2883 5206; x_wconf 89' lang='lat' dir='ltr'><strong>dum</strong></span> <span class='ocrx_word' id='word_1_808' title='bbox 2912 5149 3095 5205; x_wconf 90' lang='lat' dir='ltr'><strong>studet</strong></span> <span class='ocrx_word' id='word_1_809' title='bbox 3113 5147 3367 5212; x_wconf 74' lang='lat' dir='ltr'><strong>avaritize,</strong></span> <span class='ocrx_word' id='word_1_810' title='bbox 3414 5139 3597 5196; x_wconf 89' lang='lat' dir='ltr'><strong>auribus</strong></span> <span class='ocrx_word' id='word_1_811' title='bbox 3625 5138 3703 5183; x_wconf 67' lang='lat' dir='ltr'><strong>suis</strong></span> 
     </span>
    </p>
   </div>
   <div class='ocr_carea' id='block_1_107' title="bbox 2199 5233 3702 5314">
    <p class='ocr_par' dir='ltr' id='par_1_107' title="bbox 2199 5233 3702 5314">
     <span class='ocr_line' id='line_1_107' title="bbox 2199 5233 3702 5314; baseline -0.018 -14"><span class='ocrx_word' id='word_1_812' title='bbox 2199 5246 2518 5314; x_wconf 85' lang='lat' dir='ltr'><strong>gravitatem</strong></span> <span class='ocrx_word' id='word_1_813' title='bbox 2548 5252 2775 5300; x_wconf 90' lang='lat' dir='ltr'><strong>conetur</strong></span> <span class='ocrx_word' id='word_1_814' title='bbox 2804 5244 3100 5314; x_wconf 89' lang='lat' dir='ltr'><strong>imponere.</strong></span> <span class='ocrx_word' id='word_1_815' title='bbox 3126 5240 3352 5312; x_wconf 82' lang='lat' dir='ltr'><strong>Respice</strong></span> <span class='ocrx_word' id='word_1_816' title='bbox 3370 5235 3432 5291; x_wconf 89' lang='lat' dir='ltr'><strong>ad</strong></span> <span class='ocrx_word' id='word_1_817' title='bbox 3459 5233 3581 5289; x_wconf 85' lang='lat' dir='ltr'><strong>illam</strong></span> <span class='ocrx_word' id='word_1_818' title='bbox 3615 5235 3702 5278; x_wconf 52' lang='lat' dir='ltr'><strong>seno</strong></span> 
     </span>
    </p>
   </div>
   <div class='ocr_carea' id='block_1_108' title="bbox 2200 5313 3700 5419">
    <p class='ocr_par' dir='ltr' id='par_1_108' title="bbox 2200 5313 3700 5419">
     <span class='ocr_line' id='line_1_108' title="bbox 2200 5313 3700 5419; baseline -0.007 -24"><span class='ocrx_word' id='word_1_819' title='bbox 2200 5313 2425 5395; x_wconf 88' lang='lat' dir='ltr'><strong>tentiam</strong></span> <span class='ocrx_word' id='word_1_820' title='bbox 2453 5355 2573 5409; x_wconf 76' lang='lat' dir='ltr'><strong>qua:</strong></span> <span class='ocrx_word' id='word_1_821' title='bbox 2601 5338 2732 5394; x_wconf 89' lang='lat' dir='ltr'><strong>dicit</strong></span> <span class='ocrx_word' id='word_1_822' title='bbox 2772 5357 2783 5392; x_wconf 89' lang='lat'>:</span> <span class='ocrx_word' id='word_1_823' title='bbox 2844 5335 3188 5419; x_wconf 76' lang='lat' dir='ltr'><strong>Quipauperi</strong></span> <span class='ocrx_word' id='word_1_824' title='bbox 3214 5334 3486 5391; x_wconf 84' lang='lat' dir='ltr'><strong>miseretur,</strong></span> <span class='ocrx_word' id='word_1_825' title='bbox 3506 5321 3614 5419; x_wconf 54' lang='lat' dir='ltr'><strong>_Def</strong></span> 
     </span>
    </p>
   </div>
   <div class='ocr_carea' id='block_1_109' title="bbox 2199 5414 3700 5506">
    <p class='ocr_par' dir='ltr' id='par_1_109' title="bbox 2199 5414 3700 5506">
     <span class='ocr_line' id='line_1_109' title="bbox 2199 5414 3700 5506; baseline -0.01 -19"><span class='ocrx_word' id='word_1_826' title='bbox 2199 5441 2348 5487; x_wconf 89' lang='lat' dir='ltr'><strong>nerat</strong></span> <span class='ocrx_word' id='word_1_827' title='bbox 2377 5430 2557 5506; x_wconf 86' lang='lat' dir='ltr'><strong>(Prov.</strong></span> <span class='ocrx_word' id='word_1_828' title='bbox 2581 5448 2692 5498; x_wconf 77' lang='lat' dir='ltr'><strong>xxx,</strong></span> <span class='ocrx_word' id='word_1_829' title='bbox 2727 5429 2836 5503; x_wconf 78' lang='grc'><strong>16).</strong></span> <span class='ocrx_word' id='word_1_830' title='bbox 2870 5417 3048 5496; x_wconf 87' lang='lat' dir='ltr'><strong>Quare</strong></span> <span class='ocrx_word' id='word_1_831' title='bbox 3077 5442 3205 5498; x_wconf 86' lang='lat' dir='ltr'><strong>ergo</strong></span> <span class='ocrx_word' id='word_1_832' title='bbox 3225 5424 3423 5481; x_wconf 90' lang='lat' dir='ltr'><strong>dubitet</strong></span> <span class='ocrx_word' id='word_1_833' title='bbox 3452 5414 3540 5506; x_wconf 64' lang='grc'><strong>14</strong></span> <span class='ocrx_word' id='word_1_834' title='bbox 3560 5414 3700 5475; x_wconf 58' lang='lat' dir='ltr'><strong>Mill“Is</strong></span> 
     </span>
    </p>
   </div>
   <div class='ocr_carea' id='block_1_110' title="bbox 2199 5505 3698 5604">
    <p class='ocr_par' dir='ltr' id='par_1_110' title="bbox 2199 5505 3698 5604">
     <span class='ocr_line' id='line_1_110' title="bbox 2199 5505 3698 5604; baseline -0.011 -27"><span class='ocrx_word' id='word_1_835' title='bbox 2199 5505 2527 5594; x_wconf 88' lang='lat' dir='ltr'><strong>indigentem</strong></span> <span class='ocrx_word' id='word_1_836' title='bbox 2565 5538 2807 5596; x_wconf 89' lang='lat' dir='ltr'><strong>pascere,</strong></span> <span class='ocrx_word' id='word_1_837' title='bbox 2839 5536 2962 5578; x_wconf 91' lang='lat' dir='ltr'><strong>cum</strong></span> <span class='ocrx_word' id='word_1_838' title='bbox 3009 5519 3187 5576; x_wconf 83' lang='lat' dir='ltr'><strong>videat</strong></span> <span class='ocrx_word' id='word_1_839' title='bbox 3224 5533 3283 5574; x_wconf 90' lang='lat' dir='ltr'><strong>se</strong></span> <span class='ocrx_word' id='word_1_840' title='bbox 3309 5517 3407 5572; x_wconf 91' lang='lat' dir='ltr'><strong>ista</strong></span> <span class='ocrx_word' id='word_1_841' title='bbox 3431 5505 3608 5604; x_wconf 72' lang='lat' dir='ltr'><strong>Christo</strong></span> <span class='ocrx_word' id='word_1_842' title='bbox 3629 5508 3698 5604; x_wconf 46' lang='grc' dir='ltr'><strong>ηοξ</strong></span> 
     </span>
    </p>
   </div>
   <div class='ocr_carea' id='block_1_111' title="bbox 2201 5599 3696 5688">
    <p class='ocr_par' dir='ltr' id='par_1_111' title="bbox 2201 5599 3696 5688">
     <span class='ocr_line' id='line_1_111' title="bbox 2201 5599 3696 5688; baseline -0.014 -14"><span class='ocrx_word' id='word_1_843' title='bbox 2201 5624 2315 5674; x_wconf 91' lang='lat' dir='ltr'><strong>stro</strong></span> <span class='ocrx_word' id='word_1_844' title='bbox 2337 5617 2391 5672; x_wconf 89' lang='lat' dir='ltr'><strong>in</strong></span> <span class='ocrx_word' id='word_1_845' title='bbox 2412 5615 2665 5688; x_wconf 87' lang='lat' dir='ltr'><strong>pauperis</strong></span> <span class='ocrx_word' id='word_1_846' title='bbox 2683 5614 2980 5670; x_wconf 87' lang='lat' dir='ltr'><strong>refectione</strong></span> <span class='ocrx_word' id='word_1_847' title='bbox 3008 5610 3291 5669; x_wconf 79' lang='lat' dir='ltr'><strong>conferre?</strong></span> <span class='ocrx_word' id='word_1_848' title='bbox 3310 5607 3436 5663; x_wconf 91' lang='lat' dir='ltr'><strong>Sunt</strong></span> <span class='ocrx_word' id='word_1_849' title='bbox 3460 5599 3608 5688; x_wconf 74' lang='lat' dir='ltr'><strong>aliqui.</strong></span> <span class='ocrx_word' id='word_1_850' title='bbox 3632 5599 3696 5656; x_wconf 55' lang='lat' dir='ltr'><strong>ill&quot;</strong></span> 
     </span>
    </p>
   </div>
   <div class='ocr_carea' id='block_1_112' title="bbox 2201 5686 3698 5777">
    <p class='ocr_par' dir='ltr' id='par_1_112' title="bbox 2201 5686 3698 5777">
     <span class='ocr_line' id='line_1_112' title="bbox 2201 5686 3698 5777; baseline -0.023 -13"><span class='ocrx_word' id='word_1_851' title='bbox 2201 5686 2563 5764; x_wconf 83' lang='lat' dir='ltr'><strong>miserabilem</strong></span> <span class='ocrx_word' id='word_1_852' title='bbox 2591 5706 2991 5763; x_wconf 89' lang='lat' dir='ltr'><strong>mendicitatem</strong></span> <span class='ocrx_word' id='word_1_853' title='bbox 3031 5720 3128 5777; x_wconf 89' lang='lat' dir='ltr'><strong>spe</strong></span> <span class='ocrx_word' id='word_1_854' title='bbox 3166 5696 3537 5774; x_wconf 59' lang='lat' dir='ltr'><strong>procrastinata</strong></span> <span class='ocrx_word' id='word_1_855' title='bbox 3553 5686 3698 5740; x_wconf 82' lang='lat' dir='ltr'><strong>huma-</strong></span> 
     </span>
    </p>
   </div>
   <div class='ocr_carea' id='block_1_113' title="bbox 2201 5783 3698 5870">
    <p class='ocr_par' dir='ltr' id='par_1_113' title="bbox 2201 5783 3698 5870">
     <span class='ocr_line' id='line_1_113' title="bbox 2201 5783 3698 5870; baseline -0.013 -14"><span class='ocrx_word' id='word_1_856' title='bbox 2201 5800 2387 5856; x_wconf 90' lang='lat' dir='ltr'><strong>nitatis</strong></span> <span class='ocrx_word' id='word_1_857' title='bbox 2409 5800 2670 5867; x_wconf 88' lang='lat' dir='ltr'><strong>illudunt;</strong></span> <span class='ocrx_word' id='word_1_858' title='bbox 2693 5800 2787 5870; x_wconf 91' lang='lat' dir='ltr'><strong>qui</strong></span> <span class='ocrx_word' id='word_1_859' title='bbox 2815 5814 2937 5855; x_wconf 91' lang='lat' dir='ltr'><strong>cum</strong></span> <span class='ocrx_word' id='word_1_860' title='bbox 2959 5810 3220 5854; x_wconf 82' lang='lat' dir='ltr'><strong>excusare</strong></span> <span class='ocrx_word' id='word_1_861' title='bbox 3238 5783 3590 5866; x_wconf 83' lang='lat' dir='ltr'><strong>postulantibus</strong></span> <span class='ocrx_word' id='word_1_862' title='bbox 3607 5783 3698 5870; x_wconf 57' lang='grc' dir='ltr'><em>εξιξπ</em></span> 
     </span>
    </p>
   </div>
   <div class='ocr_carea' id='block_1_114' title="bbox 2199 5860 3696 5968">
    <p class='ocr_par' dir='ltr' id='par_1_114' title="bbox 2199 5860 3696 5968">
     <span class='ocr_line' id='line_1_114' title="bbox 2199 5860 3696 5968; baseline -0.013 -15"><span class='ocrx_word' id='word_1_863' title='bbox 2199 5892 2444 5965; x_wconf 87' lang='lat' dir='ltr'><strong>bescunt,</strong></span> <span class='ocrx_word' id='word_1_864' title='bbox 2495 5860 2728 5954; x_wconf 72' lang='lat' dir='ltr'><strong>miseros</strong></span> <span class='ocrx_word' id='word_1_865' title='bbox 2775 5889 3142 5968; x_wconf 85' lang='lat' dir='ltr'><strong>promittendo</strong></span> <span class='ocrx_word' id='word_1_866' title='bbox 3177 5860 3456 5962; x_wconf 69' lang='lat' dir='ltr'><strong>decipiunt.</strong></span> <span class='ocrx_word' id='word_1_867' title='bbox 3493 5872 3606 5936; x_wconf 68' lang='lat' dir='ltr'><strong>Ecce</strong></span> <span class='ocrx_word' id='word_1_868' title='bbox 3633 5860 3696 5928; x_wconf 71' lang='grc' dir='ltr'><strong>ιικ</strong></span> 
     </span>
    </p>
   </div>
  </div>
