3924 6368
294 360 392 422 721
1808 370 1872 426 ill

1977 371 2085 430 LIA
2130 374 2192 430 Χ.
2586 418 2599 433 .
3464 388 3568 451 ΗΞ

289 480 440 552 dicit,
480 477 662 539 Clavis
705 480 878 549 deost,
929 490 1111 540 custos
1165 483 1434 555 absentat;
1480 499 1604 544 cum
1646 484 1879 559 primum
1904 487 1959 553 Α

286 574 456 633 fueris
498 589 767 643 reversus,
797 574 1050 647 accipies.
1080 574 1200 633 Non
1247 577 1453 647 cogitas
1480 577 1631 635 illam
1657 585 1878 635 senten-

284 670 418 727 tiam
436 668 761 739 Salomonis,
791 683 913 741 quae
937 668 1066 726 dicit
1091 689 1104 725 :
1137 668 1224 726 Ne
1248 671 1461 739 dixeris,
1492 672 1591 727 Abi
1619 680 1671 728 et
1708 690 1877 729 rever-

282 771 408 829 tere,
432 780 550 819 cras
563 779 658 836 ego
677 760 830 829 dabo,
853 779 970 817 cum
989 764 1156 835 possis
1175 764 1353 819 statim
1374 761 1671 837 benefacere
1692 763 1873 838 (Prov.

279 872 357 924 tu,
381 854 499 927 28).
533 854 687 912 Unde
705 857 813 912 scis
830 855 959 927 quid
979 856 1258 926 contingat
1284 857 1532 927 sequenti
1550 857 1676 914 die?
1709 857 1873 925 Dicis,

273 947 417 1005 Cum
444 950 681 1022 primum
708 949 872 1005 fuerit
898 963 1167 1019 reversus,
1200 950 1433 1021 accipies
1466 968 1479 1005 :
1529 951 1749 1022 quando
1793 960 1878 1009 est

275 1041 429 1109 illud,
453 1041 715 1099 esurienti
735 1050 796 1098 ut
815 1042 1026 1099 villicus
1044 1049 1170 1100 tuus
1195 1043 1403 1112 redeat,
1432 1044 1526 1115 qui
1544 1044 1685 1103 forte
1712 1053 1767 1103 te
1788 1062 1879 1103 vo-

273 1132 427 1190 lente
482 1132 797 1204 frequenter
841 1133 1132 1189 absentat?
1167 1134 1387 1205 quando
1432 1142 1537 1204 est,
1582 1143 1642 1193 ut
1669 1138 1740 1194 ad
1763 1138 1875 1194 cla-

269 1232 517 1279 mantem
545 1224 637 1280 illa
675 1222 955 1280 fastidiosa
993 1231 1329 1282 secretorum
1384 1235 1601 1284 tuorum
1637 1229 1873 1287 claustra

266 1314 564 1382 dissiliant,
594 1330 716 1387 qua:
740 1315 870 1373 dum
896 1324 1004 1373 tute
1037 1317 1281 1374 serviunt
1308 1319 1593 1390 voluntati,
1625 1322 1874 1379 nesciunt

266 1407 509 1478 aperiri?
530 1407 693 1476 Dicis,
716 1404 853 1463 Cum
873 1406 1040 1465 fueris
1057 1423 1330 1479 reversus,
1363 1412 1612 1483 accipies.
1646 1411 1786 1481 Quid
1824 1415 1872 1471 si

264 1500 477 1558 nudum
496 1502 716 1572 gravior
740 1501 904 1560 solito
932 1510 1229 1575 tempestas
1255 1504 1461 1561 caedat?
1484 1505 1615 1577 quid
1653 1506 1701 1563 si
1739 1506 1873 1564 deli-

263 1594 481 1652 cientes
523 1594 667 1653 fame
712 1603 865 1654 artus
909 1596 1090 1655 exitus
1134 1598 1327 1655 vicinae
1368 1599 1560 1656 mortis
1602 1601 1872 1674 excipiat?

262 1685 403 1756 Quis
431 1703 541 1744 non
564 1688 775 1760 iudicet
794 1697 890 1746 tuo
905 1689 1110 1763 iudicio
1131 1690 1451 1762 deputatum
1478 1692 1661 1761 morti,
1707 1708 1869 1765 quem

264 1779 422 1835 videt
449 1787 549 1836 tuo
564 1778 831 1837 beneficio
850 1780 1092 1853 potuisse
1110 1781 1354 1838 servari?
1388 1778 1527 1838 Cum
1564 1781 1731 1840 fueris
1775 1801 1865 1842 re-

2057 487 2108 544 ὃ.
2151 487 2291 548 Ecce
2318 493 2563 551 imminet
2584 504 2815 570 tempus,
2845 496 3199 571 dilectissimi,
3225 502 3386 575 iustae
3413 510 3570 565 retri-

1978 582 2218 640 butionis
2231 591 2287 640 et
2304 586 2582 658 promissae
2601 589 2657 644 in
2676 590 2986 651 ccelestibus
3006 609 3202 652 munus
3219 595 3572 662 haereditatis.

1980 675 2280 747 Erogemus
2306 693 2437 750 ergo
2459 688 2515 738 et
2539 683 2907 755 expendamus
2925 686 2980 741 in
3002 687 3108 744 hoc
3128 688 3344 759 saeculo,
3379 691 3428 749 si
3454 692 3574 749 vul-

1979 772 2050 829 tis
2087 780 2297 844 partem
2334 774 2642 832 divitiarum
2688 777 3029 837 obtineamus
3074 781 3130 838 in
3175 783 3334 842 ctelo.
3373 782 3575 846 Audite

1978 863 2265 921 Dominum
2309 865 2617 924 dicentem:
2649 869 3016 930 leesaurizate
3043 874 3185 932 vobis
3228 877 3575 938 tbesaurosin

1978 958 2105 1014 caelo
2126 957 2342 1032 (Matth.
2374 976 2445 1026 v1,
2473 960 2601 1033 20);
2630 971 2686 1020 et
2712 964 2841 1021 alibi
2867 984 2880 1020 :
2911 964 3099 1023 Facite
3144 969 3284 1027 vobis
3311 973 3569 1041 sacculos,

1976 1050 2064 1122 qui
2091 1065 2197 1105 non
2216 1059 2539 1108 veterascunt
2559 1052 2709 1127 (Luc.
2739 1072 2833 1125 xu,
2858 1056 2973 1130 '55).
3003 1058 3171 1128 Bene,
3214 1061 3569 1133 dilectissimi,

1975 1139 2220 1199 Christus
2246 1151 2434 1200 noster
2450 1144 2583 1201 boni
2610 1147 2790 1218 operis
2808 1146 3044 1207 fructum
3071 1161 3296 1224 pensata
3340 1153 3570 1213 faculta-

1975 1240 2090 1290 tum
2127 1236 2388 1306 qualitate
2430 1236 2728 1310 disposuit;
2758 1248 2818 1297 ut
2846 1241 2901 1297 in
2927 1242 3185 1302 faciendis
3211 1246 3571 1323 eleemosynis

1974 1340 2077 1383 nec
2103 1326 2272 1395 dives,
2305 1343 2408 1385 nec
2424 1344 2632 1402 pauper
2658 1347 2918 1390 excusare
2942 1350 3002 1392 se
3027 1337 3237 1406 possit:
3270 1338 3345 1394 ita
3365 1351 3424 1396 ut
3441 1340 3572 1399 huic

1971 1419 2065 1491 qui
2092 1419 2381 1491 plurimum
2408 1423 2738 1494 possidebat,
2761 1426 3046 1485 thesauros
3060 1428 3277 1499 iuberet
3304 1446 3567 1503 erogare;

1972 1512 2123 1571 illum
2168 1527 2329 1585 quem
2372 1524 2597 1573 noverat
2639 1520 2976 1591 paupertatis
3025 1521 3279 1592 squalore
3322 1523 3566 1593 sordere,

1971 1606 2230 1662 esurienti
2277 1621 2474 1678 panem
2489 1606 2705 1678 iuberet
2748 1607 3016 1681 frangere.
3050 1611 3181 1679 Quae
3228 1620 3408 1669 autem
3456 1622 3567 1671 tam

1968 1712 2142 1754 vacua
2167 1697 2385 1768 horrea,
2408 1713 2527 1770 quae
2549 1700 2815 1757 sustinere
2835 1718 2946 1758 non
2973 1704 3186 1776 possint
3208 1712 3321 1760 tam
3346 1713 3567 1763 tenuem

1970 1792 2301 1863 erogationis
2327 1794 2662 1865 expensam?
2701 1803 2794 1850 aut
2839 1795 2932 1865 qui
2978 1803 3087 1851 tam
3114 1795 3299 1853 miseri
3347 1812 3563 1868 census,

261 1888 478 1941 versus,
528 1873 780 1946 accipies.
811 1870 980 1945 Cujus
1007 1872 1113 1931 ﬁde
1156 1874 1318 1945 redit,
1347 1888 1511 1946 quem
1535 1876 1709 1932 virtus
1748 1885 1865 1933 tota
1893 1872 1943 1939 Β
1969 1897 2108 1954 quos
2128 1885 2302 1955 possit
2319 1886 2647 1943 conturbare
2674 1886 2978 1943 mendicus?
2995 1886 3177 1945 Facile
3207 1904 3338 1946 sane
3365 1897 3422 1947 et
3447 1891 3567 1948 sine

259 1966 553 2024 destituit?
590 1974 686 2023 aut
729 1982 837 2038 qua
889 1982 987 2039 spe
1034 1967 1257 2025 domum
1302 1969 1519 2041 repetit,
1560 1970 1656 2043 qui
1693 1970 1867 2044 pridie

262 2060 535 2118 confusus
563 2059 863 2118 abscessit?

329 2156 390 2212 4.
421 2157 766 2229 Deponamus
784 2154 928 2226 quod
956 2155 1303 2228 promissioni
1331 2165 1439 2214 tute
1464 2156 1744 2216 redeundo
1774 2174 1865 2215 sa-

259 2251 520 2319 tisfaciat,
542 2250 682 2308 forte
694 2250 796 2307 sub
815 2249 920 2308 hac
936 2264 1043 2321 qua
1061 2250 1236 2323 pridie
1250 2251 1562 2309 conditione
1578 2258 1860 2309 venturus.

256 2343 415 2402 Satis
428 2342 632 2414 iustius
656 2342 818 2415 plane
846 2350 950 2411 est,
974 2342 1376 2417 eleemosynam
1402 2346 1587 2402 statim
1616 2361 1862 2418 negasse,

259 2452 435 2508 quam
456 2437 786 2494 esurientem
810 2451 908 2508 spe
926 2437 1191 2509 promissa
1213 2436 1484 2510 decipere.
1509 2437 1707 2497 Audite
1759 2440 1870 2497 Do-

260 2531 477 2588 minum
498 2530 794 2589 dicentem:
816 2527 1289 2605 Frangeesurienti
1309 2549 1496 2604 panem
1538 2542 1680 2589 usum
1725 2533 1864 2606 (Isa.

257 2639 413 2693 tvm,
429 2622 923 2697 7-9).Requiramus
932 2624 978 2680 si
990 2623 1172 2688 vultis,
1184 2622 1537 2694 dilectissimi,
1551 2639 1657 2697 qua
1666 2625 1869 2683 fractus

255 2715 681 2791 pauismercede
706 2723 982 2789 pensetur.
1006 2713 1148 2773 Ecce
1171 2715 1303 2773 dicit
1335 2716 1629 2774 Dominus:
1652 2716 1868 2792 Frange

254 2811 512 2868 esurienti
539 2827 746 2883 panem;
767 2811 814 2866 si
828 2809 1016 2866 videris
1036 2808 1252 2878 nudum,
1278 2810 1401 2865 vesti
1422 2826 1569 2877 eum;
1607 2819 1660 2866 et
1684 2810 1865 2867 dome-

253 2907 415 2962 sticos
446 2905 661 2961 seminis
692 2905 765 2959 tui
792 2919 859 2959 ne
885 2902 1199 2976 despexeris.
1233 2900 1378 2957 Tunc
1405 2911 1635 2976 erumpet
1669 2912 1866 2975 tempo-

253 3012 487 3053 raucum
515 2995 689 3051 lumen
727 3004 889 3062 tuum,
913 3003 964 3049 et
980 2988 1281 3069 vestimenta
1304 3002 1390 3049 tua
1417 2995 1518 3050 cito
1539 2995 1787 3063 orientur,
1817 3005 1869 3051 et

254 3088 470 3164 prcibit
497 3097 623 3145 ante
649 3098 698 3144 te
716 3088 945 3162 justitia,
976 3096 1027 3143 et
1047 3087 1260 3144 claritas
1288 3086 1389 3144 Dei
1418 3088 1761 3144 circumdabit
1798 3098 1861 3145 te.

257 3181 411 3238 Tunc
438 3180 780 3247 exclamabis,
811 3188 863 3236 et
900 3177 1040 3235 Deus
1068 3179 1312 3235 exaudiet
1339 3187 1420 3246 te;
1450 3189 1502 3234 et
1527 3178 1653 3236 dum
1697 3180 1868 3237 adhuc

1970 1974 2286 2034 difﬁcultate
2311 1986 2495 2050 potest
2521 1978 2746 2050 implere
2773 1980 3103 2049 mandatum,
3135 1982 3221 2038 cui
3264 1982 3405 2039 ultra
3433 1998 3565 2054 pos-

1968 2068 2280 2125 sibilitatem
2301 2070 2436 2126 nihil
2463 2078 2680 2127 constat
2697 2071 3029 2143 impositum.
3054 2070 3179 2130 Scio
3199 2073 3417 2145 quidem
3437 2089 3569 2131 cen-

1968 2176 2062 2219 sus
2087 2169 2278 2219 tenues
2304 2160 2616 2234 frequenter
2652 2163 2812 2219 bonae
2839 2164 3108 2220 voluntati
3154 2165 3440 2250 obsistere,
3485 2166 3566 2222 ita

1968 2261 2029 2309 ut
2072 2269 2182 2311 non
2220 2253 2290 2310 sit
2315 2255 2370 2311 in
2409 2270 2519 2325 quo
2541 2269 2602 2310 se
2628 2270 2794 2326 opera
2822 2256 3077 2327 pretiosas
3105 2256 3448 2326 cogitationis
3468 2272 3569 2313 ex-

1970 2345 2212 2403 tendant.
2245 2344 2354 2403 Sed
2380 2347 2426 2403 si
2446 2346 2537 2403 illa
2558 2362 2677 2418 quae
2697 2348 2905 2419 majora
2925 2357 3050 2404 sunt
3068 2349 3294 2422 implere
3314 2365 3422 2407 non
3441 2366 3569 2423 pos-

1968 2454 2176 2505 sumus,
2206 2438 2294 2494 vel
2336 2439 2454 2496 haec
2481 2454 2603 2510 quae
2646 2455 2815 2511 parva
2844 2449 2901 2496 et
2926 2438 3104 2497 facilia
3127 2449 3253 2498 sunt
3289 2458 3399 2498 non
3425 2458 3569 2514 prm-

1971 2529 2352 2587 termittamus.
2403 2528 2617 2604 Frange
2654 2533 2901 2587 esurienti
2928 2550 3137 2605 panem.
3179 2531 3263 2589 Ad
3289 2532 3405 2590 haec
3449 2534 3570 2605 quis

1969 2634 2079 2675 non
2115 2617 2313 2675 devota
2351 2628 2535 2676 mente
2575 2621 2922 2693 respondeat,
2965 2623 3213 2692 quamvis
3249 2633 3571 2696 paupertate

1969 2727 2260 2784 oppressus
2306 2711 2396 2777 sit,
2445 2720 2502 2768 et
2545 2720 2661 2769 tota
2702 2714 2875 2770 victus
2913 2714 3262 2771 mendicitate
3297 2715 3568 2787 suspiret?

1969 2805 2223 2877 Alioquin
2268 2814 2363 2863 aut
2390 2806 2615 2863 nimium
2661 2808 2963 2874 mendicus,
3000 2817 3093 2865 aut
3115 2810 3248 2867 satis
3269 2825 3441 2867 vanus
3460 2818 3564 2876 est,

1967 2898 2061 2968 qui
2085 2897 2141 2953 in
2164 2897 2407 2956 facienda
2436 2898 2783 2974 eleemosyna
2813 2916 2921 2956 non
2951 2908 3034 2957 cst
3079 2901 3236 2959 fracti
3262 2902 3418 2974 panis
3445 2917 3571 2960 ero-

1967 2990 2514 3064 gatione‘contentus.
2560 2993 2669 3051 Sed
2695 2994 2829 3051 dicis
2859 3012 2871 3049 :
2902 2993 3071 3051 Multa
3115 2996 3424 3053 minutatim
3454 2995 3568 3052 dis-

1966 3092 2194 3156 pensata
2227 3100 2465 3141 massam
2496 3086 2719 3142 faciunt.
2754 3085 2955 3142 Verum
2989 3094 3073 3143 est
3114 3105 3128 3142 :
3174 3086 3269 3144 sed
3308 3095 3568 3158 quantum

1972 3185 2056 3234 est
2082 3177 2228 3236 istud
2248 3178 2318 3235 ad
2338 3178 2470 3234 illud
2490 3178 2636 3250 quod
2656 3179 2790 3235 dicit
2807 3178 3070 3237 Dominus
3093 3198 3107 3234 :
3137 3179 3250 3254 Ego
3273 3181 3414 3237 vobis
3444 3181 3569 3236 red-

257 3274 491 3348 loqueris
520 3273 674 3339 dicet,
706 3270 846 3328 Ecce
865 3271 1068 3328 adsum.
1092 3270 1305 3341 Videte,
1326 3271 1678 3340 dilectissimi,
1703 3286 1868 3343 quan-
1892 3258 1941 3326 C
1971 3272 2096 3329 dam
2132 3274 2191 3329 in
2221 3272 2532 3346 centuplum,
2559 3274 2771 3346 insuper
2797 3281 2848 3328 et
2878 3274 3036 3329 vitam
3065 3281 3312 3330 teternam
3346 3271 3567 3346 (Matth.

257 3375 375 3424 tum
396 3366 563 3423 nobis
580 3372 793 3423 constet
822 3365 1067 3435 erogatio
1094 3364 1274 3421 tenuis
1299 3379 1570 3437 expensm,
1593 3372 1654 3421 ut
1673 3365 1739 3422 ad
1766 3381 1866 3438 pe-

259 3461 520 3517 titionem
539 3467 781 3516 nostram
802 3465 968 3513 tanta:
999 3455 1298 3527 maiestatis
1336 3455 1598 3512 Dominus
1620 3455 1871 3526 dignetur

261 3565 576 3610 occurrere.
598 3549 732 3606 Nam
754 3556 811 3606 et
830 3549 959 3606 alibi
978 3548 1147 3606 dicit:
1180 3546 1283 3614 Qui
1310 3548 1509 3604 dederit
1534 3551 1627 3605 uni
1657 3567 1723 3606 ea:
1771 3552 1871 3606 mi-

262 3645 425 3701 nimis
450 3644 571 3700 istis
609 3642 822 3699 calicem
862 3658 1013 3716 aqua:
1053 3640 1278 3716 frigidae,
1335 3658 1486 3697 amen
1534 3642 1650 3698 dico
1702 3642 1864 3707 vobis,

262 3739 389 3811 quia
409 3752 522 3793 non
541 3735 730 3810 peribit
747 3750 946 3791 merces
967 3735 1079 3808 ejus
1096 3733 1310 3808 (Matth.
1333 3749 1389 3803 x,
1412 3732 1599 3807 42).]n
1622 3734 1729 3792 hoc
1747 3735 1870 3793 loco

263 3830 526 3889 voluntas
568 3829 883 3901 requiritur,
926 3843 1037 3885 non
1082 3825 1328 3885 facultas.
1359 3827 1419 3883 In
1444 3828 1698 3886 maximis
1725 3829 1871 3886 enim

266 3920 533 3980 aﬂ‘ectum
569 3921 795 3992 integra:
824 3920 1131 3978 devotionis
1150 3918 1405 3989 ostendit,
1427 3921 1519 3991 qui
1551 3921 1608 3977 in
1634 3923 1871 3978 minimis

246 4021 461 4072 votum
481 4013 847 4070 miserationis
865 4012 1126 4069 exhibuit.
1154 4010 1533 4083 Unusquisque
1553 4026 1702 4083 ergo,
1734 4013 1870 4070 dile—

264 4106 525 4174 ctissimi,
550 4113 712 4177 prout
730 4105 913 4172 habet,
935 4112 998 4161 ut
1022 4110 1224 4176 potest,
1248 4113 1456 4175 eroget,
1475 4105 1752 4175 largiatur,
1771 4121 1870 4163 ex-

266 4201 495 4275 pendat.
537 4198 709 4257 Nemo
754 4198 1007 4256 claudum
1032 4199 1282 4268 refugiat,
1325 4213 1487 4255 nemo
1514 4199 1736 4256 surdum
1761 4215 1874 4256 non

246 4294 492 4352 audisse
515 4308 576 4350 se
602 4292 788 4363 lingat,
811 4307 972 4350 nemo
999 4291 1163 4349 debili
1181 4306 1373 4348 manus
1413 4292 1714 4358 subtrahat,
1744 4292 1873 4364 quia

270 4387 458 4444 omnia
486 4386 590 4442 ista
634 4384 692 4441 in
725 4384 1084 4441 retributione
1121 4385 1448 4441 consistunt.
1478 4384 1695 4442 Vestire
1726 4386 1873 4442 enim

269 4494 597 4554 pauperem,
626 4477 873 4552 corporis
890 4477 975 4535 sui
1002 4484 1088 4535 est
1118 4478 1398 4550 cperuisse
1424 4477 1756 4547 nuditatem;
1785 4478 1875 4534 lu-

271 4590 429 4632 crum
471 4580 656 4630 autem
700 4585 956 4642 magnum
991 4578 1077 4629 est
1118 4570 1375 4629 refecisse
1414 4570 1740 4629 mendicum.
1782 4568 1875 4628 Sic

274 4669 426 4726 enim
453 4667 589 4725 dicit
614 4665 911 4724 Dominus:
942 4663 1288 4741 Quacumque
1306 4666 1531 4739 feceritis
1558 4666 1650 4721 uni
1683 4682 1749 4722 etc
1775 4667 1877 4722 mi-
1901 4644 1957 4708 D

274 4762 435 4817 siritis
460 4759 598 4827 istis,
627 4759 757 4815 mihi
786 4758 981 4833 fecistis
1011 4755 1227 4832 (Matth.
1258 4773 1386 4827 xxv,
1428 4755 1541 4828 10).
1574 4755 1746 4813 Tanta
1791 4766 1877 4814 est

275 4853 424 4910 enim
445 4851 591 4924 apud
609 4850 895 4909 Dominum
923 4858 1168 4907 nostrum
1187 4865 1315 4906 cura
1334 4849 1675 4918 miserorum,
1694 4856 1756 4907 ut
1773 4849 1877 4906 sibi

276 4945 582 5019 pmstitum
607 4949 764 5016 putet
788 4942 1049 5014 quidquid
1088 4942 1372 5015 egentibus
1415 4943 1659 5013 erogatio
1712 4942 1877 4998 mise-

278 5036 451 5094 randa
499 5035 808 5093 contulerit.
862 5032 1120 5091 Videmus
1174 5034 1337 5101 igitur
1397 5033 1682 5104 aliquoties
1734 5033 1879 5090 inter

282 5127 611 5187 abundantis
632 5127 745 5184 viui
780 5125 1142 5198 frumentique
1188 5125 1514 5182 commercia
1543 5132 1765 5196 egentes
1789 5125 1877 5182 vi-

284 5221 438 5286 duas,
461 5233 600 5292 quas
624 5233 787 5276 sexus
809 5226 867 5276 et
895 5225 1149 5276 senectus
1179 5216 1412 5289 decepit,
1444 5216 1640 5288 quibus
1665 5233 1769 5275 nec
1795 5218 1879 5275 la-

284 5311 535 5381 borandi,
557 5326 664 5371 nec
687 5309 1008 5384 providendi
1030 5310 1203 5367 virtus
1219 5308 1476 5382 suppetit.
1501 5307 1646 5366 Satis
1664 5310 1756 5367 ille
1774 5310 1881 5366 im-

288 5406 408 5479 pius
457 5410 563 5473 est,
589 5403 764 5474 lquem
789 5417 903 5460 non
941 5400 1009 5457 ad
1044 5400 1470 5479 misericordiam
1499 5409 1764 5473 provocat
1788 5409 1884 5459 aut

289 5497 577 5569 infelicitas
594 5493 966 5562 desolatiouis,
990 5500 1085 5550 aut
1110 5492 1395 5551 infirmitas
1412 5478 1417 5485 ’
1432 5493 1747 5551 senectutis.
1786 5492 1883 5550 Vi-

291 5588 501 5658 demus,
545 5595 604 5646 et
641 5588 790 5660 quod
821 5586 977 5660 peius
1013 5594 1116 5655 est,
1146 5587 1458 5659 frequenter
1483 5587 1883 5645 multitudinem

294 5681 629 5753 captivorum
673 5679 830 5737 nudis
873 5693 1059 5736 errare
1084 5679 1424 5750 corporibus.
1464 5677 1604 5747 Quid
1631 5678 1731 5735 tibi
1750 5693 1883 5752 pro-

296 5771 416 5830 dest
458 5771 785 5833 abundantia
825 5771 1133 5828 divitiarum
1164 5778 1400 5837 tuarmn,
1421 5770 1483 5843 [si
1506 5771 1563 5829 in
1589 5778 1885 5843 conspectu

298 5871 393 5923 tuo
417 5883 558 5925 unus
580 5866 774 5939 uigeat,
805 5866 943 5922 alter
975 5864 1214 5921 esuriat?

1969 3381 2081 3432 xix,
2103 3363 2236 3436 29)?
2265 3363 2347 3420 Tu
2370 3372 2571 3432 tamen,
2602 3364 2695 3435 qui
2724 3372 2831 3419 tam
2860 3364 3060 3421 invitus
3089 3362 3241 3421 fracti
3260 3363 3418 3437 panis
3438 3379 3569 3436 por-

1968 3459 2265 3515 tiunculam
2293 3458 2545 3531 porrigis,
2574 3457 2706 3529 quid
2724 3455 2951 3527 faceres,
2976 3458 3022 3514 si
3051 3465 3160 3514 ate
3181 3457 3299 3514 auri
3331 3455 3565 3530 pondus,

1969 3553 2015 3609 si
2036 3552 2246 3623 argenti
2274 3551 2573 3623 pretiosum
2614 3550 2899 3618 talentum,
2943 3558 3037 3606 aut
3064 3549 3266 3620 aliquid
3299 3550 3571 3621 integrum

1970 3646 2285 3719 peteretur?
2324 3644 2539 3711 Nescio,
2578 3645 2626 3701 si
2656 3656 2715 3700 tu
2754 3644 3046 3716 aliquando
3070 3644 3199 3701 dato
3219 3657 3418 3714 magno
3443 3657 3573 3714 pre-

1969 3738 2049 3793 tio
2076 3738 2349 3809 captivum
2392 3736 2646 3804 redimas,
2684 3737 2776 3807 qui
2804 3736 2872 3794 de
2891 3753 2952 3794 re
2972 3745 3085 3792 tam
3110 3751 3277 3809 parva
3306 3735 3568 3807 suspiras.

1974 3827 2075 3896 Qui
2100 3830 2322 3902 pauperi
2341 3831 2632 3895 miseretur,
2656 3828 2768 3886 Dee
2799 3831 3064 3903 [eneratur
3093 3827 3272 3901 (Prov.
3310 3844 3422 3896 XIX,
3452 3826 3565 3901 16).

1974 3921 2148 3989 Unde,
2172 3921 2528 3986 dilectissimi,
2556 3937 2755 3978 moueo
2776 3928 2838 3977 ut
2851 3936 3010 3978 nemo
3029 3927 3241 3993 partem
3260 3919 3569 3976 divitiarum

1972 4013 2087 4070 Deo
2125 4013 2428 4080 subtrahat,
2478 4013 2574 4083 qui
2614 4012 2776 4085 iustis
2825 4012 3101 4069 laboribus
3149 4027 3259 4068 non
3296 4009 3572 4069 difficilem

1952 4106 2102 4175 boni
2123 4106 2305 4177 operis
2326 4104 2557 4161 fructum
2582 4112 2845 4177 reportat,
2873 4120 2998 4161 cum
3015 4103 3401 4161 misericordiae
3420 4118 3570 4160 mer-

1974 4196 2163 4253 cedem
2192 4196 2473 4268 multiplici
2501 4195 2848 4252 miseratione
2886 4203 3221 4268 compensat.
3255 4193 3376 4251 Nou
3413 4193 3574 4251 dubi-

1974 4297 2151 4346 temus
2176 4289 2358 4360 itaque
2386 4303 2633 4359 erogare,
2665 4303 2773 4344 non
2816 4287 3215 4344 dissimulemus
3240 4284 3568 4358 expendere.

1974 4383 2208 4440 Maxima
2246 4382 2390 4439 enim
2437 4398 2654 4454 semper
2677 4380 2778 4438 fuit
2804 4380 2949 4455 apud
2985 4380 3223 4439 cultores
3248 4388 3409 4436 terrae
3429 4392 3573 4451 ,spes

1977 4474 2183 4532 alenda!
2201 4475 2345 4543 vitae,
2373 4490 2442 4533 ex
2468 4474 2796 4533 abundantia
2819 4473 3133 4532 seminasse.

2546 4606 2889 4665 HOMILIA
2924 4606 2996 4664 Χ.

2578 4723 2661 4781 De
2693 4726 2960 4799 parasitis.

2054 4839 2106 4894 1.
2148 4837 2619 4910 Quotiescumque,
2644 4838 2998 4906 dilectissimi,
3024 4835 3311 4912 prostudio
3330 4836 3574 4911 discipli-

1981 4946 2085 4999 nac,
2111 4929 2181 4986 ad
2194 4928 2564 4987 confusionem
2583 4931 2870 4999 malorum,
2883 4945 3020 5002 opus
3042 4914 3143 4985 fuit
3159 4930 3424 4987 bonarum
3444 4944 3575 5002 par-

1982 5026 2119 5082 tium
2130 5026 2357 5083 virtutes
2371 5041 2665 5098 exponere,
2678 5027 2906 5082 multum
2921 5024 3171 5082 amicitiis
3189 5023 3416 5079 honoris
3429 5022 3578 5079 exhi-

1980 5121 2215 5186 buimus,
2232 5134 2353 5176 cum
2368 5119 2578 5191 singula
2598 5134 2825 5191 qumque
2844 5135 2944 5191 pro
2963 5118 3077 5175 suis
3096 5115 3308 5174 meritis
3325 5114 3580 5173 laudare-

1982 5230 2105 5271 mus
2137 5233 2151 5268 :
2180 5212 2515 5286 prmferendo
2536 5210 2788 5268 fraternae
2815 5210 3210 5282 coniunctionis
3235 5208 3434 5275 studia,
3455 5222 3580 5279 quae

1984 5306 2136 5379 pacis
2162 5311 2218 5361 et
2244 5304 2525 5362 charitatis
2557 5302 2745 5375 iuncta
2771 5303 3046 5360 consortio
3064 5342 3080 5368 ,
3115 5302 3284 5357 vitam
3322 5298 3582 5372 perfecta:

1986 5397 2264 5468 religionis
2290 5397 2597 5453 instituunt.
2622 5393 2731 5452 Sed
2753 5395 2881 5451 dum
2906 5394 3118 5452 assidue
3140 5391 3473 5463 singularum
3492 5405 3585 5447 re-

1986 5506 2107 5548 rum
2136 5505 2327 5548 causas
2353 5489 2601 5546 curiosus
2627 5488 2862 5560 inquiro,
2893 5496 2949 5545 et
2966 5488 3211 5545 honestis
3230 5486 3441 5543 actibus
3463 5480 3586 5541 otii-

1989 5582 2133 5640 cium
2171 5582 2438 5640 sermonis
2466 5580 2852 5650 accommodo,
2882 5581 3112 5637 multum
3144 5581 3201 5637 in
3227 5580 3360 5653 ipsis
3388 5577 3582 5636 amici-

1994 5678 2081 5735 tiis
2106 5676 2254 5748 quod
2297 5676 2429 5732 mihi
2468 5675 2777 5746 displiceret
2808 5675 3008 5731 inveni.
3050 5671 3206 5730 Unde
3241 5688 3311 5730 ne
3355 5671 3486 5743 quid
3524 5672 3582 5729 in

1991 5772 2302 5829 adulatione
2341 5771 2604 5827 bonarum
2637 5770 2874 5843 partium
2909 5768 3245 5826 subtraxisse
3283 5766 3473 5824 videar
3494 5765 3583 5823 di-

1992 5865 2266 5940 sciplinas,
2297 5878 2462 5922 ausus
2486 5880 2609 5922 sum
2641 5864 2785 5921 inter
2820 5863 2941 5921 illas
2967 5861 3373 5920 inimicitiarum
3392 5859 3588 5933 culpas
