3960 6358
441 416 547 475 ’125

444 535 611 592 etiam
639 530 901 589 amidtias
928 528 1209 598 castigare,
1239 526 1287 583 si
1306 532 1488 583 tamen
1517 526 1769 583 amicitia:
1796 522 2039 583 dicenda:
2065 526 2121 590 Α

445 634 593 693 sunt,
623 620 718 681 ubi
754 630 1012 696 operatur
1032 618 1228 692 injuria
1257 619 1439 676 multis
1467 624 1586 675 acta
1619 618 1947 676 vulneribus.
1979 617 2041 675 ln

447 731 558 790 quo
596 714 720 773 loco
758 712 827 771 ad
868 710 1230 771 excusandam
1273 710 1623 769 exsecrabilis
1662 710 1864 767 erroris
1902 710 2041 766 invi-

445 811 611 880 diam,
636 808 897 882 aliquanti
917 806 1058 865 forte
1084 806 1262 864 lusum
1282 804 1639 878 praetendant,
1664 813 1719 860 et
1738 804 2041 876 pmnalibus

444 904 625 963 causis
651 902 852 960 laetitia:
881 890 1083 957 nomen
1120 900 1422 972 imponant.
1451 896 1612 954 Ferat
1639 897 1746 955 hoc
1776 912 1883 969 quo
1909 897 2043 954 libet

447 998 649 1063 animo,
680 995 773 1066 qui
792 990 1100 1066 hujusmodi
1123 990 1468 1047 contumeliis
1494 988 1777 1060 subjacere
1805 1004 2039 1047 consue-

445 1089 545 1147 vit.
558 1087 673 1161 Ego
693 1088 769 1145 ibi
788 1085 1054 1144 amicitias
1072 1083 1371 1140 excessisse
1392 1097 1553 1139 omne
1575 1094 1744 1152 genus
1760 1082 2042 1154 captivita-

445 1184 519 1241 tis
537 1191 690 1258 puto,
720 1183 813 1239 ubi
836 1196 936 1239 nec
956 1182 1081 1237 lasso
1102 1180 1294 1245 irasci,
1319 1192 1420 1235 nec
1448 1177 1608 1246 irato,
1637 1177 1892 1234 convenit
1919 1176 2039 1232 vin-

446 1275 635 1335 dicari.
666 1274 725 1331 in
750 1290 860 1347 quo
888 1274 1041 1340 loco,
1074 1271 1437 1337 dilectissimi,
1463 1284 1623 1348 quem
1654 1286 1722 1327 ex
1756 1271 1857 1344 ιε
1901 1269 2039 1326 duo-

444 1367 550 1426 bus
594 1365 949 1423 infeliciorem
987 1363 1257 1435 judicem,
1298 1365 1485 1420 nescio
1511 1382 1524 1418 :
1548 1371 1730 1419 utrum
1760 1362 1911 1418 illum
1948 1361 2043 1433 qui

446 1462 624 1518 aliena
655 1457 1048 1517 deformatione
1070 1457 1222 1523 vivit,
1253 1470 1323 1512 an
1352 1456 1515 1513 istum
1545 1456 1638 1526 qui
1667 1469 1863 1527 corpus
1884 1469 2041 1511 suum

446 1553 683 1611 ludibrio
700 1550 978 1626 prostituit
1001 1558 1057 1608 et
1077 1549 1417 1607 iilusionibus
1445 1548 1686 1605 tradidit.
1715 1547 1884 1605 Nemo
1907 1548 2042 1606 mihi

448 1647 505 1703 in
530 1647 726 1703 talibus
746 1644 924 1702 causis
944 1643 1221 1717 patientiae
1243 1657 1441 1701 nomen
1468 1643 1713 1715 imponat
1735 1659 1749 1697 :
1787 1642 1856 1699 ad
1880 1642 2040 1699 luxu-

444 1737 585 1795 riam
608 1737 853 1815 profecto
874 1736 1107 1810 pertinet
1130 1750 1310 1807 poena,
1342 1748 1506 1808 quam
1529 1734 1812 1792 irascentis
1839 1734 2042 1792 inimici

448 1844 561 1888 non
587 1833 874 1900 extorquet
894 1827 1107 1899 injuria.
1127 1824 1237 1884 Sed
1264 1824 1406 1883 forte
1428 1827 1548 1883 istis
1572 1826 1749 1884 danda
1769 1827 1925 1883 venia
1947 1827 2039 1898 sit,

1418 410 1475 469 S.
1503 409 1894 469 .VALERIANI
1934 409 2240 470 EPlSCOPl
2282 411 2732 473 CEMELIENSIS

3627 418 3723 479 πί

2143 526 2291 584 nulla
2320 537 2502 586 tamen
2524 528 2668 587 inter
2690 539 3071 603 exspectantes
3092 540 3305 587 tenetur
3328 531 3489 605 culpa
3508 535 3717 604 peccati.

2143 621 2286 680 Ecce
2332 623 2617 681 instruitur
2663 625 2808 682 acies
2850 625 3170 699 poculorum
3211 626 3332 683 telis
3374 637 3598 684 armata.
3626 627 3723 687 Ex.

2143 724 2421 789 spectatur
2445 720 2678 790 primum
2701 720 2755 774 in
2783 719 3130 775 contentione
3157 720 3447 775 verborum
3470 721 3716 780 victoria:

2143 824 2247 865 nec
2274 806 2395 865 ﬂuis
2421 810 2658 882 ponitur,
2691 811 2866 867 donec
2894 811 3291 867 abundantibus
3309 812 3563 885 lacrymis
3582 830 3721 886 aspe-

2143 917 2203 958 ra
2226 918 2453 974 quaeque
2481 904 2801 976 poculorum
2816 913 3211 977 temperentur.
3245 905 3500 963 Polluere
3524 916 3602 963 est
3621 926 3719 965 ma-

2143 994 2225 1065 gis
2253 1008 2415 1064 quam
2438 1010 2707 1052 exornare
2734 997 3038 1053 convivium
3056 1039 3070 1063 ,
3096 1008 3415 1068 exspectare
3446 997 3718 1056 infelicium

2144 1100 2353 1159 pugnas
2382 1076 2719 1144 amicorum:
2751 1088 2799 1143 si
2826 1097 3007 1144 tamen
3037 1089 3190 1145 amici
3223 1089 3440 1146 dicendi
3470 1100 3611 1158 sunt,
3640 1091 3719 1162 qui

2144 1179 2481 1252 captivorum
2517 1180 2635 1250 lege
2675 1180 2943 1248 serviunt,
2978 1188 3034 1235 et
3060 1178 3419 1249 gladiatorum
3448 1196 3600 1237 more
3633 1197 3719 1252 pa-
3762 1164 3771 1174 ’

2144 1280 2386 1331 scuntur.
2422 1272 2595 1330 Datur
2622 1274 2821 1330 misero
2850 1273 2993 1330 inter
3024 1274 3267 1331 ciborum
3298 1274 3597 1341 novitates,
3627 1275 3720 1332 vini

2144 1366 2400 1437 liquores,
2424 1366 2683 1438 quidquid
2704 1367 2882 1435 vilius,
2900 1366 3160 1437 quidquid
3180 1366 3446 1438 asperius,
3470 1374 3530 1421 ut
3548 1365 3599 1421 in
3616 1374 3720 1422 tau-

2145 1468 2200 1515 ta
2225 1472 2406 1516 rerum
2439 1459 2767 1516 abundantia
2798 1460 3061 1516 incertum
3094 1459 3163 1515 sit
3190 1467 3369 1515 utrum
3411 1458 3617 1515 esurire
3641 1464 3718 1514 aut

2146 1551 2301 1608 sitire
2318 1552 2399 1607 sit
2425 1551 2637 1608 melius.
2664 1551 2840 1608 Minus
2864 1550 3023 1624 plane
3051 1551 3283 1607 ludibrio
3311 1550 3561 1622 subjacet
3586 1559 3717 1608 teuc-

2143 1642 2321 1700 brosis
2345 1644 2562 1700 sedibus
2583 1643 2837 1717 deputata
2861 1643 3179 1715 captivitas;
3226 1643 3318 1699 ubi
3346 1643 3594 1714 quamvis
3617 1659 3716 1701 sus-

2144 1737 2316 1793 tineat
2345 1739 2509 1793 homo
2536 1737 2727 1794 durum
2757 1737 3140 1793 dominationis
3168 1737 3458 1808 imperium
3479 1779 3497 1803 ,
3547 1736 3717 1808 accipit

2147 1834 2331 1884 tamen
2363 1843 2430 1885 ex
2469 1828 2584 1900 ipsa
2619 1842 2801 1884 rerum
2841 1829 3166 1885 necessitate
3196 1828 3413 1884 solatia.
3445 1826 3565 1883 Non
3592 1827 3715 1882 enim

446 1936 586 1997 quos
610 1924 679 1981 ad
701 1938 917 1980 omnem
944 1921 1327 1980 contumeliam
1348 1928 1644 1995 paupertas
1666 1921 1848 1989 trahit,
1881 1929 1935 1979 et
1957 1923 2038 1978 in-
2074 1910 2122 1971 Β
2145 1921 2338 1991 habet,
2370 1922 2425 1979 in
2456 1937 2565 1994 quo
2592 1923 2765 1994 possit
2791 1922 3140 1987 erubescere,
3171 1923 3258 1978 cui
3284 1938 3510 1978 necesse
3541 1931 3619 1979 est
3643 1922 3712 1977 iu-

443 2011 574 2073 felix
601 2015 827 2088 penuria
858 2013 1259 2072 luxuriantibus
1290 2012 1465 2085 plagis
1497 2012 1777 2085 subjacere
1801 2013 2041 2086 compel-

442 2102 536 2177 lit;
557 2109 649 2180 qui
679 2107 806 2164 dum
834 2106 1146 2163 necessitati
1167 2104 1428 2170 serviunt,
1459 2105 1802 2162 contumeliis
1830 2107 2043 2178 acquie-

444 2211 622 2262 scunt.
644 2202 776 2259 Esto
804 2211 865 2258 ut
891 2201 977 2258 his
1003 2200 1321 2274 patientiam
1343 2212 1507 2257 causa
1530 2198 1789 2272 improba:
1809 2214 2042 2271 pauper-

446 2297 576 2353 tatis
618 2297 848 2363 indicat;
887 2294 1015 2367 quid
1051 2294 1119 2351 de
1160 2294 1265 2350 illis
1300 2292 1636 2365 judicamus,
1680 2308 1818 2364 quos
1866 2294 2041 2351 aliena

445 2389 623 2463 pascit
659 2387 1020 2445 contumelia?
1048 2386 1237 2456 Qualis
1278 2387 1381 2443 iste
1416 2385 1617 2456 gradus
1655 2393 1739 2442 est
1776 2386 2042 2443 amicitia-

445 2499 566 2540 rum
584 2523 599 2548 ,
630 2498 791 2553 quem
823 2481 993 2539 vinxit
1019 2496 1207 2553 paena,
1244 2477 1517 2553 asperavit
1543 2476 1777 2549 injuria?
1800 2485 1895 2533 aut
1920 2492 2043 2549 quas

444 2576 525 2633 illi
552 2583 733 2649 potest
765 2590 885 2631 esse
912 2574 1088 2647 gratia
1114 2571 1525 2642 familiaritatis,
1555 2571 1650 2629 ubi
1682 2580 1767 2629 est
1798 2572 2042 2646 quotidie

442 2684 604 2743 poena
622 2666 866 2724 venalis?

513 2760 567 2817 2.
608 2759 882 2818 Erubesce
923 2754 1178 2831 quidem,
1209 2752 1583 2827 dilectissimi,
1625 2754 1682 2814 in
1720 2755 2041 2815 confusione

442 2853 767 2912 miserorum
794 2869 932 2925 quos
968 2850 1140 2910 fames
1178 2852 1440 2927 improbis
1480 2849 1791 2924 cupiditatis
1830 2850 2036 2919 illexit;

442 2947 539 3006 sed
558 2946 728 3005 multo
746 2947 869 3020 plus
896 2946 1111 3004 illorum
1139 2952 1264 3002 actu
1284 2953 1341 3003 et
1361 2944 1776 3003 conversatione
1801 2944 2035 3016 suspiro,

444 3039 587 3113 apud
609 3054 745 3111 quos
764 3039 995 3113 poenalis
1024 3034 1265 3094 amicitia
1284 3036 1561 3093 tristitiam
1584 3034 1815 3091 removit
1832 3074 1847 3099 ,
1872 3044 1927 3090 et
1946 3033 2041 3089 he-

389 3208 392 3211 λ
439 3135 616 3192 titiam
649 3143 907 3191 cruentus
948 3148 1105 3188 amor
1132 3129 1517 3188 familiaritatis
1559 3129 1758 3198 exegit.
1793 3125 2039 3184 Infelices

441 3227 659 3299 quidem
680 3224 801 3283 illos
821 3225 1025 3297 judico,
1049 3240 1186 3296 quos
1209 3223 1277 3279 ad
1295 3222 1479 3293 jugem
1498 3221 1882 3279 contumeliam
1904 3234 2038 3275 ven-

439 3288 527 3378 ter
564 3320 786 3386 invitat,
821 3288 883 3375 et
920 3316 986 3373 ad
1012 3288 1247 3373 omnem
1286 3288 1538 3386 injuriam
1576 3312 1701 3384 gula
1744 3326 2038 3382 numquam
2062 3288 2113 3355 C

439 3411 652 3485 poculis
682 3411 1015 3468 exsatiatura
1044 3408 1320 3466 sollicitat.
1352 3405 1461 3463 Sed
1501 3407 1636 3463 istos
1660 3406 1832 3461 multo
1860 3404 2038 3461 infeli-

442 3505 619 3565 ciores
646 3513 799 3577 puto,
821 3505 917 3576 qui
937 3504 1111 3559 amica
1133 3501 1479 3573 instigatione
1500 3509 1709 3571 pugnas
1729 3498 2034 3565 instituunt,

441 3607 500 3658 et
526 3599 667 3655 inter
692 3598 922 3656 fluentes
948 3611 1100 3652 mero
1128 3594 1326 3652 calices
1346 3593 1525 3650 alieno
1551 3593 1815 3664 sanguine
1835 3591 2041 3647 satian-

441 3700 550 3748 tur.
581 3687 722 3747 Ecce
748 3690 839 3744 hic
864 3686 1172 3743 convivium
1202 3685 1463 3750 instituit,
1496 3691 1553 3741 et
1590 3684 1773 3738 votivo
1802 3681 2040 3751 quodam

443 3790 711 3856 apparatu
754 3779 994 3851 undique
1040 3791 1233 3848 greges
1286 3775 1623 3833 adulantium
1669 3775 2034 3844 congregavit.

442 3875 590 3933 Inter
616 3888 754 3945 quos
780 3871 1028 3945 procedit
1054 3871 1418 3945 parasitorum
1439 3869 1563 3939 gula
1589 3886 1602 3923 :
1632 3868 1719 3924 cui
1745 3874 2039 3923 consuetu-

443 3966 585 4025 dinis
606 3974 696 4025 est
736 3960 989 4037 injuriam
1028 3977 1180 4019 mero
1211 3960 1480 4027 vendere,
1525 3968 1581 4016 et
1616 3958 1830 4033 poculis
1870 3959 2038 4016 scissa

441 4058 616 4131 plagis
639 4058 959 4115 vestimenta
988 4052 1213 4111 sarcire.
1246 4050 1438 4109 Videte
1465 4065 1625 4125 ergo,
1650 4051 1924 4123 quomodo
1944 4051 2038 4108 isti

440 4152 621 4210 ferant
639 4152 887 4208 odiorum
915 4163 1127 4214 causas,
1159 4145 1302 4219 apud
1329 4159 1468 4217 quos
1488 4154 1741 4201 cruentas
1763 4159 1883 4201 esse
1919 4144 2038 4216 pla-

441 4253 531 4304 cet
567 4242 849 4302 amicitias.
885 4241 1025 4311 Quid
1064 4256 1172 4296 nou
1212 4240 1419 4296 invenit
1451 4237 1638 4295 infelix
1677 4253 1741 4296 ac
1778 4239 2038 4296 damnosa

439 4335 689 4393 luxuria?
717 4332 858 4391 Ecce
879 4331 938 4388 ﬁt
964 4332 1277 4403 spectaculo
1299 4331 1464 4387 homo
1492 4330 1703 4385 homini
1728 4349 1742 4385 :
1768 4339 1823 4387 et
1844 4331 1913 4387 ad
1942 4345 2039 4387 ex-

439 4424 715 4486 citandam
742 4425 982 4481 laetitiam
1004 4432 1097 4479 aut
1120 4437 1300 4480 sermo
1320 4423 1511 4496 turpis,
1544 4430 1639 4479 aut
1667 4423 1845 4480 vultus
1864 4424 2037 4494 exigi-

437 4529 530 4576 tur
549 4518 826 4575 fmditatis.
854 4514 994 4572 lluic
1020 4515 1253 4586 denique
1286 4515 1636 4571 manducanti
1668 4516 1837 4571 barba
1878 4516 2036 4571 velli-

2146 2016 2259 2073 vito
2288 2016 2511 2072 servire.
2544 2013 2719 2071 Velim
2747 2022 2925 2070 tamen
2956 2015 3128 2082 scire,
3159 2013 3532 2081 dilectissimi,
3556 2014 3714 2085 inquo

2144 2107 2354 2163 reficiat
2373 2107 2737 2179 exspectantis
2757 2107 2993 2161 animum
3016 2106 3209 2177 injuria
3231 2104 3589 2161 deformitatis
3605 2105 3714 2161 alie-

2146 2216 2246 2257 nte.
2278 2201 2538 2258 Asserant
2560 2200 2697 2257 forte
2716 2201 2879 2272 hujus
2900 2201 2982 2258 rei
3007 2208 3278 2256 amatores
3301 2199 3441 2270 jocis
3470 2200 3570 2255 ista
3594 2215 3709 2271 pra:-

2145 2292 2277 2351 stari
2301 2310 2314 2347 :
2340 2293 2493 2364 quasi
2519 2310 2580 2351 re
2600 2310 2729 2350 vera
2750 2292 2892 2350 desit
2910 2292 3056 2350 unde
3078 2293 3243 2348 homo
3262 2308 3375 2348 non
3396 2292 3651 2362 requirat.

2216 2388 2268 2442 Α.
2311 2387 2605 2447 Ostendam
2635 2389 2820 2455 vobis,
2863 2388 2910 2445 si
2936 2389 3147 2460 placet,
3191 2386 3583 2443 oblectamenta
3616 2399 3709 2441 non

2140 2480 2517 2548 incommoda,
2556 2495 2677 2551 qua:
2725 2479 2882 2537 facile
2929 2495 3148 2536 omnem
3193 2478 3521 2535 tabescentis
3567 2476 3708 2532 annui

2142 2575 2356 2649 possint
2381 2575 2696 2632 mmstitiam
2724 2588 3029 2631 removere.
3070 2571 3212 2629 Ecce
3240 2570 3532 2627 infantibus
3566 2584 3708 2641 quam

2144 2677 2273 2727 sunt
2298 2669 2588 2726 verborum
2610 2667 2923 2725 admiranda
2950 2665 3215 2740 principia
3240 2684 3253 2720 :
3285 2664 3379 2721 ubi
3406 2665 3624 2736 primum
3642 2664 3709 2717 in-

2145 2761 2334 2819 formis
2360 2763 2537 2818 littera
2562 2762 2882 2819 vocabulum
2908 2760 3098 2816 matris
3119 2767 3393 2830 operatur,
3417 2763 3472 2811 ct
3488 2754 3708 2811 distantis

2143 2856 2364 2931 syllabas
2400 2857 2631 2926 gemitus
2668 2855 2839 2926 patris
2874 2868 3072 2908 nomen
3102 2850 3350 2907 orditur?
3383 2849 3513 2918 Quis
3544 2856 3703 2903 autem

2144 2949 2220 3007 ibi
2248 2949 2403 3006 lietus
2432 2965 2538 3004 non
2565 2949 2667 3017 sit,
2690 2964 2813 3004 cum
2834 2948 2978 3003 inter
3006 2945 3096 3001 illa
3136 2957 3447 2999 sermonum
3474 2941 3599 2997 dura
3629 2954 3705 2994 rn-

2142 3042 2402 3109 dimenta,
2433 3042 2701 3098 luctantes
2726 3041 2991 3096 labiorum
3014 3053 3179 3095 sonos
3203 3036 3353 3092 rudis
3382 3035 3553 3105 lingua
3574 3032 3701 3088 deci-

2142 3133 2255 3205 pit,
2281 3141 2337 3190 et
2365 3148 2427 3188 os
2455 3131 2724 3204 trepidum
2762 3130 3021 3187 stillantia
3063 3128 3229 3184 verba
3257 3124 3537 3183 destituit?
3566 3119 3703 3190 000‘

2142 3227 2190 3282 si
2220 3224 2360 3281 forte
2389 3225 2715 3297 spectaculis
2741 3222 3064 3290 delectaris,
3086 3220 3256 3277 habes
3284 3232 3558 3291 equorum,
3585 3216 3696 3270 licet

2145 3319 2433 3390 aliquoties
2460 3318 2795 3389 periculosa,
2836 3317 2967 3372 satis
2995 3323 3177 3371 tamen
3212 3323 3369 3385 grata
3409 3310 3690 3376 certamina,

2146 3428 2270 3470 cum
2290 3413 2464 3487 plagis
2489 3412 2660 3482 gradu
2680 3411 2895 3467 concito
2925 3418 3124 3465 ventos
3152 3416 3246 3463 aut
3277 3408 3501 3463 timeant
3527 3410 3699 3459 antru-

2144 3505 2318 3579 piunt.
2351 3503 2462 3559 Nec
2482 3518 2673 3577 parum
2708 3501 2907 3558 lmtitias
2929 3499 3217 3558 conferunt
3236 3498 3329 3555 illa
3358 3498 3531 3555 studia
3557 3509 3702 3551 vena-

2146 3597 2375 3664 tionum,
2400 3603 2457 3652 et
2485 3595 2710 3651 canibus
2739 3603 2861 3651 acta
2889 3593 3202 3659 certamina,
3234 3607 3359 3662 quae
3388 3606 3489 3648 nec
3515 3588 3701 3661 perien-

2144 3689 2229 3757 lis,
2259 3705 2361 3745 nec
2386 3688 2596 3744 damnis
2616 3695 2833 3744 constat
2858 3686 3105 3757 exposita
3140 3703 3152 3739 :
3189 3700 3314 3740 cum
3340 3684 3431 3740 hic
3466 3683 3517 3739 in
3543 3677 3703 3738 conﬁ-

2144 3786 2236 3835 ctu
2272 3779 2479 3834 aemulis
2503 3778 2748 3833 cursibus
2776 3778 2953 3832 aurito
2980 3775 3155 3846 lepori
3175 3774 3438 3838 imminet,
3469 3773 3552 3827 ille
3570 3783 3703 3840 argu-

2143 3872 2215 3927 tis
2242 3870 2463 3926 naribus
2483 3869 2629 3926 cervi
2649 3868 2871 3938 vestigia
2892 3866 3114 3923 latentis
3134 3866 3379 3936 inquirit.
3404 3864 3531 3933 Quo
3546 3871 3702 3919 tamen

2143 3963 2460 4020 dimittenda
2487 3971 2613 4018 sunt
2635 3961 2853 4028 saeculo,
2876 3961 2932 4016 in
2953 3975 3062 4031 quo
3084 3960 3307 4029 antiquo
3326 3964 3520 4014 :estuat
3544 3969 3701 4012 error!

2138 4054 2373 4111 luxuria.
2405 4053 2517 4109 Nos
2542 4070 2674 4109 vero
2702 4052 2861 4108 aliter
2887 4050 3072 4117 decet,
3104 4064 3244 4121 quos
3263 4046 3512 4104 Christus
3545 4053 3703 4103 noster

2144 4148 2257 4204 suis
2284 4146 2492 4218 legibus
2522 4146 2712 4211 vinxit,
2746 4153 2802 4200 et
2828 4144 2897 4199 ab
2918 4143 3011 4198 illa
3030 4142 3426 4213 superstitiosa!
3459 4138 3701 4211 gentilita-

2140 4241 2214 4296 tis
2241 4240 2465 4296 stuititia
2492 4238 2814 4309 segregavit.
2850 4235 3000 4291 Licet
3021 4250 3123 4290 nec
3138 4234 3297 4289 nobis
3316 4233 3498 4291 desint
3514 4236 3697 4304 specta-

2144 4336 2263 4392 cula
2281 4378 2296 4403 ,
2325 4349 2445 4405 qua:
2474 4333 2747 4389 tristitiam
2774 4330 3052 4397 relevent,
3083 4336 3140 4385 et
3178 4328 3398 4383 anxium
3438 4326 3576 4383 curis
3607 4323 3699 4379 ani-

2142 4444 2291 4484 mum
2320 4426 2650 4483 sufficienter
2677 4423 2968 4479 oblectent.

2218 4518 2268 4574 5.
2310 4516 2584 4573 Ponamus
2620 4514 2777 4571 nobis
2804 4524 2934 4570 ante
2974 4512 3167 4570 ocuios
3195 4512 3316 4567 illas
3342 4525 3547 4584 pugnas
3576 4521 3696 4563 Inar-

437 4621 547 4679 tur,
581 4611 656 4665 illi
691 4610 893 4665 bibenti
924 4607 1111 4664 sedilia
1145 4608 1566 4672 sdatrabuntur;
1610 4607 1699 4663 hic
1725 4607 1872 4677 ligno
1899 4607 2070 4684 scis-A
2142 4621 2353 4684 tyrum,
2398 4616 2454 4665 et
2498 4609 2808 4664 intueamur
2844 4604 3240 4661 admirabilium
3268 4602 3516 4674 exempla
3559 4600 3695 4654 vinu-

437 4706 542 4772 sili,
572 4703 663 4760 ille
690 4702 864 4772 fragili
893 4703 1034 4758 vitro
1056 4702 1315 4773 pascitur.
1349 4702 1520 4757 Tanta
1553 4712 1637 4757 est
1666 4703 1829 4772 igitur
1856 4702 2023 4760 libido
2058 4682 2114 4747 Ῐ)
2139 4682 2286 4771 tum;
2327 4710 2383 4758 et
2422 4699 2670 4756 videbitis
2697 4699 2877 4755 subito
2922 4705 3269 4753 accrescente
3310 4696 3495 4750 tientia
3534 4690 3696 4748 cedere

435 4798 649 4857 ridendi
667 4840 683 4867 ,
712 4806 778 4854 ut
796 4805 989 4868 putent
1005 4797 1192 4853 miseri
1222 4796 1427 4852 nullum
1449 4797 1568 4852 sine
1597 4796 1779 4852 laetitia
1804 4798 2035 4854 transire

436 4890 765 4956 convivium,
790 4889 894 4945 nisi
912 4890 969 4945 in
989 4887 1140 4945 cibos
1169 4889 1430 4945 verterint
1451 4898 1545 4944 aut
1564 4889 1886 4945 vestimenta
1908 4905 2035 4946 cor-

406 4997 649 5056 ,porum,
680 4990 776 5038 aut
802 4981 1099 5038 ministeria
1119 4981 1459 5053 poculorum.
1485 4979 1711 5050 Quantis
1733 4990 1914 5038 autem
1935 4999 2037 5054 pu-

434 5076 564 5134 tatis
586 5076 815 5133 miseriis
835 5074 937 5130 ista
959 5076 1247 5131 constare?
1270 5071 1409 5129 Ecce
1429 5073 1692 5144 quidquid
1720 5075 2038 5131 detrimenti

432 5185 622 5227 mensa
649 5168 868 5237 fecerit,
897 5167 1224 5224 insatiabilis
1255 5176 1448 5224 venter
1480 5167 1728 5239 acquirit.
1772 5165 1907 5222 Nam
1937 5167 2031 5237 qui

434 5261 747 5333 hujusmodi
775 5260 1146 5331 voluptatLbus
1172 5260 1369 5327 servit,
1400 5259 1567 5315 etiam
1608 5258 1919 5315 mercedem
1945 5258 2031 5313 la-

432 5354 585 5412 boris
622 5354 706 5410 sui
743 5360 840 5408 aut
867 5351 1103 5409 bibendo
1131 5353 1391 5418 conterit,
1429 5360 1523 5408 aut
1553 5352 1862 5425 vapulando
1894 5368 2030 5409 con-

438 5445 621 5502 sumit.

508 5539 563 5596 3.
592 5536 697 5595 Sed
712 5539 829 5596 hzec
840 5546 966 5594 ante
982 5536 1164 5594 omnia
1181 5537 1285 5593 illis
1300 5536 1609 5610 imputanda
1626 5545 1772 5604 sunt,
1798 5549 1919 5606 qua:
1928 5536 2028 5591 la:-

436 5632 568 5689 titisc
581 5642 741 5687 causa
754 5629 819 5686 ad
834 5639 943 5686 tam
959 5628 1155 5687 foedum
1172 5630 1525 5687 ministerium
1542 5629 1764 5700 gradum
1781 5628 2031 5685 amicitia

439 5735 498 5783 et
518 5725 889 5783 familiaritatis
902 5724 1181 5782 inclinant.
1200 5724 1258 5780 in
1280 5724 1505 5780 meliore
1519 5721 1762 5795 profecto
1781 5727 1927 5778 statu
1946 5729 2031 5778 est

439 5818 581 5892 apud
600 5818 883 5877 Dominum
896 5817 1145 5884 servitus,
1168 5832 1288 5891 qua:
1307 5816 1484 5874 standi
1505 5816 1624 5889 lege
1643 5815 1904 5888 deputato
1930 5830 2030 5891 pa-

442 5918 525 5969 ret
536 5903 736 5967 cilicio.
767 5906 861 5964 Est
881 5907 956 5964 illi
977 5908 1119 5963 inter
1137 5908 1516 5964 accumbentes
1535 5908 1683 5965 locus
1712 5907 1942 5972 ridendi,
1967 5916 2028 5967 et

2141 4810 2330 4852 omnes
2370 4793 2663 4849 infelicium
2705 4797 2868 4847 aestus
2908 4790 3234 4845 animorum.
3272 4786 3378 4843 Cui
3417 4796 3585 4842 autem
3608 4797 3696 4836 non

2138 4882 2381 4943 lietitiam
2408 4893 2564 4957 paret
2590 4898 2769 4955 pugna
2788 4927 2801 4950 ,
2822 4881 2983 4953 justis
3016 4882 3262 4953 partibus
3296 4879 3609 4936 succedente
3631 4872 3694 4928 vi-

2142 4982 2346 5048 ctoria,
2378 4995 2541 5050 quam
2576 4979 2719 5035 ferus
2742 4977 2916 5033 hostis
2945 4976 3179 5032 admotis
3210 4982 3593 5031 tormentorum
3620 4969 3696 5024 sti-

2140 5073 2302 5128 muiis
2324 5073 2377 5128 in
2397 5079 2708 5127 sanctorum
2727 5069 3105 5141 persecutione
3125 5069 3467 5139 composuit?
3476 5065 3598 5133 Quis
3618 5061 3695 5130 igi-

2139 5175 2232 5223 tur
2251 5182 2359 5221 non
2381 5165 2575 5231 rideat,
2595 5163 2716 5235 quis
2740 5179 2847 5219 non
2874 5160 3028 5218 hctus
3046 5162 3137 5228 sit,
3160 5177 3282 5217 cum
3312 5161 3491 5216 videat
3504 5158 3696 5213 militem

2140 5259 2341 5317 Christi
2392 5260 2564 5315 nostri
2610 5258 2888 5330 suppliciis
2933 5255 3344 5311 exsultantem?
3381 5254 3696 5309 erubescente

2137 5348 2533 5425 persecutionis
2562 5357 2801 5416 auctore,
2842 5349 3047 5404 victum
3074 5347 3251 5419 plagis
3295 5348 3524 5402 cessisse
3544 5350 3692 5397 torto-

2134 5446 2289 5501 rem?
2327 5443 2386 5500 Si
2426 5443 2547 5514 quis
2575 5442 2714 5497 forte
2760 5440 3024 5496 dulcisoni
3069 5447 3262 5494 cantus
3301 5437 3592 5493 delectatur
3622 5446 3696 5485 au-

2136 5536 2273 5605 ditu,
2297 5536 2365 5592 ad
2391 5534 2736 5608 psallentium
2761 5535 3148 5606 prophetarum
3177 5532 3380 5587 choros
3399 5528 3613 5586 «illicita
3630 5523 3696 5577 ia-

2137 5629 2245 5687 tius
2290 5628 2455 5687 corda
2501 5634 2803 5685 convertat.
2850 5626 3145 5699 lmpleatur
3178 5640 3239 5681 os
3279 5630 3518 5680 nostrum
3552 5615 3692 5673 ciale-

2134 5723 2299 5781 stium
2344 5721 2707 5779 exsultatione
2769 5718 3102 5791 psalmorum
3121 5758 3136 5783 ,
3186 5716 3459 5774 referente
3506 5708 3694 5767 Christo

2133 5825 2322 5874 nostro
2351 5817 2572 5887 gratias,
2596 5815 2689 5885 qui
2722 5829 2820 5886 spe
2847 5808 3073 5869 reddita:
3099 5811 3293 5868 salutis
3320 5809 3376 5866 in
3404 5809 3598 5865 honore
3616 5816 3695 5857 no-

2131 5910 2292 5965 minis
2319 5909 2401 5964 sui
2421 5907 2625 5974 jugiter
2660 5906 2931 5962 exsultare
2958 5920 3058 5959 nos
3086 5903 3273 5958 voluit.
3296 5891 3692 5958 διασκεψά-
