3924 6368
238 298 342 356 ’125
1741 305 1830 360 H0

1939 307 2014 360 ,ιλ
2067 300 2128 345 \'t
2381 288 2383 290 ’
3419 299 3522 357 726

241 417 374 471 latio
407 414 590 472 cordis
618 415 819 483 nostri,
853 422 912 470 ut
949 414 1037 468 die
1066 419 1335 484 noctuque
1363 413 1608 471 laetemur
1637 414 1688 468 in
1729 413 1830 468 Do—
1861 421 1896 465 Α
1934 417 2118 470 Mutis
2161 426 2388 488 nostrae,
2429 424 2493 479 ut
2525 419 2796 480 malorum
2836 425 3053 482 actuum
3089 421 3338 492 ordinem
3363 423 3523 482 nobis

235 508 404 563 mino.
453 507 568 563 Hoc
609 515 692 564 est
727 513 916 572 autem
955 505 1260 573 exsultare,
1302 504 1572 561 mandatis
1611 504 1826 560 Domini
1931 506 2274 578 imputemus,
2298 510 2568 566 bonorum
2589 509 2685 565 Dei
2708 510 2998 567 virtutibus
3026 512 3380 582 ascribamus.
3395 513 3523 573 Cito

237 606 348 653 tota
379 607 565 655 mente
603 599 854 656 servisse.
887 596 1152 662 illaudatus
1177 608 1362 656 autem
1392 597 1607 653 Domini
1635 595 1822 660 servit,

231 691 326 760 qui
359 691 529 748 vitam
560 706 713 748 suam
743 692 811 758 ab
839 691 988 756 omni
1016 691 1270 748 vitiorum
1299 690 1626 762 contagione
1651 696 1833 745 αιεῐο-

233 784 329 840 dit.
363 783 465 840 Ille
486 784 652 840 vitam
673 799 827 840 suam
851 783 1111 850 custodit,
1139 786 1236 854 qui
1256 783 1418 840 ﬁdem
1433 781 1696 854 proximis
1713 781 1829 838 suis

233 876 480 942 exhibet,
511 891 704 949 pacem
727 876 921 946 diligit,
943 876 1214 936 amicitias
1237 875 1393 935 colit.
1425 873 1544 932 Hoc
1555 881 1648 930 est
1666 874 1830 943 igitur

229 969 506 1025 amicitias
539 969 741 1035 colere,
783 969 1020 1025 alienam
1064 967 1398 1026 iracundiam
1441 965 1830 1023 moderationis

227 1062 418 1118 studio
447 1063 718 1120 sustinere
733 1104 751 1128 ,
793 1070 850 1119 et
876 1061 1149 1120 ferventes
1176 1062 1360 1119 fratris
1387 1063 1596 1119 animos
1623 1062 1832 1134 patien-

228 1153 302 1208 tia
334 1161 666 1224 temperare.
698 1153 776 1209 lta
799 1159 901 1220 est,
925 1161 985 1210 ut
1005 1152 1186 1209 futuro
1201 1153 1404 1222 judicio
1433 1153 1576 1209 inter
1601 1163 1830 1209 saeros

228 1246 546 1319 inculpatus
566 1247 805 1314 incedas,
833 1247 882 1303 si
909 1247 977 1304 de
1001 1245 1222 1304 Christo
1251 1254 1439 1302 nostro
1469 1247 1522 1301 in
1553 1247 1636 1302 his
1663 1246 1832 1302 omni-

227 1341 331 1396 bus
355 1356 480 1412 qua:
501 1341 752 1408 diximus,
783 1350 837 1398 te
859 1341 1145 1412 probatum
1165 1341 1459 1411 castigatus
1479 1340 1753 1397 exhibeas.

820 1431 1104 1489 HOMILIA
1142 1432 1234 1488 XI.

511 1522 612 1590 Qui
643 1525 918 1597 gloriatur,
949 1527 1005 1582 in
1037 1525 1265 1581 Domino
1297 1527 1566 1598 glorietur.

298 1617 363 1674 1.
404 1617 525 1674 Non
554 1627 704 1676 recte
727 1619 988 1687 sentiunt,
1007 1619 1377 1684 dilectissimi,
1407 1620 1502 1689 qui
1529 1626 1722 1690 putant
1747 1621 1830 1676 vi-

225 1719 294 1767 tae
328 1720 658 1769 ornamenta
680 1713 902 1785 proprio
930 1713 1116 1769 labore
1143 1713 1418 1784 componi,
1451 1722 1507 1768 et
1532 1712 1648 1768 sine
1674 1712 1826 1783 adju-

1930 607 2110 657 autem
2139 601 2228 658 ille
2257 601 2326 657 ad
2353 617 2413 658 se
2453 602 2738 672 imperium
2767 602 3047 660 diabolica:
3085 605 3374 678 potestatis
3419 606 3522 662 ad-

1927 694 2120 759 mittit,
2153 695 2245 765 qui
2284 695 2479 751 divinae
2524 695 2826 766 majestatis
2864 696 3055 752 solatia
3101 713 3211 754 non
3261 699 3524 758 meruerit

1929 791 2196 846 obtinere.

2001 882 2053 936 '5.
2091 881 2431 954 Sperandum
2461 896 2590 952 ergo
2619 883 2671 938 in
2701 883 2952 954 Domino,
2985 892 3046 940 ut
3063 885 3195 940 boni
3221 885 3388 942 simus
3411 904 3430 940 ε
3464 892 3522 944 et

1931 990 2052 1030 cum
2081 974 2206 1030 boni
2237 973 2524 1039 fuerimus,
2559 975 2613 1030 in
2657 974 2888 1030 Domino
2925 975 3285 1044 gloriandum.
3323 975 3532 1057 Auditq

1932 1065 2247 1137 Apostolum
2277 1067 2578 1122 dicentem:
2603 1064 2744 1132 Quid
2764 1066 2918 1122 habes
2939 1066 3076 1140 quod
3103 1083 3207 1122 non
3237 1068 3478 1137 accepisti
3495 1065 3523 1120 2

1933 1159 1996 1216 Si
2024 1160 2286 1232 accepisti,
2311 1159 2434 1234 quid
2452 1159 2717 1232 gloriaris,
2740 1161 2887 1232 quasi
2916 1177 3019 1215 non
3051 1161 3305 1232 acceperis
3335 1157 3376 1232 (Ι
3394 1155 3518 1214 Cor.

1931 1269 2002 1319 tv,
2029 1253 2124 1324 7)?
2152 1251 2278 1309 Haec
2298 1263 2513 1312 actuum
2541 1261 2848 1309 nostrorum
2878 1251 3114 1323 perfecta
3143 1251 3390 1322 gloriatio
3413 1257 3516 1318 est,

1931 1345 1976 1401 si
2004 1345 2300 1414 gloriemur
2324 1345 2379 1400 in
2401 1345 2650 1409 Domino,
2677 1343 2820 1414 apud
2848 1358 3010 1412 quem
3039 1343 3330 1398 victoribus
3351 1343 3522 1398 virtu-

1933 1445 2044 1494 tum
2067 1453 2269 1493 corona
2300 1437 2663 1508 componitur.
2686 1435 2767 1491 lbi
2789 1449 2921 1492 sane
2942 1435 3009 1490 de
3031 1449 3090 1490 se
3113 1434 3387 1490 hominem
3405 1433 3524 1504 glo-

1927 1533 2058 1588 riari
2097 1537 2351 1603 oportet,
2394 1531 2487 1585 ubi
2541 1544 2642 1600 pro
2682 1527 2899 1584 nomine
2953 1526 3167 1582 Domini
3216 1523 3523 1582 voluntaria

1931 1626 2104 1682 crucis
2131 1640 2289 1696 pmna
2318 1622 2560 1680 succedit
2585 1640 2598 1675 :
2630 1637 2750 1692 quas
2779 1629 2963 1676 tamen
2988 1619 3238 1690 gloriatio
3257 1618 3407 1674 hunc
3423 1616 3524 1672 ha—

1931 1720 2024 1775 bet
2047 1718 2294 1784 lructum,
2316 1717 2361 1772 si
2383 1717 2675 1774 auxiliante
2702 1713 2918 1770 Christo
2939 1720 3215 1769 mereatur
3238 1709 3523 1778 effectum;

225 1805 378 1861 torio
407 1805 800 1877 omnipotentis
827 1807 924 1862 Dei
949 1807 1211 1861 virtutum
1249 1821 1408 1876 posse
1445 1807 1654 1862 merita.
1676 1822 1830 1862 com-

1938 1827 2056 1867 nam
2098 1811 2361 1882 propheta
2390 1810 2445 1865 in
2473 1809 2578 1864 hoc
2597 1807 2720 1864 loco
2747 1807 2878 1863 dicit
2907 1824 2919 1860 :
2946 1803 3069 1860 Nisi
3097 1803 3354 1860 Dominus
3388 1800 3524 1858 aedi-

225 1897 441 1969 parari.
485 1896 544 1955 Si
583 1911 714 1968 ergo
742 1907 988 1954 nostrum
1011 1907 1095 1954 est
1129 1906 1342 1954 tantum
1381 1899 1526 1968 quod
1563 1898 1690 1954 boni
1735 1915 1828 1955 su-

223 2007 369 2057 mus,
397 2005 570 2061 quare
581 1991 726 2047 vitiis
751 1991 1131 2062 subjacemus?
1149 1999 1244 2046 aut
1267 1991 1316 2046 si
1337 2005 1405 2046 ex
1429 1989 1584 2047 nobis
1604 1991 1831 2048 descen-

221 2082 298 2138 dit
331 2098 504 2139 onute
543 2082 803 2154 quidquid
831 2090 1011 2154 potest
1056 2083 1332 2140 hominem
1371 2090 1466 2138 aut
1496 2095 1692 2140 ornare
1735 2089 1830 2139 aut

223 2175 444 2231 salvum
467 2173 666 2242 facere,
695 2175 800 2248 16
817 2189 986 2244 quare
1011 2175 1275 2246 pereundi
1295 2176 1412 2246 lege
1427 2175 1828 2232 ooncludimur?

222 2265 464 2324 Omnem
494 2266 742 2339 profecto
769 2267 988 2322 modum
1017 2267 1294 2337 sacrilegae
1317 2267 1714 2338 superstitionis
1734 2283 1830 2323 ex-

222 2361 423 2427 cessit,
457 2360 554 2430 qui
581 2361 634 2415 in
665 2360 943 2416 laboribus
965 2358 1127 2430 iustis
1156 2367 1366 2431 partem
1391 2361 1504 2415 Deo
1531 2359 1825 2427 subtrahit,

223 2468 254 2508 a
280 2468 404 2523 quo
433 2452 716 2523 sapientiae
743 2453 991 2523 spiritum
1023 2451 1359 2524 accepimus,
1390 2452 1482 2522 qui
1518 2459 1692 2507 totum
1727 2451 1830 2507 ho-

223 2545 434 2600 minem
459 2544 633 2615 regit,
663 2552 731 2599 et.
757 2543 829 2600 ad
875 2559 1038 2600 omne
1085 2559 1224 2615 opus
1271 2544 1471 2600 bonum
1515 2543 1830 2599 mortalium

219 2646 450 2694 mentes
481 2637 754 2703 accendit,
785 2637 938 2708 cuius
967 2645 1051 2693 est
1085 2636 1347 2707 quidquid
1381 2652 1451 2692 ex
1479 2637 1569 2692 illa
1605 2635 1830 2706 iustitiae

219 2731 359 2788 sede
387 2730 693 2787 descendit.
725 2729 919 2786 Omnia
959 2734 1145 2801 itaque
1189 2729 1437 2786 labOrum
1479 2731 1708 2800 insignia
1761 2729 1830 2786 ad

222 2823 402 2880 Deum
431 2823 716 2881 referenda
739 2833 884 2892 sunt,
916 2841 986 2880 ne
1013 2825 1186 2882 sancti
1213 2823 1447 2896 Spiritus
1466 2825 1608 2881 dona
1628 2825 1832 2881 rescin-

221 2917 340 2972 dat.
379 2917 574 2973 Nimize
609 2927 792 2974 autem
820 2918 1263 2990 praesumptionis
1291 2925 1373 2973 est
1405 2919 1622 2984 vitium,
1656 2919 1829 2989 impe-

221 3019 418 3066 ratore
449 3020 724 3082 pugnante
760 3012 985 3066 militem
1013 3011 1188 3067 solum
1209 3011 1446 3082 palmam
1473 3011 1613 3066 velle
1641 3027 1831 3082 repor-

221 3110 348 3160 tare
383 3105 643 3160 victorim.
683 3103 828 3160 Sane
853 3105 901 3160 si
931 3104 1095 3160 vultis
1135 3105 1366 3176 potestis
1405 3118 1700 3175 agnoscere
1739 3105 1828 3162 cui

1930 1905 2160 1977 ﬁcarent
2181 1903 2406 1968 domum,
2429 1903 2485 1956 in
2511 1917 2700 1958 vanum
2722 1897 2964 1955 laborant
2984 1899 3071 1971 qui
3100 1896 3365 1968 wdiﬁcant
3384 1910 3523 1962 eam,

1928 1999 1984 2052 in
2012 2012 2200 2051 vanum
2227 1993 2444 2066 vigilant
2471 1993 2557 2066 qui
2586 1990 2883 2046 custodiunt
2909 2006 3024 2046 eam
3054 1987 3179 2061 (Ps.
3224 2003 3400 2054 cxxvt,
3427 1983 3526 2057 1).

1925 2087 2134 2144 Videtis
2162 2100 2292 2156 ergo
2320 2085 2467 2155 quod
2489 2099 2591 2138 nec
2619 2083 2735 2138 sine
2761 2080 2992 2138 Domino
3020 2079 3168 2150 quod
3203 2077 3412 2134 bonum
3438 2079 3529 2132 est

1929 2179 2198 2247 :ediﬁcari,
2233 2195 2332 2235 nec
2357 2177 2681 2232 aedificatum
2709 2174 2827 2230 sine
2855 2173 3084 2228 Domino
3113 2170 3316 2242 poterit
3335 2175 3528 2226 custo-

1931 2273 2052 2328 diri.
2071 2269 2380 2327 IEdiﬁcatio
2401 2269 2596 2324 divinae
2624 2265 2784 2338 hujus
2811 2265 3006 2320 domus
3024 2260 3309 2320 aedificatio
3330 2269 3414 2317 est
3437 2259 3530 2317 vi-

1931 2375 1998 2423 tae
2038 2373 2267 2430 nostrte,
2297 2379 2460 2434 quam
2497 2366 2715 2433 oportet
2761 2358 2958 2414 divinae
2983 2355 3283 2426 maiestatis
3324 2352 3531 2411 auxilio

1932 2458 2273 2517 communiri.
2305 2454 2597 2525 Rogandus
2619 2453 2801 2524 itaque
2823 2465 3040 2523 semper
3059 2457 3141 2505 est
3161 2445 3408 2503 Christus
3423 2459 3534 2503 no-

1931 2560 2044 2610 ster
2071 2561 2132 2607 ut
2160 2551 2213 2606 in
2244 2549 2401 2605 nobis
2418 2549 2564 2603 bona
2594 2544 2820 2613 nutriat,
2861 2551 2917 2600 et
2942 2540 3251 2598 exorandus
3270 2547 3330 2596 ut
3351 2537 3530 2596 nutriv-

1929 2655 1987 2702 ta
2030 2644 2332 2711 custodiat;
2374 2648 2537 2712 atque
2575 2640 2650 2696 ita
2697 2636 3065 2708 intelligentiae
3113 2642 3313 2690 nostris
3362 2631 3531 2690 corda

1932 2747 2255 2812 componat,
2287 2745 2347 2793 ut
2372 2735 2554 2792 omnia
2581 2749 2702 2804 quae
2727 2733 2874 2789 bona
2903 2739 3030 2787 sunt
3046 2771 3061 2795 ,
3084 2729 3270 2815 gloria:
3288 2727 3532 2786 ctelestis

1932 2832 2192 2906 potestati
2220 2831 2476 2899 assignet.

2005 2925 2057 2978 4.
2100 2923 2353 2978 Stultitia:
2389 2936 2521 2977 vero
2549 2933 2719 2991 genus
2759 2925 2876 2984 est,
2915 2923 2975 2972 ut
3009 2913 3176 2971 homo
3211 2927 3370 2969 suum
3406 2923 3532 2967 esse

1895 3031 1908 3044 '
1928 3017 2134 3088 iudicet
2155 3016 2301 3086 quod
2321 3014 2606 3077 laboravit,
2637 3012 2730 3082 qui
2764 3011 2818 3065 in
2853 3009 3078 3066 alterius
3105 3014 3375 3080 potestate
3395 3020 3531 3062 con-

1934 3112 2094 3167 sistit.
2126 3109 2266 3164 Ecce
2291 3109 2381 3163 hic
2408 3107 2570 3164 modo
2598 3106 2798 3162 divitiis
2827 3104 3090 3172 exsultat,
3107 3102 3269 3159 modo
3289 3115 3532 3174 pauper-

225 3197 400 3262 mala,
423 3197 512 3252 cui
539 3197 682 3251 bona
710 3196 947 3252 debeant
971 3197 1248 3268 imputari,
1281 3197 1549 3268 propheta
1580 3195 1827 3252 dicente:
1857 3196 1902 3258 C
1935 3213 2048 3261 tate
2075 3203 2312 3275 suspirat
2337 3221 2350 3256 ε
2380 3203 2426 3258 si
2456 3202 2508 3256 in
2535 3216 2727 3256 manus
2749 3206 2964 3255 nostras
2984 3205 3111 3254 sunt
3136 3196 3280 3252 bona
3309 3202 3530 3262 nostra,

227 3288 534 3346 Sanitatem
564 3291 732 3362 fecisti
771 3307 885 3344 cum
913 3307 1058 3345 servo
1090 3299 1194 3356 tuo,
1229 3288 1452 3345 Domine
1487 3288 1616 3362 (Ps.
1647 3306 1828 3358 cxvm,

225 3380 361 3455 65).
404 3382 541 3438 Item
571 3383 697 3438 alibi
730 3401 743 3437 :
780 3382 932 3439 Dixit
957 3385 1212 3456 insipiens
1250 3382 1305 3438 in
1345 3384 1502 3440 corde
1539 3401 1673 3439 suo:
1706 3381 1832 3440 Non

225 3484 302 3528 est
333 3471 484 3528 Deus
515 3471 630 3544 (Ps.
662 3490 775 3540 xm,
801 3472 877 3544 1).
900 3472 1106 3529 Videtis
1127 3488 1276 3544 ergo,
1309 3473 1454 3544 quod
1482 3474 1623 3529 bona
1647 3479 1833 3528 nostra

228 3566 520 3621 Divinitati
544 3565 804 3621 debemus
841 3566 1145 3633 ascribere;
1187 3567 1330 3621 mala
1361 3573 1542 3620 autem
1584 3565 1835 3621 humanis

225 3657 484 3712 moribus
512 3657 808 3728 imputare;
838 3659 964 3728 quia
992 3666 1052 3713 ut
1077 3658 1219 3713 bona
1247 3665 1574 3728 procurante
1603 3656 1833 3713 Domino

227 3759 516 3816 creantur,
548 3750 621 3804 ita
651 3750 793 3804 mala
813 3749 1028 3805 diabolo
1049 3757 1270 3806 auctore
1298 3755 1612 3805 nascuntur.

297 3839 364 3895 2.
407 3841 514 3896 Sed
541 3849 602 3896 ut
623 3841 932 3910 intelligatis
962 3841 1128 3896 vitam
1159 3842 1252 3897 Dei
1284 3857 1478 3896 munus
1504 3855 1642 3907 esse,
1687 3857 1835 3896 mor-

227 3943 349 3991 tem
391 3934 609 3989 diabolo
647 3933 928 4003 subjacere
954 3973 967 3997 ,
1014 3933 1195 3988 audite
1231 3933 1617 4002 evangelistam
1646 3931 1833 3988 dicen-

229 4036 350 4081 tem
379 4043 392 4078 :
433 4024 632 4091 Venite,
652 4026 769 4097 ﬁlii,
796 4025 1054 4097 possidete
1073 4041 1269 4080 mecum
1289 4041 1502 4097 regnum
1524 4025 1835 4095 promissum

227 4116 386 4172 vobis
418 4134 450 4170 a
481 4118 848 4172 constitutione
879 4116 1080 4171 mundi.
1118 4115 1350 4183 Esurivi,
1379 4125 1432 4171 et
1470 4115 1682 4170 dedistis
1707 4114 1836 4169 mihi

227 4210 561 4266 manducare
581 4209 794 4283 (Matth.
820 4227 944 4274 xxv,
971 4209 1059 4275 54,
1085 4208 1195 4282 55).
1222 4209 1353 4265 Aliis
1381 4225 1512 4265 vero
1533 4209 1698 4265 dicit:
1731 4207 1837 4264 Re-

230 4305 405 4359 eedite
432 4321 465 4358 α
501 4321 614 4372 me,
645 4304 936 4372 maledicti,
965 4305 1022 4359 in
1049 4306 1222 4377 ignem
1253 4313 1530 4369 internum,
1564 4305 1685 4376 quia
1729 4317 1835 4358 non

229 4396 460 4452 dedistis
480 4398 606 4451 mihi
635 4397 952 4452 manducare
973 4395 1159 4469 (Ibid.,
1187 4395 1300 4470 il).
1337 4395 1524 4452 Videte
1545 4410 1674 4465 ergo
1689 4396 1836 4466 quod

229 4491 373 4547 boni
401 4499 556 4548 actus
583 4492 723 4548 calo
753 4491 1015 4555 serviunt,
1047 4491 1175 4546 mali
1203 4490 1397 4546 inferni
1419 4490 1636 4546 sedibus
1663 4490 1834 4561 depu-

1934 3313 2102 3369 quare
2133 3313 2243 3352 non
2272 3311 2395 3352 cum
2426 3295 2672 3351 volumus
2699 3299 2796 3349 aut
2819 3291 3044 3363 penuria
3071 3296 3268 3356 cessat,
3302 3295 3395 3345 aut
3435 3287 3523 3344 di-

1931 3391 2076 3445 vitia:
2097 3387 2486 3461 perseverant?
2515 3383 2613 3442 llic
2640 3381 2804 3442 modo
2825 3381 3074 3438 sanitatis
3091 3381 3279 3451 vigore
3320 3377 3530 3436 attolli-

1933 3492 2040 3549 tur,
2063 3481 2228 3538 modo
2252 3478 2582 3536 inﬁrmitatis
2607 3477 2797 3534 dolore
2823 3481 3054 3531 vexatur
3078 3491 3091 3526 :
3115 3473 3160 3530 si
3182 3473 3236 3528 in
3258 3477 3534 3544 potestate

1931 3575 2168 3634 hominis
2195 3580 2341 3630 esset
2365 3572 2490 3628 vitae
2521 3577 2720 3626 nostrae
2747 3567 2914 3631 salus,
2940 3579 3235 3636 numquam
3256 3557 3534 3635 periclita-

1933 3677 2085 3725 retur
2123 3666 2434 3732 mendicus,
2479 3679 2582 3720 nec
2616 3669 2922 3718 moreretur
2957 3657 3220 3714 inﬁrmus.
3265 3655 3536 3727 Requirat

1935 3761 2170 3830 denique
2212 3757 2583 3828 unusquisque
2623 3754 2778 3810 initia
2822 3752 2948 3809 vitte
2983 3766 3128 3815 sum.
3161 3758 3218 3805 et
3254 3757 3535 3805 auctorem

1935 3859 2145 3922 quaerat
2172 3849 2387 3920 generis
2405 3847 2648 3914 humani,
2679 3845 2802 3916 quis
2831 3858 3028 3914 corpus
3055 3840 3386 3906 formaverit,
3409 3839 3536 3910 quis

1935 3945 2179 4000 membra
2221 3940 2616 4012 composuerit,
2665 3938 2790 4009 quis
2831 3945 3104 3994 terrenam
3145 3932 3434 3990 materiam
3469 3932 3534 3987 in

1935 4037 2230 4092 humanum
2262 4049 2416 4090 usum
2445 4031 2636 4088 fecerit
2660 4036 2934 4100 vegetare.
2964 4027 3156 4082 Nonne
3196 4026 3314 4082 haec
3346 4023 3535 4080 omnia

1937 4129 2198 4184 Dominus
2234 4126 2511 4197 Sapientia
2539 4129 2867 4196 procurante
2894 4119 3212 4177 constituit?
3234 4117 3371 4173 Cum
3399 4130 3536 4187 ergo

1940 4235 2047 4274 non
2077 4218 2148 4273 sit
2179 4225 2428 4273 nostrum
2467 4215 2610 4286 quod
2640 4228 2856 4279 sumus,
2882 4210 3156 4281 quomodo
3177 4215 3422 4265 nostrum
3447 4213 3536 4264 est

1938 4308 2086 4380 quod
2115 4307 2414 4364 habemus?
2442 4305 2697 4362 Stultitia:
2723 4317 2894 4373 genus
2922 4310 3036 4369 est,
3065 4309 3127 4357 ut
3158 4315 3282 4358 cum
3310 4301 3400 4356 alii
3437 4299 3534 4355 de-

1936 4400 2070 4456 beas
2099 4399 2224 4454 vitae
2249 4395 2594 4463 beneﬁcium,
2627 4395 2726 4450 tibi
2753 4395 2994 4452 ascribas
3015 4399 3336 4450 ornamenta
3356 4391 3535 4448 virtu-

1940 4499 2074 4546 tum.
2109 4488 2251 4546 Ecce
2271 4489 2362 4545 hic
2387 4489 2595 4544 honore
2617 4486 2915 4552 extollitur,
2948 4486 3039 4542 ille
3066 4485 3170 4542 sibi
3189 4484 3257 4542 de
3283 4485 3535 4555 corporis

229 4588 448 4636 tantur.
483 4581 682 4638 Divisio
724 4589 904 4638 autem
935 4590 1151 4638 actuum
1192 4588 1500 4637 nostrorum
1541 4589 1625 4637 est
1658 4600 1670 4635 :
1713 4593 1838 4637 cum
1864 4582 1916 4656 D
1942 4583 2253 4656 integritate
2281 4580 2582 4648 blanditur;
2613 4580 2703 4636 hic
2729 4579 2945 4636 divitias
2965 4578 3137 4634 labori
3161 4593 3260 4634 suo
3283 4577 3532 4648 imputat,

232 4672 384 4727 bene
411 4671 667 4740 facimus,
701 4671 902 4729 Christi
932 4689 1149 4742 sumus;
1190 4689 1314 4730 cum
1355 4675 1497 4729 mala
1526 4690 1835 4745 operemur,

233 4764 292 4819 in
323 4763 529 4819 diaboli
557 4772 826 4836 potestate
857 4766 1164 4821 transimus.
1189 4763 1490 4836 Numquam
1514 4767 1655 4822 enim
1683 4767 1841 4824 dese-

231 4858 312 4912 rit
343 4857 604 4914 Dominus
630 4858 962 4915 voluntatem
991 4859 1272 4930 religionis
1299 4859 1479 4916 studio
1509 4860 1794 4916 ﬂorentem
1821 4880 1834 4916 :

236 4965 346 5006 nec
370 4949 570 5005 desunt
609 4951 801 5006 solatia
842 4951 1164 5017 divinitatis,
1197 4952 1287 5007 ubi
1325 4960 1452 5008 sunt
1491 4961 1643 5008 actus
1681 4953 1838 5010 home

233 5042 691 5097 conversationis.
725 5041 881 5100 Tunc
917 5058 1051 5100 sane
1081 5059 1180 5099 nos
1214 5042 1356 5099 bona
1385 5041 1670 5110 deserunt,
1715 5061 1837 5101 cum

237 5132 519 5188 deteriora
557 5133 853 5190 succedunt
878 5154 891 5189 :
915 5136 1043 5206 quia
1072 5151 1182 5191 non
1225 5133 1386 5191 dubie
1424 5134 1608 5190 divino
1639 5137 1840 5192 auxilio

237 5223 612 5289 destituimur,
645 5231 930 5295 postquam
968 5225 1267 5296 iniquitatis
1295 5225 1582 5281 desideriis
1605 5241 1842 5296 occupa-

238 5331 386 5370 mur.
420 5315 721 5372 Assistente
749 5316 911 5387 igitur
939 5315 1052 5372 Deo
1080 5332 1144 5373 ac
1161 5316 1444 5372 Salvatore
1472 5324 1660 5373 nostro
1679 5356 1693 5382 ,
1727 5317 1844 5374 sine

241 5406 414 5463 dubio
441 5407 743 5463 dominatio
776 5407 1057 5464 diabolica:
1099 5409 1383 5479 potestatis
1424 5410 1695 5464 absentat.
1739 5407 1842 5464 Ubi

248 5457 409 5463 η---
449 5457 738 5463 _-_____-_-__
783 5457 1056 5464 ww---“
1099 5457 1381 5479 μην---ν
1424 5457 1695 5464 _------_-.
1748 5457 1840 5464 η-

198 5457 219 5578 )
245 5507 434 5554 autem
455 5500 712 5554 virtutum
734 5499 994 5555 Dominus
1013 5500 1340 5567 discesserit,
1364 5499 1519 5557 facile
1539 5500 1713 5556 hostis
1745 5516 1840 5556 au—

167 5585 197 5604 "
245 5592 360 5648 lam
387 5608 570 5650 vacuae
591 5595 950 5665 possessionis
979 5591 1210 5650 invadit.
1239 5592 1358 5650 Una
1386 5602 1469 5650 est
1505 5595 1686 5665 itaque
1716 5609 1842 5665 spes

1941 4680 2032 4736 ille
2061 4679 2342 4736 scientiam
2370 4677 2633 4734 doctrinm
2660 4676 2857 4748 vigiliis
2883 4676 3143 4746 assignat.
3171 4673 3282 4730 Nec
3305 4689 3406 4728 nos
3433 4688 3535 4728 ne-

1943 4785 2071 4844 gare
2099 4785 2389 4841 possumus
2434 4776 2753 4824 ornamenta
2788 4767 3056 4836 religiosa:
3099 4767 3224 4822 vita:
3248 4764 3537 4834 vigilantia

1945 4862 2124 4919 studio
2153 4861 2479 4933 comparari.
2511 4858 2619 4916 Sed
2643 4861 2716 4916 ibi
2737 4861 2880 4916 Deus
2903 4868 3012 4925 est,
3045 4860 3136 4916 ubi
3158 4859 3380 4928 integrae
3409 4856 3538 4912 reli-

1944 4954 2120 5028 gionis
2149 4961 2234 5010 est
2261 4955 2475 5009 animus
2493 4992 2508 5017 ,
2543 4952 2616 5010 ita
2642 4951 2906 5022 Apostolo
2933 4951 3186 5008 dicente:
3221 4948 3536 5019 Exemplum

1945 5049 2056 5119 ejus
2085 5045 2317 5118 queritis
2347 5045 2432 5118 qui
2461 5045 2516 5100 in
2543 5060 2624 5099 me
2653 5044 2878 5116 loquitur
2901 5041 3135 5098 Christus
3157 5039 3237 5113 (ll
3265 5038 3384 5096 Cor.
3417 5056 3532 5106 xm,

1947 5137 2057 5210 3)?
2086 5137 2232 5194 Satis
2255 5136 2330 5191 ibi
2359 5127 2577 5192 vacillat
2603 5135 2897 5190 humanum
2923 5134 3177 5200 studium,
3201 5133 3292 5188 ubi
3319 5147 3427 5187 non
3451 5146 3540 5186 re-

1947 5229 2182 5300 quiritur
2211 5227 2305 5283 Dei
2345 5227 2624 5281 auxilium.
2670 5225 2803 5282 Nam
2848 5240 2957 5280 non
3004 5223 3166 5280 dubie
3206 5223 3540 5294 periclitatur

1948 5319 2111 5388 ﬁdes,
2145 5320 2190 5378 si
2233 5335 2339 5374 non
2370 5317 2644 5374 muniatur
2682 5317 2984 5387 patrocinio
3017 5315 3332 5372 divinitatis.
3367 5323 3393 5352 ει
3423 5313 3536 5369 Νο-

1947 5419 2118 5467 strum
2142 5419 2226 5465 est
2255 5410 2417 5480 igitur
2443 5410 2646 5464 bonum
2673 5408 2812 5464 velle
2829 5449 2844 5474 ,
2875 5405 3076 5462 Christi
3095 5422 3225 5461 vero
3252 5403 3533 5476 perlicere.

1953 5502 2088 5557 Nam
2114 5503 2186 5557 ita
2218 5501 2512 5574 Apostolus
2534 5500 2810 5570 loquitur:
2848 5497 2994 5562 Velle
3014 5496 3388 5570 adjacetmilti,
3419 5510 3538 5566 per-

1949 5595 2108 5666 ﬁcere
2138 5605 2309 5648 autem
2333 5594 2522 5649 bonum
2551 5610 2655 5648 non
2677 5593 2881 5648 invenio
2913 5589 3089 5660 (Rom.
3116 5607 3205 5658 vn,
3240 5588 3350 5660 18).
3376 5587 3540 5645 Vides

327 5731 515 5808 inde
537 5727 677 5808 infra
717 5731 804 5788 his
831 5729 1104 5787 Valeriani
1130 5729 1368 5788 homlliis
1395 5727 1696 5803 subiectam
1743 5729 2022 5792 Sirmondi
2051 5731 2336 5804 epistolam
2367 5729 2395 5805 ᾗ
2425 5729 2461 5785 2
2508 5746 2574 5788 ac
2601 5727 2824 5786 Patrum
2851 5728 3215 5805 antiquiorum
3243 5727 3539 5808 sententias
3601 5692 3610 5760 :-

248 5801 430 5864 oidem
449 5805 743 5878 appositas.
