3924 6368
386 595 421 654 _l

415 709 423 759 Ξ

489 359 590 418 79.7

1440 354 1498 412 S.
1538 352 1910 412 VALERIANI
1948 351 2255 411 EPISCOPI
2292 352 2745 412 CEMELIENSIS
3635 356 3730 411 τες

487 487 616 543 ergo
635 430 762 528 boni
792 471 970 543 operis
994 467 1324 525 voluntatem
1348 482 1419 524 ex
1445 465 1602 523 nobis
1619 465 1817 524 debere
1829 466 2050 524 descen-
2077 469 2131 531 Α
2155 468 2356 525 laboris
2380 469 2465 526 sui
2491 470 2720 528 Domino
2747 478 3007 539 reservet,
3034 472 3127 542 qui
3148 471 3438 542 unicuique
3458 486 3562 543 pro
3578 474 3735 529 meri-

484 561 615 620 dere
631 603 648 632 ,
689 559 1076 635 perfectionem
1109 572 1240 614 vero
1281 558 1335 614 in
1372 558 1469 614 Dei
1502 565 1773 630 potestate
1795 557 2052 629 pendere.

484 651 664 723 Quare
681 658 862 708 autem
879 649 1072 721 aliquis
1088 647 1395 705 mortalium
1422 646 1537 704 ﬁeri
1563 647 1706 704 bona
1726 662 1825 704 suo
1850 655 2059 705 tantum

484 743 663 803 studio
690 743 943 814 assignet,
965 755 1087 798 cum
1111 740 1255 798 dicat
1279 739 1582 812 prepheta:
1614 736 1740 796 Non
1767 747 1844 795 est
1869 741 1956 813 qui
1975 741 2060 812 [a-

484 839 592 895 ciat
617 835 824 901 bonum,
854 850 960 890 non
984 842 1061 891 est
1086 849 1243 908 usque
1270 831 1341 887 ad
1363 847 1521 888 unum
1550 830 1685 901 (Ps.
1708 847 1827 900 xm,
1864 831 1928 905 3)
1959 849 1974 886 :
2003 836 2063 887 et

482 927 826 998 Evangelista
853 926 1038 982 itidem
1056 924 1251 981 doceat
1270 938 1380 980 non
1415 937 1535 981 esse
1561 922 1763 979 bonum
1779 962 1795 991 ,
1831 922 1935 979 nisi
1965 938 2059 979 so-

483 1018 596 1075 lum
623 1017 790 1091 Deum
819 1014 1038 1090 (Matth.
1078 1031 1200 1081 xxx,
1231 1012 1363 1085 l7)?
1397 1011 1540 1083 Ergo
1576 1012 1804 1081 videtis,
1841 1012 1986 1084 quod
2012 1012 2063 1069 si

481 1110 700 1183 quando
724 1108 854 1166 boni
873 1107 1134 1175 videmur,
1166 1106 1460 1162 bonitatem
1485 1104 1585 1162 Dei
1612 1119 1921 1177 operamur.
1945 1102 2060 1159 Au-

482 1204 595 1262 dite
622 1202 938 1276 Apostolum
963 1201 1269 1257 dicentem:
1308 1197 1412 1255 Vos
1437 1199 1560 1254 estis
1590 1198 1831 1270 templum
1867 1196 1988 1265 Dei,
2013 1197 2063 1253 si

486 1304 658 1352 tamen
697 1295 925 1368 Spiritus
965 1291 1063 1348 Dei
1092 1291 1286 1347 habitet
1312 1291 1368 1345 in
1395 1288 1534 1346 vobis
1564 1287 1621 1362 (Ι
1648 1287 1768 1345 Cor.
1804 1305 1895 1355 ιιι,
1932 1287 2057 1361 16).

482 1388 767 1460 Templum
785 1385 1029 1459 profecto
1055 1385 1153 1441 Dei
1167 1398 1370 1450 sumus,
1398 1381 1495 1439 sed
1513 1396 1634 1437 cum
1653 1382 1795 1438 bene
1812 1381 2060 1439 facimus.

482 1482 539 1539 Si
572 1495 701 1553 ergo
730 1480 987 1552 templum
1025 1478 1120 1535 Dei
1161 1486 1245 1535 est
1270 1478 1465 1543 homo,
1498 1475 1804 1533 necessario
1844 1475 1940 1531 Dei
1980 1483 2065 1533 est

485 1572 635 1643 quod
661 1572 920 1628 habemus
939 1571 993 1627 in
1019 1569 1237 1641 templo.

557 1661 609 1717 5.
641 1661 748 1719 Sed
773 1662 888 1718 haec
905 1660 1060 1717 bonis
1077 1659 1328 1716 diximus.
1352 1657 1547 1715 Verum
1576 1674 1684 1715 non
1709 1667 1790 1715 est
1809 1659 1908 1716 Dei
1929 1666 2065 1717 tem-

484 1756 653 1829 plum,
677 1756 769 1812 ubi
792 1755 1043 1813 convenit
1062 1752 1345 1809 multitudo
1366 1752 1637 1808 vitiorum.
1660 1751 1795 1808 Nam
1823 1753 2066 1811 ubicum-

2158 563 2229 619 tis
2253 562 2494 620 celestis
2529 561 2673 619 dona
2696 563 2990 636 componit.
3021 560 3123 629 Qui
3150 564 3403 637 gloriatur
3440 564 3644 634 itaque,
3679 567 3732 621 is

2156 658 2381 716 Domino
2417 657 2667 732 glorietur
2706 658 2759 731 (ι
2784 655 2904 714 Cor.
2926 673 2977 726 ι,
3018 657 3145 729 51).
3191 656 3349 713 Omni
3385 669 3522 726 ergo
3561 656 3731 715 stlulio

2157 749 2422 821 agendum
2446 758 2551 815 est,
2581 748 2932 816 dilectissimi,
2956 755 3018 804 ut
3046 749 3212 804 vitam
3240 754 3483 804 nostram
3512 746 3731 804 Domino

2158 843 2233 899 ita
2251 841 2385 899 fides
2402 857 2536 914 pura
2557 841 2916 907 commendet,
2938 856 3009 897 ne
3025 840 3153 911 quid
3170 840 3485 897 extollentia
3506 840 3731 897 humana

2157 933 2261 990 sibi
2284 933 2539 999 vindicet,
2569 940 2663 989 aut
2687 932 2800 989 suis
2827 931 3103 988 laboribus
3122 929 3305 987 donet.
3339 929 3543 986 Totum
3563 938 3731 986 autem

2158 1024 2391 1097 perdidit
2401 1024 2546 1095 quod
2559 1023 2841 1092 laboravit,
2856 1022 2950 1094 qui
2962 1021 3198 1095 propriis
3207 1021 3499 1079 virtutibus
3512 1018 3732 1078 fructm

2159 1116 2459 1175 sanctitatis
2485 1115 2814 1189 ascripserit.

2733 1204 3018 1263 HOMILIA
3051 1204 3168 1262 XII.

2542 1300 2622 1358 De
2647 1300 2778 1356 bono
2802 1298 3167 1355 conseruandae
3193 1298 3355 1369 pacis.

2232 1392 2284 1447 l.
2325 1391 2553 1449 Solliciti
2596 1392 2705 1448 sint
2743 1390 2884 1449 forte
2921 1390 3085 1460 aliqui
3114 1388 3381 1445 malivolis
3407 1386 3732 1459 exprobrare

2161 1485 2341 1543 verbis
2360 1484 2593 1541 studium
2611 1484 2770 1541 bona:
2789 1482 3098 1551 voluntatis,
3120 1489 3177 1538 et
3194 1481 3376 1538 timori
3401 1489 3501 1537 aut
3528 1481 3739 1551 ignavia

2163 1577 2452 1644 ascribere,
2481 1577 2529 1633 si
2555 1575 2771 1647 quando
2798 1575 2960 1632 homo
2986 1574 3169 1630 litibus
3195 1573 3358 1641 cedit,
3388 1580 3447 1630 et
3466 1571 3738 1628 exulcera-

2164 1675 2251 1724 tus
2278 1667 2485 1738 injuriis
2513 1665 2581 1722 ad
2609 1680 2825 1723 omnem
2846 1665 3160 1737 patientiam
3178 1664 3376 1735 quietis
3401 1677 3595 1719 amore
3618 1678 3736 1719 eon-

2164 1760 2377 1831 fugerit.
2418 1758 2501 1815 Ad
2546 1758 2870 1816 confutanda
2907 1766 3021 1814 tam
3058 1771 3239 1830 pravae
3282 1755 3488 1812 mentis
3529 1753 3737 1825 judicia,

484 1862 593 1919 que
616 1847 839 1903 crimina
865 1846 1228 1919 porriguntur,
1262 1845 1338 1901 ibi
1366 1844 1609 1901 diabolus
1635 1844 1958 1901 dominatur.
1984 1845 2069 1903 Ad
2100 1849 2144 1911 Β
2167 1852 2414 1910 suﬂicere
2438 1851 2656 1923 quidem
2680 1849 2903 1907 deberet
2927 1849 3249 1919 evangelicae
3278 1846 3535 1904 lectionis
3562 1846 3735 1901 admo-

485 1939 636 1997 illum
663 1939 867 1996 scilicet
902 1938 1119 2010 respicit
1145 1952 1343 2010 pompa
1384 1936 1722 2006 divitiarum,
1752 1937 1845 2008 qui
1871 1937 1975 1995 sibi
2014 1938 2070 1997 in

412 2034 423 2043 “
486 2046 681 2103 magna
706 2030 868 2089 domo
900 2031 1137 2088 vindicat
1162 2031 1540 2103 principatum.
1571 2029 1681 2087 Nos
1705 2033 2073 2103 procuratoris

484 2123 611 2181 loco
637 2122 923 2194 fungimur,
964 2122 1010 2180 si
1049 2122 1250 2193 aliquid
1287 2122 1423 2178 lucri
1464 2120 1780 2191 fecerimus,
1808 2120 2075 2180 referetur

490 2214 559 2271 ad
586 2214 900 2283 Dominum;
942 2215 990 2270 si
1027 2214 1240 2283 damni,
1287 2213 1552 2270 referetur
1594 2214 1663 2270 ad
1705 2215 2076 2287 procuratoris

489 2306 733 2363 exitium.
756 2304 1021 2376 Quidquid
1048 2306 1190 2360 enim
1219 2319 1406 2361 servus
1434 2305 1489 2360 in
1508 2305 1713 2363 domini
1735 2307 1942 2379 positus
1969 2324 2073 2381 po-

494 2403 691 2453 testate
713 2395 1056 2465 laboraverit,
1088 2397 1391 2454 necessario
1411 2397 1613 2455 domini
1635 2407 1737 2455 est.
1760 2399 1936 2458 Habet
1956 2402 2076 2473 qui-

492 2488 616 2569 dem
644 2505 830 2546 servus
855 2492 1081 2560 gratiam
1121 2490 1321 2548 laboris
1359 2492 1473 2560 sui,
1520 2493 1615 2549 sed
1653 2493 1873 2552 domino
1914 2495 2078 2554 debet

489 2580 724 2638 fructum
751 2583 929 2654 operis
956 2583 1179 2654 impleti.
1222 2582 1464 2654 Denique
1501 2585 1618 2641 utili
1660 2602 1819 2643 servo
1858 2588 1926 2645 ad
1968 2589 2077 2648 hoc

489 2676 718 2748 pecunia
759 2675 1013 2743 creditur,
1057 2684 1116 2732 ut
1154 2675 1372 2734 domino
1410 2676 1670 2751 duplicati
1698 2678 1899 2738 fenoris
1927 2682 2073 2739 lucra

491 2776 858 2825 numerentur.

562 2860 616 2916 6.
649 2860 918 2933 Respicite
944 2863 1127 2933 itaque
1154 2862 1222 2919 ad
1243 2862 1687 2921 consuetudinem
1711 2867 2077 2923 conversatio-

491 2954 578 3011 nis
600 2954 866 3021 humanm,
898 2963 955 3011 et
991 2955 1299 3026 intelligetis
1327 2956 1441 3012 utili
1470 2972 1628 3013 servo
1669 2956 1737 3013 ad
1776 2958 1882 3015 hoc
1907 2974 2074 3031 pecu-

490 3047 639 3104 niam
657 3047 824 3115 credi,
854 3054 915 3103 ut
940 3047 1159 3104 domino
1183 3048 1436 3120 duplicati
1463 3048 1666 3105 fenoris
1699 3049 1847 3106 lucra
1881 3067 2075 3107 nume-

490 3148 695 3198 rentur.
719 3139 851 3197 Nam
881 3141 955 3196 ita
977 3140 1032 3196 in
1051 3140 1157 3197 hoc
1182 3141 1304 3197 loco
1326 3139 1655 3211 evangelista
1681 3141 1830 3210 dicit,
1863 3142 1930 3199 ad
1952 3159 2075 3200 eum

2171 1943 2324 2003 nitio.
2355 1941 2463 2000 Sed
2483 1942 2631 2015 quod
2653 1957 2721 1999 ex
2735 1940 2891 1998 nobis
2911 1948 3013 2009 est,
3036 1937 3198 1997 ﬁdem
3224 1954 3405 1996 rerum
3430 1937 3541 1994 etsi
3562 1937 3739 2007 exiguo

2169 2050 2421 2094 sermone
2439 2034 2833 2107 prosequimur;
2849 2041 3011 2104 atque
3030 2046 3095 2089 ea
3109 2046 3229 2102 qua:
3241 2028 3527 2103 plenitudo
3548 2027 3741 2097 religio-

2171 2128 2258 2186 nis
2280 2125 2538 2200 postulat,
2553 2140 2655 2198 pro
2674 2121 2871 2181 affectu
2886 2138 2996 2195 quo
3020 2122 3270 2180 charitati
3286 2120 3593 2185 studemus,
3616 2119 3741 2174 votis

2173 2217 2601 2291 competentibus
2632 2215 2945 2287 adjuvamus
2968 2232 2983 2269 :
3005 2214 3134 2271 licet
3163 2213 3332 2270 sciam
3363 2210 3605 2282 antiquis
3621 2210 3739 2280 legi-

2171 2311 2277 2369 bus
2296 2311 2369 2367 ita
2388 2310 2588 2367 multos
2613 2307 2826 2365 devicto
2850 2322 3035 2364 amore
3054 2306 3276 2372 servire,
3306 2310 3368 2360 ut
3386 2303 3532 2361 odiis
3550 2317 3742 2374 semper

2175 2406 2487 2477 impugnent
2497 2401 2755 2475 quidquid
2771 2398 3049 2459 servanda:
3072 2398 3224 2471 pacis
3250 2412 3381 2454 cura
3409 2394 3737 2466 suggeserit.

2176 2496 2453 2568 Siquidem
2480 2495 2536 2552 id
2572 2495 2747 2567 ipsum
2772 2492 2919 2564 quod
2944 2491 3138 2548 dicturi
3164 2503 3368 2555 sumus,
3405 2487 3597 2545 multis
3621 2486 3742 2542 divi-

2175 2603 2365 2646 narum
2391 2586 2790 2659 Scripturarum
2827 2582 3149 2639 testimoniis
3174 2579 3571 2653 approbemus,
3600 2577 3671 2633 ita
3694 2578 3743 2633 in

2174 2681 2281 2739 hoc
2306 2680 2429 2737 loco
2467 2678 2696 2735 Domino
2732 2676 2946 2733 dicente
2982 2694 2996 2729 :
3027 2673 3244 2747 Diligite
3268 2674 3514 2729 inimicos
3551 2680 3741 2738 vestros,

2177 2772 2459 2845 benefacite
2486 2770 2567 2826 his
2596 2770 2682 2842 qui
2710 2785 2798 2823 vos
2825 2767 3044 2824 oderunt
3064 2765 3278 2839 (Matth.
3299 2782 3352 2830 v,
3380 2751 3497 2834 Li).
3521 2762 3636 2819 Non
3656 2763 3743 2818 dn-

2174 2864 2291 2921 bito
2303 2862 2449 2935 quod
2470 2861 2758 2933 aliquantis
2777 2860 2909 2916 satis
2922 2859 3156 2916 otiosum
3171 2865 3225 2914 et
3239 2856 3577 2929 impossibile
3591 2855 3745 2912 videa-

2175 2966 2266 3013 tur
2294 2971 2397 3029 pro
2424 2953 2716 3011 inimicitiis
2743 2968 2983 3009 amorem
3013 2950 3252 3016 deferre,
3278 2965 3381 3023 pro
3424 2947 3744 3023 contumeliis

2176 3048 2405 3119 gratiam
2438 3046 2708 3102 retulisse.
2735 3044 2805 3099 Et
2829 3058 2990 3112 vere,
3020 3041 3371 3109 dilectissimi,
3402 3039 3623 3096 difﬁcile
3654 3046 3741 3103 est,

2176 3147 2238 3197 ut
2278 3146 2502 3211 accepta
2550 3135 2743 3207 injuria
2781 3135 2937 3192 dolor
2977 3149 3088 3190 non
3126 3133 3180 3188 in
3225 3145 3571 3203 quacumque
3612 3138 3745 3200 parte

491 3233 586 3303 qui
612 3232 819 3289 lucrum
841 3241 868 3271 ι
895 3232 1313 3305 quadruplicatm
1339 3234 1580 3305 pecuniae
1618 3249 1837 3290 reverso
1865 3234 1933 3291 de
1953 3251 2074 3307 per-
2100 3226 2146 3289 C
2178 3231 2424 3302 corporis
2450 3228 2724 3286 deszeviat.
2754 3226 2863 3284 Sed
2888 3224 3147 3298 sapientis
3179 3232 3265 3280 est
3290 3222 3742 3295 supervenientem

492 3337 619 3394 egre
658 3322 877 3379 domino
916 3322 1150 3394 portavit
1192 3341 1205 3378 :
1250 3321 1424 3396 Euge,
1471 3340 1614 3379 serue
1658 3323 1818 3390 bone,
1861 3325 1983 3396 quia
2019 3327 2076 3381 in

490 3430 659 3486 pauca
698 3414 842 3487 fuisti
869 3411 1059 3484 ﬁdelis,
1099 3414 1157 3468 in
1193 3412 1356 3468 multa
1396 3421 1444 3468 te
1482 3415 1810 3482 constituam,
1850 3415 1991 3469 intra
2018 3416 2075 3471 in

491 3505 737 3578 gaudium
776 3503 971 3559 domini
1012 3504 1085 3558 tui
1124 3502 1348 3576 (Matth.
1390 3519 1515 3572 xxv,
1555 3500 1682 3577 25).
1723 3502 1801 3559 Ita
1829 3504 2077 3561 dominus

490 3594 743 3650 laudatur
769 3595 823 3649 in
851 3609 1009 3650 servo
1047 3593 1212 3661 bono,
1243 3609 1430 3651 servus
1455 3594 1631 3650 bonus
1656 3594 1981 3666 praedicatur
2020 3597 2077 3653 in

477 3680 732 3742 domino.
765 3682 916 3740 Unde
936 3684 1232 3740 cavendum
1252 3694 1336 3742 est
1360 3701 1430 3742 ne
1455 3686 1670 3756 quando
1697 3687 1843 3757 quod
1867 3687 1935 3743 ad
1955 3689 2076 3757 glo-

489 3777 628 3833 riam
659 3776 788 3834 boui
816 3777 995 3849 operis
1019 3778 1270 3849 pertinet,
1306 3779 1504 3835 nostris
1523 3779 1813 3835 virtutibus
1840 3782 2078 3838 ascriha-
2140 3843 2146 3847 ,

491 3883 644 3937 mus,
679 3870 909 3926 scientes
940 3870 1084 3940 quod
1110 3885 1219 3927 non
1242 3886 1342 3943 per
1372 3870 1688 3942 iactantiam
1718 3873 1955 3930 victoriae
1981 3891 2077 3932 co-

490 3978 627 4019 rona
673 3964 1046 4035 componitur,
1094 3962 1191 4020 sed
1234 3979 1333 4036 per
1376 3963 1535 4021 tidem
1580 3974 1637 4021 et
1681 3966 2075 4025 confessionem

490 4054 782 4112 Dominicae
839 4052 1147 4123 Passionis,
1197 4055 1391 4127 quibus
1434 4057 1764 4129 respondent
1808 4058 2073 4117 bonorum

489 4162 715 4218 operum
760 4146 954 4203 studia.
1002 4146 1128 4204 Haec
1165 4156 1251 4205 est
1294 4147 1382 4205 illa
1424 4150 1683 4221 pecunia,
1715 4151 1803 4206 cui
1844 4150 2074 4209 diximus

495 4238 597 4310 l7
626 4237 859 4294 caelestis
898 4240 1050 4308 regni
1086 4238 1412 4310 respondere
1456 4239 1735 4297 beneﬁcia.
1781 4240 1897 4297 Hoc
1944 4240 2075 4297 illud

490 4328 765 4395 negotium
788 4329 934 4399 justo
961 4328 1147 4385 fenore
1165 4329 1513 4400 duplicatum.
1539 4328 1665 4385 Htec
1692 4338 1774 4386 est
1801 4331 1891 4386 illa
1911 4332 2073 4389 retri-

488 4416 641 4474 hutio
672 4420 879 4476 meritis
903 4420 1083 4475 debita
1133 4436 1197 4476 ac
1220 4421 1395 4476 beatis
1426 4421 1700 4478 laboribus
1726 4425 2069 4494 repromissa.

564 4507 615 4562 7.
657 4507 1036 4580 Multiplicetur
1053 4520 1181 4579 ergo
1210 4512 1262 4566 in
1286 4511 1442 4567 nobis
1466 4512 1659 4583 pietas,
1684 4513 1835 4581 fides,
1865 4516 2074 4571 miseri-

490 4708 617 4751 nem
645 4710 769 4750 cum
797 4697 966 4754 servis
991 4697 1119 4764 suis,
1150 4697 1409 4753 intremus
1455 4698 1510 4753 in
1555 4699 1808 4769 gaudium
1854 4700 2069 4766 Domini

489 4782 590 4841 Dei
618 4786 807 4842 nostri.
838 4786 991 4856 Quod
1030 4788 1184 4843 facile
1210 4788 1457 4846 obtinere
1481 4806 1796 4863 possumus,
1828 4793 1875 4849 si
1902 4808 2071 4865 usque

489 4876 547 4932 in
577 4875 737 4934 finem
765 4879 1004 4936 coelestia
1029 4879 1279 4936 mandata
1298 4896 1593 4940 servemus.
1624 4881 1733 4940 Sed
1761 4900 1869 4941 non
1897 4886 2073 4955 otiose

490 4970 647 5026 nobis
684 4971 1034 5027 laborandum
1072 4980 1172 5039 est,
1213 4980 1273 5028 ut
1308 4972 1558 5029 mercede
1585 4972 1730 5043 digni
1749 4974 2068 5045 judicemur.

490 5060 657 5119 Justis
702 5070 881 5119 autem
928 5063 1134 5119 actibus
1169 5062 1327 5119 facile
1377 5065 1605 5122 honesta
1659 5066 1984 5132 succedunt,
2027 5067 2077 5124 si

489 5165 674 5211 tamen
703 5170 811 5211 non
837 5164 1102 5227 occupent
1127 5155 1365 5211 animum
1391 5171 1570 5228 prava:
1595 5155 1919 5226 voluptates,
1954 5171 2074 5228 quae

489 5264 603 5305 non
627 5246 841 5305 difﬁcile
868 5249 924 5304 in
948 5257 1138 5305 ventos
1158 5257 1512 5315 evanescunt,
1534 5249 1582 5303 si
1614 5263 1721 5304 non
1742 5248 1934 5304 divinae
1953 5263 2073 5306 ma-

488 5340 697 5410 iestatis
723 5340 916 5395 solatia
943 5341 1301 5410 requirantur.
1331 5339 1585 5409 Quisquis
1611 5353 1743 5408 ergo
1780 5348 1864 5394 est
1890 5340 1944 5395 in
1966 5340 2072 5397 hoc

489 5446 600 5503 quo
626 5440 730 5489 stat
751 5434 899 5489 salus
936 5433 1161 5500 homini,
1194 5432 1468 5502 religionis
1496 5431 1686 5487 ordine
1722 5432 2066 5501 constitutus,

493 5539 601 5581 non
624 5526 913 5583 extollatur
938 5527 1110 5598 gloria
1132 5527 1431 5583 sanctitatis
1465 5544 1479 5581 :
1509 5525 1607 5583 sed
1633 5526 1805 5595 magis
1837 5524 2070 5583 fructum

548 5663 593 5693 "
616 5662 940 5722 Emendabis
964 5679 1175 5721 mecum
1200 5671 1256 5721 et
1298 5664 1465 5735 leges,
1515 5663 1581 5718 du
1621 5662 1808 5729 licata,
1839 5677 1908 5718 ex
1950 5663 2068 5734 ipso

548 5735 782 5789 :rinturre
806 5742 976 5789 textu.
1001 5733 1275 5789 Coresus.
1306 5734 1546 5789 Monum.
1572 5679 1717 5789 Eccl.
1741 5730 1835 5788 Gr.
1868 5740 2000 5788 tom.
2021 5732 2068 5789 ll

490 5735 782 5807 Scriptura:
806 5733 1275 5807 textu._CorsLsn.
1306 5730 1717 5807 MonumJSccl.
1741 5730 1835 5788 Gr.
1868 5730 2000 5788 tom'.
2021 5732 2069 5789 ll

491 5804 627 5877 pag:
653 5804 784 5871 διες,
814 5804 1389 5862 h.-—llestitutionem
1429 5804 1749 5859 conﬁrmant
1785 5819 1905 5873 qua:
1944 5819 2070 5859 mox

2176 3324 2421 3381 dolorem
2448 3330 2543 3379 aut
2565 3321 2833 3393 patienter
2850 3317 3010 3386 ferre,
3037 3324 3133 3373 aut
3157 3315 3410 3372 fomentis
3429 3313 3743 3370 mollioribus

2176 3424 2500 3487 temperare.
2530 3412 2741 3469 Inﬁnita
2768 3417 2948 3467 autem
2980 3408 3150 3465 virtus
3169 3414 3273 3475 est,
3296 3405 3421 3462 odia
3451 3405 3643 3461 vicisse
3664 3404 3744 3460 he-

2177 3509 2400 3566 neliciis.
2431 3506 2568 3563 Nam
2594 3505 2685 3560 ille
2712 3504 2855 3560 inter
2877 3509 3104 3559 caeteros
3122 3499 3355 3572 palmam
3376 3494 3627 3569 perfectae
3651 3494 3744 3549 vir-

2176 3601 2310 3655 tutis
2333 3599 2562 3666 obtinet,
2592 3596 2686 3668 qui
2711 3595 2781 3652 ad
2804 3595 2979 3652 vicem
2999 3590 3196 3649 veneni
3221 3589 3417 3663 pocula
3437 3587 3585 3645 dulci
3606 3586 3743 3643 melle

2177 3692 2476 3763 componit.

2245 3784 2301 3839 2.
2340 3782 2552 3839 Primus
2577 3782 2759 3852 itaque
2795 3777 3098 3836 dilectionis
3132 3773 3329 3847 gradus
3361 3782 3445 3831 est
3485 3770 3743 3829 charitatis
3850 3810 3861 3829 .

2177 3874 2429 3932 allectum
2448 3873 2697 3930 amicitiis
2724 3870 2958 3939 nutrire;
2987 3869 3209 3938 integras
3241 3875 3420 3923 autem
3460 3862 3742 3921 dilectionis

2175 3975 2261 4026 est
2285 3965 2548 4032 cumulus,
2570 3963 2753 4021 odium
2777 3977 2962 4018 amore
2999 3974 3306 4033 repensare.
3332 3956 3467 4013 illud
3489 3952 3742 4013 beneﬁciis

2176 4059 2480 4125 ascribitur,
2501 4056 2607 4113 hoc
2625 4053 2911 4111 virtutibus
2928 4052 3233 4124 deputatur.
3257 4049 3485 4106 Additur
3503 4053 3743 4120 prteterea

2146 4151 2246 4216 ,ad
2272 4150 2544 4207 cumulum
2570 4146 2824 4219 perfectae
2859 4143 3161 4201 dilectionis
3188 4142 3276 4198 illa
3316 4140 3603 4205 sententia,
3639 4150 3742 4207 qua:

2174 4242 2289 4297 ait:
2322 4238 2384 4296 Si
2408 4238 2645 4295 esurierit
2664 4236 2899 4291 inimicus
2923 4243 3059 4300 tuus,
3089 4233 3202 4288 ciba
3228 4233 3409 4297 illum;
3436 4231 3482 4285 si
3510 4230 3635 4294 sitit,
3662 4242 3742 4299 po-

2177 4342 2284 4388 tum
2312 4330 2381 4386 da
2406 4330 2519 4397 illi;
2548 4329 2643 4384 hoc
2681 4328 2817 4382 enim
2845 4328 3043 4401 faciens
3063 4325 3308 4381 carbones
3346 4323 3482 4395 ignis
3520 4333 3740 4392 congeret

2174 4440 2329 4497 super
2354 4432 2509 4496 caput
2542 4422 2653 4494 ejus
2684 4419 2860 4496 (Rom.
2890 4436 2984 4488 xu,
3016 4417 3131 4492 20).
3172 4416 3507 4486 Quicumque
3544 4427 3669 4483 ergo
3691 4419 3741 4466 tu

2174 4532 2263 4583 es,
2293 4531 2455 4587 quem
2475 4514 2666 4571 alienae
2686 4512 2987 4570 insolentim
3007 4510 3272 4581 inquietat
3295 4507 3509 4579 injuria,
3533 4513 3590 4561 et
3605 4503 3741 4560 dolor

489 4598 695 4668 cordia,
718 4600 959 4670 bonitas;
988 4615 1050 4658 ut
1068 4618 1189 4658 cum
1208 4605 1415 4659 venerit
1432 4603 1691 4661 Dominus
1710 4604 1889 4664 facere
1911 4609 2073 4666 ratio-
2096 4616 2151 4680 ι)
2174 4609 2517 4669 contumeliis
2543 4608 2810 4664 excitatus
2834 4605 3103 4672 stimulat;
3130 4604 3177 4659 si
3207 4602 3289 4659 vis
3314 4599 3587 4674 perfectus
3617 4611 3736 4659 esse.

2176 4703 2477 4760 animorum
2503 4698 2832 4756 iracundiam
2852 4697 3221 4754 moderatione
3239 4706 3543 4765 compesce,
3563 4697 3618 4746 et
3643 4703 3670 4743 a
3694 4696 3739 4775 te

2170 4792 2446 4869 patientia:
2470 4792 2616 4849 bono
2647 4790 2772 4847 odia
2803 4788 3060 4862 improbas
3085 4785 3466 4858 indignationis
3490 4778 3734 4840 exclude:

2173 4895 2267 4943 aut
2293 4894 2462 4953 certe,
2492 4884 2541 4941 si
2566 4892 2777 4940 tantum
2796 4882 3073 4939 vindicare
3092 4879 3386 4946 desideras,
3409 4878 3660 4933 miserere
3679 4872 3737 4928 ab

2173 4977 2259 5035 his
2296 4979 2389 5049 qui
2428 4978 2679 5048 ignorant
2723 4975 2951 5032 salutem
2990 4972 3182 5029 anima:
3222 4973 3278 5027 in
3314 4971 3421 5027 hac
3455 4965 3738 5026 dilectionis

2174 5068 2507 5143 perfectione
2531 5067 2787 5140 pendere.
2811 5066 2977 5123 Forte
3000 5064 3141 5122 odiis
3167 5063 3292 5120 odia
3317 5066 3735 5134 compensentur,

2177 5169 2234 5218 et
2260 5160 2330 5217 ad
2355 5157 2812 5233 compensandum
2835 5156 3043 5215 facinus
3066 5155 3271 5213 vicaria
3296 5154 3511 5225 injuria.
3549 5150 3735 5208 Provo-

2177 5268 2332 5311 casse
2351 5252 2568 5324 quidem
2594 5251 2665 5309 ad
2681 5249 3014 5307 iracundiam
3033 5248 3275 5314 fratrem,
3298 5248 3502 5305 crimen
3519 5254 3626 5313 est;
3652 5241 3734 5321 sed

2175 5354 2528 5419 provocatum
2547 5359 2656 5401 non
2675 5358 2936 5411 cessasse,
2956 5340 3198 5399 deforme
3215 5349 3315 5397 est.
3342 5340 3424 5397 ιω
3442 5339 3581 5396 enim
3597 5334 3733 5392 odio-

2173 5455 2295 5496 rum
2319 5439 2524 5495 semina
2552 5435 3042 5494 abundantissimus
3076 5432 3377 5505 iniquitatis
3402 5430 3599 5488 fructus
3622 5424 3733 5483 red-

2175 5529 2339 5600 dunt,
2380 5537 2438 5587 et
2473 5528 2738 5587 scelerum
2764 5541 2958 5600 poenas
2982 5533 3294 5599 operantur,
3323 5532 3383 5580 et
3406 5536 3530 5579 cum
3562 5522 3732 5575 auctor

2169 5666 2384 5794 subjicit
2402 5674 2591 5726 auctor
2611 5683 2627 5722 :
2654 5664 2772 5724 Hoc
2787 5663 2921 5723 illud
2937 5664 3195 5738 negotium
3212 5661 3358 5735 justo
3379 5660 3551 5735 fenore
3566 5666 3729 5713 num-

2194 5754 2369 5794 .Ατυκ.

2194 5754 2369 5795 ΞΑΤΙῙἈ.
