3960 6358
500 418 601 480 ’131

1476 411 1537 471 S.
1575 409 1952 471 VALERIAN-l
1990 406 2299 467 spiceum
2338 410 2790 470 CEMELIENSIS

3681 412 3785 470 πί

501 538 651 597 litem
696 536 904 591 animos
948 534 1196 589 limante
1240 529 1439 586 mentis
1486 528 1751 585 accendit.
1820 526 1993 584 Nemo
2034 504 2095 582 in
2122 526 2169 589 Α
2200 543 2336 602 Opus
2383 505 2470 588 θεέ
2506 532 2785 588 mmsis,
2825 529 2998 587 οηηε
3043 531 3277 602 denique
3320 530 3609 602 pm,
3658 528 3784 590 «ηε.

500 630 908 704 comparatione
952 638 1201 699 persona:
1244 624 1467 681 alterius
1506 623 1715 679 natales
1754 618 2008 689 infamet;
2039 627 2094 679 at

502 743 613 785 non
641 733 725 782 est
751 738 911 795 quem
941 721 1225 779 insolentia
1252 720 1338 777 sui
1364 718 1477 775 oris
1506 724 1743 775 accuset.
1781 714 2093 773 Cavendum

503 828 629 877 ante
656 818 837 876 omnia
866 823 977 885 est,
1018 830 1086 872 ne
1122 814 1253 886 quid
1284 827 1388 887 per
1422 812 1886 870 concertationem
1904 810 2094 867 simul-

498 915 635 971 tatis
675 917 965 969 accrescat.
1016 908 1169 967 Solet
1194 908 1338 965 enim
1379 906 1691 964 insanabilis
1720 906 1997 963 inimicitia
2020 920 2094 962 ex

500 1005 851 1065 contentione
872 1002 1224 1060 descendere.
1272 999 1331 1055 lu
1358 1013 1470 1070 quo
1491 998 1618 1055 loco
1656 999 1917 1071 patientia
1956 1013 2094 1070 opus

498 1106 619 1166 est,
650 1099 735 1154 eui
778 1111 888 1153 non
915 1096 1034 1151 sine
1078 1091 1256 1151 fructu
1280 1092 1515 1164 propria:
1540 1091 1729 1147 salutis
1755 1090 2088 1161 obsequeris.

498 1192 637 1248 Nam
662 1191 804 1246 sicut
830 1188 981 1244 illum
1002 1188 1096 1259 qui
1124 1184 1377 1257 injuriam
1400 1183 1555 1239 Μ
1584 1182 1747 1240 ίιισθιιι
1768 1184 1948 1254 gravis
1962 1197 2096 1254 pec-

498 1283 608 1341 cati
653 1289 837 1337 manet
879 1281 1068 1352 culpa;
1112 1279 1187 1334 ita
1232 1286 1289 1335 te
1334 1277 1568 1333 maxima
1610 1276 1847 1349 protegit
1886 1276 2096 1333 virtutis

503 1391 740 1442 corona,
782 1374 831 1430 si
876 1381 1097 1445 accepta
1141 1386 1250 1428 non
1288 1370 1540 1427 irasceris
1577 1369 1793 1439 injtria.
1830 1367 1927 1425 ille
1951 1370 2097 1426 enim

500 1468 811 1526 dilectionis
836 1469 1029 1541 plenus
1068 1466 1289 1521 alternus
1314 1471 1400 1520 est
1420 1504 1436 1532 ,
1485 1464 1531 1520 si
1556 1462 1879 1519 oblitteratis
1902 1456 2097 1518 aduotu-

503 1565 699 1631 mellis,
724 1561 1121 1619 inﬁrmitatibus
1140 1559 1448 1616 miserearis
1468 1558 1676 1614 alicnis.
1715 1555 1926 1613 Scimus
1948 1555 2099 1626 quod

504 1658 799 1729 gloriosum
839 1664 923 1712 est
964 1654 1281 1725 aliquantis,
1310 1660 1630 1725 exspectare
1654 1650 1901 1721 beriignis
1927 1649 2098 1706 oculis

504 1766 695 1824 pinnas
733 1763 1020 1820 corporum
1066 1755 1161 1802 aut
1200 1746 1395 1802 damna
1440 1743 1827 1800 miserabilium
1866 1740 2095 1798 faculta-

504 1852 641 1899 tum.
682 1842 787 1898 Sed
833 1843 880 1898 si
918 1842 1011 1913 qui
1037 1848 1161 1897 sunt
1200 1840 1320 1902 isti,
1351 1838 1575 1894 audiant
1601 1838 1887 1894 Dominum
1913 1836 2099 1893 dicen-

2192 626 2442 693 ctissimi,
2474 626 2626 697 cujus
2655 627 2854 683 auxilio
2891 626 3157 683 medicina
3194 641 3345 697 spem
3372 625 3626 683 unum
3651 626 3784 683 salu-

2195 722 2267 777 tis
2290 730 2564 793 operatur,
2588 738 2657 778 ex
2676 723 2872 778 amaris
2900 722 3183 794 speciebus
3202 728 3260 777 et
3285 720 3536 777 dulcibus
3555 729 3778 777 certent.

2192 814 2353 883 Quod
2381 817 2424 871 si
2453 817 2576 886 quis
2600 817 2842 873 medicus
2870 818 3098 873 rationis
3136 817 3356 886 ignarus
3383 822 3625 886 nequeat
3652 824 3780 872 tem-

2194 924 2428 982 perare,
2487 910 2616 966 dum
2661 912 2961 967 remedium
3016 912 3240 981 quzerlt,
3294 908 3581 966 mortifera
3638 909 3782 980 agris

2192 1016 2405 1057 venena
2432 1004 2729 1075 componit,
2760 1019 2880 1074 quae
2900 1004 2975 1059 ita
2994 1018 3186 1060 omnes
3204 1004 3552 1061 extrinsecus
3577 1001 3781 1059 dolores

2199 1096 2474 1163 accendit,
2524 1097 2571 1151 si
2618 1097 2802 1152 tristes
2845 1098 3133 1153 herbarum
3168 1111 3365 1153 succos
3387 1096 3565 1167 equis
3592 1096 3781 1151 neseiat

2190 1191 2427 1247 miscere
2474 1192 2823 1264 ponderibus.
2884 1191 2966 1247 lta
3006 1199 3063 1247 et
3104 1192 3213 1258 lex,
3256 1189 3633 1256 dilectissimi,
3675 1204 3780 1260 qua

2194 1282 2504 1340 Christiana
2549 1283 2671 1354 jura
2718 1285 3052 1350 moderatur,
3101 1298 3170 1339 ex
3215 1283 3415 1339 amaris
3443 1290 3502 1337 et
3528 1280 3777 1346 dulcibus,

2194 1377 2306 1433 hoc
2333 1385 2434 1443 est,
2456 1394 2527 1432 ex
2555 1376 2789 1447 antiquis
2814 1385 2872 1431 et
2892 1374 3245 1447 praesentibus
3265 1373 3530 1430 institutis
3556 1381 3639 1428 est
3666 1388 3778 1429 cou-

2202 1470 2334 1527 dita.
2372 1469 2506 1525 Nam
2536 1478 2599 1525 ut
2628 1477 2711 1525 est
2748 1469 3124 1542 peccatoribus
3164 1468 3373 1539 ingrata
3396 1510 3410 1534 ,
3453 1467 3529 1522 ita
3559 1475 3617 1522 et
3638 1465 3777 1535 iustis

2198 1570 2319 1618 tota
2361 1571 2442 1617 est
2487 1563 2775 1618 verborum
2813 1563 3081 1618 suavitate
3107 1560 3406 1633 composita
3434 1578 3448 1613 :
3479 1560 3534 1614 in
3562 1566 3773 1626 tantm,

2203 1662 2266 1710 ut
2285 1655 2369 1711 bis
2389 1654 2610 1711 cmleste
2650 1655 2933 1726 promittat
2976 1668 3201 1724 regnum
3221 1695 3236 1720 ,
3268 1652 3372 1707 illis
3400 1652 3667 1722 gebenutc
3688 1652 3777 1706 mi-

2204 1753 2366 1803 netur
2388 1746 2717 1803 incendium.
2756 1745 2817 1801 in
2845 1761 2951 1817 qua
2979 1747 3025 1801 si
3060 1745 3184 1815 quis
3208 1745 3431 1816 sapiens
3458 1743 3674 1799 noverit
3694 1742 3776 1799 bu-

2192 1839 2448 1896 militatis
2502 1848 2558 1896 et
2612 1841 2765 1911 pacis
2822 1839 3127 1906 adiectione
3176 1837 3539 1895 confectiouis
3576 1851 3775 1892 servare

506 1945 653 1993 tem:
682 1936 846 1992 Orate
871 1952 966 2007 pro
1004 1934 1439 1989 calumniantibus
1472 1930 1614 1988 vobis
1645 1931 1862 2005 (lculi.
1892 1948 1945 1998 v,
1977 1930 2089 2003 μ).
2124 1927 2171 1989 Β
2198 1947 2526 1999 mensuram,
2554 1931 2757 1988 nullam
2791 1931 2986 1987 exinde
3025 1931 3374 1987 districtioris
3394 1930 3538 2001 juris
3564 1930 3776 2000 patietur

505 2028 659 2085 Multi
688 2037 909 2099 accepta
956 2025 1152 2097 injuria
1190 2026 1450 2081 vicariam
1478 2025 1860 2081 contumeliam
1884 2031 2097 2096 parant,

504 2127 564 2177 et
588 2120 837 2176 vindictae
865 2120 1042 2174 locum
1071 2119 1252 2173 animo
1278 2118 1626 2173 latmcinanti
1646 2125 1983 2189 exspectant.
2034 2116 2104 2174 Et

508 2213 601 2268 ubi
628 2222 715 2269 est
740 2212 873 2268 illud
896 2211 1044 2282 quod
1072 2210 1332 2267 Dominus
1354 2209 1491 2266 dicit
1513 2228 1527 2264 :
1557 2207 1774 2267 Nemini
1793 2210 1988 2266 malum
2008 2227 2102 2282 pro

510 2305 648 2361 malo
690 2306 961 2360 reddentes
1006 2303 1183 2377 (Rom.
1216 2320 1310 2370 xu,
1344 2302 1473 2373 l7)?
1521 2302 1600 2359 Ac
1640 2318 1708 2359 ne
1756 2303 1955 2375 aliquid
1998 2304 2104 2361 sibi

511 2398 811 2454 vindicaret
844 2397 1156 2464 iracundia,
1182 2396 1469 2467 potestatis
1494 2396 1659 2451 etiam
1693 2411 1843 2467 spem
1882 2396 2106 2453 abstulit

513 2491 757 2556 ultionis,
791 2506 912 2546 cum
941 2489 1108 2546 dicit:
1152 2489 1287 2546 lilii
1326 2488 1604 2545 strictim
1629 2532 1645 2557 ,
1677 2505 1776 2563 ego
1801 2490 2101 2558 retribuam,

514 2583 641 2639 dicit
662 2582 921 2639 Dominus
949 2581 1138 2655 (Ibid,
1162 2581 1274 2653 l9).
1307 2581 1551 2638 nimiast
1572 2594 1708 2652 ergo
1734 2583 2107 2655 unusquisque

512 2676 665 2733 fratri
688 2692 791 2732 suo
836 2690 904 2731 ex
952 2683 1071 2731 toto
1108 2674 1296 2731 corde.
1354 2673 1542 2731 Nullus
1578 2673 1789 2730 recolat
1828 2674 2101 2745 iujuriam,

515 2783 674 2825 neruo
711 2774 919 2838 quaerat
956 2767 1036 2822 ira
1076 2775 1463 2838 perseverante
1497 2765 1813 2822 vindictam.
1858 2765 1985 2822 Sint
2004 2767 2107 2823 tibi

513 2876 637 2917 cum
664 2860 882 2915 inimico
905 2869 997 2914 tuo
1016 2873 1232 2930 semper
1255 2858 1473 2927 Nausia,
1510 2859 1608 2915 sed
1630 2873 1770 2930 plna
1794 2859 2065 2931 colloquia
2090 2879 2104 2916 :

513 2961 728 3010 cessent
754 2953 1177 3009 obtrectationes
1193 2994 1207 3020 ,
1256 2962 1315 3009 et
1339 2961 1555 3009 cessarit
1582 2954 1724 3010 lites.
1762 2953 1856 3009 Sic
1881 2963 1968 3010 est
1988 2962 2050 3010 ut
2075 2971 2110 3011 a

513 3054 570 3104 te
608 3047 864 3117 diligatur
911 3048 1190 3114 inimicus,
1234 3048 1284 3103 si
1328 3063 1436 3104 non
1486 3047 1652 3103 addas
1690 3063 1889 3105 causas
1908 3049 2111 3121 quitus

511 3155 728 3213 semper
749 3138 1110 3196 inﬂammetur
1132 3140 1324 3195 iratus.

1084 3232 1370 3289 ΗΟἋΙῘᾸΑ
1393 3232 1531 3288 Χιῐι.

835 3327 967 3382 Item
988 3326 1052 3381 de
1073 3327 1204 3381 bona
1232 3328 1375 3397 pacis
1395 3325 1782 3383 conservandae.

584 3420 637 3476 l.
677 3419 949 3491 Aliquanti
978 3422 1116 3475 forte
1143 3422 1444 3487 aestimant,
1470 3420 1831 3485 dilectissimi,
1864 3420 1934 3477 ab
1960 3420 2110 3475 anti-

512 3514 636 3585 quis
657 3513 791 3582 legis
813 3513 1078 3583 justitiam
1104 3526 1267 3581 quam
1292 3512 1571 3567 aiusinosi
1594 3512 1731 3567 satis
1748 3512 1946 3566 duram
1965 3511 2111 3581 judi-

513 3614 659 3669 cant,
691 3606 869 3659 nimim
896 3604 1156 3659 bonitatis
1176 3604 1491 3675 prmjnd-icio
1508 3603 1677 3659 fuisse
1694 3604 1963 3659 calcatum
1989 3620 2004 3671 ;
2036 3619 2113 3660 ex

515 3696 622 3752 boc
645 3696 793 3764 quod
828 3696 973 3751 dicat
1012 3696 1271 3751 Dominus
1299 3696 1351 3750 in
1380 3694 1714 3764 Evangeiio:
1756 3694 1976 3768 Diligite
2007 3696 2113 3750 ini-

514 3790 677 3843 micos
697 3798 889 3843 vestros
906 3826 922 3851 ,
955 3787 1242 3860 benefacite
1272 3788 1351 3843 his
1378 3790 1473 3860 qui
1500 3804 1589 3843 vos
1619 3787 1842 3843 oderant!
1859 3828 1874 3854 ,
1896 3797 1948 3843 et
1967 3798 2113 3845 orate

518 3899 611 3955 pro
633 3880 1063 3936 calumniantibus
1096 3881 1235 3936 vobis
1270 3880 1486 3952 (Matth.
1512 3897 1566 3948 v,
1594 3878 1707 3952 ﬂ).
1748 3879 1892 3937 Satis
1916 3882 2114 3938 crude-

518 3974 585 4029 lis
611 3984 714 4039 est,
745 3973 1099 4037 dilectissimi,
1124 3974 1225 4043 qui
1253 3972 1649 4045 putatjustitia:
1674 3989 1784 4029 non
1814 3976 2112 4031 convenire

515 4067 835 4133 bonitatem,
863 4083 986 4123 cum
1012 4083 1121 4121 una
1150 4074 1314 4136 atque
1335 4062 1525 4122 eadem
1548 4066 1623 4122 sit
1648 4067 1788 4123 ratio
1808 4065 2111 4124 Providen-

515 4163 623 4227 tiae,
654 4162 825 4216 malos
854 4161 1095 4217 bonitate
1122 4175 1503 4232 compescere,
1532 4160 1710 4217 bonos
1734 4160 1871 4231 legis
1899 4158 2112 4217 vinculo

514 4253 833 4310 custodisse.
878 4253 1120 4323 Denique
1166 4254 1368 4309 currite
1412 4252 1484 4309 ad
1522 4260 1773 4309 saccum
1818 4252 2011 4319 David,
2054 4258 2115 4308 et

515 4345 803 4401 invenietis
830 4343 1033 4401 fontem
1053 4344 1276 4414 justitiae
1301 4359 1366 4401 ac
1386 4344 1649 4401 bonitatis
1672 4345 1837 4401 unius
1860 4359 1987 4405 esse
2006 4345 2115 4401 vir-

516 4436 663 4501 tutis,
693 4436 787 4505 qui
817 4436 891 4490 ita
925 4436 979 4490 in
1020 4445 1176 4506 parte
1200 4437 1535 4508 psalmorum
1560 4436 1832 4508 loquitur:
1864 4435 2113 4494 Botulus

519 4537 592 4593 tu,
617 4525 869 4594 Domine,
911 4537 961 4582 et
986 4530 1043 4583 in
1064 4527 1295 4585 bonitate
1324 4539 1411 4585 tuo
1448 4530 1578 4586 doce
1611 4547 1697 4587 ate
1712 4531 2113 4604 iustiﬁcationes

518 4629 632 4674 tuas
665 4617 783 4691 (Ps.
810 4634 989 4685 cxvru,
1020 4618 1134 4691 68).
1174 4619 1345 4677 Nemo
1391 4634 1523 4691 ergo
1568 4620 1934 4689 dilectissimi,
1980 4622 2115 4691 legis

515 4713 937 4784 descriptionem
966 4712 1112 4769 aliud
1141 4721 1297 4785 putet
1324 4729 1445 4771 esse
1468 4729 1631 4785 quam
1654 4714 1918 4770 bonitatis
1944 4715 2113 4786 pieta-
2138 4707 2191 4768 ἰ)

514 4806 692 4876 tisque
720 4806 1056 4863 consortium
1081 4826 1095 4861 :
1139 4821 1261 4877 qum
1286 4823 1411 4864 eum
1438 4807 1736 4878 discile
1777 4807 1974 4875 studet,
2008 4808 2111 4873 ho-

513 4899 682 4955 nestis
722 4899 934 4955 actibus
978 4912 1159 4956 mores
1204 4900 1468 4966 instituat,
1514 4906 1574 4955 ct
1612 4899 1883 4955 concitata
1912 4900 2112 4969 iniquis

514 4993 933 5061 cogitationibus
976 4995 1143 5050 corda
1189 4994 1480 5050 severitate
1522 4994 1840 5065 compescit.
1882 4994 2013 5050 Nam
2052 5003 2113 5051 ut

512 5086 700 5143 sciatis
727 5087 860 5143 nihil
880 5088 948 5144 de
972 5088 1194 5158 antiquo
1217 5087 1341 5158 jure
1365 5086 1531 5143 fuisse
1549 5089 1904 5155 subtractum,
1929 5088 2113 5145 audite

515 5177 803 5235 Dominum
849 5180 1161 5236 dicentem:
1197 5179 1323 5236 Non
1357 5182 1471 5236 ueni
1523 5180 1688 5253 tegent
1740 5180 1969 5249 seuere,
2021 5182 2113 5238 sed

516 5271 800 5344 adimplere
818 5271 1033 5345 (Matth.
1062 5289 1117 5338 ν,
1150 5272 1261 5344 ιτ).

585 5362 640 5420 2.
679 5364 799 5421 Non
828 5367 947 5422 sine
984 5380 1183 5433 causa,
1224 5364 1592 5433 dilectissimi,
1638 5363 1886 5423 Christus
1926 5375 2114 5423 noster

514 5458 800 5527 pmeutis
819 5471 884 5513 ac
908 5456 1111 5514 veteris
1133 5456 1766 5530 Testamenti’pratcepta
1795 5474 1959 5515 unum
1986 5474 2113 5515 cor-

510 5564 618 5621 pus
644 5564 764 5607 esse
808 5550 1001 5607 voluit.
1053 5549 1273 5607 Sciebat
1300 5550 1529 5606 alteram
1568 5560 1781 5622 partem
1824 5552 1942 5609 sine
1968 5552 2109 5609 alte-

513 5642 628 5699 rius
655 5644 923 5715 adjutorio
950 5652 1097 5701 stare
1127 5662 1234 5703 non
1267 5658 1429 5717 posse
1454 5663 1466 5698 :
1495 5652 1552 5699 et
1576 5658 1705 5700 vere
1734 5644 1807 5700 ita
1828 5656 1932 5702 est.
1974 5646 2108 5703 Nam

514 5736 610 5793 ubi
637 5743 722 5795 est
744 5737 1012 5797 districtio
1035 5737 1345 5811 iudicantis,
1378 5744 1870 5809 temperamentum
1890 5754 2109 5811 semper

589 5946 616 5973 κ
653 5933 783 5992 Post
806 5936 947 5994 hanc
973 5953 1158 5994 vocem
1187 5938 1325 5995 forte
1352 5938 1657 5995 addendum
1684 5954 1903 5997 servare.

2516 2024 2653 2080 Nam
2696 2032 2756 2080 ut
2798 2032 2886 2080 est
2932 2024 3086 2080 facile
3115 2039 3307 2095 aspera
3342 2038 3582 2093 quaeque
3604 2021 3772 2094 τιοώ

2205 2118 2381 2173 melis
2404 2118 2674 2173 suavitate
2703 2118 2933 2184 mollire,
2965 2117 3040 2172 ita
3070 2131 3181 2172 non
3200 2123 3287 2171 est
3313 2113 3535 2170 dilﬁcile
3562 2113 3775 2169 honestis

2204 2211 2417 2269 actibus
2444 2212 2650 2282 antiqui
2670 2209 2808 2281 juris
2836 2210 3246 2266 amaritudinem
3274 2218 3631 2280 temperasse.

2278 2305 2331 2361 8.
2369 2304 2431 2362 Si
2477 2306 2597 2376 quis
2648 2305 2830 2375 itaque
2872 2306 2982 2377 ιθ
3022 2312 3262 2360 vestrum
3304 2301 3572 2374 justitiam
3617 2306 3770 2366 amat,

2204 2398 2489 2468 utriusque
2526 2397 2861 2454 Testamenti
2906 2397 3157 2453 mandata
3190 2408 3214 2434 ι
3238 2397 3492 2462 studeat,
3537 2405 3691 2467 atque
3714 2395 3771 2449 ita

2208 2491 2435 2546 novellis
2461 2489 2671 2559 legibus
2698 2490 2940 2556 serviat,
2984 2498 3046 2544 ut
3072 2488 3162 2542 illa
3188 2504 3307 2558 qum
3335 2495 3466 2543 sunt
3506 2486 3772 2556 antiquitas

2202 2587 2503 2643 constituta
2530 2601 2640 2640 non
2661 2585 3058 2657 pnctermittat.
3088 2582 3180 2638 Sic
3198 2595 3333 2651 ergo
3352 2581 3607 2651 implebis
3628 2581 3774 2648 legem

2206 2676 2410 2733 Christi
2435 2718 2449 2742 ,
2481 2677 2527 2733 si
2556 2677 2690 2732 nihil
2717 2676 2785 2732 de
2813 2676 3048 2746 antiquis
3075 2683 3170 2730 aut
3206 2674 3568 2746 praesentibus
3589 2672 3773 2728 institu-

2204 2772 2281 2828 tis
2319 2770 2653 2827 subtraxeris
2695 2770 2928 2826 veritati.
2992 2768 3128 2837 Quis
3175 2776 3355 2822 autem
3400 2766 3621 2838 sapiens
3660 2780 3771 2836 opus

2206 2865 2427 2937 justitia:
2472 2863 2704 2921 fructum
2753 2871 2914 2933 neget
2953 2878 3076 2918 esse
3118 2860 3411 2927 bonitatis,
3450 2874 3574 2916 cum
3618 2857 3771 2913 audiat

2206 2958 2532 3031 prophetam
2564 2957 2874 3012 dicentem:
2927 2952 3126 3009 Bonum
3173 2952 3304 3007 mihi
3340 2952 3483 3025 quod
3518 2949 3770 3005 huraiiiasti

2208 3069 2324 3117 me,
2373 3059 2431 3104 ut
2470 3050 2716 3105 discerem
2738 3049 3141 3121 jnstiﬁcatioaes
3169 3056 3285 3103 mas
3314 3044 3431 3118 (Ps.
3463 3060 3637 3109 cxvrn,
3674 3042 3770 3113 7i)?

2212 3143 2332 3200 Non
2358 3143 2549 3199 dubito
2575 3158 2695 3200 esse
2730 3142 2945 3213 aliquos
2967 3183 2981 3207 ,
3026 3138 3399 3204 dilectissimi,
3446 3137 3536 3207 qui
3571 3136 3666 3191 sub
3685 3135 3774 3189 hac

2214 3238 2488 3294 sententia
2519 3238 2814 3309 perfectam
2842 3241 3036 3305 putent
3066 3241 3219 3289 stare
3255 3231 3538 3301 justitiam,
3558 3242 3675 3298 qua
3696 3225 3773 3281 di-

2128 3313 2180 3378 c
2210 3334 2288 3390 cit
2313 3353 2324 3388 :
2356 3330 2577 3388 Oculum
2608 3348 2701 3403 pro
2722 3329 2887 3395 oculo,
2924 3328 3123 3383 dentem
3145 3344 3238 3399 pro
3265 3326 3421 3380 dente
3442 3323 3612 3395 (Leuit.
3632 3335 3770 3386 nn,

2208 3425 2327 3495 εκ).
2367 3424 2759 3480 Dominabatur
2798 3422 3020 3491 quidem
3061 3420 3162 3476 ista
3206 3417 3415 3473 dudum
3455 3415 3589 3487 apud
3614 3410 3773 3469 saeculi

2207 3518 2457 3573 homines
2481 3535 2494 3570 :
2524 3515 2621 3571 sed
2652 3515 2791 3580 ideo,
2821 3514 2949 3583 quia
2988 3512 3215 3567 necdum
3250 3515 3670 3566 auctorvenerat
3688 3505 3771 3560 ba-

2208 3610 2417 3665 uitatis.
2440 3608 2666 3676 Qualem
2697 3615 2877 3661 autem
2906 3606 3053 3660 illam
3082 3604 3288 3676 putatis
3322 3602 3488 3657 fuisse
3510 3600 3766 3671 justitiam,

2208 3714 2333 3771 (μω
2370 3702 2542 3756 solam
2588 3698 2777 3754 mortis
2814 3698 3144 3770 operabatur
3185 3695 3477 3766 injuriam!
3518 3693 3588 3748 Et
3626 3692 3769 3748 nullm

2210 3796 2458 3869 proiecto
2481 3794 2654 3850 adhuc
2682 3808 2858 3865 pinna:
2886 3792 3007 3848 linis
3033 3800 3197 3857 esset,
3224 3790 3328 3846 nisi
3351 3786 3598 3845 Christus
3618 3794 3772 3842 ultam

2210 3888 2455 3944 cruentis
2481 3886 2690 3956 legibus
2727 3886 2906 3941 oleum
2935 3883 3319 3941 misericordiae
3350 3882 3669 3946 miscuisset,
3690 3878 3772 3933 hoc

2215 3987 2316 4046 est,
2344 3995 2475 4034 vere
2500 3979 2621 4034 sine
2644 3978 2774 4033 dolo
2802 3978 3080 4049 implesset
3103 3975 3385 4046 justitiam,
3416 3974 3667 4030 bonitatis
3697 3987 3770 4026 ex-

2208 4071 2477 4125 biiuisset
2516 4069 2839 4126 doctrinam.
2883 4068 2978 4125 His
3024 4083 3173 4139 ergo.
3222 4066 3587 4131 dilectissimi,
3618 4063 3769 4120 eruti-

2212 4165 2451 4221 tionibus
2495 4165 2757 4228 instituti,
2790 4165 3022 4235 antiquze
3058 4164 3194 4233 legis
3230 4160 3641 4218 amaritudinem
3664 4158 3771 4214 dite-

2212 4258 2411 4314 cticnis
2438 4259 2617 4315 studio
2646 4266 3031 4329 temperemus;
3070 4273 3143 4313 ne
3168 4257 3419 4312 videatur
3439 4257 3528 4312 ille
3552 4253 3771 4327 perfecta:

2211 4354 2432 4410 modum
2460 4354 2756 4411 excessisse
2772 4353 3022 4425 justitiam,
3050 4353 3145 4423 qui
3172 4352 3333 4408 illata
3362 4352 3535 4408 vicem
3562 4354 3772 4421 reportat

2210 4448 2440 4518 injuria.

2284 4538 2338 4593 4.
2376 4538 2519 4595 Ecce
2538 4538 2667 4596 dicit
2686 4540 3054 4610 evangelista:
3104 4537 3320 4611 Diligite
3343 4538 3583 4592 inimicos
3610 4541 3772 4589 uestros

2216 4632 2430 4703 (Matth.
2457 4651 2506 4699 v,
2544 4633 2655 4706 M).
2707 4634 2870 4690 Forte
2908 4634 3196 4705 aliquantis
3235 4631 3451 4688 videtur
3495 4628 3770 4688 absurdum

2213 4728 2593 4785 contumeliam
2634 4744 2819 4784 arnore
2856 4742 3168 4799 repensare.
3218 4725 3339 4781 Non
3366 4733 3453 4780 est
3476 4718 3773 4795 impossibile

2212 4820 2487 4875 inimicum
2516 4819 2739 4889 diligere
2762 4862 2776 4885 ,
2808 4820 2855 4874 si
2893 4819 3123 4891 partium
3158 4825 3373 4873 tuarum
3401 4816 3675 4871 utilitatem
3698 4824 3773 4867 co-

2212 4910 2370 4979 gites.
2403 4908 2621 4983 Diligite
2656 4911 2893 4966 inimicos
2933 4919 3143 4967 uestros.
3186 4908 3358 4964 Nemo
3395 4908 3498 4964 sub
3523 4908 3623 4963 hoc
3644 4915 3770 4959 rusu-

2212 5003 2325 5058 dati
2350 5004 2507 5058 titulo
2536 5005 2768 5059 aestimet
2785 5019 2845 5059 se
2866 5004 3083 5074 aliquod
3111 5003 3330 5058 inimico
3355 5011 3611 5073 praestare
3635 4997 3773 5052 benc-

2214 5092 2415 5150 ﬁcium.
2468 5094 2576 5163 Qui
2621 5095 2895 5151 inimicum
2924 5095 3124 5164 diligit,
3172 5109 3233 5149 se
3276 5092 3469 5162 diligit.
3510 5089 3617 5146 Sibi
3653 5085 3774 5142 enirn

2213 5190 2490 5260 pepercit,
2532 5190 2625 5259 qui
2655 5189 3029 5245 latrocinantis
3053 5186 3330 5243 dexteram
3360 5183 3543 5253 magni
3566 5176 3771 5236 muneris

2214 5282 2395 5353 praeda
2416 5282 2781 5353 compescuit;
2812 5289 2868 5337 et
2887 5297 3042 5337 suum
3064 5294 3259 5350 corpus
3286 5278 3425 5334 texit
3440 5319 3455 5342 ,
3480 5277 3571 5347 qui
3590 5276 3770 5329 armato

2212 5374 2356 5430 hosti
2385 5374 2635 5445 precibus
2660 5374 2915 5436 obviavit,
2942 5373 3158 5443 negotio
3185 5370 3421 5442 quodam
3443 5376 3662 5425 conatus
3675 5375 3771 5419 sct-

2214 5484 2344 5527 vare
2392 5467 2751 5524 reverentiam
2796 5466 3104 5539 pugnatori.
3160 5464 3294 5520 Nam
3340 5472 3550 5535 partem
3588 5459 3773 5515 consili

2213 5577 2335 5619 esse
2375 5562 2613 5618 victoria:
2634 5603 2649 5628 ,
2697 5561 2940 5634 praelium
2985 5559 3171 5616 oblato
3209 5559 3325 5614 auri
3368 5556 3603 5628 pondere
3638 5546 3773 5606 telle-

2208 5652 2393 5707 misse.
2436 5651 2651 5725 Diligite
2676 5652 2914 5707 inimicos
2940 5659 3153 5706 vestrm.
3203 5648 3318 5704 lloc
3332 5655 3423 5703 est
3446 5642 3681 5702 innatast
3702 5637 3773 5694 di-

2208 5741 2407 5815 igere,
2464 5742 2603 5801 odiis
2649 5758 2758 5800 non
2812 5740 3161 5813 respondere,
3207 5747 3433 5812 accepta
3477 5727 3773 5795 contundit
