3960 6358
485 357 588 416 755

1453 347 1509 405 S.
1551 347 1923 406 VALERIANI
1963 346 2264 406 EPISCOPI
2306 345 2761 408 CEMELIENSIS

3675 352 3790 408 756

488 485 616 540 ergo
643 475 702 524 ιιι
730 467 784 522 in
815 475 865 521 te
895 461 1098 535 antiqui
1121 462 1258 535 juris
1285 462 1549 519 districtio
1588 463 1722 518 nihil
1750 463 1946 519 habeat
1973 478 2071 534 po-
2101 463 2156 528 Α
2178 463 2341 528 biam,
2368 471 2422 518 et
2463 465 2800 533 cognoscetis
2829 461 2984 519 facile
3011 463 3064 518 in
3097 477 3206 534 quo
3230 473 3326 520 aut
3353 441 3641 522 humilitas
3666 463 3792 524 me-

490 564 718 630 testatis,
750 563 794 618 si
821 576 886 617 ea
914 575 1035 630 quae
1062 559 1198 629 legis
1223 556 1510 629 plenitudo
1547 557 1787 629 postulat
1824 556 2080 614 obedien-

491 666 578 714 ter
604 655 880 714 observes.

1069 720 1354 778 HOMILIA
1391 720 1533 777 XIV.

996 816 1077 871 De
1104 816 1237 872 bono
1266 815 1591 870 humilitatis.

563 933 615 990 i.
655 932 774 989 Non
807 931 927 988 sine
973 929 1170 1001 injuria
1217 929 1387 1001 partis
1435 929 1682 995 alterius,
1728 927 2082 996 dilectissimi,

496 1035 598 1095 est,
621 1027 1067 1098 quotiescumque
1096 1039 1233 1094 opus
1253 1031 1355 1090 est,
1369 1021 1520 1078 vocis
1546 1022 1816 1093 prteconia
1833 1022 2088 1077 virtutum

495 1118 703 1174 meritis
750 1116 1038 1181 exhibere,
1082 1115 1208 1185 quia
1249 1130 1369 1170 cum
1407 1114 1572 1178 homo
1613 1114 1839 1169 meliora
1879 1114 2087 1182 laudat,

496 1210 767 1268 deteriora
794 1210 1041 1279 castigat.
1067 1207 1185 1263 Non
1206 1208 1350 1262 enim
1378 1207 1540 1263 dubie
1580 1207 1790 1262 stultus.
1815 1207 1988 1262 notari
2033 1221 2093 1263 se

495 1303 749 1369 :esﬁmat,
777 1303 823 1356 si
851 1302 1118 1358 bonorum
1145 1299 1349 1369 judicio
1388 1299 1604 1370 sapiens
1634 1299 1882 1354 laudatus
1908 1299 2093 1356 absce-

499 1394 612 1450 dat.
654 1393 762 1450 Sed
783 1392 911 1462 quid
951 1391 1144 1447 facturi
1171 1407 1387 1458 sumus,
1418 1392 1511 1461 qui
1539 1408 1648 1447 non
1680 1407 1966 1462 possumus
1995 1407 2095 1448 nec

500 1489 644 1544 bona
671 1487 788 1544 sine
808 1486 1072 1542 malorum
1100 1484 1471 1555 increpatione
1490 1485 1795 1555 disponere,
1827 1501 1928 1541 nec
1953 1487 2096 1541 mala

503 1582 622 1639 sine
677 1581 945 1635 bonorum
1003 1576 1517 1634 commemoratione
1576 1576 1879 1632 damnare?
1940 1576 2098 1632 Dabit

505 1686 636 1743 ergo
654 1672 888 1738 veniam,
921 1670 1014 1741 qui
1042 1684 1102 1724 se
1143 1669 1197 1723 in
1225 1668 1331 1724 hoc
1356 1682 1522 1739 opere
1570 1667 1820 1737 injuriam
1866 1668 2098 1723 aestimat

507 1765 796 1836 accepisse.
836 1762 1026 1818 Melius
1071 1767 1156 1817 est
1200 1761 1344 1816 enim
1381 1769 1442 1814 ut
1468 1759 1612 1814 mala
1641 1760 1862 1815 conscio
1891 1759 2097 1829 pudore

2181 557 2351 612 ruerit
2379 558 2654 613 caelestem
2683 557 2929 627 gratiam,
2957 565 3052 613 aut
3069 559 3321 630 superbia
3344 558 3596 614 inciderit
3632 559 3761 616 Divi
3784 588 3796 603 ι

2184 649 2368 705 nitatis
2396 649 2676 706 offensam.
2721 649 3022 708 Periclitari
3049 651 3282 723 denique
3311 653 3561 724 superbia
3608 652 3794 708 homi-

2184 758 2309 798 nem
2343 742 2542 798 diaboli
2573 743 2751 800 exitus
2787 743 2970 800 docuit
3001 762 3015 798 :
3046 744 3140 815 qni
3169 745 3224 800 in
3245 745 3544 802 sublimiori
3572 746 3793 801 consti—

2184 842 2334 890 tutus
2380 835 2534 900 loco,
2581 836 2868 892 humiliora
2909 836 3185 908 despexit;
3233 852 3298 892 ac
3340 845 3565 909 propter
3593 837 3792 891 vitium

2187 935 2626 998 praesumptuosze
2653 928 2850 984 mentis
2890 929 3133 999 angelica
3174 928 3435 999 dignitate
3482 930 3752 1002 depulsus
3776 972 3790 996 ,

2188 1022 2482 1094 tyrannica:
2529 1021 2855 1077 sententiam
2901 1021 3264 1078 damnationis
3310 1021 3542 1094 excepit.
3577 1021 3796 1077 Videtis

2191 1117 2372 1186 itaque
2393 1115 2539 1186 quod
2560 1115 2823 1187 superbia:
2837 1123 3019 1187 partes
3047 1116 3156 1185 agit
3175 1116 3265 1185 qui
3287 1115 3550 1186 superbiae
3580 1115 3790 1171 studet.

2193 1209 2331 1277 Quid
2358 1217 2541 1265 autem
2568 1217 2815 1281 superest
2845 1209 2942 1275 illi,
2973 1210 3076 1266 nisi
3099 1209 3461 1266 damnationis
3489 1211 3787 1277 sententia,

2194 1303 2282 1360 cui
2309 1304 2614 1374 arrogantia
2660 1303 3009 1358 dominatur?
3046 1301 3464 1374 Comparemus,
3497 1305 3543 1358 si
3571 1303 3787 1375 placet,

2194 1394 2352 1451 bonis
2388 1396 2556 1461 mala,
2603 1404 2659 1451 et
2697 1395 2966 1451 deteriora
3005 1395 3350 1462 melioribus,
3398 1405 3452 1452 et
3480 1397 3794 1465 intelligetis

2195 1497 2396 1558 quanta
2424 1489 2587 1545 homo
2608 1489 2662 1543 in
2694 1489 2836 1544 diem
2870 1489 3136 1560 superbire
3157 1490 3290 1544 vitio
3329 1489 3534 1544 laboret
3561 1490 3786 1545 invidia.

2197 1581 2304 1638 Sed
2329 1597 2429 1638 nec
2458 1583 2617 1651 longe
2645 1583 2933 1652 qumrenda
2960 1597 3190 1653 persona
3220 1589 3321 1637 est.
3353 1581 3432 1636 Tu
3459 1597 3686 1637 assume
3712 1582 3788 1638 of-

2199 1677 2375 1732 ﬁcium
2406 1677 2690 1743 libertatis,
2709 1683 2764 1731 et
2782 1676 2965 1730 statim
2989 1676 3226 1730 animum
3254 1676 3617 1746 superbientis
3632 1690 3791 1745 agne-

2199 1784 2336 1824 sces.
2361 1767 2510 1836 Quae,
2541 1783 2694 1837 rogo,
2726 1768 2829 1823 illis
2857 1775 2941 1823 est
2961 1769 3090 1834 vita,
3122 1769 3315 1837 quibus
3341 1768 3661 1838 quotidiana
3675 1776 3789 1823 sunt

505 1856 726 1915 confusa
751 1854 1045 1920 discedant,
1075 1861 1283 1908 tantum
1309 1859 1370 1908 ut
1398 1867 1460 1908 ea
1489 1866 1609 1922 quce
1629 1859 1753 1906 sunt
1783 1851 2094 1906 laudatione
2123 1867 2172 1928 B
2199 1860 2361 1916 odia?
2399 1860 2698 1931 Numquam
2728 1861 2973 1930 profecto
3010 1860 3099 1916 ille
3128 1870 3222 1915 aut,
3259 1861 3374 1916 sine
3403 1876 3502 1916 suo
3545 1869 3646 1916 aut
3682 1863 3786 1917 sine

504 1949 666 2020 digna
712 1965 821 2004 non
867 1948 1087 2003 lateant.
1139 1945 1268 2001 Dure
1314 1945 1479 2015 igitur
1523 1961 1700 2001 causae
1729 1945 1784 1999 in
1815 1960 1978 1999 unum
2005 1959 2100 1998 ve-

505 2042 680 2109 niunt,
711 2041 986 2096 humilitas
1008 2049 1064 2095 et
1088 2039 1338 2111 superbia
1354 2078 1368 2103 ,
1393 2053 1622 2108 quarum
1650 2037 1849 2109 exponi
1875 2037 2101 2092 alteram

505 2133 624 2190 sine
667 2132 890 2187 alterius
925 2131 1250 2188 verecundia
1285 2145 1467 2185 rerum
1507 2137 1699 2185 natura
1740 2146 1848 2184 non
1877 2130 2098 2200 patitur,

509 2225 636 2296 quia
662 2239 769 2280 una
809 2225 922 2280 suis
957 2224 1193 2289 actibus,
1247 2222 1415 2277 altera
1454 2223 1723 2278 erubescit
1762 2223 1969 2278 alienis.
2011 2223 2103 2277 Di-

509 2317 744 2374 cendum
787 2317 950 2387 igitur
994 2325 1077 2372 est
1123 2322 1385 2385 quantum
1432 2314 1704 2370 humilitas
1729 2315 1977 2372 utilitatis
2004 2314 2103 2369 ha—

513 2409 671 2477 beat,
716 2417 776 2464 ut
801 2408 1022 2480 possitis
1062 2406 1364 2475 intelligere
1391 2415 1651 2476 quantum
1679 2406 1946 2477 superbiae
1972 2405 2108 2463 infe-

511 2498 737 2556 licitatis
766 2499 1074 2566 incumbat;
1098 2507 1154 2554 et
1172 2497 1551 2567 exponendum
1577 2506 1836 2567 quantum
1859 2499 2108 2570 superbia

519 2593 766 2650 odiorum
794 2595 1002 2665 pariat,
1051 2601 1111 2649 ut
1155 2593 1376 2651 discatis
1420 2601 1682 2664 quantum
1709 2594 1910 2650 amoris
1938 2594 2110 2664 gratia

513 2683 833 2742 humilitatis
854 2686 1132 2756 acquirat;
1175 2701 1284 2757 quo
1310 2685 1520 2742 facilius
1546 2687 1918 2758 unusquisque
1944 2701 2112 2757 agno-

515 2786 632 2835 scat
657 2786 896 2836 vestrum
925 2779 1055 2850 quid
1080 2780 1134 2834 in
1162 2794 1223 2834 se
1265 2779 1459 2836 debeat
1496 2780 1815 2846 emendare,
1859 2778 1944 2834 vel
1985 2778 2114 2849 quid

518 2873 690 2946 possit
717 2872 936 2943 eligere.
976 2872 1094 2929 Non
1123 2873 1197 2928 ita
1226 2874 1490 2944 superbia:
1519 2873 1828 2943 castiganda
1868 2872 2114 2928 domina-

516 2963 592 3021 tio
621 2972 722 3033 est,
752 2973 812 3020 ut
837 2965 1153 3021 humilitatis
1179 2966 1638 3036 prastermittenda
1665 2966 1737 3021 sit
1764 2966 1970 3034 gratia;
2009 2981 2112 3021 nec

522 3057 580 3115 in
626 3065 836 3114 tantum
885 3058 1159 3113 humilitas
1203 3057 1570 3129 prmferenda,
1641 3067 1701 3112 ut
1740 3057 2007 3129 superbire
2035 3066 2118 3112 ta-

520 3151 691 3208 cenda
713 3151 822 3206 sint
847 3151 996 3207 vitia.
1039 3150 1179 3218 Quid
1208 3152 1351 3207 enim
1377 3150 1603 3223 prodest
1629 3152 1768 3207 scire
1795 3151 2119 3208 valetudinis

2200 1953 2422 2008 alterius
2453 1961 2677 2023 peccato
2705 1951 2846 2008 diem
2876 1952 3152 2021 transigit,
3177 1953 3269 2022 qui
3298 1953 3586 2023 supercilio
3618 1953 3784 2008 elatus

2203 2044 2421 2111 incedit,
2465 2044 2592 2114 quia
2621 2045 2761 2099 inter
2787 2045 3095 2116 superiores
3122 2043 3514 2114 inferioresque
3533 2060 3786 2116 personas

2203 2151 2418 2207 semper
2446 2126 2538 2190 aui
2578 2135 2873 2207 despicitur
2900 2143 2994 2191 aut
3021 2136 3259 2192 timetur.
3291 2133 3555 2207 Superbia
3575 2136 3784 2190 vilitatis

2205 2235 2289 2283 est
2308 2227 2516 2292 vitium,
2549 2235 2604 2282 et
2632 2226 2886 2282 indicium
2908 2227 3288 2296 ignobilitatis;
3310 2227 3479 2282 nescit
3499 2234 3685 2281 autem
3703 2242 3784 2281 ex-

2206 2321 2322 2376 tolli
2355 2319 2606 2376 nobilitas
2626 2319 2839 2374 mentis.
2863 2317 3090 2390 Semper
3109 2319 3368 2375 accrescit
3387 2318 3528 2389 apud
3552 2318 3784 2388 indignos

2207 2427 2389 2468 mores
2417 2426 2539 2468 cum
2567 2417 2838 2482 potestate
2867 2411 3239 2482 supercilium;
3270 2425 3455 2465 verum
3483 2409 3577 2465 ubi
3603 2419 3688 2465 est
3713 2410 3782 2464 vi-

2209 2511 2277 2558 tae
2305 2503 2580 2575 splendor,
2605 2503 2882 2557 humilitas
2916 2502 3089 2557 otiosa
3117 2501 3406 2556 blanditur.

2283 2596 2333 2650 4.
2376 2595 2747 2651 Humilitatem
2776 2595 2920 2650 illam
2935 2609 3120 2649 veram
3143 2602 3450 2649 etsanctam
3479 2592 3617 2656 dico,
3637 2608 3782 2662 quam

2211 2689 2490 2759 religionis
2511 2697 2567 2743 et
2593 2688 2690 2743 Dei
2719 2703 2874 2743 amor
2893 2687 3103 2754 suadet,
3147 2703 3257 2744 non
3293 2687 3454 2742 timor
3479 2686 3783 2742 dominatio-

2213 2780 2298 2836 nis
2333 2785 2637 2849 extorquet.
2669 2778 2817 2834 lllius
2863 2778 3181 2834 humilitatis
3214 2777 3438 2834 facimus
3475 2779 3782 2833 mentionem

2214 2889 2334 2945 qua:
2363 2873 2640 2928 charitatis
2669 2880 2752 2927 est
2780 2873 2966 2942 juncta
2997 2871 3305 2938 consortio;
3337 2886 3454 2940 qum
3482 2886 3586 2926 non
3613 2879 3785 2925 aucto-

2214 2966 2378 3021 ritate
2403 2972 2756 3034 extorquetur
2782 2963 3014 3034 imperii,
3047 2963 3142 3019 sed
3173 2963 3409 3019 nutritur
3436 2962 3551 3032 lege
3567 2961 3782 3018 vivendi.

2216 3057 2386 3114 Nemo
2435 3057 2679 3130 profecto
2721 3072 2901 3112 mores
2939 3065 3144 3110 natum
3173 3062 3384 3109 tantum
3412 3055 3550 3109 vitiis
3572 3056 3787 3108 astimet

2218 3149 2584 3221 imputandos,
2616 3165 2737 3203 cum
2767 3147 3019 3204 facultate
3047 3148 3284 3203 nutritur
3301 3147 3636 3220 supercilium,
3666 3161 3789 3202 cum

520 3257 754 3310 causam,
785 3243 831 3298 si
857 3243 1068 3299 nescias
1095 3243 1459 3299 medicinam?
1497 3250 1592 3298 aut
1617 3242 1748 3312 quid
1772 3242 1928 3312 juvat
1957 3258 2118 3299 nosse
2142 3252 2189 3316 ρ
2221 3251 2493 3317 potestate
2539 3244 2735 3299 crescit
2779 3243 3082 3313 imperium.
3123 3242 3356 3310 Quando
3400 3241 3542 3311 igitur
3565 3237 3789 3294 inﬁmis

522 3337 783 3392 auxilium
831 3338 1109 3406 sanitatis,
1165 3337 1211 3393 si
1248 3337 1393 3394 nulla
1439 3338 1512 3394 sit
1558 3337 1937 3409 compescendi
1983 3354 2113 3395 cura

518 3431 825 3501 languoris?

589 3523 642 3578 2.
685 3523 877 3580 Audite
901 3524 968 3580 de
988 3525 1071 3580 his
1098 3525 1430 3596 Scripturam
1459 3525 1729 3582 dicentem
1762 3545 1775 3580 :
1810 3525 2114 3582 Humilibus

525 3617 662 3674 Deus
689 3617 780 3671 dat
807 3619 1046 3690 gratiam,
1079 3619 1310 3691 superbis
1340 3627 1512 3673 autem
1532 3621 1726 3674 resistit
1747 3618 1899 3692 (Jac.
1925 3636 1996 3686 tv,
2022 3620 2115 3692 6).

523 3705 723 3764 Discite
752 3724 914 3773 nunc,
959 3709 1327 3777 dilectissimi,
1359 3710 1640 3780 utriusque
1677 3713 1846 3783 partis
1888 3713 2120 3768 retribu-

526 3800 758 3868 tionem;
789 3808 846 3854 et
872 3801 1184 3870 intelligetis
1207 3802 1335 3872 quid
1370 3803 1614 3872 diligere,
1646 3803 1778 3874 quid
1807 3804 1988 3861 odisse
2026 3805 2121 3861 de-

526 3891 717 3950 beatis.
765 3891 907 3950 Ecce
935 3894 1022 3950 hic
1049 3911 1150 3965 pro
1198 3911 1382 3951 amore
1423 3897 1739 3954 humilitatis
1769 3899 2025 3955 invitatur
2052 3902 2120 3956 ad

527 3985 773 4054 gratiam,
803 3985 892 4041 ille
913 4001 1013 4056 pro
1041 3987 1306 4057 superbiae
1333 3989 1557 4044 crimine
1595 3989 1886 4060 deputatur
1907 3992 1974 4046 ad
2003 4009 2121 4063 poe-

526 4093 671 4133 nam.
703 4077 944 4148 Castiget
971 4095 1099 4151 ergo
1131 4082 1498 4152 unusquisque
1528 4083 1581 4138 in
1613 4098 1671 4139 se
1695 4124 1709 4148 ,
1747 4085 1793 4139 si
1822 4087 1908 4140 cui
1937 4101 2120 4142 acere-

528 4172 670 4228 verit
720 4174 912 4246 tumor'
941 4174 1243 4230 animorum
1268 4217 1282 4242 ,
1334 4191 1403 4230 ne
1444 4176 1728 4231 adversum
1779 4194 1838 4233 se
1880 4179 2118 4234 caelestis

527 4266 744 4324 iustitia)
772 4283 922 4323 arma
948 4278 1307 4325 commoveat.
1339 4269 1566 4326 Difficile
1608 4279 1786 4326 autem
1818 4273 1934 4329 sine
1971 4275 2119 4345 peri-

529 4357 654 4415 culo
682 4359 806 4414 vitze
851 4375 961 4415 sum
988 4360 1272 4430 transigit,
1319 4361 1405 4416 cui
1452 4362 1710 4418 adversus
1755 4364 2124 4421 sublimiorem

529 4459 855 4526 potestatem
893 4468 1052 4509 causa
1081 4453 1439 4511 dimicationis
1469 4455 1746 4512 incumbit.
1781 4457 2124 4514 lnclinandus

531 4550 609 4600 est
638 4543 816 4613 itaque
845 4544 912 4599 ad
932 4560 1146 4601 omnem
1173 4547 1528 4604 humilitatem
1559 4549 1787 4615 animus,
1809 4559 1866 4605 ut
1893 4551 1960 4605 sit
1982 4552 2122 4622 apud

2219 3336 2538 3408 corporibus
2561 3335 2831 3391 sufficeret
2858 3334 3146 3399 medicina,
3171 3335 3216 3389 si
3242 3349 3369 3390 cum
3387 3333 3588 3389 homine
3612 3346 3788 3388 nasce-

2219 3436 2408 3485 rentur
2428 3436 2482 3482 et
2509 3427 2768 3482 vulnera?
2792 3425 3036 3481 Nutritur
3063 3425 3337 3497 superbia,
3363 3426 3487 3480 dum
3507 3425 3588 3480 hic
3609 3439 3668 3480 se
3682 3439 3783 3479 ver-

2218 3523 2304 3578 bis
2330 3521 2731 3593 sapientiorem,
2755 3520 3022 3575 natalibus
3046 3519 3253 3589 judicat
3273 3520 3364 3575 ille
3384 3519 3676 3582 meliorem;
3709 3518 3780 3572 hic

2221 3615 2347 3672 dum
2379 3631 2486 3670 non
2512 3616 2625 3670 vult
2663 3614 2784 3670 loco
2813 3613 3058 3680 moveri,
3091 3614 3182 3670 ille
3209 3614 3336 3669 dum
3365 3621 3518 3685 putat
3552 3629 3607 3668 se
3642 3626 3782 3682 posse

2223 3709 2518 3766 contemni.
2563 3707 2640 3763 lta
2667 3707 2912 3763 videmus
2943 3708 3076 3762 vitio
3106 3707 3375 3777 superbia:
3399 3706 3528 3776 _odia
3571 3718 3784 3762 crescere

2223 3802 2279 3858 in
2310 3801 2714 3872 comparatione
2742 3814 2989 3871 personae
3017 3817 3029 3853 :
3062 3799 3190 3855 dum
3217 3799 3307 3854 hic
3331 3799 3649 3855 adulantium
3676 3812 3784 3852 ocn-

2225 3893 2292 3948 lis
2331 3893 2448 3947 auri
2479 3892 2795 3962 argentique
2824 3891 3035 3963 pondus
3075 3891 3290 3961 ingerit,
3320 3891 3413 3946 ille
3441 3891 3682 3946 ambitum
3705 3890 3785 3944 ho-

2226 3986 2376 4041 noris
2410 3987 2666 4056 opponit;
2697 3984 2786 4040 hic
2821 3984 2950 4038 dum
2991 3984 3046 4039 in
3087 3998 3148 4039 se
3187 3982 3409 4055 praefert
3442 3981 3784 4038 abundantiam

2229 4093 2411 4146 epum,
2446 4077 2535 4131 ille
2564 4091 2907 4140 sermonum;
2940 4075 3028 4130 hic
3055 4075 3183 4130 dum
3206 4090 3265 4130 se
3283 4075 3401 4130 vult
3437 4081 3652 4146 propter
3671 4087 3782 4127 cen-

2229 4171 2406 4226 silium
2434 4171 2633 4240 expeti,
2666 4169 2756 4224 ille
2776 4177 3002 4240 propter
3028 4168 3335 4224 convivium
3375 4168 3639 4224 desiderat
3662 4164 3786 4221 salu-

2229 4263 2352 4317 tari.
2392 4261 2709 4316 Enumerari
2736 4263 2827 4317 vix
2863 4270 3091 4333 possunt
3111 4262 3240 4317 vitia
3282 4262 3580 4333 superbiae!
3621 4275 3726 4330 qua
3753 4259 3787 4313 si

2227 4356 2392 4411 homo
2431 4355 2649 4410 vincere
2687 4364 2778 4410 aut
2809 4371 3002 4410 cavere
3053 4364 3269 4425 posset,
3316 4356 3523 4410 nullum
3574 4355 3786 4425 laqueum

2226 4447 2506 4502 diabolicae
2539 4446 2901 4502 damnationis
2931 4447 3252 4503 incurreret.
3290 4446 3433 4503 Ecce
3461 4447 3550 4503 hic
3597 4454 3652 4502 ut
3682 4460 3790 4501 sem-

2224 4555 2323 4611 per
2360 4555 2534 4595 novus
2589 4555 2710 4594 esse
2756 4539 3032 4605 videatur,
3079 4540 3486 4596 excusationem
3519 4537 3788 4594 salutatori-

532 4637 820 4694 Dominum
848 4639 1153 4697 obtinendze
1173 4641 1323 4697 locus
1348 4643 1552 4711 gratiae.
1584 4642 1817 4699 Potestis
1847 4653 2024 4700 autem
2048 4646 2126 4700 in-
2151 4651 2201 4713 ι)
2226 4634 2328 4690 bus
2380 4634 2639 4700 mandat;
2690 4634 2781 4688 ille
2836 4641 2896 4687 ιη
2944 4633 3186 4703 Quotidie
3226 4633 3522 4693 salutetur.
3564 4639 3787 4700 agrum:

533 4729 776 4798 telligere
802 4745 962 4800 quam
990 4732 1168 4800 gravis
1213 4733 1284 4787 sit
1312 4733 1471 4803 culpa
1503 4735 1760 4789 tumentis
1806 4737 2118 4805 supercilii,

532 4836 694 4891 quam
725 4835 945 4878 necesse
973 4830 1055 4877 est
1079 4831 1228 4879 tanto
1259 4823 1567 4879 Divinitatis
1605 4825 1789 4880 labore
1827 4827 2120 4898 compesci.

533 4910 677 4967 Bene
698 4911 973 4968 humilitas
1000 4928 1215 4984 semper
1235 4914 1398 4970 illaesa
1429 4924 1539 4981 est;
1572 4917 1744 4972 nescit
1772 4918 1916 4973 enim
1939 4919 2081 4974 vinci
2106 4959 2121 4985 ,

533 5003 624 5059 cui
651 5019 760 5059 non
789 5011 875 5059 est
901 5020 1062 5061 causa
1103 5005 1396 5076 pugnandi.
1429 5005 1692 5078 Superbia
1717 5025 1846 5064 vero
1889 5026 1996 5066 non
2037 5026 2126 5066 so-

534 5092 643 5149 lum
674 5094 830 5160 odiis,
863 5096 958 5152 sed
986 5096 1149 5152 etiam
1171 5097 1426 5167 periculis
1450 5098 1710 5167 subjacet.
1738 5099 1962 5158 Difﬁcile
1982 5105 2126 5159 enim

534 5193 717 5258 potest
750 5187 865 5244 ﬁeri
896 5197 955 5244 ut
994 5205 1028 5246 ι.
1054 5206 1103 5245 m
1133 5190 1400 5245 sustineat
1437 5205 1671 5261 pugnam
1694 5233 1710 5260 ,
1758 5195 1850 5264 qui
1880 5195 2128 5266 injuriam

536 5278 741 5336 indicit.
767 5280 875 5338 Sed
904 5281 1060 5340 facile
1088 5298 1120 5337 a
1149 5283 1307 5339 nobis
1329 5297 1490 5338 omne
1518 5284 1816 5354 periculum
1847 5287 2002 5358 hujus
2030 5303 2130 5343 ne-

535 5373 806 5430 cessitatis
833 5376 1186 5443 excludimus,
1217 5378 1263 5432 si
1293 5376 1548 5434 adversus
1577 5380 1843 5449 superbia:
1869 5383 1995 5436 vitia
2025 5383 2130 5438 hu-

537 5468 766 5527 militate
793 5484 1110 5543 pugnemus.
1145 5471 1441 5527 Humilibus
1463 5471 1604 5528 Deus
1636 5473 1726 5528 dat
1747 5477 1995 5548 gratiam,
2039 5494 2130 5530 su-

541 5560 712 5634 perbis
734 5573 904 5621 autem
933 5567 1144 5620 resistit.

611 5655 667 5712 '5.
706 5655 764 5713 Si
791 5657 1075 5728 diligenter
1101 5659 1376 5729 requiritis
1398 5701 1414 5727 ,
1463 5658 1838 5726 dilectissimi,
1882 5659 2132 5718 universa

542 5748 738 5818 quibus
767 5749 834 5805 ab
854 5750 1007 5806 initio
1034 5752 1220 5807 mundi
1250 5752 1478 5808 Domino
1509 5752 1773 5823 ccepimus
1813 5751 2096 5822 displicere
2119 5796 2134 5820 ,

545 5834 830 5896 invenietis
868 5840 1107 5896 omnium
1135 5841 1390 5897 vitiorum
1423 5843 1722 5914 principem
1753 5841 1915 5896 fuisse
1951 5858 2138 5913 supcr-

2231 4728 2320 4783 hic
2344 4735 2405 4783 ut
2433 4727 2674 4783 inveniat
2696 4728 2994 4798 imputandi
3018 4728 3218 4793 locum,
3244 4728 3396 4797 tingit
3416 4743 3476 4784 se
3496 4727 3564 4782 de
3584 4726 3790 4782 omnibus

2230 4835 2351 4876 esse
2375 4820 2683 4887 sollicitum,
2709 4835 2819 4874 non
2847 4819 2994 4889 quod
3019 4819 3300 4875 absentem
3328 4818 3620 4883 desideret,
3650 4815 3790 4872 sedul

2229 4930 2383 4970 reum
2412 4912 2823 4968 inoﬂiciositatis
2863 4921 3100 4968 accuset.
3145 4911 3350 4979 Quaerit
3375 4912 3524 4967 enim
3569 4923 3720 4981 quam
3741 4921 3791 4962 ex

2231 5006 2509 5062 matutinis
2536 5006 2686 5061 horis
2709 5005 2932 5074 januam
2961 5005 3226 5060 salutator
3249 5005 3551 5071 obsederit,
3579 5011 3637 5059 ut
3657 5003 3794 5072 impu-

2233 5108 2313 5155 tet
2339 5115 2510 5170 quare
2539 5099 2836 5155 amicorum
2883 5114 3081 5170 pompa
3111 5099 3363 5155 defuerit.
3395 5098 3471 5154 ita
3498 5114 3621 5154 cum
3649 5096 3712 5152 ad
3732 5111 3795 5151 sa-

2236 5192 2557 5248 lutationem
2587 5208 2696 5248 non
2742 5191 3059 5247 admittatur
3083 5192 3172 5247 ille
3214 5192 3307 5263 qui
3337 5201 3536 5264 praesto
3569 5201 3675 5258 est,
3701 5199 3794 5246 reus

2237 5287 2490 5342 statuitur
2517 5286 2611 5342 ille
2651 5286 2745 5356 qui
2788 5285 2971 5353 deest;
3003 5301 3066 5341 ac
3093 5286 3140 5340 si
3168 5301 3290 5342 cum
3319 5287 3448 5343 huic
3478 5287 3572 5357 qui
3600 5283 3796 5343 oceani!

2237 5379 2504 5438 clauditur
2519 5378 2707 5449 janua,
2741 5379 2818 5434 illi
2839 5379 2931 5449 qui
2959 5379 3113 5435 deest
3132 5389 3355 5451 paratur
3374 5378 3601 5436 oﬂ'ensa.
3617 5378 3740 5435 Nolo
3756 5375 3797 5430 ﬂ-

2236 5473 2320 5530 los
2347 5474 2528 5529 dicere
2549 5473 2721 5529 fastus
2749 5473 3074 5538 animorum,
3098 5489 3220 5529 cum
3248 5473 3527 5543 egreditur
3551 5472 3640 5528 diu
3660 5467 3796 5526 medi-

2237 5573 2352 5621 tato
2381 5565 2688 5636 supercilio,
2719 5567 2821 5637 21
2846 5580 2910 5620 ac
2935 5565 3048 5620 suis
3070 5565 3204 5620 locis
3228 5565 3451 5635 suisque
3471 5564 3672 5620 meritis
3691 5559 3796 5617 ordi-

2239 5660 2484 5718 nationes
2511 5659 2772 5726 instituit;
2805 5659 2879 5714 ita
2909 5667 2968 5714 ut
2993 5674 3118 5715 cum
3138 5658 3227 5715 hic
3249 5658 3432 5714 oscula
3451 5657 3702 5730 porrigat,
3731 5643 3796 5708 ille

2240 5761 2430 5824 pectus
2459 5759 2716 5824 opponat.
2750 5751 2937 5807 Nullus
2965 5753 3041 5807 illi
3069 5768 3248 5808 sermo
3268 5760 3471 5822 gratus,
3495 5737 3666 5808 nullus
3690 5760 3819 5803 con--

2239 5844 2586 5899 fal'mlationis
2613 5854 2861 5900 servatur
2889 5846 3150 5900 allectus:
3183 5845 3316 5898 alios
3359 5843 3526 5899 oculis
3567 5838 3792 5910 punierit.
