3924 6368
126 397 215 454 737
1508 382 1702 443 ΙΙΟΜΗ.

1827 379 1940 439 XV.

3285 387 3388 445 τοῦ

125 514 244 570 alios
271 524 524 567 sermone
552 507 779 580 despicit
806 525 819 561 :
845 515 870 545 ει
893 505 1137 572 alteram,
1164 512 1222 560 ut
1247 504 1401 559 alteri
1429 518 1487 559 se
1507 511 1692 558 osten-
1719 503 1774 564 Α
1797 514 1922 556 cere
1959 498 2206 570 injuriam
2235 501 2437 569 nescit,
2470 500 2543 556 ita
2564 515 2595 555 a
2623 499 2951 558 contumelia
2991 515 3108 556 non.
3139 498 3388 570 requirit.

123 610 204 665 dat
229 608 446 662 iratum.
477 603 608 674 Quae
634 617 766 674 rogo
813 602 886 657 ibi
913 607 995 656 est
1023 615 1145 670 spes
1168 597 1408 662 vivendi,
1441 596 1532 652 ubi
1559 611 1698 652 unus

124 702 211 758 sub
230 699 413 771 specie
439 697 795 754 amicitiarum
825 691 1101 765 praesumit
1127 690 1582 756 dominationem;
1615 688 1697 743 al-

125 806 212 858 ter,
241 792 370 848 dum
395 792 622 846 nimium
646 787 977 859 obsequitur,
1006 785 1235 841 sustinet
1261 783 1608 839 servitutem?

185 884 232 939 5.
273 883 568 940 Videamus
595 889 775 937 autem
821 879 995 950 qualis
1023 878 1092 934 sit
1119 877 1207 933 hic
1233 876 1496 946 superbus
1517 916 1532 942 ,
1577 890 1700 930 cum

123 981 250 1035 inter
267 976 504 1046 atquales
527 975 581 1029 in
604 973 808 1044 judicio
830 970 1152 1040 sententiam
1167 968 1387 1024 daturus
1413 965 1551 1022 forte
1566 981 1702 1022 con-

123 1070 325 1129 sederit.
356 1068 556 1124 Videor
581 1067 712 1123 mihi
739 1065 924 1122 videre
950 1078 1156 1135 pugnas
1175 1062 1462 1118 verborum
1489 1067 1703 1116 eructa-

124 1164 254 1217 tione
280 1159 615 1231 compositas
638 1197 653 1223 ,
697 1172 820 1214 cum
865 1171 1006 1212 unus
1043 1151 1423 1208 misericordiae
1468 1150 1698 1215 studeat,

123 1252 485 1323 alterjustitite
531 1250 712 1307 favere
751 1264 810 1305 se
839 1245 1031 1317 ﬁngat;
1071 1262 1181 1302 non
1219 1253 1276 1300 ut
1311 1251 1460 1300 recto
1496 1243 1702 1313 judicio

121 1346 264 1402 ﬁdem
286 1352 490 1411 servet,
515 1343 611 1400 sed
633 1349 690 1398 ut
717 1341 894 1397 studia
913 1353 1159 1412 persona:
1183 1337 1476 1408 superioris
1504 1351 1702 1407 exspe~

122 1445 233 1495 etet.
265 1436 435 1493 Aliud
473 1437 618 1493 enim
645 1435 880 1491 sensisse
907 1448 966 1488 se
995 1431 1228 1498 simulat,
1262 1438 1321 1485 ut
1349 1429 1566 1485 alterius
1588 1429 1700 1485 dis--

123 1531 418 1603 oeptatione
456 1529 754 1586 dissentiat.
791 1527 911 1582 Non
940 1534 1092 1597 putat
1121 1525 1174 1579 in
1196 1523 1434 1579 consiliis
1456 1530 1660 1579 rectum
1683 1564 1698 1590 ,

124 1624 209 1680 nisi
226 1622 376 1694 quod
405 1623 552 1678 solus
579 1620 840 1687 senserit;
867 1635 974 1674 non
995 1625 1150 1689 putat
1169 1615 1393 1686 justum,
1426 1616 1529 1673 nisi
1556 1615 1703 1686 quod

123 1717 208 1771 sibi
231 1716 352 1786 ipse
379 1713 730 1786 persuaserit.
757 1711 880 1766 Vult
908 1710 1056 1766 solus
1082 1709 1274 1775 audiri,
1301 1725 1364 1765 ac
1391 1709 1540 1764 solus
1579 1724 1698 1764 om-

122 1811 254 1866 nium
278 1825 382 1864 ore
411 1808 646 1875 laudari;
680 1822 780 1862 nec
818 1806 990 1869 deest,
1021 1803 1166 1874 quod
1193 1803 1347 1874 pejus
1375 1811 1476 1870 est,
1505 1819 1571 1858 ex
1598 1803 1701 1860 hac

1800 592 1895 649 Vir
1915 593 2130 650 humilis
2152 593 2205 648 in
2232 593 2666 651 contentionibus
2686 592 2856 662 magis
2880 592 2996 648 vult
3019 599 3200 648 tacere
3228 606 3392 662 quam

1799 685 2035 751 vincere,
2066 686 2121 742 in
2149 685 2364 756 judiciis
2401 686 2695 757 acquiescit
2723 685 3003 757 imperitus
3030 683 3202 741 videri
3228 699 3392 755 quam

1800 779 2084 852 impudens
2103 780 2365 850 judicari;
2396 797 2502 836 non
2531 780 2586 836 in
2613 779 2794 835 verbis
2821 786 3106 850 promptus
3123 819 3139 844 ,
3182 792 3292 833 non
3321 775 3390 832 ad

1801 875 2238 946 respondendum
2284 883 2524 947 paratus.
2563 871 2772 930 Citatus
2820 889 2948 928 vero
2989 881 3041 928 et
3091 871 3261 928 facilis
3309 879 3394 927 est

1801 971 2158 1040 superborum
2186 985 2364 1026 sermo
2388 1011 2401 1036 ,
2434 969 2627 1040 plenus
2667 967 3009 1024 contumeliis
3063 972 3120 1022 et
3156 964 3392 1021 refertus

1802 1063 2011 1134 injuriis
2034 1104 2048 1130 ,
2093 1078 2388 1134 numquam
2428 1063 2546 1118 sine
2573 1063 2796 1118 vulnere
2836 1061 3063 1129 missus,
3095 1075 3392 1131 numquam

1801 1155 1920 1212 sine
1947 1155 2133 1211 dolore
2156 1154 2456 1225 jaculatus;
2488 1155 2642 1224 cujus
2671 1154 2981 1210 insanabilis
3013 1153 3171 1224 plaga
3195 1160 3305 1215 est,
3337 1157 3395 1206 ct

1805 1249 2215 1306 irremediahilis
2243 1250 2472 1306 macula.
2505 1247 2607 1304 Ubi
2641 1256 2820 1304 autem
2859 1246 3168 1320 pervenerit
3193 1244 3392 1300 verbo-

1803 1358 1924 1398 rum
1949 1342 2125 1414 culpa,
2143 1359 2270 1398 mox
2289 1358 2388 1414 per
2407 1340 2827 1398 satisfactionem
2848 1339 3092 1410 sequitur
3102 1336 3388 1393 medicina.

1875 1435 1925 1488 7.
1969 1434 2119 1491 Hanc
2142 1449 2272 1505 ergo
2301 1451 2484 1490 amare
2503 1475 2517 1501 ,
2549 1432 2912 1499 dilectissimi,
2942 1432 3084 1488 hanc
3107 1443 3350 1501 quarere
3372 1465 3391 1496 ,

1802 1530 1944 1586 hanc
1969 1530 2186 1598 eligere,
2211 1530 2350 1585 hanc
2381 1537 2567 1585 tenere
2591 1543 2690 1584 nos
2717 1526 3008 1596 convenit,
3033 1532 3094 1580 ut
3114 1540 3225 1580 non
3261 1538 3394 1595 per-

1803 1622 1994 1679 damus
2022 1623 2252 1693 gratiam
2279 1621 2543 1678 mercedis
2571 1637 2795 1676 munere
2821 1619 3162 1692 promissam.
3197 1615 3394 1672 Audite

1802 1717 2189 1786 evangelistam
2214 1717 2485 1772 dicentem
2511 1734 2523 1769 :
2551 1713 2652 1780 Qui
2679 1732 2735 1770 se
2760 1714 3020 1780 humiliat,
3043 1710 3391 1776 exaltabitur;

1801 1820 1851 1864 et
1877 1810 1964 1882 qui
1992 1826 2046 1864 se
2085 1809 2312 1875 exultat,
2345 1808 2702 1863 humiliabitur
2733 1806 2896 1880 (Luc.
2937 1822 3047 1872 xw,
3081 1804 3178 1871 ii;
3227 1819 3391 1872 xvul,

124 1908 258 1971 parte
284 1900 385 1970 qui
425 1899 621 1955 faveat.
653 1897 776 1954 Cito
822 1897 967 1953 enim
995 1895 1246 1966 superbia
1290 1895 1586 1952 adulationi
1613 1895 1707 1950 dat
1734 1890 1781 1952 Β
1809 1902 1932 1974 Η).
1982 1902 2250 1958 Exaltatio
2280 1903 2383 1959 ista
2410 1903 2684 1959 damnatio
2734 1910 2854 1970 est,
2905 1917 3025 1972 qua:
3053 1901 3198 1957 circa
3237 1913 3393 1954 arro-

122 1993 303 2056 locum,
337 1990 466 2046 dum
495 1998 588 2045 aut
618 1989 706 2048 hic
733 1988 924 2059 quaerit
950 1987 1177 2058 gratiam
1199 2027 1214 2053 ,
1253 1994 1344 2041 aut
1372 1987 1460 2042 ille
1488 1995 1703 2042 veretur

123 2079 388 2138 ollénsam.
421 2079 532 2137 Nec
561 2096 726 2152 parva
756 2087 840 2135 est
867 2079 922 2134 in
957 2079 1090 2150 ipsis
1127 2077 1388 2134 conviviis
1425 2078 1697 2148 superbia,

124 2191 229 2231 cum
247 2174 413 2230 altior
437 2183 558 2229 toro
587 2173 738 2229 locus
761 2180 1000 2244 paratur,
1028 2179 1188 2242 atque
1216 2171 1271 2226 in
1299 2179 1508 2226 tantum
1532 2170 1699 2226 subli-

125 2269 241 2323 mior
268 2268 447 2323 lectus
468 2267 748 2334 sternitur,
779 2273 839 2321 ut
857 2266 1031 2336 magis
1059 2265 1296 2336 pendere
1320 2280 1484 2335 quam
1519 2264 1704 2335 jacere

125 2362 373 2417 videatur.
406 2361 486 2416 Ita
515 2361 767 2434 superbia
795 2361 1092 2431 acquiescit
1115 2359 1342 2430 injuriae,
1371 2377 1441 2417 ne
1481 2361 1592 2432 pati
1620 2361 1702 2416 vi-

125 2454 297 2510 deatur
335 2453 605 2525 injuriam.
655 2453 922 2522 Quaeritur
965 2455 1087 2525 quis
1143 2455 1444 2524 assurgenti
1487 2471 1705 2511 manum

126 2547 383 2618 porrigat,
426 2548 549 2618 quis
593 2547 877 2604 humerum
904 2556 1094 2618 regat,
1144 2548 1266 2618 quis
1311 2548 1453 2604 latus
1497 2547 1700 2605 fulciat.

126 2638 274 2694 Nemo
306 2639 441 2694 mihi
463 2653 723 2695 excusare
745 2646 927 2709 potest
956 2639 1062 2694 hoc
1087 2638 1278 2694 vitium
1305 2655 1414 2694 non
1459 2655 1578 2694 esse
1617 2648 1701 2712 ty-

127 2732 346 2788 rannica:
373 2731 777 2788 dominationis.
797 2730 1043 2787 Ollicium
1071 2731 1213 2786 enim
1233 2731 1380 2802 quod
1409 2732 1574 2787 homo
1595 2733 1699 2788 ho-

127 2826 242 2881 mini
268 2825 515 2890 exhibet,
534 2825 581 2880 si
607 2840 716 2881 non
745 2823 813 2879 ad
833 2824 938 2880 hoc
965 2824 1141 2880 solum
1162 2824 1439 2879 deferatur
1467 2833 1526 2880 ut
1551 2833 1703 2881 tuea-

129 2925 203 2970 tur
228 2914 538 2982 inﬁrmum,
579 2923 796 2973 constat
834 2932 955 2972 esse
995 2916 1292 2972 servitium.
1325 2916 1385 2971 In
1430 2933 1540 2988 quo
1585 2917 1708 2974 loco

127 3007 272 3066 laudo
295 3009 632 3080 paupertatis
656 3009 1002 3081 patientiam,
1031 3024 1152 3079 qua:
1179 3024 1304 3064 cum
1334 3010 1567 3080 propriis
1594 3010 1706 3066 vir-

130 3103 317 3158 tutibus
363 3103 665 3170 deseritur,
715 3103 906 3159 alienis
945 3103 1187 3158 moribus
1231 3102 1540 3159 famulatur.
1601 3105 1708 3162 Sed

129 3197 241 3267 quid
267 3197 402 3253 solis
421 3198 678 3254 divitibus
705 3205 915 3253 tantum
935 3198 1202 3268 superbiae
1231 3197 1442 3268 pondus
1471 3199 1707 3270 imponi-

1803 2003 1992 2065 gantes
2013 2005 2068 2051 et
2093 1995 2358 2066 superbos
2387 1994 2551 2052 futuri
2587 1994 2774 2065 judicii
2809 1994 3011 2050 exserit
3042 1998 3385 2064 potestatem.

1802 2087 2145 2144 lnclinandus
2173 2087 2355 2158 itaque
2383 2087 2540 2143 nobis
2575 2095 2660 2143 est
2699 2086 2940 2154 animus,
2973 2092 3240 2156 quatenus
3261 2099 3393 2155 sup-

1803 2181 1956 2252 plosa
1979 2197 2126 2236 omni
2155 2189 2284 2236 nota
2311 2181 2576 2253 superbiae
2593 2222 2608 2248 ,
2635 2181 2881 2237 odiorum
2920 2179 3099 2238 studia
3137 2179 3396 2250 conquie-

1805 2281 1977 2329 scant.
2009 2272 2099 2329 Sic
2119 2275 2221 2328 erit
2241 2283 2302 2329 ut
2330 2275 2492 2330 homo
2519 2273 2587 2330 de
2615 2274 2887 2330 humiliori
2913 2274 3039 2331 loco
3073 2273 3140 2328 ad
3167 2272 3396 2329 celsiora

1804 2365 2112 2435 perveniat,
2138 2372 2194 2420 et
2226 2373 2602 2421 remuneratus
2628 2365 2838 2421 honore
2871 2363 3138 2435 condigno
3163 2361 3398 2421 caelestis

1805 2457 2034 2529 gratiam
2061 2458 2347 2528 potestatis
2385 2456 2647 2527 acquirat.

2381 2588 2668 2647 llOMlLlA
2705 2590 2822 2646 XV.

2341 2706 2422 2762 De
2453 2707 2585 2762 bono
2613 2708 2872 2778 martyrii.

1883 2823 1934 2879 l.
1975 2824 2144 2880 Multa
2170 2824 2300 2880 mihi
2331 2824 2586 2895 loquendi
2608 2824 2752 2896 apud
2773 2839 2872 2880 vos
2894 2822 3088 2880 ﬁducia
3117 2832 3228 2893 est,
3258 2823 3397 2882 dile-

1810 2918 2066 2985 ctissimi,
2117 2918 2562 2990 quotiescumque
2611 2934 2748 2990 opus
2802 2925 2885 2974 est
2934 2919 2990 2974 in
3027 2933 3212 2976 amore
3253 2919 3402 2976 beati

1810 3011 2062 3084 martyris
2082 3011 2151 3066 ad
2178 3013 2496 3068 memoriam
2528 3012 2798 3082 prteconia
2827 3027 3084 3068 revocare
3114 3012 3396 3084 martyrii,

1810 3121 1930 3177 quae
1957 3106 2199 3162 animosa
2231 3105 2364 3163 ﬁdes
2392 3108 2601 3178 peperit
2628 3108 2902 3163 lucrativis
2948 3107 3169 3162 incitata
3197 3106 3401 3178 suppli-

1811 3199 1936 3266 ciis,
1968 3199 2095 3254 licet
2122 3216 2230 3255 non
2260 3207 2467 3254 tantum
2497 3200 2677 3270 lingua
2700 3199 2929 3256 sufﬁciat
2955 3209 3216 3270 quantum
3248 3214 3401 3254 mar-

129 3304 270 3358 mus,
318 3306 446 3346 cum
475 3290 754 3346 videamus
780 3289 1090 3359 frequenter
1118 3289 1370 3346 homines
1417 3289 1472 3346 in
1500 3307 1711 3348 summa
1738 3287 1784 3354 C
1818 3292 1953 3364 tyria
1982 3293 2275 3363 postulant.
2308 3291 2535 3360 Quando
2573 3300 2753 3349 autem
2796 3293 2976 3348 omnia
3023 3291 3244 3347 humani
3290 3292 3402 3348 oris

133 3382 347 3452 penuria
377 3382 706 3438 constitutos
728 3381 888 3436 simili
916 3381 1218 3435 animorum
1254 3379 1564 3438 infelicitate
1589 3400 1709 3440 sor-

131 3473 279 3529 dere?
307 3473 387 3528 De
415 3474 614 3544 quibus
651 3473 781 3528 dicit
814 3473 910 3528 ille
944 3473 1376 3543 sapientissimus
1407 3473 1660 3532 Salomon
1692 3495 1707 3531 :

134 3570 242 3627 Tres
271 3573 382 3628 odit
409 3573 588 3628 anima
607 3590 786 3628 mea...
810 3589 1084 3645 pauperem
1103 3571 1404 3644 superbum,
1429 3578 1484 3626 et
1512 3579 1710 3627 cetera

131 3679 238 3732 qua:
263 3673 564 3735 sequuntur
593 3665 795 3738 (Eccli.
841 3681 964 3733 xxv,
998 3665 1050 3728 5,
1083 3663 1116 3718 4
1139 3668 1178 3736 ).
1210 3663 1436 3720 Excedit
1462 3664 1580 3718 sine
1607 3663 1708 3718 du-

132 3756 210 3812 bio
241 3757 332 3813 ille
359 3758 629 3828 superbia:
672 3758 892 3814 modum
916 3797 930 3824 ,
958 3759 1047 3814 cui
1086 3758 1231 3812 nulla
1259 3767 1344 3813 est
1381 3756 1712 3813 conscientia

133 3850 455 3908 facultatum.
486 3852 546 3907 1n
569 3853 820 3908 maximis
843 3859 898 3908 et
927 3853 983 3908 in
1011 3852 1410 3908 sublimioribus
1438 3851 1712 3907 humilitas

133 3948 452 4018 praeferenda
483 3957 594 4015 est,
627 3949 884 4005 humilem
913 3963 1042 4003 vero
1085 3963 1381 4019 pauperem
1409 3963 1569 4002 nemo
1605 3946 1709 4001 mi-

132 4048 300 4108 ratur;
343 4042 544 4099 invitus
597 4041 740 4097 enim
788 4057 847 4097 se
893 4040 1168 4108 humiliat,
1219 4056 1382 4112 quem
1420 4040 1711 4097 necessitas

134 4135 456 4205 paupertatis
484 4134 723 4190 inclinat.
757 4133 1044 4188 Humilitas
1064 4134 1117 4188 in
1150 4149 1386 4206 paupere
1413 4140 1565 4204 grata
1606 4139 1709 4201 est,

135 4223 181 4277 in
206 4225 371 4281 divite
404 4225 674 4296 gloriosa;
706 4225 980 4280 humilitas
1014 4225 1156 4280 inter
1183 4225 1432 4281 inimicos
1473 4224 1668 4280 blanda
1690 4263 1706 4291 ,

132 4321 370 4391 superbia
384 4335 512 4376 vero
541 4320 705 4376 etiam
733 4320 875 4376 inter
895 4319 1098 4375 amicos
1127 4319 1355 4388 ingrata.

195 4412 245 4468 6.
284 4413 641 4485 Requiramus
669 4430 702 4469 e
728 4414 1001 4469 contrario
1018 4454 1032 4479 ,
1063 4413 1423 4479 dilectissimi,
1455 4428 1576 4483 quae
1603 4414 1712 4468 sint

133 4503 265 4562 bona
289 4507 623 4562 humilitatis.
671 4506 876 4561 Blanda
903 4515 987 4561 est
1013 4513 1068 4561 et
1096 4506 1338 4562 officiosa
1366 4520 1579 4577 semper
1605 4506 1707 4561 hu-

131 4599 340 4664 militas,
373 4599 428 4654 in
450 4599 700 4656 amicitiis
719 4607 891 4668 grata,
916 4599 971 4653 in
1001 4599 1342 4654 contumeliis
1363 4599 1570 4655 otiosa:
1599 4615 1708 4656 non

1812 3383 2048 3441 ofﬁcium
2095 3387 2296 3456 poterit
2337 3386 2591 3458 expedire
2637 3402 2992 3458 quaecumque
3050 3387 3106 3442 in
3151 3394 3400 3458 paratum

1811 3476 1937 3533 belli
1965 3478 2176 3533 coalitus
2203 3477 2374 3534 virtus
2401 3487 2626 3551 operata
2656 3481 2772 3535 est?
2800 3479 3007 3549 Itaque,
3039 3478 3184 3548 quod
3223 3478 3402 3534 solum

1809 3585 2112 3640 possumus,
2145 3571 2384 3628 favorem
2422 3572 2688 3629 labiorum
2715 3572 2922 3628 meritis
2948 3572 3266 3628 exhibemus
3289 3614 3305 3640 ,
3335 3571 3403 3628 si-

1810 3663 2028 3733 quidem
2071 3665 2269 3720 nullius
2296 3682 2514 3722 sensum
2561 3667 2731 3723 latere
2776 3675 3000 3738 possent
3043 3665 3184 3724 facta
3223 3675 3402 3724 certa-

1810 3757 1970 3813 minis
1997 3758 2143 3828 quod
2181 3758 2337 3814 nobis
2370 3775 2468 3830 per
2500 3775 2672 3816 annos
2711 3760 2954 3830 singulos
2990 3768 3210 3832 reparat
3237 3759 3403 3818 docu-

1811 3859 1994 3906 menta
2040 3852 2316 3907 virtutum.
2377 3851 2613 3909 Audistis
2665 3851 3009 3909 Psalmistam
3056 3853 3327 3912 dicentem
3383 3870 3398 3908 :

1814 3942 2056 4000 Pretiosa
2094 3945 2151 4000 in
2180 3955 2455 4017 conspectu
2499 3945 2713 4001 Domini
2755 3964 2894 4002 mors
2938 3957 3235 4003 sanctorum
3290 3948 3403 4020 ejus

1815 4035 1834 4109 (
1858 4035 1951 4090 Ps.
1985 4053 2107 4102 cxv,
2141 4035 2264 4107 15).
2289 4036 2427 4105 Quid
2453 4037 2739 4108 pretiosius
2759 4053 2878 4094 esse
2901 4045 3083 4109 potest
3108 4039 3198 4094 illa
3226 4047 3402 4096 morte

1813 4142 1936 4198 qum
1955 4129 2009 4183 in
2031 4126 2284 4184 conflictu
2311 4143 2505 4199 pugna:
2531 4128 2818 4184 hostilibus
2833 4127 2953 4185 telis
2980 4129 3402 4186 nescitcedere?

1812 4220 2100 4277 Maximam
2128 4222 2372 4292 profecto
2402 4223 2548 4278 illam
2575 4223 2808 4278 animam
2833 4229 3048 4280 constat
3069 4224 3301 4294 palmam
3322 4240 3400 4280 rc-

1813 4321 2032 4384 portare
2053 4313 2324 4380 victorize,
2356 4329 2476 4383 qua:
2504 4330 2613 4370 non
2652 4314 2948 4384 acquiescit
2987 4315 3165 4386 impiis
3193 4315 3402 4387 legibus

1811 4407 2036 4477 decepta
2076 4407 2294 4462 servire.
2337 4406 2452 4463 Hoc
2490 4416 2573 4464 est
2612 4423 2738 4464 vere
2779 4409 2990 4465 eximite
3009 4411 3224 4467 virtutis
3256 4411 3399 4468 indi-

1811 4497 1972 4565 cium,
2005 4499 2395 4569 persecutionis
2424 4507 2668 4571 tempore
2697 4501 2815 4572 plus
2839 4503 2999 4558 morti
3029 4502 3211 4561 favere
3232 4519 3397 4575 quam

1810 4593 1952 4647 vitae.
1983 4590 2133 4648 Licet
2159 4601 2373 4648 :eternae
2397 4594 2520 4649 vita:
2548 4594 2726 4650 locum
2753 4594 2952 4660 faciat,
2983 4611 3146 4666 quem
3185 4598 3240 4653 in
3269 4613 3403 4654 con-

133 4691 396 4746 extollitur
421 4691 713 4762 prosperis,
747 4705 856 4747 non
882 4697 1120 4745 mutatur
1139 4690 1411 4757 adversis;
1437 4707 1546 4746 non
1573 4690 1711 4746 indi-
1734 4683 1789 4747 D
1815 4684 2045 4741 fessionc
2072 4684 2272 4740 Christi
2310 4687 2480 4742 nostri
2500 4687 2803 4742 voluntaria
2841 4689 3017 4744 crucis
3063 4705 3219 4760 poena
3249 4705 3400 4746 com-

131 4785 201 4840 cit
225 4786 530 4851 servitium,
562 4801 671 4841 non
701 4792 1016 4855 extorquet;
1047 4783 1227 4842 oﬂicio
1273 4785 1422 4856 prior
1446 4785 1514 4840 ad
1561 4785 1710 4841 salu-

135 4879 341 4935 tandum
363 4918 378 4945 ,
428 4878 634 4934 tardior
674 4877 744 4933 ad
782 4877 1108 4944 sedendum;
1139 4892 1249 4933 non
1277 4893 1337 4934 se
1373 4878 1706 4934 adulantium

132 4985 282 5042 grege
307 4978 587 5043 exspectat
613 4970 835 5038 deduci;
867 4986 976 5026 non
1012 4985 1073 5026 se
1111 4969 1396 5026 ambitiose
1436 4970 1709 5028 desiderat

129 5065 372 5131 salutari;
403 5080 516 5120 non
537 5063 712 5119 laudis
736 5063 913 5118 studia
938 5063 1193 5134 postulat,
1208 5078 1317 5118 non
1337 5061 1576 5120 favorem
1605 5080 1706 5121 vo-

133 5158 206 5213 cis
229 5167 544 5232 exspectat;
577 5158 692 5214 odit
737 5157 1146 5213 acclamantium
1188 5156 1403 5223 choros,
1443 5158 1570 5229 quia
1596 5175 1706 5215 non

133 5251 243 5308 sine
265 5252 589 5310 verecundia
637 5251 891 5307 laudatur
916 5251 1060 5306 bona
1086 5252 1436 5308 conscientia.
1479 5251 1598 5309 Non
1625 5268 1706 5309 re-

132 5344 284 5412 quirit
306 5361 471 5402 voces
497 5344 852 5412 adulantium,
884 5343 986 5399 nisi
1015 5344 1109 5414 qui
1136 5360 1196 5400 se
1223 5344 1535 5401 laudatione
1554 5346 1706 5402 novit

132 5433 420 5508 indignum;
455 5436 809 5493 verecundius
833 5444 1015 5492 autem
1043 5452 1256 5508 semper
1292 5437 1543 5493 laudatur
1569 5439 1702 5493 ami-

133 5542 305 5586 corum
345 5531 541 5588 studiis
563 5572 578 5600 ,
610 5531 705 5601 qui
750 5539 1006 5586 meretur.
1038 5530 1238 5586 Verum
1284 5532 1375 5588 ubi
1415 5533 1703 5603 indignitas

133 5619 440 5693 dominatur,
471 5623 650 5681 notari
696 5631 848 5681 actus
888 5639 1016 5680 suos
1042 5625 1274 5680 aestimat
1295 5667 1309 5692 ,
1342 5625 1388 5680 si
1417 5625 1705 5683 illaudatus

133 5714 389 5776 abscedat.
421 5717 794 5790 Circumsepta
821 5725 905 5775 est
929 5717 1203 5774 humilitas
1230 5719 1491 5777 bonitate.
1527 5718 1597 5776 Ut
1624 5721 1703 5779 fa-

1812 4780 2057 4845 mendat,
2110 4780 2184 4834 ita
2240 4780 2466 4837 Domino
2516 4781 2730 4839 dicente
2786 4802 2797 4836 :
2847 4781 2948 4847 Qui
2986 4793 3130 4838 amat
3168 4786 3398 4840 animam

1809 4889 1992 4939 suam,
2023 4871 2202 4944 perdet
2228 4871 2374 4926 illam
2395 4889 2414 4938 ;
2435 4884 2486 4927 et
2505 4874 2592 4945 qui
2614 4873 2727 4928 odit
2753 4876 2985 4929 animam
3012 4892 3179 4940 suam,
3211 4877 3264 4929 in
3293 4877 3396 4931 vita

1812 4977 2006 5023 (eterna
2031 4967 2254 5021 inveniet
2271 4982 2386 5020 eam
2413 4963 2602 5036 (Joau.
2629 4965 2847 5039 x11,25).
2870 4966 3000 5034 Quis
3027 4984 3134 5022 non
3157 4967 3392 5038 sapiens,

1809 5068 2120 5132 contempta
2146 5059 2305 5130 hujus
2329 5059 2463 5116 lucis
2487 5075 2648 5115 usura
2667 5102 2682 5128 ,
2715 5061 2761 5116 si
2790 5061 2862 5115 ita
2899 5077 3027 5116 usus
3055 5062 3292 5128 venerit,
3325 5061 3395 5118 ad

1808 5153 2126 5225 martyrium
2148 5152 2430 5207 ambitiose
2458 5149 2707 5217 festinet,
2735 5166 2859 5206 cum
2877 5150 3059 5206 videat
3092 5151 3159 5207 ad
3187 5151 3394 5207 lucrum

1806 5244 1930 5301 vitae
1957 5245 2228 5317 pertinere
2255 5243 2418 5300 morti
2448 5243 2683 5298 animam
2711 5242 3036 5313 deputasse?
3075 5242 3255 5311 Quare
3294 5258 3394 5299 au-

1806 5349 1917 5397 tem
1946 5355 2056 5396 non
2087 5340 2251 5395 homo
2281 5337 2348 5393 ad
2379 5345 2484 5392 tam
2521 5335 2815 5410 pretiosum
2866 5351 3002 5408 opus
3039 5335 3265 5392 devotus
3303 5351 3395 5392 oc-

1807 5444 2028 5503 currat,
2071 5450 2135 5490 ac
2179 5449 2238 5489 se
2285 5433 2572 5503 impiorum
2610 5446 2803 5486 manus
2843 5429 3100 5485 audacter
3137 5428 3390 5499 objiciat,

1807 5545 1970 5600 quem
1997 5527 2230 5584 caelestis
2248 5525 2421 5595 gratia
2443 5522 2892 5578 remunerationis
2919 5529 3213 5593 exspectat,
3239 5519 3392 5591 juxta

1810 5624 1943 5681 illud
1968 5622 2112 5694 quod
2141 5620 2400 5677 Dominus
2432 5618 2488 5673 in
2519 5617 2609 5672 illa
2649 5615 2996 5672 beatitudinis
3030 5614 3392 5685 descriptione

1810 5724 2202 5779 commemorat
2251 5733 2266 5772 :
2316 5712 2465 5771 Beati
2523 5711 2610 5786 qui
2663 5710 3067 5784 persecutionem
3124 5707 3409 5798 patiuntur.

200 5919 222 5952 ³
253 5910 445 5986 Forte,
485 5912 705 5972 alterum
737 5921 903 5984 amat,
935 5920 993 5970 ut
1028 5911 1178 5970 alteri
1217 5929 1273 5971 se
1295 5913 1552 5991 ostendat
1587 5915 1798 5972 iratum.
1831 5911 1998 5970 Bauu.
