3960 6358
487 338 596 402 ius

1480 337 1532 394 S.
1577 332 1954 392 VALERIANI
1996 327 2300 391 Ei'lSCOPl
2337 328 2788 392 LEMELIENSIS

3683 333 3784 392 740

492 468 702 532 propter
718 457 1010 529 justitiam,
1046 453 1168 528 quia
1193 453 1424 525 ipsorum
1463 460 1540 506 est
1580 467 1795 523 regnum
1837 449 2079 506 cistarum
2106 455 2159 514 Α
2185 467 2285 518 ηερ,
2311 460 2366 506 et
2386 452 2694 521 intelligetis
2709 465 2828 520 quae
2857 452 3000 506 circa
3023 459 3337 506 sanctorum
3360 450 3626 520 obsequia
3660 467 3784 506 cura

495 551 727 624 (Matth.
752 567 804 614 v,
839 547 961 618 10).

561 643 615 698 2.
657 642 861 698 Videtis
889 649 1122 710 quantos
1143 637 1350 694 fructus
1373 635 1627 692 humanis
1650 635 1782 691 ﬁdes
1811 633 2092 706 suppliciis

495 737 724 812 probata
753 733 1062 799 contulerit,
1080 732 1168 787 vel
1196 731 1249 786 in
1279 746 1387 800 quo
1417 729 1542 785 loco
1561 729 1633 784 sit
1653 729 1828 799 posita
1856 735 2094 782 contem-

496 837 596 902 ptu
621 825 866 899 corporis
885 824 1150 894 acquisita
1176 823 1419 878 victoria.
1452 819 1586 888 Quis
1610 828 1791 875 autem
1816 826 1999 890 posset
2025 817 2093 872 de

498 920 603 979 hac
621 935 785 991 quam
811 915 1354 975 commemoravimus
1383 913 1632 969 mercede
1660 911 1909 968 dubitare
1925 952 1940 977 ,
1971 926 2095 966 cum

499 1011 684 1069 videat
707 1025 836 1067 ecce
859 1009 913 1064 in
943 1021 1130 1064 amore
1157 1013 1469 1060 sanctorum
1522 1003 1692 1059 totius
1719 1002 1869 1058 orbis
1917 999 2096 1058 studia

501 1102 793 1162 convenire
810 1139 826 1166 ,
852 1107 909 1155 et
933 1097 1132 1169 passim
1156 1096 1395 1165 undique
1433 1094 1501 1151 ad
1528 1093 1876 1151 devotionem
1906 1105 2099 1151 annuat

503 1194 864 1254 solemnitatis
891 1192 1211 1248 occurrere?
1246 1189 1428 1247 Facile
1469 1187 1714 1260 profecto
1754 1185 2101 1256 intelligimus

502 1290 626 1364 quis
655 1290 759 1348 illis
784 1288 838 1344 in
866 1286 1078 1346 cmlesti
1104 1285 1233 1340 sede
1261 1283 1414 1339 locus
1439 1290 1689 1353 paretur,
1726 1295 1958 1350 quorum
1983 1295 2100 1336 me-

504 1381 734 1440 moriam
759 1387 910 1440 tanta
930 1375 1232 1434 ofﬁciorum
1261 1377 1368 1447 22
1395 1389 1529 1432 cura
1552 1371 1917 1444 prosequitur.
1944 1369 2105 1440 Apte-

508 1490 630 1530 mus
655 1473 840 1542 itaque
866 1470 1079 1530 animos
1105 1467 1172 1526 ad
1199 1466 1430 1522 futuram
1453 1465 1683 1534 gloriam
1708 1478 1829 1532 quae
1867 1459 2104 1532 reposita

509 1574 594 1622 est
622 1564 804 1630 nobis,
836 1571 889 1619 et
917 1575 1295 1633 praeponamus
1330 1557 1560 1614 terrenis
1586 1556 1862 1620 coelestia,
1902 1562 1960 1611 ut
1989 1569 2108 1624 pos-

511 1659 678 1714 simus
715 1656 804 1714 illa
843 1664 1059 1711 aeternae
1099 1653 1223 1710 vim:
1251 1651 1516 1723 promissa
1557 1649 1891 1718 contingere.
1936 1645 2107 1702 Nemo

512 1761 694 1808 autem
735 1749 836 1808 sibi
883 1749 956 1804 de
999 1746 1162 1816 hujus
1205 1745 1390 1802 mundi
1437 1743 1733 1800 ambitione
1771 1740 2106 1807 blandiatur,

2191 560 2412 600 manere
2431 560 2529 599 vos
2547 545 2758 599 debeat.
2784 543 2912 599 Sine
2931 543 3095 598 dubio
3119 543 3218 599 nisi
3239 544 3392 614 prius
3409 543 3658 613 placatus
3684 545 3788 597 tne-

2192 640 2264 694 rit
2284 640 2425 694 illius
2447 639 2654 694 animus
2674 640 2765 708 qui
2787 646 2997 694 secreta
3019 638 3212 693 domus
3231 637 3504 709 praetoriae
3525 636 3785 698 observat,

2195 746 2303 785 non
2334 731 2488 785 facile
2517 731 2829 800 pervenitur
2860 730 2928 786 ad
2963 729 3293 786 sublimioris
3321 728 3618 785 amicitiam
3645 738 3790 798 pote-

2196 821 2370 875 statis.
2401 819 2657 876 Studiose
2677 820 2922 890 profecto
2943 821 3246 891 expetenda
3275 828 3404 876 sunt
3432 818 3684 889 suﬁ‘ragia
3706 837 3790 891 pa-

2197 921 2496 980 tronorum,
2529 915 2724 984 quibus
2757 913 2890 968 solis
2916 913 3100 968 datum
3139 921 3226 968 est
3271 911 3565 968 irascentis
3593 911 3789 969 Domini

2201 1009 2412 1065 animos
2439 1025 2598 1064 nosse
2645 1009 2889 1073 mollire,
2931 1017 2988 1063 et
3033 1007 3369 1062 iracundiam
3396 1007 3791 1077 temper-amb

2201 1113 2396 1168 magna
2426 1100 2586 1169 igitur
2605 1099 2768 1155 domo
2797 1107 2921 1169 post
2939 1098 3218 1154 dominum
3244 1098 3523 1154 secundus
3556 1107 3636 1152 est
3662 1114 3791 1154 sem—

2202 1210 2302 1265 per
2328 1195 2526 1264 gradus
2573 1195 2890 1248 amicorum.
2934 1193 3049 1248 Soli
3077 1200 3205 1247 sunt
3234 1207 3334 1262 per
3366 1206 3512 1260 quos
3543 1191 3680 1261 apud
3706 1191 3792 1246 do-

2205 1287 2408 1342 minum
2431 1294 2486 1341 et
2514 1284 2833 1353 suggerendi
2857 1284 2994 1338 liber
3018 1283 3189 1348 locus,
3209 1292 3270 1338 et
3298 1281 3630 1352 impetrandi
3645 1281 3792 1336 facile

2207 1377 2515 1449 praebeatur
2535 1391 2802 1431 accessus.
2836 1373 3105 1431 Peculiari
3134 1376 3320 1444 itaque
3344 1373 3700 1429 veneratione
3723 1389 3796 1428 er-

2207 1468 2435 1524 colenda
2465 1467 2621 1522 nobis
2641 1475 2723 1522 est
2751 1468 3013 1522 memoria
3045 1476 3379 1529 sanctorum,
3406 1477 3466 1520 ut
3483 1466 3705 1536 januam
3724 1482 3795 1520 ειν

2208 1559 2336 1615 lutis
2355 1561 2618 1630 aperiant,
2643 1567 2699 1614 et
2725 1559 2779 1613 in
2807 1559 3055 1614 notitiam
3083 1558 3294 1613 Domini
3323 1557 3601 1612 desideria
3625 1565 3796 1612 nostra

2207 1656 2492 1727 pervenire
2521 1655 2724 1711 faciant
2751 1653 3046 1710 servitutis.
3095 1651 3282 1722 Magna
3313 1653 3464 1707 enim
3515 1651 3796 1706 securitatis

2210 1756 2294 1803 est
2312 1749 2524 1818 portio,
2558 1748 2612 1802 in
2641 1747 2806 1802 rebus
2834 1745 3046 1816 asperis
3070 1743 3140 1799 de
3170 1743 3336 1799 domo
3375 1744 3530 1812 regis
3571 1742 3795 1796 habuisse

511 1860 672 1915 quem
686 1844 832 1900 videt
859 1843 911 1902 in
935 1841 1079 1898 diem
1106 1839 1342 1898 deﬁcere
1367 1853 1591 1894 accessu
1617 1836 1792 1892 aetatis
1817 1842 1873 1892 et
1891 1841 2103 1904 tempo-
2133 1845 2180 1906 Β
2207 1841 2542 1910 suffragium.
2583 1839 2717 1894 Nam
2747 1837 3014 1893 decrescit
3043 1834 3450 1905 quodammodo
3481 1833 3682 1888 invidia
3713 1833 3796 1888 cri-

510 1937 603 1994 ris.
636 1936 693 1994 Si
719 1948 1096 2008 comparemus
1124 1931 1358 2002 denique
1389 1930 1608 1986 aeternis
1628 1928 1944 1999 praesentia,
1977 1925 2110 1981 satis

509 2029 639 2086 vilia
667 2036 724 2083 et
751 2027 961 2084 inutilia
990 2032 1204 2082 constat
1230 2039 1349 2080 esse
1378 2037 1499 2092 quae
1537 2020 1915 2092 temporaliter
1936 2019 2112 2089 possi-

509 2122 717 2182 demus.
748 2119 986 2190 Require
1012 2118 1245 2187 denique
1272 2117 1503 2184 gratiam
1532 2113 1728 2170 debitae
1757 2111 2108 2178 hmreditatis,

512 2222 569 2274 et
596 2212 848 2283 intelligis
868 2210 1027 2280 hujus
1047 2209 1233 2265 mundi
1253 2207 1467 2262 divitias
1489 2205 1796 2276 displicere,
1823 2220 1888 2261 ac
1904 2204 2114 2274 judicas

515 2305 650 2366 nihil
677 2319 811 2360 auro
841 2300 1141 2364 obscurius,
1170 2298 1301 2353 nihil
1343 2296 1556 2367 argenti
1603 2295 1892 2366 splendore
1935 2295 2113 2352 sordi—

515 2397 656 2452 dius.
701 2395 760 2449 ln
803 2392 1208 2462 comparatione
1249 2398 1432 2444 autem
1460 2387 1714 2460 paradisi,
1743 2388 1880 2443 vitro
1927 2388 2118 2444 similis

518 2478 611 2544 est
629 2502 840 2557 gemma
869 2483 1177 2555 pretiosior.
1203 2481 1282 2536 Ita
1317 2490 1399 2536 est
1423 2483 1566 2536 enim
1597 2481 1758 2550 hujus
1789 2481 1923 2536 lucis
1953 2489 2006 2536 et
2035 2479 2117 2534 fu-

518 2581 627 2635 turi
656 2577 916 2648 temporis
943 2575 1194 2644 dignitas,
1220 2589 1283 2629 ac
1311 2574 1356 2628 si
1378 2581 1556 2629 stante
1587 2573 1639 2627 in
1669 2573 1808 2628 caelo
1835 2573 1959 2626 luna
1984 2587 2116 2627 ocu-

517 2672 585 2728 lis
613 2670 893 2727 hominum
919 2668 1102 2722 radius
1145 2681 1206 2721 se
1233 2667 1564 2721 matutinalis
1585 2664 1856 2720 infuderit.
1890 2665 2118 2719 Tamdiu

519 2763 665 2819 enim
720 2761 898 2832 placet
960 2759 1150 2814 lunare
1190 2758 1614 2822 commercium,
1665 2757 1926 2827 quamdiu
1968 2765 2120 2810 tene-

520 2856 693 2914 brosae
723 2852 869 2910 nocti
897 2851 1205 2914 constitutis
1229 2851 1436 2920 legibus
1457 2856 1675 2920 praestat
1701 2848 1940 2904 cilicium
1964 2866 1975 2900 :
1999 2863 2120 2917 quae

525 2945 771 3018 quamvis
798 2944 1007 3016 placeat
1035 2941 1270 2998 candore
1309 2942 1559 2996 nocturni
1592 2941 1833 3006 luminis,
1864 2940 2123 2996 obscura-

524 3049 612 3098 tur
637 3049 818 3100 tamen
843 3035 1271 3108 supervenientis
1299 3035 1490 3090 sideris
1516 3035 1761 3090 claritate
1789 3034 2046 3090 melioris.

597 3137 648 3191 5.
692 3135 809 3192 lloc
855 3140 940 3189 est
984 3131 1160 3187 solum
1201 3129 1346 3200 quod
1393 3137 1640 3200 tempora
1688 3128 1971 3199 praesentis
2000 3128 2123 3186 vitae

2215 1936 2394 2001 minis,
2439 1933 2529 1988 ubi
2567 1949 2693 1988 reus
2731 1931 2797 1987 ad
2837 1930 3106 1985 amicitias
3132 1927 3328 1996 regalis
3354 1924 3579 1981 familim
3605 1925 3796 1994 ceperit

2214 2031 2506 2102 pertinere.
2538 2028 2616 2083 Ita
2647 2029 2766 2083 sine
2811 2024 3053 2098 periculo
3078 2024 3243 2078 homo
3267 2022 3438 2078 vitam
3476 2021 3738 2089 transigit,
3761 2020 3795 2072 si

2215 2124 2286 2179 sit
2305 2125 2396 2193 qui
2426 2123 2568 2194 apud
2590 2121 2875 2177 Dominum
2919 2118 3298 2188 negligentiam
3328 2116 3640 2188 peccatoris
3664 2131 3795 2169 exco-

2217 2223 2319 2270 set.
2362 2215 2532 2271 Nemo
2571 2223 2753 2270 autem
2797 2220 2883 2267 est
2924 2211 3012 2268 cui
3058 2227 3167 2265 non
3205 2226 3343 2279 opus
3388 2210 3463 2264 sit
3501 2208 3795 2280 potentioris

2217 2310 2382 2363 etiam
2413 2309 2465 2364 in
2489 2308 2722 2362 maxima
2743 2303 3036 2360 securitate
3049 2300 3383 2370 suffragium.
3415 2299 3555 2354 Nam
3584 2298 3794 2368 quamvis

2219 2399 2529 2468 aliquantos
2577 2399 2632 2454 in
2674 2399 2782 2452 hoc
2813 2410 3038 2451 numero
3069 2393 3204 2449 fides
3229 2393 3462 2464 probata
3503 2390 3793 2452 sanctiﬁcat.

2221 2508 2356 2562 opus
2378 2500 2558 2547 tamen
2599 2499 2686 2545 est
2705 2497 2766 2545 ut
2793 2489 2865 2543 sit
2891 2488 2984 2557 qui
3028 2487 3202 2557 ipsam
3233 2485 3392 2541 ﬁdem
3444 2485 3676 2540 Domino
3697 2499 3796 2555 sep-

2221 2586 2347 2658 plici
2379 2584 2768 2641 intercessione
2786 2580 3150 2639 commendet.
3175 2579 3288 2636 Nec
3317 2579 3466 2634 enim
3495 2587 3606 2633 tam
3635 2577 3798 2633 forte!!!

2223 2678 2487 2744 invenias,
2520 2684 2580 2730 ut
2609 2692 2716 2735 non
2756 2682 2917 2745 egeat
2945 2673 3200 2729 auxilium
3229 2671 3492 2728 fortioris.
3521 2672 3672 2727 Sicut
3687 2671 3797 2727 bene

2222 2770 2325 2825 sub
2351 2778 2508 2825 scuto
2537 2769 2819 2832 militatur,
2846 2769 2919 2822 ita
2951 2774 3069 2822 tuto
3103 2766 3332 2821 testibus
3361 2765 3465 2821 sub
3490 2775 3798 2836 patronores

2224 2861 2428 2929 agitur;
2456 2861 2545 2916 ubi
2559 2861 2806 2930 quamvis
2827 2859 3107 2913 immineat
3135 2872 3315 2926 ptena,
3349 2858 3394 2912 si
3424 2858 3496 2911 sit
3543 2859 3636 2926 qui
3656 2859 3796 2912 inter-

2223 2955 2402 3020 cedat,
2452 2971 2560 3010 non
2609 2953 2770 3008 dubie
2817 2951 3053 3008 obnoxia
3095 2950 3304 3020 legibus
3349 2950 3588 3005 donatur
3611 2948 3798 3018 injuria.

2226 3046 2357 3114 Quis
2378 3055 2558 3101 autem
2597 3045 2790 3100 modus
2817 3059 2938 3099 esse
2978 3049 3162 3113 potest
3198 3041 3412 3106 mortis,
3437 3041 3481 3098 si
3519 3055 3641 3095 cum
3659 3038 3802 3107 judex

2227 3138 2498 3193 sententia
2526 3136 2702 3203 feriat,
2735 3152 2844 3192 non
2873 3136 2944 3192 sit
2963 3135 3057 3205 qui
3078 3149 3176 3191 reo
3189 3134 3422 3206 supplici
3443 3134 3805 3189 intercessione

527 3226 896 3291 commendet,
929 3224 977 3279 si
1023 3239 1088 3302 ea
1129 3222 1338 3292 agimus
1377 3237 1499 3291 quae
1528 3220 1710 3278 futuro
1753 3221 1958 3290 judicio
2014 3237 2122 3278 non
2153 3240 2201 3305 α
2229 3230 2534 3287 subveniat.

527 3318 844 3391 subjaceant
865 3314 1217 3380 accusationi,
1238 3329 1338 3372 nec
1359 3314 1570 3384 possint
1591 3321 1844 3369 accusata
1859 3314 2125 3370 convinci.

527 3412 636 3470 Sed
665 3419 724 3468 ut
752 3410 894 3468 nulla
930 3409 984 3464 in
1016 3415 1295 3479 posterum
1318 3407 1496 3462 anima
1526 3407 1669 3478 apud
1701 3407 1872 3464 Deum
1919 3407 2132 3477 injusti-

529 3505 619 3564 tize
654 3504 866 3562 laboret
906 3500 1138 3565 invidia,
1186 3499 1594 3570 amplectendus
1625 3508 1709 3555 est
1755 3500 1844 3555 ille
1886 3500 2130 3572 profecto

530 3599 771 3672 psalmus
789 3598 883 3668 qui
910 3596 1040 3652 dicit
1071 3614 1084 3649 :
1119 3593 1220 3662 Qui
1247 3597 1507 3651 seminam
1527 3596 1584 3648 in
1604 3594 1880 3665 tacrymis,
1912 3596 1968 3649 in
2002 3613 2133 3668 gau-

537 3692 622 3748 dio
651 3697 839 3746 metent
861 3689 880 3760 (
903 3686 998 3742 Ps.
1035 3703 1193 3754 cxxv,
1227 3684 1314 3757 5).
1353 3685 1468 3742 Hoc
1495 3693 1577 3741 est
1609 3686 1662 3741 in
1691 3686 1946 3758 lacrymis
1971 3687 2133 3743 semi—

538 3801 672 3844 nare
701 3792 758 3842 et
779 3781 976 3853 gaudia
1013 3789 1247 3846 metere,
1281 3779 1647 3850 praecedentes
1674 3780 1799 3836 vitae
1827 3789 1978 3836 actus
2006 3797 2134 3851 pro-

535 3879 657 3952 prio
684 3875 968 3934 confutare
993 3873 1218 3944 judicio,
1249 3881 1304 3928 et
1331 3873 1700 3931 lascivientem
1729 3873 1964 3930 animam
1987 3873 2134 3944 justo

532 3969 832 4034 subdidisse
854 3966 1140 4040 supplicio.
1170 3963 1294 4021 Cito
1315 3965 1460 4020 enim
1489 3965 1705 4021 tristitia
1736 3965 1978 4022 lzetitiam
1998 3981 2132 4023 con-

533 4063 796 4134 sequitur,
829 4061 875 4117 si
904 4059 1308 4117 districtionem
1345 4057 1546 4126 judicis
1585 4058 1954 4114 satisfactione
1995 4075 2134 4129 pne-

533 4159 737 4222 venias,
753 4165 807 4212 et
835 4155 1055 4212 admissi
1075 4152 1316 4209 criminis
1337 4152 1524 4223 culpas
1545 4153 1758 4208 assidua
1780 4153 2136 4222 castigatione

539 4248 860 4307 confundas.
884 4245 992 4302 Sed
1019 4261 1088 4300 ne
1117 4244 1386 4300 minorem
1413 4239 1482 4299 ex
1510 4243 1614 4298 hoc
1651 4243 1880 4312 gratiam
1903 4245 2135 4313 'compa-

541 4357 693 4402 rasse
714 4339 940 4412 puteris,
968 4336 1180 4392 afllictis
1202 4344 1257 4392 et
1271 4349 1505 4390 lnocrore
1534 4333 1796 4390 confectis
1823 4334 2130 4399 subvenias,

539 4440 595 4490 et
624 4447 841 4488 causam
863 4439 1012 4486 tuam
1038 4427 1181 4499 apud
1202 4441 1471 4498 pauperes
1485 4426 1633 4494 larga
1659 4427 1973 4495 erogatione
1994 4441 2137 4490 com-

538 4539 730 4596 ponas.
765 4521 897 4576 Nam
936 4521 1008 4576 ita
1047 4520 1177 4580 dicit
1215 4519 1474 4574 Dominus
1509 4537 1522 4570 :
1558 4517 1704 4572 Beati
1735 4516 2092 4572 misericordes
2116 4557 2130 4583 ,

2305 3321 2356 3377 5.
2399 3321 2458 3378 Si
2479 3322 2861 3391 cogitaremus,
2893 3320 3251 3384 dilectissimi,
3281 3327 3536 3390 quantum
3564 3318 3718 3374 nobis
3739 3316 3804 3371 ci-

2231 3416 2314 3471 vis
2352 3415 2606 3486 martyris
2647 3415 2815 3469 virtus
2853 3414 3123 3484 praestitit,
3169 3427 3200 3466 a
3231 3412 3481 3466 laudibus
3524 3411 3622 3466 Dei
3659 3409 3798 3464 nostri

2234 3522 2532 3576 numquam
2583 3506 2778 3573 linguae
2818 3505 3086 3571 studium,
3120 3519 3417 3572 numquam
3463 3502 3572 3557 oris
3599 3507 3800 3557 cessant

2233 3598 2490 3655 cilicium.
2533 3597 2808 3668 Respicite
2845 3597 2912 3652 ad
2953 3598 3167 3652 illoriun
3194 3597 3370 3652 studia
3405 3597 3499 3666 qui
3527 3597 3800 3666 peregrinas

2235 3707 2403 3762 aquas
2426 3691 2638 3757 bibunt,
2671 3699 2727 3745 et
2752 3690 2928 3745 fontes
2955 3691 3114 3758 longe
3151 3692 3361 3760 positos
3386 3691 3636 3746 sitientes
3660 3689 3801 3758 inqui-

2235 3791 2390 3849 runt,
2423 3790 2478 3838 et
2523 3781 2713 3838 videtis
2751 3790 3012 3850 quantum
3057 3781 3242 3850 gratiae
3289 3781 3493 3836 habeat
3535 3782 3649 3836 suis
3683 3779 3801 3848 aquis

2237 3876 2495 3934 inundata
2525 3876 2816 3947 possessio.
2845 3874 3122 3929 jEstimari
3145 3883 3326 3930 autem
3342 3889 3451 3930 non
3474 3882 3659 3946 potest
3671 3887 3802 3942 quan-

2238 3977 2350 4026 tum
2390 3969 2719 4039 patrimonio
2751 3969 2996 4024 utilitatis
3025 3977 3330 4034 accrescat,
3362 3970 3411 4024 si
3450 3968 3670 4038 quando
3690 3963 3804 4037 quod

2239 4059 2369 4116 alibi
2391 4059 2676 4116 ambitiose
2705 4061 2981 4130 qmeritur,
3025 4061 3078 4114 in
3109 4061 3326 4130 propria
3356 4062 3698 4131 possessione
3730 4073 3803 4112 na-

2238 4161 2440 4211 scatur.
2467 4153 2634 4210 Vobis
2661 4169 2790 4210 ecce
2819 4153 3082 4208 Dominus
3111 4154 3390 4217 virtutum,
3424 4153 3496 4209 de
3521 4169 3631 4223 quo
3657 4149 3804 4222 (μιοὼ

2238 4247 2324 4302 die
2371 4247 2798 4319 praesumeretis,
2829 4247 2977 4303 dedit
3005 4246 3208 4302 fontem
3248 4247 3434 4302 vivum
3474 4247 3806 4312 babere,non

2237 4339 2577 4398 deiicientem
2595 4381 2611 4407 ,
2642 4355 2751 4397 non
2781 4355 3064 4410 asperum,
3097 4345 3208 4396 non
3247 4355 3496 4395 amarum
3523 4358 3538 4391 :
3569 4340 3639 4396 de
3661 4354 3753 4409 quo
3772 4335 3807 4391 si

2237 4431 2359 4500 quis
2387 4431 2622 4488 voluerit
2644 4431 2850 4494 bibere.
2884 4447 3100 4502 semper
3123 4431 3388 4501 justitiam
3411 4433 3580 4499 sitiet,
3605 4449 3698 4488 nec
3713 4445 3806 4486 un-

2237 4537 2401 4592 quam
2443 4524 2510 4578 ab
2558 4523 2647 4578 illa
2675 4523 2978 4579 cmlestium
3005 4524 3387 4582 mandatorum
3415 4526 3539 4594 lege
3583 4524 3803 4581 discedet.

539 4614 786 4686 quoniam
815 4613 942 4684 ipsis
963 4610 1286 4666 miserebitur
1308 4607 1470 4666 Deus.
1507 4607 1653 4663 Beati
1676 4609 1761 4680 qui
1787 4608 1978 4680 lugent,
2005 4625 2131 4680 qno-
2162 4635 2212 4696 η
2239 4615 2297 4672 Si
2321 4617 2480 4673 vultis
2498 4631 2649 4687 ergo,
2679 4617 3036 4682 dilectissimi,
3052 4625 3114 4672 ιιι
3140 4618 3209 4673 si;
3232 4618 3388 4674 nobis
3408 4620 3462 4673 ίη
3483 4619 3687 4676 θωπεεή
3710 4615 3808 4671 δαίς

539 4707 683 4760 niam
707 4706 807 4777 ipsi
825 4702 1228 4764 consolabuntur
1251 4700 1467 4774 (Matth.
1483 4717 1537 4762 v,
1555 4700 1603 4764 7,
1625 4697 1700 4769 5).
1721 4698 1777 4754 Si
1808 4701 1929 4770 quis
1951 4701 2133 4770 itaque

538 4806 798 4861 vestrum,
831 4794 1184 4859 dilectissimi,
1217 4792 1457 4850 studiose
1485 4789 1687 4848 Christi
1707 4791 2133 4850 consolationem

539 4890 787 4962 requirit,
816 4889 1023 4944 alienos
1051 4886 1268 4942 dolores
1290 4884 1647 4956 eleemosynis
1674 4893 1900 4952 resecet,
1926 4900 1991 4942 ac
2017 4895 2133 4942 stu-~

541 4983 691 5040 diose
720 4983 984 5054 lacrymas
1021 4995 1148 5035 suas
1188 4977 1314 5033 huic
1342 4977 1394 5034 in
1435 4975 1589 5046 cujus
1627 4975 1834 5033 honore
1874 4979 2132 5034 converri-

543 5092 682 5142 mus,
716 5083 947 5146 patrono
977 5071 1352 5137 commendet;
1383 5084 1448 5126 ac
1470 5085 1528 5126 se
1557 5067 1924 5140 frequentibus
1951 5081 2134 5143 patro-

541 5169 699 5225 ciniis
730 5169 1006 5234 insinuet,
1049 5181 1160 5236 quo
1197 5163 1406 5222 facilius
1451 5165 1622 5236 possit
1669 5165 1956 5236 impetrare
1995 5181 2144 5236 quae».

539 5279 772 5334 cumque
795 5262 1022 5318 Domino
1049 5276 1148 5332 pro
1169 5276 1266 5316 sua
1295 5260 1527 5316 utilitate
1555 5260 1899 5330 suggesserit.
1934 5257 2140 5316 Occur-

539 5355 770 5410 rendum
809 5363 893 5410 est
930 5368 1146 5423 semper
1175 5352 1271 5408 Dei
1313 5352 1501 5414 amicis
1525 5393 1540 5420 ,
1591 5367 1656 5408 ac
1687 5351 2029 5410 serviendum
2055 5364 2140 5412 est

541 5448 803 5519 proximis
825 5489 840 5514 ,
873 5455 928 5503 et
977 5446 1370 5504 incessabiliter
1405 5446 1815 5517 supplicandum
1843 5455 1902 5502 ut
1939 5456 2141 5505 sanctae

543 5540 948 5598 intercessionis
995 5541 1266 5612 possimus
1319 5540 1568 5598 obtinere
1614 5539 1945 5611 suffragium.
2002 5541 2136 5609 Quis

547 5640 725 5692 autem
756 5633 897 5705 apud
920 5633 1128 5704 justum
1149 5632 1386 5705 iudicem
1414 5632 1566 5691 locus
1585 5634 1689 5692 erit
1712 5635 1902 5701 veniae,
1935 5635 1982 5692 si
2001 5637 2136 5692 ami-

547 5723 624 5778 cis
653 5725 795 5792 regis
817 5726 1028 5781 nescias
1045 5725 1386 5797 supplicare?

617 5813 668 5872 4.
711 5815 950 5888 Denique
964 5817 1216 5888 respicite
1244 5815 1312 5872 ad
1335 5816 1605 5874 saecularis
1633 5817 1880 5877 ordinem
1899 5807 2136 5896 discipli-

2237 4713 2442 4783 portio,
2485 4727 2648 4781 quam
2673 4712 2967 4768 victoribus
3005 4712 3262 4768 Dominus
3290 4715 3623 4784 repromisit,
3669 4710 3810 4766 inuito

2241 4821 2366 4862 tuor
2386 4804 2562 4874 primo
2592 4803 2711 4861 loco
2739 4803 2916 4860 sancti
2941 4804 3193 4876 martyris
3219 4803 3378 4860 ﬁdem
3408 4805 3463 4860 in
3483 4804 3804 4863 confessione.

2242 4906 2297 4956 et
2323 4912 2617 4966 sequamur
2644 4897 2787 4953 viam
2816 4895 2937 4966 ejus
2966 4896 3020 4950 in
3047 4897 3266 4964 virtute,
3300 4913 3402 4953 nec
3442 4897 3734 4954 dubitemus
3767 4894 3808 4948 ia

2244 5005 2432 5054 amore
2461 4989 2674 5048 Domini
2702 4991 2944 5046 cruentis
2971 4990 3180 5046 lictoris
3203 4992 3454 5048 manibus
3473 5003 3661 5063 pectus
3677 5003 3810 5060 oppo-

2246 5097 2396 5142 nere.
2427 5081 2802 5138 Voluntarium
2832 5091 3014 5139 autem
3039 5084 3265 5139 militem
3293 5085 3349 5139 in
3367 5083 3625 5141 conﬂictu
3655 5093 3808 5154 pugna

2240 5174 2349 5230 cito
2390 5175 2624 5244 protegit
2651 5190 2856 5231 corona
2902 5177 3164 5232 victoriae.
3215 5173 3322 5231 Sed
3363 5176 3494 5231 dum
3544 5178 3644 5232 ista
3670 5174 3808 5230 beatis

2239 5268 2654 5338 superveniunt,
2701 5277 2756 5325 et
2800 5267 3040 5324 felicium
3075 5269 3284 5324 meritis
3322 5268 3690 5333 mitterentur,
3734 5277 3811 5319 nos

2241 5359 2476 5427 interim,
2501 5359 2646 5429 quod
2669 5360 2738 5416 ad
2758 5369 3079 5432 praesentem
3118 5362 3314 5416 animae
3331 5362 3564 5418 salutem
3593 5361 3807 5433 pertinet.

2240 5453 2557 5510 resistamus
2586 5453 2846 5511 adversis.
2886 5454 3004 5511 Non
3035 5453 3192 5510 deest
3236 5463 3423 5510 autem
3451 5456 3506 5510 in
3533 5470 3640 5524 quo
3665 5450 3810 5523 possit

2242 5545 2483 5618 quotidie
2521 5547 2758 5614 vincere,
2789 5547 2837 5603 si
2876 5547 3116 5605 volueris
3159 5549 3343 5604 carnis
3369 5548 3649 5604 desideriis
3670 5561 3808 5616 rapui

2241 5653 2426 5709 gnere.
2478 5639 2706 5711 Respice
2725 5649 2782 5697 et
2807 5641 2931 5700 vide
2943 5650 3146 5712 quanta
3172 5643 3316 5700 circa
3337 5651 3394 5699 te
3421 5644 3640 5700 sariam
3658 5648 3810 5698 certa-

2243 5733 2388 5787 mina
2420 5734 2702 5789 criminum
2723 5773 2736 5797 ,
2781 5735 2865 5790 vel
2905 5751 3065 5805 quam
3094 5737 3260 5794 multa
3289 5737 3361 5794 sit
3402 5738 3545 5794 acies
3581 5738 3808 5794 instructa

2244 5827 2518 5886 vitiorum.
2535 5827 2672 5887 Hinc
2684 5830 2958 5903 superbia,
2975 5830 3101 5890 inde
3120 5831 3284 5890 ﬁdem
3301 5840 3545 5892 nostram
3563 5832 3809 5904 impugnat
