3924 6368
113 341 188 399 7n
1489 324 1778 392 HOMIUA.
1810 306 1951 384 Xvi.

3260 305 3366 384 “ne

111 451 312 514 invidia;
341 447 505 504 modo
545 445 778 504 ebrietas
817 443 1040 500 luxuriae
1079 440 1364 496 materiam
1411 439 1666 509 suggerit,
1695 441 1752 502 Α
1774 439 1927 509 peric
1967 436 2240 509 sanguinis
2267 437 2351 496 sui
2393 437 2656 504 eﬂusione
2700 437 3043 496 commendat
3075 455 3087 493 :
3120 445 3175 494 et
3200 453 3368 517 agno-

111 543 246 601 inodo
269 541 539 612 cupiditas
571 539 807 596 a..imum
838 537 905 592 ad
933 551 1094 591 omne
1121 548 1291 604 genus
1313 531 1557 587 falsitatis
1587 530 1667 585 in-

111 636 290 700 cendit;
329 634 486 704 cujus
512 632 747 689 studium
785 639 868 688 est
898 631 1041 686 inter
1067 638 1262 686 caetera
1296 629 1440 684 rixas
1469 641 1672 692 serere,

112 731 209 784 litos
232 741 483 793 movere,
515 725 640 782 odia
681 737 1015 794 comparare.
1065 720 1336 777 Adversus
1375 720 1507 777 istas
1545 731 1676 788 ergo

112 821 322 890 legiones
352 819 510 875 nobis
546 824 630 874 est
656 817 821 872 armis
850 814 1182 886 spiritalibus
1209 811 1590 878 dimicandum,
1621 819 1687 872 et.

111 915 179 970 die
202 920 472 981 noctuque
490 912 545 968 in
573 910 689 967 acie
713 909 983 975 standum,
1007 908 1180 966 donec
1193 914 1286 964 aut
1304 907 1434 964 vitia
1460 905 1674 974 cedant,

112 1013 185 1058 aut
205 999 266 1056 ad
292 1001 668 1071 paenitentiam
708 1000 966 1056 inclinata
994 997 1327 1070 confugiant.
1355 997 1559 1067 Quibus
1583 1013 1676 1052 su-

111 1093 301 1168 peratis,
328 1109 437 1149 non
467 1093 627 1148 dubie
645 1093 810 1148 etiam
836 1091 987 1147 illum
1014 1091 1107 1161 qui
1145 1105 1410 1146 summam
1437 1089 1680 1160 martyrii

113 1189 317 1263 palmam
347 1189 590 1258 requirit,
623 1203 907 1260 possumus
929 1187 1066 1243 inire
1087 1186 1416 1244 conﬂictum.
1433 1185 1562 1254 Quis
1585 1202 1682 1240 au-

113 1293 200 1338 tem
225 1281 297 1335 ibi
330 1281 499 1336 nollet
525 1295 784 1351 pugnare,
801 1287 895 1335 aut
921 1280 1040 1350 quis
1065 1294 1172 1335 non
1194 1286 1422 1335 conetur
1441 1279 1678 1344 vincere,

115 1374 188 1430 ubi
223 1389 336 1428 non
365 1373 542 1430 solum
570 1373 733 1429 homo
770 1371 1199 1444 praecedentibus
1234 1371 1482 1428 laborum
1515 1369 1681 1426 meri-

114 1467 190 1528 tis,
216 1464 310 1520 sed
349 1466 516 1524 etiam
558 1465 914 1537 prtesentibus
938 1465 1198 1528 virtutum
1243 1464 1470 1522 docetur
1495 1478 1683 1522 exem-

117 1557 236 1627 pli“
659 1625 944 1683 HOMILIA
979 1625 1118 1684 XVI.

562 1717 696 1774 Item
717 1719 780 1775 de
807 1719 938 1776 bona
958 1721 1214 1793 martyrii.

1773 533 1909 590 scite
1953 540 2216 602 quantum
2258 532 2590 588 amatoribus
2627 529 2827 588 Christi
2863 532 3032 587 nostri
3080 532 3369 602 patientia,

1774 633 2038 698 quantum
2067 626 2340 697 religionis
2376 627 2582 684 actibus
2615 624 2858 684 conferat
2899 625 2952 680 in
2983 627 3366 698 persecutione

1777 722 2018 780 tristitia.

1848 812 1903 870 2.
1945 811 2102 880 Ecce,
2133 813 2271 870 sicut
2303 813 2464 870 lectio
2486 812 2666 880 docet,
2697 813 2961 874 victorem
2989 812 3258 888 possessio
3289 829 3376 869 re-

1780 906 1870 977 gni
1889 905 2125 966 cmlestis
2145 907 2364 978 excipit.
2381 905 2540 964 Tanti
2567 915 2651 964 est
2676 908 2839 978 plane
2855 907 3172 964 sustinuisse
3201 906 3378 964 cami-

1782 999 1958 1065 ftcem,
1989 1002 2076 1057 cui
2103 1009 2259 1072 paret
2272 1016 2432 1072 pmna
2461 999 2784 1060 mercedem.
2811 999 2946 1070 (his
2964 1000 3124 1070 igitur
3138 999 3376 1070 sapiens,

1783 1093 1829 1149 si
1863 1094 1938 1152 ita
1981 1109 2109 1154 usus
2139 1093 2364 1158 venerit,
2393 1101 2554 1158 tautae
2594 1093 2807 1154 virtutis
2836 1107 3058 1166 operam
3104 1091 3244 1148 bene
3277 1089 3382 1146 sibi
3463 1134 3475 1144 .

1784 1189 2036 1246 conscius
2071 1203 2178 1248 non
2216 1187 2486 1258 requirat,
2518 1203 2583 1243 ac
2611 1201 2674 1243 se
2699 1187 2950 1244 hostibus
2973 1186 3252 1244 audaciter
3279 1185 3379 1242 ob-

1779 1280 1962 1352 jiciet?
1983 1280 2163 1354 Quare
2183 1289 2366 1344 autem
2392 1281 2480 1336 ille
2507 1278 2754 1338 ﬂammas
2773 1296 2881 1336 non
2895 1294 3116 1338 securus
3137 1277 3382 1349 aspiciat,

1786 1379 1881 1428 aut
1923 1387 2092 1444 quare
2131 1371 2352 1436 tortoris
2399 1373 2628 1442 ungulas
2674 1377 3023 1441 expavescat,
3072 1385 3233 1440 quem
3272 1377 3390 1430 tam

1786 1467 2032 1539 pretiosa
2066 1467 2240 1536 gratia
2280 1466 2731 1526 remunerationis
2772 1465 3087 1536 exspectat?
3128 1462 3387 1520 Perfecta:

1788 1557 1914 1616 ﬁdei
1941 1568 2025 1616 est
2052 1559 2325 1618 lucrativis
2362 1559 2542 1616 locum
2582 1558 2712 1622 dare
2747 1558 3040 1630 suppliciis,
3085 1558 3384 1628 praesertim

1789 1668 1914 1716 cum
1955 1651 2120 1712 teritis
2163 1650 2583 1724 pnecedentiu
2623 1635 2879 1712 virtutum
2921 1650 3166 1708 docearis
3204 1664 3389 1706 exem-

1789 1745 1914 1819 plis.
1946 1743 2208 1802 Perfacile
2238 1742 2482 1815 profecto
2503 1743 2732 1816 potestis
2751 1743 3050 1814 intelligere
3071 1741 3200 1816 quid
3221 1740 3396 1814 prosit.

173 1830 216 1884 ι.
254 1829 404 1888 Satis
430 1833 738 1890 necessaria
761 1833 894 1898 fuit,
927 1833 1282 1904 dilectissimi,
1313 1833 1438 1896 huic
1465 1829 1689 1902 mundo,
1719 1839 1770 1904 Β
1795 1840 2104 1908 fortissimis
2141 1839 2445 1910 quibusque
2481 1839 2535 1894 in
2573 1839 2952 1912 persecutione
2999 1837 3222 1901 vicisse,
3267 1850 3392 1892 cum

116 1930 353 1992 quantum
374 1938 466 1980 res
491 1923 670 1992 docet,
702 1925 772 1980 ad
799 1926 1142 1984 excitandam
1177 1927 1435 1990 virtutum
1463 1927 1696 1996 gloriam

118 2019 333 2074 victoriae
351 2028 464 2074 tam
483 2020 757 2092 praeclarae
775 2021 1034 2092 cognitio.
1059 2020 1165 2092 Qui
1190 2022 1366 2080 adhuc
1385 2022 1504 2084 sine
1528 2021 1696 2086 dubio

113 2111 292 2180 iaceret
311 2111 372 2166 in
391 2111 692 2168 tenebrosis
703 2112 950 2179 vinculis,
967 2114 1014 2168 si
1031 2131 1136 2172 non
1158 2114 1369 2186 inclytis
1382 2123 1698 2178 sanctorum

118 2204 493 2262 illuminaretur
520 2206 822 2276 exemplis;
853 2214 908 2264 et
937 2209 1080 2266 circa
1109 2207 1264 2266 devia
1286 2208 1568 2270 ctincerta
1587 2223 1694 2279 pu-

116 2305 302 2365 gnaret,
334 2300 444 2374 23
475 2300 578 2356 nisi
611 2300 916 2357 incredulas
942 2301 1222 2360 hominqu
1255 2312 1465 2358 mentes
1501 2302 1697 2366 diffusa

118 2407 197 2462 per
227 2401 404 2450 totum
436 2394 626 2452 orbem
660 2397 907 2470 martyrii
946 2412 1150 2458 corona
1196 2397 1573 2456 confunderet.
1616 2394 1700 2453 0b

118 2499 254 2552 quam
295 2501 414 2544 rem
445 2485 560 2544 Deo
599 2489 820 2560 agenda:
851 2483 992 2550 sunt
1013 2490 1218 2560 gratim,
1262 2490 1358 2561 qui
1394 2490 1464 2548 ad
1492 2498 1700 2548 tantam

116 2579 414 2649 patientiam
457 2581 766 2638 mortalium
813 2591 1026 2638 mentes
1068 2583 1329 2650 armavit,
1362 2597 1465 2640 nec
1493 2583 1704 2640 otiosus

118 2670 278 2740 operis
306 2672 490 2740 magni
518 2672 733 2730 labores
761 2676 1002 2748 aspexit;
1035 2675 1108 2732 ita
1138 2685 1199 2732 ut
1225 2692 1349 2732 cum
1369 2678 1703 2742 amatoribus

120 2761 213 2814 suis
231 2761 496 2818 indiceret
515 2777 707 2834 pugna:
737 2766 1138 2830 necessitatem,
1171 2767 1462 2824 victoribus
1487 2775 1706 2839 pararet

114 2851 242 2920 jnsta
263 2854 624 2911 retributione
648 2857 974 2925 mercedem,
994 2859 1066 2914 ita
1096 2860 1432 2929 evangelista
1452 2860 1700 2916 dicente:

120 2942 248 2998 Beati
288 2946 374 3018 qui
425 2949 828 3016 persecutionem
875 2951 1145 3021 patiuntur
1172 2962 1382 3024 prepter
1419 2952 1704 3026 justitiam,

117 3038 347 3108 quoniam
394 3039 625 3109 ipsorum
668 3051 746 3096 est
790 3058 1003 3114 regnum
1045 3044 1285 3100 calorum
1336 3044 1544 3118 (Ibid.,
1573 3045 1702 3120 10).

119 3127 346 3200 Quisque
375 3146 506 3202 ergo
547 3133 762 3204 sapiens
803 3137 981 3194 studio
1023 3137 1300 3208 religionis
1332 3140 1400 3198 ad
1429 3141 1709 3213 superiora.

1795 1932 2030 1992 videatis
2043 1931 2288 2006 quotidie
2323 1931 2582 1994 adversus
2612 1931 2905 2002 nequitiam
2934 1929 3214 1988 diabolicae
3252 1944 3393 2000 pne-

1795 2025 2116 2098 sumptionis
2157 2039 2256 2096 per
2293 2023 2503 2093 singula
2541 2033 2852 2079 sanctorum
2883 2023 3001 2078 loca
3036 2021 3292 2093 spiritalis
3314 2021 3395 2091 ju-

1797 2120 1923 2182 dicii
1949 2119 2139 2178 saevire
2185 2118 2530 2182 sententiam.
2564 2115 2683 2174 Non
2725 2124 2908 2174 autem
2950 2116 3125 2176 otiosa
3155 2131 3242 2170 res
3288 2121 3392 2181 est,

1798 2211 2156 2278 dilectissimi,
2187 2211 2334 2283 quod
2361 2211 2612 2274 videmus
2628 2209 2937 2282 frequenter
2962 2208 3014 2263 in
3043 2207 3398 2275 castigatione

1799 2307 2061 2372 immundi
2081 2305 2302 2376 spiritus
2321 2319 2551 2376 corpora
2571 2303 2805 2364 humana
2825 2302 3034 2369 vexari,
3057 2309 3113 2357 et
3141 2299 3401 2356 invocatis

1800 2409 2111 2466 sanctorum
2153 2398 2459 2464 nominibus
2488 2405 2642 2454 actus
2673 2411 2802 2453 SUOS
2831 2404 3110 2452 διιοῑοι-θηι
3137 2395 3403 2454 δρθιεηιιῑι
3473 2428 3476 2431 -

1802 2492 2065 2556 conﬁteri.
2099 2491 2327 2561 Quando
2349 2490 2638 2552 incredulis
2665 2487 2940 2550 mentibus
2966 2487 3126 2544 lectio
3147 2487 3262 2542 sola
3288 2478 3402 2540 suf-

1803 2590 2022 2654 liceret?
2059 2588 2278 2659 quando
2322 2585 2573 2648 humanis
2610 2584 2857 2640 sensibus
2899 2583 3118 2654 antiqua
3167 2580 3404 2650 cognitio

1804 2688 2067 2755 integram
2109 2683 2269 2740 fidem
2316 2681 2562 2746 veritatis
2609 2680 2908 2736 insereret?
2941 2687 3033 2736 aut
3077 2677 3292 2748 quando
3335 2673 3404 2734 ad

1806 2777 2180 2839 credulitatem
2209 2782 2479 2830 tantarum
2514 2788 2695 2828 rerum
2722 2769 3078 2828 descenderet
3104 2770 3332 2832 animus,
3359 2766 3405 2824 si

1808 2871 1876 2928 ad
1897 2867 2251 2926 assertionem
2280 2866 2674 2936 praeteritorum
2701 2854 2850 2920 solus
2877 2869 3284 2934 exspectaretur
3312 2875 3407 2916 au..-

1809 2963 1990 3026 ditus?
2019 2958 2166 3024 Satis
2205 2959 2366 3027 igitur
2395 2956 2582 3016 infelix
2609 2964 2722 3020 est,
2749 2963 2804 3012 et
2841 2955 3052 3010 alienus
3089 2970 3120 3008 a
3165 2952 3405 3017 Christo,

1811 3052 1964 3122 cujus
1999 3051 2164 3110 corda
2207 3049 2382 3112 adhuc
2429 3048 2745 3106 obsidentur
2785 3047 2963 3102 stulta:
3012 3043 3410 3101 incredulitatis

1815 3163 2026 3213 errore.
2044 3163 2168 3212 cum
2187 3146 2371 3202 videat
2386 3144 2578 3204 merita
2607 3151 2920 3200 sanctorum
2951 3141 3112 3202 tantis
3139 3148 3284 3196 stare
3303 3137 3410 3212 vira

118 3221 396 3287 contendit,
421 3223 596 3280 discat
614 3225 767 3297 prius
795 3227 938 3286 unde
967 3230 1139 3298 magis
1165 3231 1348 3288 veniat
1374 3247 1576 3288 corona
1607 3234 1707 3289 vir—
1727 3240 1776 3306 C
1810 3243 2032 3304 tutibus.
2060 3239 2139 3296 Ad
2169 3239 2270 3304 hos
2298 3237 2446 3300 enim-
2469 3236 2707 3306 respicit,
2725 3234 2872 3305 quod
2892 3233 3135 3292 videmus
3161 3228 3410 3301 frequen-

119 3315 322 3371 tutibus.
347 3315 458 3373 Nec
484 3319 628 3373 enim
668 3321 826 3392 longe
863 3323 1020 3378 nobis
1067 3326 1387 3393 quaerendus
1421 3342 1584 3398 quem
1612 3344 1700 3384 se-
1804 3345 1887 3398 ter
1908 3349 2127 3400 aereum
2151 3331 2398 3403 spiritum
2427 3330 2532 3394 sub
2553 3329 2776 3386 alterius
2814 3342 3047 3398 persona
3067 3325 3407 3398 psallentem,

118 3424 350 3479 quamur.
397 3410 538 3468 Ecce
576 3421 704 3470 ante
741 3417 930 3473 oculos
958 3425 1174 3476 nostros
1201 3428 1304 3486 est,
1335 3422 1430 3491 qui
1458 3422 1700 3492 quotidie
1793 3436 1860 3484 et
1880 3427 2060 3490 alieno
2081 3439 2176 3488 ore
2199 3421 2422 3494 trepidm
2437 3419 2793 3486 confessionis
2807 3419 3051 3490 proferre
3073 3431 3400 3474 sermonem.

119 3502 364 3576 exemplis
383 3505 710 3566 salutaribus
746 3518 1039 3578 provocat,
1076 3520 1132 3566 et
1158 3520 1385 3582 paterna
1413 3513 1704 3576 atfeetioue
1803 3519 1863 3576 In
1892 3534 2001 3590 quo
2031 3531 2154 3580 cum
2195 3521 2453 3590 operetur
2490 3511 2740 3580 ﬂamma,
2783 3528 2892 3568 non
2929 3512 3141 3568 videtur
3171 3509 3405 3581 injuria;

121 3592 181 3648 ad
197 3596 524 3654 consortium
547 3599 848 3656 sanctitatis
875 3600 1085 3658 invitat.
1117 3601 1297 3662 Facile
1319 3619 1468 3674 ergo,
1511 3606 1558 3662 si
1581 3607 1702 3666 vui-
1807 3612 1946 3676 alter
1971 3609 2214 3674 caulitur,
2245 3615 2300 3664 et
2325 3607 2462 3668 alius
2483 3605 2790 3668 comitetur.

122 3682 201 3748 tis,
224 3700 282 3740 ea
309 3701 432 3756 quae
461 3697 588 3748 sunt
633 3689 843 3748 caelesti
877 3706 1046 3762 regno
1083 3693 1245 3764 digna
1276 3697 1701 3766 apprehenditis,
1879 3704 1931 3757 '5.
1977 3701 2210 3766 Tantum
2232 3700 2393 3769 igitur
2407 3699 2670 3754 Dominus
2699 3712 2796 3768 per
2811 3705 3029 3754 sanctos
3051 3712 3179 3752 suos
3199 3695 3414 3754 virtutis

124 3789 232 3868 cum
257 3776 501 3834 habeatis
531 3781 773 3850 quotidie
801 3797 963 3852 quem
1009 3786 1228 3856 possitis
1257 3789 1430 3858 sequi.
1461 3798 1516 3844 et
1543 3805 1708 3861 quem
1811 3804 2100 3868 operatur,
2132 3800 2192 3850 ut
2239 3791 2520 3854 diabolica:
2568 3790 2822 3864 nequitia:
2862 3803 3014 3846 aetus
3041 3805 3139 3860 per
3173 3789 3416 3846 occultas

123 3867 349 3926 debeatis
387 3871 608 3928 imilal‘i-
648 3873 953 3946 Respieite.
994 3877 1362 3946 dilectissimi,
1391 3881 1459 3936 ad
1481 3883 1710 3944 aliarum
1811 3867 2093 3946 vulnerum
2116 3885 2302 3957 plagas
2328 3893 2383 3940 et
2402 3883 2700 3946 invisibiles
2728 3883 2996 3954 lacrymas
3019 3881 3207 3952 judicii
3234 3888 3416 3936 aucto-

125 3958 386 4028 regionum
416 3964 613 4032 studia,
654 3980 777 4035 quae
803 3967 1048 4024 videmus
1083 3969 1136 4026 in
1173 3986 1360 4028 amore
1397 3982 1710 4036 sanctorum
1813 3982 1976 4036 ritate
2009 3977 2337 4042 confundat;
2377 3984 2434 4034 et
2477 3976 2701 4034 latentia
2741 3975 3007 4032 scelerum
3045 3973 3415 4032 blandimenta

125 4053 406 4122 peregrinis
448 4055 607 4114 latius
655 4055 852 4116 ﬂorere
886 4063 1258 4130 commerciis;
1309 4073 1365 4120 et
1402 4066 1713 4137 intelligetis
1817 4074 1916 4130 sub
1937 4071 2172 4144 quodam
2198 4078 2403 4128 tortore
2423 4069 2684 4138 castigata
2699 4074 3026 4141 compescat.
3052 4066 3182 4134 Quis
3203 4065 3417 4136 sapiens

128 4154 366 4212 quantum
384 4147 541 4204 nobis
558 4148 814 4206 Dominus
828 4153 1160 4222 praestiterit,
1177 4156 1264 4211 vel
1287 4165 1549 4226 quantum
1571 4159 1714 4216 circa

128 4249 220 4289 nos
237 4236 611 4296 sollicitudinis
631 4250 724 4296 aut
744 4242 945 4300 amoris
967 4244 1314 4316 impenderit,
1345 4249 1436 4318 qui
1458 4249 1600 4305 inter
1620 4266 1721 4306 cae,

131 4331 259 4382 teras
287 4328 535 4392 nationes
561 4344 698 4400 quas
735 4333 978 4392 salvandi
1017 4335 1196 4394 studio
1243 4340 1516 4410 respexit,
1553 4342 1720 4398 etiam

1821 4168 1935 4230 haec
1963 4172 2260 4236 exspectet,
2293 4172 2348 4220 et
2375 4179 2484 4218 non
2524 4163 2703 4220 statim
2725 4161 2984 4232 quidquid
3022 4160 3150 4216 illud
3173 4161 3330 4216 estin
3357 4176 3418 4216 se

1821 4258 2158 4320 inﬁdelitatis
2183 4263 2428 4322 accuset,
2480 4263 2536 4312 et
2571 4270 2782 4312 meumr
2807 4254 3132 4314 conditionis
3170 4270 3279 4312 sua:
3301 4253 3419 4324 jugi

1825 4350 2002 4410 officio
2025 4357 2335 4412 sanctorum
2358 4347 2631 4406 memoria:
2653 4347 2917 4416 condigne
2946 4347 3207 4406 honorem
3234 4347 3420 4420 paret!

130 4414 239 4520 loca
274 4428 457 4524 nostra
497 4423 742 4524 martyrii
764 4440 980 4524 cruore
1015 4425 1267 4498 perfudit.
1309 4429 1622 4500 Requirite,
1668 4439 1727 4490 et
1827 4441 2008 4506 Facile
2035 4440 2283 4500 videlicet
2307 4447 2488 4516 potest
2516 4414 2968 4510 intelligere—quis
2999 4439 3103 4494 illis
3132 4414 3274 4511 apud
3312 4439 3422 4494 Do-o
3497 4505 3501 4510 τ

133 4515 402 4619 invenietis
431 4530 614 4621 quam.
635 4519 919 4622 ambitiose
948 4528 1096 4578 totus
1132 4539 1273 4594 pene
1317 4525 1465 4586 orbis
1506 4537 1730 4600 expetat
1830 4535 2037 4592 minum
2061 4533 2217 4589 locus
2237 4532 2326 4600 sit,
2343 4532 2429 4588 vel
2449 4547 2559 4603 quo
2583 4531 2790 4594 honore
2818 4547 2850 4590 a
2871 4531 3026 4588 nobis
3044 4531 3418 4602 habendisint,

131 4614 416 4676 patrocinia
446 4614 747 4668 sanctitatis
779 4632 792 4668 :
828 4614 902 4672 ita
930 4623 990 4671 ut
1009 4624 1279 4682 tantarum
1310 4621 1569 4686 virtutum
1597 4637 1713 4680 me.-
1740 4633 1792 4696 ι)
1817 4627 2010 4698 quibus
2059 4624 2462 4688 examinatione
2509 4625 2806 4696 palmarum
2867 4625 3216 4682 commissum
3275 4625 3423 4688 videt

133 4698 228 4752 rita
252 4702 580 4760 certantibus
615 4706 756 4766 votis
793 4721 860 4763 ac
887 4705 1258 4779 frequentibus
1284 4711 1485 4783 jugiter
1521 4731 1715 4788 prose-.-

134 4801 353 4858 quantur
376 4793 590 4858 officiis.
621 4795 801 4854 Facile
817 4815 946 4870 ergo
975 4804 1266 4872 agnoscitis
1289 4820 1451 4876 quam
1470 4809 1720 4879 specialis

136 4881 265 4939 circa
303 4885 475 4942 vicem
514 4896 812 4962 martyrum
842 4890 1141 4950 ofﬁciorum
1175 4912 1306 4954 cura
1347 4914 1446 4958 nos
1479 4909 1718 4972 maneat,

139 4986 246 5028 cum
272 4977 498 5035 videatis
531 4979 639 5036 huc
683 4982 845 5036 etiam
885 4993 1172 5044 extraneas
1225 4990 1475 5048 nationes
1509 4992 1720 5052 devota:

141 5067 317 5122 mentis
330 5085 518 5127 amore
538 5087 880 5142 concurrere,
900 5085 972 5144 et,
991 5088 1153 5148 prout
1173 5095 1333 5137 causa
1347 5084 1532 5153 exigit,
1548 5087 1722 5154 sancti

143 5162 372 5232 martyris
399 5163 592 5218 solatia
608 5168 900 5236 postulare.
927 5169 1146 5228 Habetis
1161 5173 1319 5244 plane
1332 5177 1477 5244 quod
1494 5179 1725 5250 peculia-

141 5251 242 5308 rius
266 5255 542 5324 gratulari.
572 5270 595 5296 θ
626 5259 759 5315 Nam
789 5277 854 5317 ex
886 5273 1065 5322 vestro
1093 5265 1242 5326 fonte
1267 5270 1441 5333 oritur
1463 5272 1724 5346 quidquid

143 5345 398 5439 religionis
413 5351 614 5423 ubique
627 5353 846 5426 bibitur,
871 5365 925 5412 et
945 5374 1013 5413 ex
1032 5359 1186 5416 vobis
1209 5363 1446 5420 nascitur
1465 5345 1726 5439 quidquid

148 5435 260 5494 alibi
286 5441 589 5501 sitientibus
619 5446 970 5505 ministratur.
1005 5451 1206 5508 Discite
1237 5470 1367 5525 ergo
1398 5472 1462 5514 ex
1487 5435 1726 5527 boc,vdi-

149 5527 422 5604 lectissimi,
447 5536 615 5598 Deum
646 5539 886 5614 diligere,
918 5543 1008 5612 qui
1037 5559 1096 5600 se
1123 5547 1364 5618 quotidie
1387 5549 1593 5612 cmlesti
1620 5553 1724 5618 im-

1820 4734 1940 4776 esse
1959 4715 2240 4792 judicium.
2265 4716 2470 4778 Horum
2496 4731 2646 4787 ergo,
2678 4716 3034 4784 dilectissimi,
3059 4717 3302 4790 exempla
3331 4734 3422 4773 se-

1822 4814 2020 4872 ctanda
2055 4821 2210 4878 sunt,
2255 4812 2449 4870 horum
2488 4811 2620 4872 ﬁdes
2659 4812 2934 4882 sequenda
2959 4852 2974 4877 ,
3019 4812 3210 4872 horum
3251 4812 3423 4876 virtus

1823 4907 2101 4966 imitanda.
2135 4904 2246 4972 Nec
2288 4903 2507 4970 diiﬁcile
2555 4913 2640 4962 est
2676 4906 2927 4976 cuiquam
2965 4907 3068 4964 ista
3111 4906 3371 4980 perﬁcere
3406 4923 3420 4962 :

1824 5017 1946 5062 nam
1977 5000 2024 5056 si
2065 5001 2314 5078 cogitetis
2340 4999 2620 5072 promissa:
2649 5000 3103 5058 remunerationis
3141 5015 3423 5068 coronam,

1825 5092 1986 5152 facile.
2012 5094 2163 5152 vobis
2183 5093 2287 5150 erit
2314 5093 2532 5148 vincere
2575 5092 2968 5162 persecutionis
2987 5091 3256 5162 injuriam.
3285 5090 3426 5154 Ecce

1829 5185 1958 5242 dicit
1995 5185 2256 5246 Dominus
2289 5203 2301 5240 :
2337 5181 2437 5249 Qui
2463 5184 2875 5256 perseveraverit,
2921 5181 3052 5238 dabo
3094 5183 3171 5238 illi
3201 5185 3426 5240 victoria:

1831 5295 2076 5336 coronam
2107 5280 2296 5352 (Apoc.
2330 5296 2386 5346 ιι,
2435 5278 2561 5348 26).
2594 5277 2762 5334 Nemo
2808 5293 2937 5347 ergo
2975 5277 3247 5349 dilfugiat,
3277 5279 3321 5333 si
3353 5278 3427 5338 ita

1833 5387 1963 5436 usus
1991 5369 2170 5440 fuerit,
2211 5372 2420 5432 sonitus
2447 5379 2762 5430 catenarum
2791 5379 2846 5426 et
2887 5371 3183 5428 tenebrosis
3211 5372 3428 5430 sedibus

1833 5464 2007 5520 otiosa
2029 5465 2310 5542 supplicia,
2328 5465 2382 5522 in
2405 5480 2561 5526 usum
2582 5464 2868 5534 impiorum
2891 5473 3098 5535 parata,
3119 5480 3424 5524 nervorum.

1834 5555 1963 5614 Sine
1983 5557 2146 5614 dubio
2167 5559 2450 5626 universus
2471 5566 2761 5630 apparatus
2775 5559 2964 5614 mortis
2985 5559 3144 5627 cedit,
3177 5559 3224 5616 si
3247 5567 3426 5622 tamen

217 5736 700 5830 “plniiiibliotheca
743 5744 975 5800 maxima
1016 5742 1234 5804 Patrum
1270 5747 1338 5806 de
1371 5765 1513 5810 anno
1552 5751 1704 5822 1677,
1757 5762 1893 5814 tom.
1943 5759 2074 5826 \‘lll,
2101 5761 2294 5830 legitur
2340 5779 2348 5812 ι
2386 5758 2602 5816 Habetis
2633 5758 2789 5830 plane
2822 5772 2934 5828 (βίον
2962 5753 3270 5827 Famam“
3299 5765 3424 5826 9⁷δῖ

153 5815 192 5866 ἔ.
205 5809 290 5864 ξιπί
322 5813 541 5874 υοδδίιὶε.
