3960 6358
537 307 643 371 74⁸5
1508 311 1566 370 S.
1607 312 1975 370 VALERIANI
2016 312 2324 372 EPISCOPI
2363 316 2820 376 CEMELIENSIS
3706 323 3805 380 7“

532 428 801 498 pugnandi
831 425 1080 484 voluntas
1109 430 1397 481 accrescat.
1429 421 1615 480 Omnis
1636 424 1798 494 igitur
1826 439 1950 496 spes
1978 424 2120 479 obti-
2145 427 2198 488 Α
2225 433 2338 492 tur;
2372 427 2425 481 in
2443 433 2653 482 tantum
2680 427 2912 497 denique
2933 426 3149 499 proﬁcit
3176 427 3433 496 studium,
3465 436 3526 487 ut
3551 447 3691 504 pene
3715 439 3806 491 mi-

531 520 721 577 nendre
741 517 978 574 victoria:
1006 517 1060 572 in
1091 515 1193 573 ﬁde
1216 525 1272 574 et
1299 517 1581 574 voluntate
1608 517 1873 574 consistit.
1903 516 1961 573 Si
1981 517 2126 572 enim
2229 535 2331 575 nor
2358 519 2514 575 labor
2536 521 2606 575 sit
2635 520 2827 576 vicisse
2852 522 3063 578 hostem
3083 564 3097 590 ,
3123 539 3286 593 quam
3312 527 3627 583 exercuisse
3652 529 3806 585 virtu-

529 616 777 673 voluntas
805 620 1065 683 sequatur
1095 609 1284 678 fidem,
1315 626 1611 682 numquam
1638 610 1840 667 deserit
1870 610 2124 666 volunta-
2227 618 2357 667 tem.
2408 611 2465 666 ln
2505 613 2768 668 similibus
2815 627 2962 683 ergo,
3011 615 3372 684 dilectissimi,
3413 617 3805 689 praeludendum

527 715 656 763 tem.
688 705 913 762 Difficile
937 712 1116 762 autem
1144 712 1228 762 est
1254 713 1316 760 ut
1343 704 1435 761 ille
1463 704 1664 760 sentiat
1683 718 1901 774 poenam
1923 719 2124 774 corpo-
2226 702 2383 761 nobis
2411 711 2525 772 est,
2563 712 2617 760 et
2651 704 2914 777 aptandus
2942 715 3025 762 est
3052 707 3241 763 studiis
3268 709 3479 765 animus
3506 710 3579 766 ad
3599 710 3807 770 fortiora

524 799 633 865 ris,
675 798 768 869 qui
815 798 1112 869 susceperit
1160 795 1411 867 injuriam
1463 795 1783 851 voluntaria:
1829 795 2122 866 passionis,
2223 804 2500 854 venturus.
2533 798 2716 854 Virtus
2745 800 2888 856 enim
2911 817 3031 871 quae
3064 803 3116 857 in
3146 805 3329 874 parvis
3358 805 3714 876 promittitur,
3741 806 3806 862 fa-

524 890 667 948 Sane
694 905 803 962 quo
821 889 1032 947 facilius
1059 890 1115 945 in
1137 889 1252 946 acie
1265 889 1473 960 positus
1494 903 1714 944 securus
1734 887 1972 954 incedas,
1997 893 2123 943 ante
2223 889 2376 946 cilius
2397 890 2450 946 in
2480 889 2728 948 maximis
2766 893 3067 950 exhibetur.
3113 871 3202 951 Sic
3245 871 3377 952 dum
3413 871 3821 957 consuescimus.

523 983 710 1040 oculos
737 982 987 1054 ponenda
1015 989 1141 1038 sunt
1174 996 1391 1052 semper
1437 979 1579 1035 facta
1618 986 1951 1035 sanctorum.
1985 977 2120 1034 Nam
2221 981 2431 1038 minora
2449 983 2686 1050 vincere,
2719 984 2924 1055 majora
2946 985 3200 1044 discimus
3232 988 3484 1048 tolerare.

446 1092 458 1102 '
524 1078 580 1133 in
620 1077 866 1133 maximis
893 1074 1091 1148 przeliis
1132 1089 1242 1130 non
1269 1073 1465 1129 desunt
1491 1071 1782 1144 pugnatori
1811 1070 2024 1138 solatia,
2074 1071 2120 1126 si

520 1168 1180 1226 fortissimorumvirorum
1200 1165 1542 1237 requirantur
1552 1164 1816 1235 exempla.
1837 1163 1976 1220 Ecce
1988 1163 2120 1220 dicit

519 1265 816 1321 Dominus:
851 1262 997 1318 Tolle
1033 1279 1233 1318 crucem
1264 1271 1434 1329 tuam,
1466 1269 1516 1318 et
1543 1274 1752 1333 sequere
1778 1277 1860 1315 me
1887 1258 2112 1332 (Matth.

518 1375 636 1427 xvi,
683 1357 808 1430 24).
842 1357 949 1414 Sed
977 1356 1118 1414 forte
1163 1373 1271 1413 non
1317 1356 1569 1414 omnibus
1607 1356 1711 1411 ista
1765 1354 2112 1421 conveniant,

517 1453 644 1523 quia
672 1451 988 1522 frequenter
1009 1449 1338 1521 delectatum
1366 1464 1564 1521 corpus
1583 1448 1727 1505 cedit
1754 1446 1978 1518 injuriae.
2011 1447 2114 1516 Qui

517 1547 584 1604 de
613 1548 858 1620 corporis
891 1547 975 1603 sui
1007 1545 1294 1618 fragilitate
1322 1547 1602 1618 desperat,
1629 1545 1697 1601 ad
1720 1562 1868 1601 arma
1892 1545 2114 1616 justitire

517 1642 809 1712 confugiat,
841 1657 960 1712 quae
1001 1640 1306 1696 voluntario
1345 1639 1636 1711 deputatur
1682 1637 1881 1695 oﬂicio.
1931 1637 2113 1694 Facile

517 1741 698 1790 autem
723 1731 1152 1804 supervenientis
1178 1731 1351 1786 hostis
1379 1731 1640 1801 impetum
1659 1730 1921 1797 sustinet,
1947 1744 2110 1800 quem

2769 1118 3053 1176 HOMILIA
3089 1121 3247 1178 XVII.

2603 1231 2737 1288 Item
2774 1232 2875 1289 ΠΙ
2903 1235 2966 1290 de
2995 1234 3124 1294 bono
3153 1242 3408 1313 martyrii.

2291 1341 2342 1397 l.
2385 1343 2665 1414 Asserunt,
2709 1348 3062 1420 dilectissimi,
3099 1354 3315 1410 solliciti
3353 1356 3606 1426 agricola:
3625 1366 3803 1417 rudem

2215 1443 2417 1492 terram
2443 1446 2500 1494 et
2526 1440 2685 1496 nullis
2706 1458 2960 1514 umquam
2981 1447 3342 1504 examinatam
3366 1449 3548 1516 sulcis,
3569 1468 3691 1508 non
3712 1461 3803 1509 sta-

2216 1530 2312 1586 tim
2326 1530 2486 1602 justis
2507 1535 2837 1606 respondere
2858 1539 3184 1609 seminibus;
3211 1559 3312 1600 nec
3331 1543 3469 1601 bene
3486 1557 3803 1619 conceptum

2214 1624 2369 1682 sulco
2389 1640 2611 1696 germen
2632 1630 2860 1700 nutrire,
2885 1632 2989 1688 nisi
3011 1634 3162 1705 prius
3185 1636 3352 1692 scissa
3377 1653 3442 1695 ac
3483 1640 3694 1710 saepius
3728 1657 3802 1697 re-

2214 1718 2382 1789 petita
2410 1719 2710 1777 mollescat.
2741 1720 2862 1778 1am
2907 1733 3040 1783 tunc
3066 1743 3290 1786 necesse
3335 1735 3419 1785 est
3449 1740 3504 1787 ut
3562 1732 3804 1789 dominus

515 1826 583 1882 ad
650 1841 885 1897 pugnam
938 1825 1188 1882 νοιυηιιιε
1252 1824 1570 1891 armaverit;
1637 1838 1739 1878 nec
1802 1822 2113 1893 expavescit
2141 1824 2190 1886 Β
2215 1810 2374 1879 agelli
2416 1812 2501 1867 sui
2527 1810 2732 1871 fructus
2755 1830 2976 1873 securus
3003 1829 3298 1892 exspectet,
3325 1838 3444 1879 cum
3471 1826 3694 1896 antiqui
3730 1843 3804 1882 ce-

513 1920 724 1976 crucnti
772 1918 981 1976 lictoris
1029 1917 1300 1989 gladium,
1340 1931 1504 1988 quem
1549 1915 1727 1971 munit
1776 1915 1946 1970 virtus
1993 1914 2112 1969 ani-

514 2027 744 2068 marum.

527 2121 531 2124 ·
584 2101 636 2157 ll.
678 2102 787 2159 Sed
816 2103 901 2159 cui
924 2101 1028 2158 ista
1057 2100 1328 2156 laboriosa
1351 2099 1622 2165 videntur,
1651 2096 2004 2163 dilectissimi,
2035 2095 2116 2152 fa-

514 2193 701 2249 ciliora
728 2193 1041 2264 suscipiant.
1075 2191 1252 2247 Unum
1281 2190 1499 2261 quidem
1525 2197 1610 2246 est
1650 2197 1707 2246 et
1735 2189 1958 2244 arduum
1989 2189 2112 2256 iter,

515 2286 656 2341 sicut
678 2285 1011 2355 evangelista
1040 2283 1188 2348 dicit,
1220 2283 1368 2354 quod
1396 2283 1544 2338 ducit
1583 2282 1653 2337 ad
1679 2282 1850 2337 vitam
1881 2280 2108 2352 (Matth.

515 2394 608 2447 vu,
643 2378 751 2449 14).
777 2378 884 2434 Sed
905 2378 952 2433 si
990 2377 1344 2448 requiramus,
1369 2376 1555 2431 multa:
1587 2375 1688 2432 via:
1707 2383 1834 2431 sunt
1860 2391 1960 2446 per
1979 2389 2114 2445 quas

516 2471 730 2528 venitur
757 2471 824 2526 ad
853 2471 1100 2541 gloriam.
1137 2469 1280 2526 Ecce
1306 2469 1568 2525 incumbit
1604 2468 1835 2536 luxuria,
1867 2469 2113 2525 domina-

516 2573 604 2620 tur
632 2564 903 2637 superbia,
937 2565 1088 2621 saavit
1115 2564 1340 2619 avaritia
1374 2581 1386 2617 :
1421 2562 1680 2619 adversus
1712 2563 1843 2619 istas
1867 2579 2112 2634 pugnan-

514 2658 640 2714 dum
687 2666 771 2714 est
812 2657 968 2712 nobis
1004 2657 1182 2712 studio
1211 2655 1526 2726 disciplinae,
1559 2657 1645 2712 cui
1674 2656 1848 2712 omnis
1875 2655 2112 2712 caelestis

513 2749 684 2818 gloria
704 2749 917 2804 virtutis
946 2748 1279 2818 obsequitur.
1299 2747 1503 2803 lnclina
1525 2747 1760 2818 denique
1780 2749 2108 2819 superbiam,

515 2849 570 2896 et
597 2842 779 2896 statim
799 2841 1150 2912 consequeris
1179 2840 1475 2910 gratiarum
1506 2855 1798 2906 coronam;
1823 2855 2113 2911 compesce

514 2936 818 3002 avaritiam,
851 2944 906 2991 et
934 2951 1042 2990 non
1071 2933 1232 2990 dubie
1260 2933 1329 2989 de
1357 2933 1608 2989 omnibus
1631 2933 1774 2989 vitiis
1800 2932 2008 3003 poteris
2019 2932 2113 2989 ob-

509 3030 684 3085 tinere
724 3029 1028 3086 victoriam.
1059 3027 1228 3084 Vince
1263 3041 1393 3097 ergo
1433 3027 1584 3097 prius
1613 3026 1879 3082 desideria
1909 3027 2107 3094 carnis,

511 3132 566 3180 et
594 3139 703 3178 non
744 3122 960 3179 difﬁcile
989 3123 1086 3178 tibi
1127 3121 1232 3178 erit
1260 3122 1480 3177 vincere
1518 3129 1789 3177 tormenta
1819 3119 2104 3178 carniﬁcis.

2215 1902 2370 1974 spitis
2398 1905 2702 1962 amaritudo
2743 1911 3037 1966 cessaverit
3070 1930 3082 1964 :
3115 1912 3206 1968 ubi
3251 1914 3296 1969 si
3343 1915 3530 1972 arandi
3579 1917 3804 1974 studium

2215 1995 2394 2053 subito
2437 1999 2646 2055 cultura
2687 2000 2948 2072 destituit,
2988 2020 3159 2076 prope
3194 2016 3355 2064 estut
3380 2009 3611 2079 pristino
3631 2012 3802 2067 colore

2213 2099 2360 2148 terra
2386 2093 2685 2152 sordescat.
2711 2094 2837 2153 Haec
2856 2105 2940 2154 est
2960 2099 3104 2155 enim
3125 2099 3253 2156 boni
3273 2101 3506 2173 malique
3531 2103 3800 2166 discretio.

2214 2185 2360 2256 quod
2397 2185 2676 2257 diligentia
2717 2197 2966 2247 naturam
3008 2193 3193 2262 vincit,
3224 2196 3549 2266 negligentia
3593 2209 3802 2255 revocat

2215 2279 2283 2334 ad
2312 2281 2580 2336 naturain.
2625 2282 2736 2340 Sub
2763 2283 2886 2354 hac,
2929 2285 3282 2357 dilectissimi,
3331 2290 3546 2348 vivendi
3601 2294 3803 2350 ratione

2213 2369 2532 2430 Christianae
2552 2375 2829 2446 religionis
2855 2378 3068 2435 cultura
3096 2389 3190 2437 aut
3216 2384 3430 2452 crescit,
3461 2393 3558 2441 aut
3599 2384 3795 2451 deﬁcit;

2212 2483 2316 2524 nec
2351 2469 2564 2526 minore
2601 2471 2656 2526 in
2696 2472 2803 2529 hoc
2835 2488 3002 2544 opere
3031 2492 3160 2532 cura
3189 2478 3440 2548 suspirat,
3471 2481 3561 2534 cui
3590 2496 3801 2537 necesse

2213 2569 2295 2617 est
2319 2560 2571 2618 duritiam
2594 2565 2815 2622 humani
2838 2567 3018 2624 cordis
3047 2570 3259 2626 assidua
3281 2573 3635 2642 castigatione
3673 2575 3800 2631 mol-

2212 2653 2331 2720 lire,
2363 2663 2418 2710 et
2445 2657 2692 2727 exposita
2717 2656 3053 2730 frequentius
3075 2661 3179 2718 ﬁde
3207 2664 3488 2721 obsessum
3509 2667 3658 2723 vitiis
3688 2684 3802 2740 pec.-

2212 2753 2300 2803 tus
2321 2749 2592 2806 excolere.
2618 2751 2735 2807 Non
2757 2761 2937 2810 autem
2967 2754 3128 2812 dubie
3149 2757 3292 2828 apud
3313 2759 3646 2830 negligentes
3668 2763 3800 2833 peri-

2211 2843 2430 2900 clitatur
2456 2846 2722 2915 religiosae
2750 2847 2984 2903 studium
3013 2848 3398 2920 professionis;
3438 2856 3736 2925 pnesertim
3760 2855 3803 2912 si

2211 2933 2511 2991 caelestium
2540 2938 2828 2994 verborum
2872 2939 3078 2994 semina
3114 2956 3269 2998 mens
3310 2959 3490 2999 amara
3529 2947 3798 3016 suscipiat,

2211 3035 2268 3082 et
2302 3029 2564 3086 indociles
2592 3031 2757 3085 animi
2788 3033 3033 3089 nesciant
3077 3032 3284 3091 fructus
3331 3037 3531 3093 nutrire
3563 3036 3798 3107 justitize.

2211 3121 2345 3176 Nam
2374 3123 2512 3179 sicut
2539 3132 2786 3180 cessante
2814 3125 2994 3183 studio
3024 3129 3202 3184 solent
3234 3129 3404 3200 spinis
3449 3143 3570 3184 arva
3611 3130 3805 3185 sorde-

506 3218 688 3278 Nostis
713 3219 925 3290 quantis
953 3219 1108 3274 malis
1129 3217 1332 3273 invidia
1357 3217 1637 3289 subjaceat
1660 3233 1814 3288 ;qua3
1837 3217 1962 3272 dum
1989 3217 2108 3272 aliis
2133 3217 2179 3282 ο
2211 3231 2364 3272 scere
2409 3235 2422 3270 :
2458 3217 2531 3272 ita
2571 3218 2662 3273 ubi
2702 3219 2980 3290 religionis
3020 3223 3229 3278 cultura
3277 3223 3566 3293 negligitur,
3606 3221 3805 3278 vitium

507 3308 654 3376 livet,
685 3310 800 3382 ipsa
821 3326 880 3366 se
901 3310 1153 3382 percutit,
1178 3309 1265 3364 vel
1286 3318 1551 3379 quantum
1592 3309 1770 3363 anima
1792 3309 2107 3379 cupiditatis

507 3404 842 3476 periclitetur
864 3404 1131 3460 inccndio.
1177 3401 1338 3458 Scitis
1371 3418 1536 3472 quam
1564 3403 1744 3472 gravis
1765 3410 2017 3472 aspectus
2038 3403 2108 3458 ad

507 3497 789 3553 excitanda
818 3497 1106 3564 desideria,
1138 3510 1301 3567 quam
1341 3497 1450 3552 sint
1477 3497 1691 3554 veloces
1710 3495 1889 3567 jactus
1913 3496 2106 3552 oculo-

504 3606 645 3656 rum,
677 3606 839 3661 quam
871 3591 1040 3661 turpis
1072 3590 1334 3656 ebrietas,
1363 3605 1528 3660 quam
1555 3589 1875 3661 periculosa:
1912 3589 2108 3646 verbo-

506 3695 625 3737 rum
653 3681 879 3750 sagittae,
911 3696 1031 3750 quae
1076 3696 1187 3736 non
1234 3681 1352 3736 sine
1399 3680 1589 3735 dolore
1617 3680 1954 3751 percutiunt,
1994 3697 2105 3737 non

505 3775 623 3831 sine
645 3774 958 3845 fatigatione
977 3773 1278 3830 discedunt.
1296 3772 1566 3828 Adversus
1587 3773 1702 3829 haec
1717 3787 1846 3843 ergo
1865 3775 2104 3846 paranda

503 3866 663 3922 nobis
705 3873 787 3922 est
812 3865 989 3922 crucis
1036 3878 1234 3937 pugna.
1268 3862 1452 3920 Toties
1479 3863 1712 3935 denique
1753 3863 1808 3918 in
1835 3864 1923 3920 die
1947 3865 2105 3921 tolles

501 3960 799 4030 pnemium,
825 3958 1039 4029 quoties
1066 3956 1334 4013 desideria
1363 3955 1546 4013 vinces
1561 3958 1882 4014 animorum.

501 4063 503 4065 ·
573 4049 682 4124 24
813 4049 977 4104 Multa
1004 4056 1131 4105 sunt
1154 4056 1438 4120 praeterea,
1481 4048 1833 4117 dilectissimi,
1859 4064 1977 4120 quae
2005 4064 2102 4105 no-

498 4143 582 4202 bis
607 4142 984 4200 necessitatem
1013 4156 1205 4213 pugna:
1231 4140 1544 4213 frequenter
1571 4142 1815 4199 indicunt
1851 4162 1863 4196 :
1908 4143 2104 4212 quibus

501 4237 730 4295 devictis
757 4253 821 4293 ac
847 4236 1135 4308 superatis,
1160 4252 1270 4293 non
1295 4235 1571 4291 minimam
1587 4236 1824 4308 palmam
1845 4237 1994 4307 justo
2025 4237 2101 4292 vi-

497 4341 617 4389 ctor
652 4331 841 4387 labore
888 4331 1255 4401 consequeris.
1299 4329 1435 4386 Nam
1479 4331 1617 4387 sicut
1642 4340 1845 4402 quanta
1896 4340 2020 4388 sunt
2049 4333 2103 4387 in

495 4425 716 4482 homine
755 4424 907 4489 vitia,
941 4431 1092 4480 tanta
1113 4431 1241 4481 sunt
1269 4432 1324 4481 et
1349 4425 1600 4491 vulnera,
1632 4425 1709 4480 ita
1747 4434 1951 4497 quanta
1978 4433 2104 4482 sunt

495 4515 810 4583 certamina,
837 4523 986 4571 tanta
1015 4524 1140 4573 sunt
1159 4517 1409 4589 praemia;
1431 4524 1567 4587 quot
1586 4524 1712 4573 sunt
1731 4518 1990 4583 victorize,
2017 4522 2100 4574 tot

2211 3316 2418 3364 natura:
2446 3317 2760 3365 renovatur.

2276 3403 2332 3456 2.
2372 3403 2527 3474 Apud
2560 3403 2677 3460 illas
2718 3402 2857 3460 forte
2887 3406 3153 3473 nationes,
3185 3406 3532 3475 dilectissimi,
3560 3406 3799 3462 laborio-

2207 3510 2325 3551 sum
2345 3496 2417 3550 sit
2443 3495 2586 3550 viam
2616 3495 2805 3552 salutis
2821 3495 2970 3568 justo
3000 3514 3253 3555 sermone
3275 3499 3579 3572 disponere,
3608 3501 3798 3570 quibus

2203 3595 2415 3643 tantum
2434 3590 2600 3645 verbo
2630 3587 2762 3646 ﬁdes
2781 3590 3102 3649 Christiana
3123 3593 3402 3664 religionis
3425 3595 3669 3650 innotuit.
3711 3595 3794 3650 In-

2210 3679 2431 3733 veniant
2451 3680 2540 3735 isti
2561 3679 2719 3749 forte,
2739 3683 2843 3738 etsi
2865 3699 3078 3751 vanum,
3104 3686 3473 3742 excusationis
3509 3687 3788 3757 ingenium,

2203 3770 2296 3840 qui
2315 3769 2498 3826 dicant
2518 3771 2662 3827 nulla
2708 3773 2811 3828 sibi
2864 3791 3117 3846 umquam
3154 3793 3275 3849 quae
3312 3791 3662 3850 sequerentur
3700 3796 3789 3836 ex-

2203 3862 2380 3933 empla
2428 3863 2822 3921 admirabilium
2868 3867 3076 3923 credita
3114 3867 3298 3926 fuisse.
3332 3868 3572 3938 Quorum
3609 3886 3792 3927 vocem

2203 3953 2470 4024 propheta
2509 3957 2781 4013 convincit
2817 3957 3039 4014 dicens:
3075 3959 3144 4014 In
3172 3979 3376 4017 omnem
3420 3973 3607 4020 terram
3640 3964 3795 4018 uicit

2203 4062 2360 4100 sonus
2399 4063 2593 4113 eorum,
2624 4058 2676 4102 et
2701 4049 2756 4103 in
2788 4049 2918 4120 ﬁnes
2953 4051 3090 4106 orbis
3124 4062 3274 4108 terra:
3306 4053 3459 4108 verba
3479 4072 3646 4110 eorum
3677 4054 3790 4126 (Ps.

2205 4155 2350 4204 xvm,
2385 4136 2460 4209 5).
2492 4139 2602 4194 Nos
2623 4139 2691 4195 ad
2718 4139 2850 4208 haec,
2876 4141 3229 4209 dilectissimi,
3267 4159 3431 4215 quem
3458 4145 3675 4217 gradum
3702 4162 3793 4201 ex-

2203 4230 2495 4286 cusationis
2523 4231 2866 4302 opponimus,
2903 4233 2949 4289 si
2976 4234 3107 4304 quid
3153 4236 3208 4290 in
3241 4235 3400 4291 nobis
3433 4236 3683 4292 Dominus
3703 4245 3794 4293 aut

2203 4326 2543 4397 negligentiae
2565 4327 3000 4399 deprehenderit,
3027 4339 3120 4385 aut
3147 4327 3491 4388 inﬁdelitatis
3515 4330 3788 4397 invenerit,

2204 4422 2346 4494 apud
2391 4438 2528 4492 quos
2573 4422 2936 4480 Christianum
2977 4441 3178 4481 nomen
3217 4440 3248 4480 a
3289 4425 3580 4482 virtutibus
3604 4425 3792 4496 coepit?

2203 4529 2434 4584 quorum
2459 4531 2570 4570 non
2598 4516 2773 4571 solum
2794 4517 3030 4586 auribus,
3056 4517 3152 4574 sed
3181 4518 3345 4574 etiam
3375 4521 3543 4577 oculis
3561 4521 3791 4591 quotidie

493 4615 621 4664 sunt
667 4622 906 4663 coronae.
950 4606 1070 4664 Non
1112 4609 1259 4664 enim
1301 4608 1393 4664 ille
1437 4607 1557 4664 sine
1613 4608 1888 4680 triumpho
1927 4626 2096 4681 parvo
2123 4611 2176 4674 D
2200 4607 2298 4663 sub
2318 4607 2608 4677 praesentia
2631 4608 2766 4663 tanti
2794 4609 3047 4682 martyris
3067 4606 3200 4666 ﬁdes
3220 4610 3500 4680 religionis
3524 4612 3790 4668 inseritur?

491 4701 634 4759 diem
657 4701 923 4772 transigit,
955 4702 1047 4771 qui
1087 4702 1364 4772 castigatis
1395 4703 1543 4758 vitiis
1571 4703 1751 4760 animo
1775 4703 2089 4775 puriﬁcatus

491 4796 712 4853 incedit.
732 4794 873 4853 Ecce
893 4796 1024 4852 dicit
1051 4796 1339 4853 Dominus:
1372 4796 1518 4852 Tolle
1541 4814 1741 4853 crucem
1764 4808 1922 4866 tuam,
1942 4809 1990 4854 et
2009 4817 2091 4856 se-

488 4907 642 4963 quere
674 4907 754 4945 me
784 4888 999 4963 (Matth.
1025 4906 1115 4945 xvr
1132 4931 1145 4956 ,
1169 4888 1284 4959 ‘24).
1309 4889 1434 4946 Scio
1455 4890 1674 4960 quidem
1694 4892 1879 4962 paucis
1906 4892 2092 4948 deberi

488 4985 735 5058 martyrii
751 5000 1028 5050 coronam,
1055 4984 1173 5054 ipso
1196 4984 1424 5040 Domino
1445 4984 1660 5041 dicente
1686 5004 1698 5038 :
1722 4985 1879 5042 Multi
1903 4987 2088 5055 vocati,

487 5081 640 5153 pauci
683 5080 829 5135 electi
861 5077 1098 5151 (Matth.
1127 5095 1219 5144 xx,
1258 5077 1387 5152 16).
1423 5078 1529 5135 Sed
1565 5080 1693 5136 dum
1720 5081 1823 5137 ista
1845 5080 2090 5139 felicibus

485 5174 894 5246 superveniunt,
927 5172 983 5228 in
1009 5172 1093 5228 his
1123 5187 1245 5244 quae
1275 5174 1525 5244 superius
1556 5175 1903 5246 exposuimus
1936 5175 2086 5231 exci-

486 5267 647 5322 tanda
677 5266 809 5324 ﬁdes
837 5274 938 5333 est,
963 5273 1022 5322 ut
1049 5281 1165 5334 nos,
1195 5281 1316 5321 cum
1333 5281 1468 5337 opus
1482 5265 1660 5333 fuerit,
1685 5268 1877 5339 impug
1905 5267 2088 5323 atione

485 5360 753 5429 religiosa:
779 5361 904 5416 vitae
925 5359 1136 5416 hostilis
1166 5359 1396 5430 impetus
1429 5368 1651 5431 paratos
1680 5360 1935 5416 inveniat.
1959 5359 2082 5416 Vir-

486 5461 575 5509 tus
599 5455 740 5510 enim
762 5468 958 5524 magna
987 5454 1042 5508 in
1082 5452 1379 5509 minoribus
1411 5469 1626 5525 semper
1653 5454 2084 5524 experimentum

487 5547 649 5618 capit.
682 5547 772 5602 Sic
799 5547 947 5603 rudis
969 5546 1121 5601 miles
1143 5586 1158 5614 ,
1191 5547 1504 5616 priusquam
1526 5545 1595 5601 ad
1615 5561 1849 5617 pugnam
1878 5548 2078 5615 veniat,

487 5637 743 5695 adversus
770 5640 1016 5695 arborem
1047 5647 1350 5694 truncatam
1379 5639 1544 5695 robur
1564 5648 1807 5706 exercet,
1839 5647 1896 5696 et
1929 5641 2083 5697 indu-

486 5737 587 5786 ctae
627 5747 816 5785 manus
851 5730 1072 5785 vulnera
1106 5730 1340 5787 ludendo
1388 5732 1684 5803 componit.
1727 5732 1880 5789 Nunc
1917 5735 2083 5806 pedes

487 5824 766 5894 attollitur,
793 5839 932 5882 nunc
967 5823 1158 5897 rapido
1191 5840 1455 5898 equorum
1475 5840 1638 5884 cursu
1675 5835 1868 5887 ventos
1905 5827 2083 5888 imita-

2192 4697 2259 4753 Et
2304 4699 2456 4767 cujus
2487 4698 2703 4754 tandem
2748 4701 3038 4772 martyris?
3081 4699 3230 4757 Illius
3285 4704 3593 4759 necessario
3621 4703 3707 4773 qui
3733 4703 3789 4758 in

2189 4791 2296 4847 hoc
2323 4792 2445 4848 loco
2474 4807 2708 4864 pugnam
2738 4795 2953 4868 inclytae
2981 4796 3194 4852 virtutis
3223 4799 3434 4868 primus
3455 4800 3704 4867 exercuit,
3726 4809 3786 4854 et

2189 4903 2300 4958 quo
2322 4889 2512 4946 ordine
2532 4890 2770 4947 caelestis
2808 4895 2959 4962 regni
2991 4895 3396 4963 possessionem
3434 4896 3786 4952 obtineremus

2192 4982 2449 5050 ostendit,
2473 4983 2564 5053 qui
2586 4983 2641 5038 in
2662 4983 2777 5038 dies
2799 4983 2929 5054 quid
2958 4985 3222 5053 agendum
3253 4987 3412 5044 nobis
3444 4988 3513 5042 sit
3547 4984 3786 5056 exemplo

2191 5073 2370 5140 docet,
2395 5074 2524 5144 quid
2547 5073 2893 5146 proﬁciamus
2915 5074 3152 5144 inquirit.
3177 5075 3351 5132 Nemo
3381 5087 3557 5134 autem
3587 5076 3786 5132 dubitet

2189 5167 2340 5223 illum
2361 5184 2462 5239 pro
2485 5169 2695 5224 actibus
2715 5169 2826 5224 suis
2846 5183 2966 5224 esse
2986 5168 3295 5237 sollicitum,
3327 5185 3491 5240 quem
3517 5168 3654 5224 videt
3682 5167 3784 5221 sibi

2187 5263 2482 5336 parentelze
2503 5263 2765 5318 afﬁnitate
2788 5261 3160 5333 conjunctum.

2260 5359 2312 5414 '5.
2344 5356 2572 5428 Oportet
2599 5358 2800 5429 itaque,
2829 5358 3003 5429 primo
3026 5357 3166 5426 loco,
3189 5366 3252 5415 ut
3282 5375 3384 5416 nos
3405 5359 3530 5416 huic
3558 5365 3782 5430 patrono

2184 5450 2558 5521 frequentibus
2586 5451 2918 5508 insinuemus
2945 5447 3164 5518 ofﬁciis;
3195 5459 3466 5521 quatenus
3488 5466 3585 5522 pro
3628 5446 3783 5502 nobis

2186 5549 2329 5621 apud
2355 5547 2640 5603 Dominum
2664 5546 2952 5618 peculiaris
2975 5546 3302 5602 intercessor
3327 5545 3581 5618 invigilet,
3621 5552 3674 5598 et
3698 5542 3780 5595 vi-

2189 5649 2295 5695 tam
2312 5648 2552 5695 nostram
2569 5639 2894 5709 dignationis
2908 5653 3018 5694 suae
3043 5637 3227 5694 favore
3255 5635 3610 5694 commendet.
3637 5629 3777 5689 Nihil

2187 5745 2369 5793 autem
2399 5745 2483 5793 est
2511 5736 2659 5807 quod
2688 5751 2798 5792 non
2826 5735 2998 5808 possit
3018 5733 3182 5788 homo
3201 5732 3257 5787 in
3285 5732 3523 5803 qualibet
3541 5727 3775 5786 necessi-

2184 5839 2296 5892 tate
2330 5832 2542 5908 positus
2559 5831 2837 5909 .obtincre,
2880 5829 2929 5889 si
2965 5826 3151 5887 amicis
3200 5827 3397 5888 summi
3445 5819 3776 5900 imperatoris
