3924 6368
178 350 291 408 745

1569 347 1855 408 HOMILIA
1892 348 2081 408 XVIII.

3375 359 3483 426 740

169 483 286 524 non
312 466 529 524 desinat
546 471 868 539 supplicare.
887 464 1161 540 Respicite
1179 465 1398 525 illorum
1415 465 1613 534 studia,
1640 464 1780 522 dile-
1806 467 1860 529 Α
1885 461 2103 519 interim
2124 461 2213 520 vel
2231 461 2380 534 quod
2406 475 2715 537 possumus,
2742 461 2983 539 peccatis
3010 466 3484 533 circumstantibus

171 561 426 625 ctissimi,
457 561 549 631 qui
571 561 816 617 sitientes
848 575 1020 632 aquas
1041 576 1072 616 a
1094 559 1391 632 peregrinis
1412 555 1650 614 fontibus
1683 572 1780 628 pe-

173 664 295 712 tunt
315 675 328 710 :
353 657 462 714 hoc
475 666 576 722 est,
593 655 686 728 qui
707 665 923 713 sanctas
943 671 1006 712 ac
1027 655 1361 713 venerabiles
1375 661 1672 725 martyrum
1688 666 1780 707 re-

171 747 373 820 liquias
400 765 498 820 per
523 758 748 806 extensa
781 749 954 822 spatia
990 756 1255 806 terrarum
1297 745 1476 803 studio
1504 742 1782 814 religionis

171 840 478 910 inquirunt,
502 850 558 898 et
577 839 766 897 dilfusa
787 856 884 914 per
903 847 1076 897 totum
1099 840 1288 896 orbem
1313 837 1572 894 virtutum
1588 834 1782 892 merita

169 931 541 1004 peculiaribus
567 932 758 990 ofliciis
785 941 1221 1007 prosequuntur;
1251 940 1307 989 et
1334 930 1646 1001 intelligetis
1671 943 1781 999 quo

170 1024 392 1081 honore
411 1026 567 1082 nobis
594 1026 683 1082 ille
704 1026 984 1083 habendus
1011 1034 1095 1082 est
1113 1026 1206 1097 qui
1234 1023 1393 1096 hujus
1423 1023 1573 1080 urbis
1601 1022 1780 1078 locum

170 1117 226 1174 in
247 1117 512 1194 coiiﬁictu
531 1117 767 1176 calestis
784 1131 977 1190 pugna
996 1133 1096 1174 suo
1117 1117 1290 1173 victor
1309 1129 1505 1172 cruore
1524 1111 1778 1186 perfudit.

170 1208 428 1268 Vidimus
461 1211 605 1267 enim
633 1227 730 1283 per
756 1211 996 1267 diversas
1015 1219 1072 1267 et
1098 1210 1260 1280 longe
1287 1209 1493 1282 positas
1532 1207 1783 1280 regiones

171 1302 333 1358 scissi
377 1303 625 1374 corporis
663 1303 849 1374 plagas
866 1303 1069 1374 passim
1097 1301 1283 1367 dividi,
1315 1309 1372 1358 et
1398 1300 1638 1374 pretiosa
1664 1299 1784 1355 vul-

172 1412 374 1454 nerum
413 1397 733 1454 documenta
763 1403 880 1454 toto
907 1397 1153 1454 cominus
1191 1397 1324 1452 orbe
1352 1393 1589 1467 portari;
1621 1393 1695 1450 ita
1724 1403 1785 1448 ut

171 1506 286 1547 non
313 1491 494 1546 minor
511 1491 582 1545 sit
608 1489 714 1546 illis
747 1497 1059 1544 sanctorum
1097 1503 1246 1555 cura,
1277 1487 1475 1558 quibus
1497 1485 1614 1542 sola
1641 1499 1784 1540 mar-

171 1587 307 1660 tyrii
333 1586 628 1644 creduntur
654 1585 870 1642 indicia.
902 1585 1269 1643 Patrocinium
1307 1597 1438 1654 ergo
1477 1582 1623 1654 quod
1665 1581 1784 1638 aliis

171 1676 316 1734 ﬁdes
339 1678 609 1750 prastitit,
637 1677 792 1733 nobis
825 1677 970 1733 ultro
998 1677 1260 1733 Dominus
1293 1673 1593 1746 majestatis
1624 1673 1782 1730 exhi-

171 1769 318 1826 buit.
361 1770 481 1826 Non
522 1769 705 1840 itaque
743 1769 901 1838 longe
927 1768 1250 1839 quarendus
1275 1776 1361 1824 est
1392 1781 1554 1838 quem
1589 1780 1784 1836 sequa-

172 1877 322 1918 mur.
355 1861 458 1919 Hic
484 1862 743 1919 habemus
767 1861 1042 1934 patientia
1067 1859 1401 1930 magistrum,
1425 1859 1513 1916 hic
1533 1857 1780 1930 exempla

173 1956 558 2027 praemiorum,
593 1953 682 2012 hic
723 1953 952 2010 formam
1004 1953 1286 2018 virtutum,
1331 1951 1419 2009 hic
1459 1950 1781 2007 documenta

173 2051 523 2107 meritorum.
573 2047 833 2122 Aptemus
873 2049 1077 2119 itaque,
1129 2046 1177 2103 si
1209 2047 1280 2102 ita
1304 2061 1435 2103 usus
1461 2044 1691 2110 venerit,
1715 2041 1784 2098 ad

172 2159 402 2200 omnem
431 2143 746 2216 patientiam
766 2142 1030 2207 animam;
1079 2147 1135 2195 et
1161 2153 1431 2225 memores
1477 2151 1669 2192 annua
1695 2151 1787 2190 so-

171 2231 480 2290 lemnitatis
523 2249 687 2306 quem
731 2247 1053 2290 veneramur
1103 2231 1331 2296 meritis,
1387 2242 1678 2300 sequamur
1729 2232 1786 2281 et

173 2326 468 2398 exemplis.

241 2419 305 2477 4.
346 2420 542 2477 Videte
568 2433 690 2491 qua
707 2426 835 2475 sunt
861 2424 1178 2475 ornamenta
1215 2413 1474 2486 pectoris,
1503 2427 1623 2483 qua
1660 2423 1786 2482 pre-

175 2512 324 2569 tioso
351 2512 534 2570 serico
561 2511 722 2584 quasi
760 2526 898 2583 opus
924 2511 1022 2567 Dei
1050 2510 1251 2580 tegitis,
1295 2517 1352 2565 et
1381 2506 1529 2563 fulvo
1550 2519 1684 2561 auro
1712 2501 1788 2558 si-

175 2603 408 2660 dereum
433 2602 644 2659 vultum
672 2602 943 2669 oneratis;
993 2609 1051 2658 et
1095 2601 1286 2657 discite
1322 2614 1444 2670 qua
1487 2598 1558 2654 sit
1587 2608 1785 2669 pompa

177 2695 500 2760 vulnerum,
523 2709 650 2766 qua
670 2710 874 2752 corona
897 2695 1275 2766 lacrymarum,
1298 2694 1351 2748 in
1371 2708 1482 2764 quo
1501 2699 1610 2747 stet
1625 2689 1788 2745 susti-

177 2787 367 2843 nuisse
397 2785 730 2852 carniﬁcem,
773 2786 861 2843 vel
893 2786 1080 2858 quanti
1121 2793 1335 2842 constet
1380 2783 1572 2840 vicisse
1607 2787 1786 2836 torto-

175 2891 328 2944 rem;
362 2877 526 2934 velin
552 2893 661 2949 qua
682 2877 975 2934 descendat
1005 2877 1367 2934 exsultatione
1399 2874 1626 2931 victoria
1659 2886 1788 2944 sup-

177 2969 360 3041 pliciis
379 2979 714 3043 comparata,
739 2971 813 3026 ita
833 2971 1100 3042 propheta
1120 2970 1335 3028 dicente
1357 2987 1372 3025 :
1407 2965 1509 3034 Qui
1528 2968 1788 3024 ceruinam

177 3061 234 3114 in
262 3061 537 3133 tacrymis,
560 3063 616 3116 in
635 3061 828 3134 gaudio
856 3071 1048 3118 metent
1083 3061 1201 3132 (Ps.
1233 3077 1394 3129 cxxv,
1428 3057 1505 3130 5).
1534 3058 1666 3128 Quis
1695 3074 1787 3114 sa-

177 3153 340 3224 piens
378 3153 466 3209 his
509 3154 673 3210 rebus
699 3155 926 3211 edoctus
956 3170 1063 3210 non
1089 3153 1299 3225 judicet
1333 3152 1646 3226 temporalis
1665 3151 1789 3206 vita

177 3245 418 3301 usumin
446 3246 853 3317 comparatione
880 3245 1124 3318 martyrii
1157 3245 1355 3302 debere
1381 3243 1689 3301 contemni?
1728 3240 1787 3297 Si

178 3347 366 3397 autem
405 3304 710 3412 respiciatis
737 3339 807 3395 ad
844 3339 962 3396 hac
987 3304 1108 3410 qua
1140 3338 1384 3411 quotidie
1409 3336 1613 3393 sanctis
1631 3333 1788 3392 exhi-
1815 3304 1862 3368 ο

178 3432 384 3490 beutur
408 3430 604 3499 ofﬁcia,
637 3431 943 3501 agnoscetis
971 3430 1362 3503 persecutionis
1399 3437 1645 3501 tempore
1675 3441 1793 3482 me-

179 3525 290 3582 lius
319 3540 444 3584 esse
490 3527 670 3598 perire
719 3540 884 3596 quam
941 3525 1141 3581 vivere.
1190 3523 1301 3581 Sed
1347 3536 1517 3594 quare
1561 3521 1793 3577 dicimus

179 3620 366 3693 perire
397 3659 414 3686 ,
464 3635 588 3676 cum
626 3620 889 3692 propheta
927 3619 1074 3676 dicat
1108 3637 1124 3673 :
1169 3617 1354 3675 Justus
1413 3619 1518 3673 vita
1552 3618 1681 3673 vivet
1734 3617 1791 3671 in

179 3724 440 3770 sternunt
479 3713 694 3788 (Ezech.
730 3731 876 3780 xvm,
900 3713 996 3786 9)?
1044 3712 1183 3771 Huic
1233 3727 1397 3784 ergo,
1432 3709 1787 3778 dilectissimi,

179 3806 450 3864 virtutum
479 3807 740 3877 magistro
766 3806 1002 3879 profusis
1034 3807 1090 3864 in
1117 3807 1262 3864 diem
1303 3805 1556 3879 lacrymis
1585 3803 1792 3877 suppli-

180 3911 393 3966 cemns,
434 3906 495 3954 ut
525 3914 627 3956 nos
659 3898 958 3970 profuturis
985 3898 1180 3955 doceat
1205 3898 1414 3955 servire
1435 3897 1746 3954 vulneribus
1773 3914 1788 3951 :

181 3989 439 4046 ostendat
461 3989 748 4047 adversum
771 3989 927 4046 bellis
954 3998 1142 4061 pectus
1166 4003 1444 4062 opponere
1472 3996 1637 4062 atque
1674 4003 1792 4044 om-

181 4095 312 4138 nem
341 4079 654 4139 conﬁictum
683 4080 896 4152 injuria
933 4082 1222 4138 sustinere.
1256 4079 1444 4152 Neque
1473 4081 1620 4137 enim
1651 4077 1792 4136 difﬁ-

182 4173 290 4230 cile
312 4182 401 4231 est
418 4174 492 4230 ibi
521 4173 658 4232 inire
679 4187 934 4247 pugnam,
959 4173 1050 4229 ubi
1080 4173 1265 4230 videas
1292 4172 1634 4244 pracessisse
1678 4170 1793 4227 vic«

183 4267 406 4324 toriam.
428 4265 552 4326 Cito
571 4275 755 4326 autem
778 4267 934 4326 sedet
951 4267 1162 4332 animis,
1185 4266 1333 4339 quod
1355 4266 1584 4323 docetur
1605 4281 1792 4324 exem-

183 4361 308 4434 plis.
355 4360 485 4428 Sed,
531 4360 678 4433 quod
723 4359 882 4434 pejus
919 4369 1022 4426 est,
1057 4368 1282 4433 propter
1308 4359 1603 4415 vanitatem
1630 4356 1792 4427 hujus

167 4456 376 4533 mundi
416 4453 634 4513 difﬁcile
668 4462 754 4512 est
799 4454 1053 4526 cuiquam
1093 4453 1163 4509 ad
1202 4452 1444 4510 caelestia
1483 4451 1787 4524 pervenire.

183 4547 304 4605 Non
333 4558 519 4605 autem
540 4548 749 4604 obtinet
777 4560 1005 4617 regnum
1027 4546 1355 4619 promissum
1378 4546 1625 4616 corporis
1656 4542 1794 4599 deli-

181 4650 305 4698 cata
351 4641 635 4708 custodia;
675 4655 775 4698 nec
803 4639 874 4696 ad
903 4655 1162 4697 coronam
1195 4639 1454 4695 virtutum
1481 4635 1638 4692 facile
1665 4651 1791 4708 per-

189 4734 355 4791 venit.
380 4733 476 4804 qui
497 4748 607 4790 non
637 4731 878 4802 legitimo
899 4744 1075 4801 agone
1108 4729 1416 4786 certaverit.
1450 4727 1682 4784 Necesse
1709 4734 1794 4782 est

191 4818 354 4887 igitur
376 4825 438 4873 ut
467 4824 536 4873 ad
575 4839 792 4880 omnem
819 4821 1071 4894 injuriam
1103 4837 1300 4892 corpus
1328 4821 1569 4885 inclinet,
1601 4818 1695 4890 qui
1724 4817 1794 4873 ad

192 4912 370 4969 locum
402 4911 643 4968 victoria
669 4911 957 4984 pervenire
975 4917 1233 4982 disponit.
1265 4915 1324 4970 In
1346 4915 1453 4971 hoc
1479 4922 1660 4968 autem
1685 4918 1796 4966 stat

191 5005 501 5063 obtinenda
520 5005 674 5063 locus
701 5005 908 5077 gloria,
939 5013 1001 5062 ut
1020 5005 1194 5062 discat
1220 5005 1372 5076 prius
1393 5004 1682 5077 displicere
1701 5019 1796 5060 sac-

192 5099 331 5165 culo,
359 5101 456 5170 qui
477 5100 696 5173 placere
721 5099 836 5156 vult
853 5096 1091 5156 Christo.

259 5193 312 5251 5.
373 5186 572 5254 Audite
617 5196 672 5252 in
707 5195 815 5252 hoc
845 5195 968 5251 loco
1009 5193 1298 5251 Dominum
1343 5193 1654 5250 dicentem:
1689 5190 1793 5260 Qui

196 5297 331 5343 amat
361 5289 596 5343 animam
614 5304 783 5354 suam,
806 5287 984 5360 perdet
1011 5288 1157 5343 illam
1175 5305 1194 5356 ;
1214 5297 1265 5344 et
1298 5288 1386 5362 qui
1412 5288 1523 5344 odit
1562 5289 1791 5344 animam

197 5397 361 5449 satam,
396 5383 454 5438 in
483 5382 642 5438 vitam
671 5392 920 5439 atemam
948 5383 1169 5438 inveniet
1201 5399 1316 5437 eam
1347 5381 1526 5454 (Joan.
1553 5399 1646 5449 xu,
1676 5381 1792 5454 25).

199 5470 361 5531 Multa
402 5482 531 5531 sunt
566 5488 768 5544 genera
808 5474 1140 5545 passionum,
1171 5490 1292 5545 qua
1329 5474 1440 5530 Deo
1467 5483 1658 5532 nostro
1685 5475 1793 5547 25

200 5565 484 5623 mortalem
527 5565 807 5622 hominem
853 5566 1069 5622 vivendi
1109 5566 1226 5636 lege
1274 5567 1693 5626 commendent:
1739 5568 1793 5622 in

202 5656 393 5725 quibus
418 5657 524 5713 etsi
549 5666 764 5715 nonest
790 5672 992 5715 corona
1015 5666 1331 5732 martyrum,
1362 5666 1448 5714 est
1467 5666 1648 5715 tamen
1682 5674 1794 5716 non

203 5753 420 5809 minima
449 5753 628 5826 palata
657 5754 936 5810 virtutum.
967 5754 1132 5823 Sane,
1168 5753 1524 5822 dilectissimi,
1550 5753 1680 5826 quia
1706 5768 1795 5812 re-

205 5849 374 5911 m
398 5855 486 5905 est
510 5847 630 5906 hac
645 5849 716 5906 de
736 5865 844 5920 qua
865 5850 1116 5916 diximus,
1135 5865 1338 5908 corona
1357 5850 1670 5918 victoribus,
1693 5866 1795 5907 nos

486 5937 761 6004 Ριτιιοι.
809 5941 938 6004 Lll.

1881 569 2265 628 repugnemus.
2294 556 2396 614 Cui
2421 571 2554 628 ergo
2581 558 2671 614 illa
2693 560 2866 632 prima
2889 563 3132 636 martyrii
3152 579 3350 637 pompa
3373 583 3483 625 non

1881 646 2139 712 creditur,
2170 646 2416 706 elaboret
2458 650 2670 719 saltem,
2702 657 2763 707 ut
2791 652 2932 708 inter
2973 653 3298 715 fortissimos
3318 675 3485 731 quos-

1883 752 1991 809 que
2017 739 2260 797 honesta
2278 755 2344 798 ac
2376 741 2640 812 religiosae
2665 744 2789 801 vita
2829 747 3049 818 pramia
3095 761 3479 823 consequatur.

1884 827 2004 885 Non
2033 829 2198 901 igitur
2225 831 2489 902 ignoratis
2507 836 2727 906 quantis
2744 837 3040 910 naufragiis
3063 857 3219 898 mens
3247 845 3486 903 humana

1883 921 2180 994 subjaceat.
2212 922 2354 982 Ecce
2382 927 2650 998 cupiditas
2669 930 2949 987 oculorum
2968 941 3278 990 nostrorum
3299 944 3486 1008 portas

1879 1009 2082 1082 jugiter
2106 1015 2304 1086 pulsat,
2337 1024 2394 1072 et
2420 1018 2586 1074 corda
2607 1019 2888 1077 hominum
2915 1022 3221 1080 divitiarum
3254 1027 3486 1082 stimulis

1884 1102 2168 1175 inquietat.
2210 1105 2350 1163 Hinc
2379 1108 2655 1166 hominem
2685 1111 2752 1166 ad
2791 1127 2952 1168 omne
2997 1113 3204 1170 facinus
3248 1118 3482 1186 animus,

1887 1200 2012 1255 inde
2038 1200 2231 1257 invitat
2258 1211 2528 1274 aspectus.
2562 1203 2682 1261 Non
2711 1205 2866 1262 deest
2885 1220 3016 1274 ergo
3045 1207 3100 1262 in
3140 1225 3250 1279 quo
3279 1211 3486 1277 vincas,

1884 1296 1931 1352 si
1951 1310 2191 1368 pugnare
2218 1313 2326 1354 non
2352 1298 2586 1368 desinas,
2619 1307 2674 1356 et
2694 1301 2851 1371 quasi
2874 1300 2929 1356 in
2954 1303 3070 1358 acie
3089 1305 3300 1375 positus
3319 1305 3488 1362 hosti-

1886 1391 2026 1449 libus
2053 1392 2171 1449 telis
2199 1409 2297 1464 per
2317 1404 2594 1450 momenta
2617 1395 2895 1465 conlligas.

1955 1485 2009 1541 6.
2051 1487 2133 1543 Ad
2153 1488 2267 1545 hac
2289 1505 2421 1545 sane
2441 1488 2799 1561 expugnanda
2821 1492 3133 1561 evangelica
3156 1491 3490 1553 institutione

1886 1594 2024 1652 opus
2051 1588 2152 1647 est,
2183 1596 2304 1652 qua
2350 1581 2524 1637 dicit:
2567 1580 2629 1638 Si
2670 1591 2717 1637 te
2756 1583 3084 1638 scandalizat
3128 1585 3304 1640 oculus
3352 1595 3489 1652 tuus,

1885 1691 2007 1729 erue
2025 1691 2142 1730 eum
2164 1674 2384 1748 (Matth.
2407 1692 2462 1740 v,
2487 1673 2601 1748 29).
2633 1673 2752 1732 Hoc
2776 1684 2861 1732 est
2880 1677 3094 1733 oculum
3125 1693 3337 1745 eruere,
3359 1679 3493 1739 vitia

1886 1769 2170 1839 castigare,
2199 1769 2471 1828 desideria
2501 1770 2681 1828 carnis
2709 1771 3078 1843 exstinguere,
3114 1782 3170 1831 et
3195 1773 3494 1849 disciplina

1885 1861 2064 1919 studio
2091 1864 2216 1920 vita
2243 1864 2516 1920 lasciviam
2544 1865 2866 1938 deprimere.
2896 1867 3122 1928 Paratus
3144 1871 3242 1926 tibi
3261 1879 3344 1927 est
3363 1885 3494 1928 ecce

1887 1972 2130 2029 campus,
2183 1959 2407 2016 luxuria
2460 1961 2775 2032 provocaris
2822 1962 3120 2031 illecebris;
3163 1973 3220 2020 et
3254 1972 3315 2022 ut
3352 1965 3494 2022 solet

1888 2048 2024 2116 ﬁeri,
2055 2051 2237 2122 specie
2263 2051 2520 2122 cultuque
2540 2051 2824 2123 deciperis.
2850 2053 2908 2134 Si
2932 2055 3010 2111 vis
3038 2065 3096 2110 ut
3116 2057 3217 2111 ista
3245 2073 3490 2126 superes,

1886 2144 2233 2214 pugnandum
2262 2153 2346 2201 est
2365 2146 2544 2201 studio
2563 2146 2848 2201 castitatis.
2874 2145 3134 2203 Occurrat
3156 2149 3252 2204 tibi
3279 2150 3492 2206 Thecla

1886 2237 2031 2293 inter
2069 2235 2314 2296 ﬁammas
2352 2245 2409 2294 et
2435 2237 2653 2294 rabidas
2679 2239 2883 2294 bestias
2911 2240 3176 2295 custodita
3203 2241 3491 2312 pudicitia;

1886 2345 2008 2400 qua
2054 2329 2108 2385 in
2137 2337 2348 2384 tantum
2395 2329 2583 2386 mundi
2612 2330 2771 2399 hujus
2791 2343 3107 2386 ornamenta
3135 2333 3400 2404 despexit,
3431 2341 3492 2390 ut

1887 2437 2074 2478 amore
2127 2422 2407 2478 servanda
2441 2421 2712 2493 pudicitia
2752 2422 3067 2494 conjugales
3097 2423 3364 2481 thalamos
3391 2426 3493 2482 de-

1887 2522 2142 2586 sponsata
2195 2523 2588 2581 contemneret,
2620 2522 2675 2569 et
2702 2515 3066 2584 integritatem
3097 2516 3351 2588 professa
3379 2519 3496 2572 vir-

1889 2606 2130 2677 ginitatis
2158 2606 2448 2677 pugnando
2471 2607 2720 2673 nutriret,
2751 2607 3015 2663 vincendo
3045 2618 3305 2666 servaret.
3355 2609 3495 2667 Fre-

1887 2707 2120 2770 quenter
2143 2713 2244 2754 nos
2272 2698 2339 2752 ad
2367 2712 2605 2769 pugnam
2633 2707 2896 2769 provocat
2927 2700 3226 2765 iracundia,
3259 2710 3314 2757 et
3340 2700 3494 2758 furor

1888 2790 2228 2846 animorum:
2260 2788 2576 2859 instigamur
2614 2788 2839 2858 injuriis,
2883 2791 3492 2853 contumeliisiacessi-

1889 2898 2030 2940 mur.
2071 2883 2274 2940 Discite
2300 2897 2410 2953 quo
2450 2881 2628 2938 studio
2657 2883 2761 2937 ista
2789 2883 3100 2950 vincamus;
3125 2899 3396 2941 armemus
3423 2885 3496 2943 ad

1889 2975 2208 3048 patientiam
2253 2973 2482 3041 animos,
2526 2981 2583 3029 et
2627 2973 2774 3044 quod
2820 2975 3068 3030 oratione
3108 2975 3354 3032 obtinere
3382 2993 3496 3036 non

1893 3081 2198 3140 possumus,
2231 3065 2428 3122 doceat
2454 3080 2554 3120 nos
2588 3063 2658 3120 ad
2685 3065 2802 3121 hac
2835 3066 3179 3136 evangelicus
3198 3082 3378 3124 sermo
3397 3068 3497 3140 qui

1891 3161 2062 3219 dicit:
2095 3158 2196 3226 Qui
2219 3169 2266 3215 te
2284 3160 2595 3233 percusserit
2614 3160 2668 3213 in
2701 3159 2913 3215 dextera
2941 3161 3179 3229 maxilla,
3210 3162 3382 3234 praebe
3412 3163 3496 3222 illi

1892 3263 1944 3310 et
1980 3255 2201 3308 alteram
2251 3251 2464 3324 (Matth.
2507 3269 2560 3318 v,
2593 3250 2705 3322 59).
2734 3251 2942 3308 Videtis
2965 3253 3108 3322 quod
3147 3253 3355 3324 injuria
3399 3270 3495 3313 ac-

1893 3344 2182 3415 quievisse,
2237 3343 2429 3400 vicisse
2479 3351 2580 3400 est.
2631 3342 2767 3399 Nam
2795 3359 2904 3398 non
2935 3344 3212 3399 minimam
3233 3361 3494 3402 coronam

1893 3437 2043 3493 ilhln
2063 3442 2275 3493 constat
2295 3444 2576 3507 reportare
2596 3435 2857 3502 victoria,
2880 3435 2991 3506 qui,
3011 3434 3163 3506 juxta
3211 3435 3326 3494 hac
3372 3453 3495 3508 qua

1892 3529 2250 3602 pramisimus
2278 3529 2442 3584 verba
2462 3527 2720 3595 mandati,
2746 3529 2904 3587 Iasus
2925 3529 3096 3585 nescit
3123 3531 3302 3586 irasci.
3351 3530 3494 3602 Sug-

1892 3628 2090 3692 gerunt
2117 3621 2273 3677 nobis
2300 3621 2588 3692 aliquoties
2614 3621 2757 3677 oculi
2803 3621 2949 3691 quod
2996 3623 3210 3678 animus
3252 3639 3360 3678 non
3401 3637 3495 3678 re-

1893 3713 2078 3785 quirit,
2111 3712 2423 3784 frequenter
2450 3714 2614 3769 etiam
2644 3713 2760 3785 ipsa
2780 3729 2906 3769 suos
2927 3713 3106 3784 lingua
3134 3713 3315 3785 prodit
3338 3731 3494 3772 erro-

1892 3821 2000 3872 res,
2032 3805 2268 3875 erumpit
2313 3805 2367 3860 in
2397 3820 2587 3860 vocem
2618 3805 2792 3876 turpia
2821 3812 2877 3861 et
2906 3805 3190 3862 inhonesta
3231 3821 3496 3862 resonan-

1895 3907 2022 3955 tem.
2055 3897 2114 3953 ln
2143 3898 2250 3955 hoc
2279 3898 2399 3954 loco
2439 3898 2552 3954 hac
2597 3905 2681 3954 est
2708 3897 2846 3954 ratio
2882 3898 3186 3954 adhibenda
3213 3899 3495 3967 virtutum,

1895 3998 1955 4046 ut
1975 3989 2359 4047 taciturnitatis
2376 3989 2556 4045 studio
2583 3990 2784 4046 amoris
2810 3991 2975 4046 verba
3003 3990 3341 4047 claudantur.
3394 3991 3497 4048 Ubi

1896 4081 1953 4136 in
1973 4082 2323 4138 altercatione
2343 4096 2654 4137 sermonum
2675 4081 2929 4150 loquendi
2957 4082 3150 4137 modus
3175 4091 3258 4138 est
3283 4084 3498 4140 virtutis

1896 4175 2160 4232 cumulus.
2188 4173 2382 4229 Audite
2403 4174 2472 4230 de
2503 4173 2609 4230 hoc
2634 4175 2953 4246 prophetam
2982 4175 3248 4231 dicentem
3277 4195 3289 4230 :
3325 4176 3495 4242 Pone,

1895 4262 2138 4330 Domine,
2163 4264 2452 4320 custodiam
2474 4265 2552 4319 ori
2580 4281 2712 4328 meo,
2741 4273 2797 4317 ut
2826 4281 2928 4319 non
2961 4264 3182 4319 declinet
3209 4284 3299 4320 cor
3327 4284 3497 4322 meum

1893 4358 1949 4412 in
1978 4356 2128 4412 verba
2158 4356 2296 4411 nauta
2321 4355 2436 4428 (Ps.
2463 4372 2582 4421 ch,
2609 4355 2682 4426 5).
2701 4355 2974 4411 Vincenda
2997 4371 3126 4424 ergo
3141 4364 3226 4413 est
3245 4359 3494 4423 avaritia,

1896 4447 2223 4505 confutanda
2254 4447 2548 4512 iracundia,
2580 4446 2890 4516 castiganda
2918 4447 3150 4512 luxuria,
3183 4456 3238 4505 et
3265 4450 3497 4506 circum-

1895 4540 2106 4596 stantia
2152 4538 2368 4594 vinculo
2409 4554 2505 4593 ora
2533 4537 2875 4594 refrenanda.
2908 4537 3004 4594 llis
3029 4539 3281 4608 gradibus
3309 4541 3373 4597 ad
3400 4558 3497 4612 pa-

1895 4633 2133 4688 radisum
2161 4631 2416 4697 tenditur,
2441 4631 2524 4687 his
2551 4631 2806 4686 virtutum
2834 4631 3039 4687 meritis
3075 4633 3141 4688 ad
3187 4643 3497 4692 sanctorum

1822 4699 1870 4762 θ
1897 4723 2227 4780 consortium
2258 4722 2591 4794 pervenitur.

2439 4830 2720 4887 HOMILIA
2770 4830 2953 4886 XVIII.

2465 4923 2546 4978 De
2578 4923 2917 4978 Machabwis.

1974 5025 2023 5079 l’.
2067 5024 2232 5080 Multa
2260 5021 2478 5094 quidem
2505 5037 2622 5092 spe,
2648 5021 3003 5089 dilectissimi,
3028 5023 3096 5079 ad
3125 5030 3380 5080 aeternam
3409 5041 3497 5082 sa-

1900 5117 2066 5175 lutem
2093 5117 2306 5172 animus
2333 5113 2663 5180 accenditur,
2688 5113 2733 5168 si
2760 5113 2976 5183 quando
2997 5114 3324 5183 singulorum
3354 5133 3500 5171 mar-

1899 5219 2075 5284 tyrum
2115 5207 2255 5264 facta
2304 5206 2620 5262 recoluntur
2651 5223 2664 5258 :
2695 5204 2790 5262 sed
2832 5205 3185 5276 multiplicato
3230 5207 3499 5276 quodam-

1898 5303 2061 5358 modo
2102 5300 2280 5356 anima
2319 5297 2518 5369 gaudio
2554 5296 2609 5352 in
2641 5311 2884 5352 amorem
2912 5295 3124 5351 Domini
3146 5295 3499 5367 favoremque

1897 5409 1957 5450 se
1977 5399 2302 5456 commovet,
2315 5389 2761 5462 quotiescumque
2777 5387 3050 5443 memoria
3066 5386 3496 5445 Machahaorum

1900 5493 2072 5541 mater
2099 5483 2355 5550 occurrit,
2387 5497 2506 5552 qua
2533 5480 2913 5536 adhortatione
2941 5495 3036 5534 sua
3064 5495 3168 5534 una
3196 5480 3286 5536 die
3312 5489 3499 5552 septe-

1901 5577 2112 5632 narium
2136 5590 2419 5632 numerum
2440 5573 2683 5646 martyrii
2703 5588 2904 5629 corona
2931 5573 3169 5637 vestivit,
3193 5580 3348 5633 tanto
3394 5575 3503 5632 ﬁde

1899 5667 2112 5732 fortior,
2135 5675 2340 5736 quanto
2361 5672 2522 5737 partu
2548 5663 2764 5720 videtur
2790 5663 2956 5720 fuisse
2985 5663 3283 5722 fecundior.
3307 5666 3367 5722 lu
3388 5682 3501 5738 qua

1899 5765 2050 5814 tanta
2079 5753 2335 5812 virtutum
2360 5756 2702 5822 documenta,
2747 5768 2949 5824 quanta
2989 5754 3205 5812 fuerunt
3249 5758 3496 5830 pignora.

1899 5852 2033 5907 Nam
2066 5859 2145 5905 tot
2181 5867 2285 5904 una
2332 5849 2418 5902 die
2453 5851 2807 5920 onmipotenti
2831 5851 2942 5904 Deo
2966 5859 3228 5923 martyres
3256 5851 3493 5914 tradidit,

2983 5941 3059 6002 2h
